4204 6462
580 407 700 475 859

1351 403 1735 467 HlNCMAlll
1767 401 2026 484 ΒΗΕΜ.
2071 403 2433 464 ARCHIEP.
2481 403 2889 468 OPUSCULA
2931 405 3026 467 VA
3045 405 3196 467 RIA.

576 537 1501 614 inveniunt,quiaadvoluptatem
1518 533 2214 609 protinusdesideriorum
2245 537 2302 603 Α
2330 535 2688 609 quadraginta
2717 539 3022 608 annis,non
3048 545 3177 595 sunt
3206 541 3398 596 attrita
3427 543 3744 598 vestimenta
3770 551 3946 611 vestm,

575 632 900 694 carnalium
913 627 1329 686 recurrunt.Ne
1341 625 1494 680 enim
1517 627 1828 696 paupertas
1840 621 2219 688 cruciet,divi-

573 724 672 782 tiis
700 723 964 780 animum
995 715 1329 773 demulcent
1351 729 1454 769 :ne
1482 714 1790 784 despectus
1821 712 2214 784 proximorum

574 813 885 888 deprimat,
902 825 1030 864 sese
1054 803 1442 878 dignitatibus
1463 801 1734 858 exaltant.
1751 801 1809 856 Si
1836 801 2066 856 t‘astidio
2088 817 2214 856 cor-

571 922 684 977 pus
701 893 1337 968 atteritur,antepositis
1349 891 1648 964 epularum
1666 889 2100 946 divorsitatibus
2116 907 2216 944 nu-

570 991 765 1046 tritur.
793 987 853 1044 Si
884 1001 1000 1057 quo
1030 982 1266 1038 animus
1293 978 1581 1036 mmstitize
1620 977 1878 1050 impulsu
1919 977 2209 1048 dejieitur,

571 1097 706 1136 mox
725 1095 824 1150 per
841 1071 1182 1145 interposita
1194 1071 1459 1141 jocorum
1484 1067 1885 1122 blandimenta
1905 1065 2207 1121 relevetur.

570 1169 825 1238 Totergo
843 1164 938 1219 hic
961 1155 1570 1230 habentetl‘ugia,quot
1589 1155 1698 1211 sibi
1723 1155 2212 1228 prmparautdele-

569 1251 999 1315 ctamenta.Sed
1013 1248 1363 1322 quandoque
1383 1245 1466 1301 eis
1486 1243 1760 1316 effugium
1788 1243 2099 1315 perit,quia
2120 1261 2211 1298 eo-

567 1362 698 1402 rum
722 1358 907 1408 mens,
933 1337 1170 1395 amissis
1189 1334 1480 1399 omnibus,
1507 1351 1568 1388 se
1589 1331 1956 1387 solummodo
1972 1332 2208 1402 etjudi-

569 1451 695 1490 cem
711 1429 1014 1503 conspicit.
1033 1429 1198 1482 Tunc
1215 1422 1481 1495 voluptas
1499 1421 1933 1478 subtrahituret
1946 1421 2208 1492 volupta-

566 1523 643 1579 tis
655 1521 829 1593 culpa
839 1520 1121 1581 servatur,
1145 1517 1201 1569 et
1212 1515 1447 1584 repente
1460 1510 1656 1566 miseri
1675 1510 1949 1582 periendo
1970 1510 2208 1566 discunt

564 1611 701 1685 quia
719 1608 976 1684 peritura
991 1605 1329 1661 tenuerunt:
1346 1600 1444 1673 qui
1469 1603 1663 1656 tamen
1685 1617 1990 1672 quousque
2011 1615 2206 1672 corpo-

564 1700 762 1757 raliter
777 1697 981 1752 vivunt
1001 1709 1258 1766 quaerere
1288 1689 1554 1746 nocitura
1589 1706 1704 1744 non
1746 1687 2040 1744 desinunt.
2078 1711 2104 1737 ››
2135 1689 2205 1744 Et

559 1789 706 1846 tales
727 1788 784 1843 in
807 1801 954 1842 vano
974 1781 1269 1854 accipiunt
1289 1780 1546 1836 animam
1569 1777 1906 1844 suam,dum
1929 1777 1980 1833 ei
2001 1795 2201 1832 curam

559 1877 754 1934 carnis
782 1875 1146 1946 anteponunt
1169 1887 1180 1926 :
1209 1869 1360 1926 sicut
1379 1869 1538 1924 dives
1559 1867 1659 1939 qui
1691 1866 2046 1922 induebatur
2063 1883 2201 1940 pur-

559 1983 708 2040 pura
734 1968 791 2020 et
821 1964 1016 2036 bysso,
1043 1965 1104 2016 et
1129 1957 1480 2032 epulabatur
1508 1954 1765 2028 quotidie
1794 1955 2114 2026 splendide,
2147 1957 2205 2010 et

557 2054 778 2128 recepit
807 2053 960 2108 bona
979 2049 1039 2104 in
1064 2049 1182 2104 vita
1202 2064 1332 2115 sua,
1355 2045 1480 2102 sine
1496 2043 1889 2102 consolatione
1907 2043 1966 2098 in
1987 2048 2204 2099 aeterna

555 2142 692 2209 vita,
708 2145 894 2208 Quam
915 2136 1313 2194 transitoriam
1353 2132 1832 2200 consolationem,
1854 2149 1967 2187 non
2009 2131 2199 2187 solum

557 2247 662 2303 pro
693 2244 948 2292 summo,
980 2226 1081 2282 sed
1111 2228 1171 2280 et
1214 2240 1319 2296 pro
1366 2238 1498 2278 vero
1543 2221 1694 2276 bono
1737 2220 2060 2293 refugiebat
2095 2220 2200 2276 ha-

557 2319 694 2375 bere
723 2334 822 2374 rex
850 2320 1111 2382 sanctus,
1145 2313 1244 2386 qui
1275 2310 1418 2368 dixit
1451 2327 1463 2364 :
1501 2313 1694 2366 chuit
1721 2311 1992 2366 consolari
2011 2312 2202 2364 anima

555 2423 680 2463 mea
707 2425 726 2462 :-
754 2421 961 2462 meumr
986 2403 1080 2476 fui
1105 2404 1226 2468 Dei,
1256 2409 1308 2456 et
1341 2400 1631 2455 delectatus
1659 2416 1780 2454 sum
1810 2399 1977 2468 (Psal.
2012 2416 2199 2466 LXXVI,

556 2497 634 2564 3).
668 2496 881 2551 Etenim
927 2493 1210 2550 adlarrere
1253 2489 1356 2546 Deo
1406 2491 1607 2544 bonum
1632 2497 1730 2554 est,
1759 2504 1957 2559 ponere
2006 2490 2066 2542 in
2098 2489 2198 2543 Do-

555 2586 708 2640 mino
735 2599 885 2656 spem
929 2597 1105 2637 meum
1153 2579 1322 2650 (Psal.
1359 2595 1529 2632 LXXII.
1560 2578 1670 2648 28).
1705 2578 1772 2632 Et
1805 2594 1818 2632 :
1859 2577 2030 2632 Unam
2063 2577 2201 2648 petii

555 2690 592 2728 a
618 2673 864 2738 Domino,
899 2671 1040 2726 hanc
1070 2669 1371 2741 requiram,
1404 2674 1461 2722 ut
1492 2666 1790 2721 inhabilem
1821 2667 1881 2719 in
1919 2664 2072 2720 domo
2103 2666 2200 2719 Do-

553 2763 699 2818 mini
723 2759 976 2818 omnibus
1003 2758 1192 2814 diebus
1221 2757 1350 2812 vitm
1375 2771 1511 2812 mea:
1540 2755 1878 2824 (Psal.xxvr,
1905 2754 1960 2822 4)
1981 2771 1994 2820 ;
2018 2753 2157 2825 quia
2180 2769 2193 2806 :

555 2850 711 2905 Beati
739 2850 835 2922 qui
880 2848 1130 2903 habitant
1181 2848 1242 2901 in
1285 2844 1441 2900 domo
1489 2852 1604 2909 tua,
1631 2845 1876 2910 Domine,
1911 2844 1971 2897 in
1993 2843 2198 2899 sarcula

552 2938 882 2996 sweulorum
928 2935 1230 2992 laudabunt
1277 2943 1328 2990 te
1370 2933 1546 3002 (Psal.
1599 2949 1826 2998 Lxxxm,
1855 2933 1932 2999 5),
1967 2931 2067 3003 qui
2105 2949 2195 2986 as-

553 3029 826 3084 censiones
858 3027 919 3083 in
945 3024 1104 3082 corde
1129 3041 1227 3080 suo
1267 3022 1684 3095 disposuerunt
1731 3022 1789 3076 in
1831 3021 2074 3076 convalle
2112 3021 2194 3076 la-

552 3133 868 3190 crymarum
915 3113 1098 3187 (ibid.,
1129 3115 1184 3180 6,
1215 3115 1292 3182 7),
1328 3112 1383 3166 id
1433 3113 1521 3166 est
1554 3111 1611 3164 in
1662 3109 1894 3176 szeculo,
1935 3108 1993 3162 in
2042 3113 2197 3164 terra

554 3203 952 3271 morientium,
985 3201 1085 3257 ubi
1117 3202 1355 3257 fuerunt
1384 3199 1572 3255 eidem
1622 3197 1740 3270 regi
1774 3197 2043 3270 lacrymce
2075 3214 2193 3252 sum

2323 640 2529 680 manna
2555 625 2620 680 de
2647 627 2779 682 caelo
2805 627 2930 698 plui
2975 627 3141 695 vobis,
3169 637 3220 684 et
3267 630 3428 685 obliti
3469 631 3603 686 estis
3647 648 3734 688 me
3779 637 3943 699 (Deut.

2324 729 2476 778 χχιχ,
2507 713 2678 769 Mich.
2715 718 2813 782 νι).
2849 716 2916 794 Et
2963 715 3102 771 item
3136 734 3149 772 :
3184 718 3331 788 Quid
3374 719 3542 774 debui
3587 721 3736 775 ultra
3781 723 3943 792 facere

2323 803 2500 858 vineae
2527 819 2680 866 meae,
2711 812 2761 858 et
2788 820 2897 859 non
2925 807 3068 876 feci?
3098 808 3224 872 (Isa.
3256 823 3311 874 ν,
3335 809 3416 875 4.)
3444 808 3516 862 Et
3549 823 3562 860 :
3591 809 3872 880 Κερβεωυί
3897 819 3946 867 ut

2319 892 2522 961 faceret
2568 909 2720 958 uvas,
2769 895 2900 963 fecit
2949 902 3130 950 autem
3173 896 3451 952 labruscas
3480 896 3689 967 (ibid)
3723 899 3786 953 Et
3816 899 3944 956 bene

2321 979 2688 1052 facientibus,
2707 981 2840 1037 etin
2866 987 3022 1040 recta
3045 983 3155 1039 fide
3175 988 3233 1040 et
3253 984 3423 1041 bonis
3457 985 3736 1057 operibus
3769 1004 3942 1058 perse-

2320 1069 2656 1126 verantibus
2688 1070 2829 1126 dicit
2859 1070 2916 1125 in
2939 1070 3164 1142 judicio
3197 1089 3210 1126 :
3248 1073 3488 1136 Esurivi,
3517 1083 3571 1129 et
3618 1073 3830 1130 dedistis
3855 1077 3941 1131 mi-

2319 1154 2381 1210 hi
2419 1158 2751 1213 manducare
2797 1159 3000 1230 (Matth.
3033 1177 3162 1228 xxv,
3194 1162 3309 1228 35),
3341 1164 3400 1216 et
3441 1165 3650 1218 caetera
3697 1179 3818 1234 quae
3857 1181 3938 1220 se-

2316 1250 2580 1315 quuntur
2607 1246 2771 1302 vobis
2793 1247 3314 1321 notissima,usque
3333 1250 3406 1304 ad
3439 1250 3496 1304 id
3531 1251 3688 1322 quod
3710 1250 3936 1319 dicetur;

2321 1334 2518 1400 Venite,
2553 1335 2818 1391 benedicti
2871 1338 3055 1392 Patris
3109 1339 3236 1404 mei,
3255 1340 3521 1410 percipite
3563 1356 3788 1410 regnum
3817 1341 3938 1412 quod

2314 1424 2464 1479 vobis
2491 1433 2749 1496 paratam
2775 1435 2854 1483 est
2901 1429 2969 1482 ab
3014 1429 3231 1497 origine
3273 1429 3469 1484 mundi
3519 1429 3703 1499 (ibid.,
3733 1431 3818 1497 34)
3849 1447 3860 1483 :
3889 1436 3936 1485 et

2313 1511 2466 1567 male
2496 1513 2827 1586 agentibus,
2859 1519 2918 1571 et
2947 1515 3006 1570 in
3041 1513 3213 1571 malis
3241 1516 3522 1588 operibus
3552 1519 3936 1589 perseveranti-

2313 1599 2424 1656 bus
2454 1618 2484 1656 e
2516 1601 2742 1659 diverso
2793 1603 2968 1659 dicit:
3003 1605 3240 1672 Esurivi,
3271 1613 3323 1660 et
3375 1621 3490 1661 non
3547 1605 3768 1662 dedistts
3815 1607 3935 1662 mihi

2309 1689 2644 1748 manducare
2673 1691 2858 1762 (ibid.,
2883 1691 2970 1761 42)
2995 1710 3181 1765 usque
3214 1693 3284 1748 ad
3316 1694 3374 1749 id
3405 1694 3563 1766 quod
3585 1694 3805 1752 dicetur
3823 1711 3835 1750 :
3853 1695 3930 1758 ιιι.

2309 1779 2606 1845 maledicti,
2638 1783 2698 1836 in
2727 1783 2908 1852 ignem
2935 1799 2984 1837 ce
3004 1798 3221 1850 emam,
3247 1786 3344 1856 qui
3366 1793 3600 1856 paratus
3635 1793 3713 1841 est
3741 1783 3932 1840 diabolo

2308 1874 2360 1922 et
2385 1869 2598 1938 angelis
2625 1869 2744 1940 ejus
2775 1869 2958 1941 (ibid.,
2993 1871 3104 1942 41).
3154 1871 3224 1927 Et
3271 1889 3387 1928 non
3435 1875 3528 1928 est
3566 1871 3930 1929 obliviscenda

2310 1955 2479 2013 nobis
2508 1956 2608 2012 illa
2642 1958 3006 2027 verecundia,
3041 1961 3275 2031 quando
3324 1960 3665 2034 aperientur
3711 1960 3852 2028 libri,
3878 1960 3928 2015 id

2309 2047 2399 2100 est
2425 2045 2887 2113 conscientiazﬁn
2917 2053 3232 2120 conspectu
3250 2049 3622 2123 singulorum
3653 2049 3928 2106 hominum

2307 2135 2366 2187 et
2395 2133 2774 2206 angelorum:
2808 2137 2866 2190 et
2912 2153 3027 2192 non
3075 2137 3446 2194 mediocriter
3496 2138 3931 2211 pertimescenda

2308 2225 2397 2275 est
2426 2222 2596 2277 nobis
2626 2239 2814 2294 plena,
2835 2238 2962 2294 qua:
2993 2221 3156 2278 illam
3203 2229 3487 2298 sequetur
3533 2226 3927 2293 confusionem,

2307 2311 2543 2380 quando
2575 2315 2771 2366 reatus
2794 2311 3050 2368 animam
3083 2311 3497 2369 immortaliter
3513 2313 3844 2371 morientem
3863 2313 3930 2368 in-

2305 2397 2515 2465 volvet,
2546 2403 2605 2454 et
2637 2399 3037 2456 indeﬁcienter
3064 2401 3430 2458 deﬁcientem
3467 2419 3701 2460 carnem
3745 2402 3931 2476 gehen-

2309 2502 2384 2540 na
2415 2492 2740 2542 consumet.
2757 2487 3018 2561 Denique
3049 2489 3326 2562 quoniam
3340 2490 3618 2562 jussistis
3638 2491 3797 2546 vobis
3816 2508 3931 2563 prs:-

2307 2573 2485 2629 l'atam
2517 2575 2824 2647 epistolam
2856 2576 3030 2648 mitti,
3049 2577 3352 2634 sciendum
3385 2579 3556 2636 vobis
3575 2583 3682 2646 est,
3704 2579 3833 2653 quia
3858 2577 3928 2633 sic

2306 2661 2504 2718 divina
2535 2663 2689 2720 dicta
2721 2663 2910 2737 legere
2939 2669 2997 2721 et
3025 2666 3227 2722 audire
3258 2667 3509 2735 debetis,
3529 2685 3598 2725 ac
3647 2668 3694 2724 si
3741 2669 3808 2724 ad
3844 2683 3928 2722 vos

2306 2750 2639 2822 specialiter
2667 2753 2963 2810 sintdicta
2981 2753 3068 2810 vel
3101 2755 3340 2828 scripta,
3367 2761 3436 2812 ut
3451 2774 3582 2829 qua:
3612 2757 3670 2813 in
3698 2757 3777 2813 eis
3797 2757 3927 2811 inve-

2305 2839 2510 2896 neritis
2537 2840 2698 2897 vobis
2727 2843 2985 2898 cavenda
3012 2844 3283 2913 caveatis,
3306 2848 3365 2900 et
3395 2861 3527 2918 quae
3557 2846 3774 2919 agenda
3799 2849 3925 2900 stre-

2305 2945 2420 2983 nue
2451 2928 2768 3000 faciatis,et
2797 2948 2924 3002 quas
2955 2933 3256 3004 sequenda
3275 2933 3692 3005 sequamini,et
3717 2950 3834 3006 quae
3852 2949 3924 2987 er-

2303 3031 2378 3088 ga
2403 3015 2549 3072 alios
2579 3019 2947 3090 exsequenda
2975 3024 3116 3076 sunt
3144 3021 3571 3093 exsequamini.
3606 3022 3760 3078 Sicut
3785 3019 3920 3077 enim

2303 3104 2362 3158 in
2393 3103 2541 3161 libro
2572 3106 2904 3162 medicinali
2924 3108 3186 3180 corporis
3202 3108 3508 3181 passiones
3542 3115 3601 3167 et
3619 3127 3807 3167 earum
3835 3125 3922 3164 cu-

2303 3193 2585 3249 rationem
2617 3194 3100 3263 inveniuntur,ita
3128 3202 3186 3253 et
3215 3197 3274 3254 in
3307 3196 3524 3255 divinis
3551 3197 3790 3272 eloquiis
3817 3196 3922 3252 ani-

553 3309 736 3366 panes
764 3292 858 3348 die
887 3308 953 3348 ac
987 3294 1174 3356 nocte,
1207 3287 1422 3344 dicenti
1456 3304 1470 3342 :
1505 3287 1668 3343 Credo
1697 3287 1878 3342 videre
1921 3286 2058 3341 bona
2086 3285 2190 3341 Do-
2221 3271 2264 3335 C
2303 3298 2409 3337 mae
2433 3283 2734 3354 passiones
2755 3287 2811 3340 et
2831 3302 3034 3340 earum
3051 3286 3383 3344 curationes
3407 3285 3922 3362 reperiuntur.0uia

551 3383 698 3437 mini
718 3381 954 3436 in-terra
983 3379 1281 3434 viventium
1311 3377 1481 3444 (Psal.
1514 3393 1664 3440 xxvr,
1700 3376 1805 3446 13).
1831 3375 2021 3445 (Greg.
2046 3373 2188 3429 hom.

556 3469 666 3541 18.)
697 3492 724 3518 ‹‹
759 3469 828 3523 Et
859 3470 993 3523 sunt
1044 3465 1142 3538 qui
1195 3465 1394 3520 audito
1439 3463 1527 3518 vel
1573 3463 1722 3518 lecto
1767 3463 1942 3518 verbo
1973 3460 2093 3529 Dei,
2127 3466 2193 3517 ut

553 3561 711 3612 terra
739 3556 1173 3623 bona,l'ructum
1199 3571 1301 3626 per
1321 3552 1658 3626 patientiam
1687 3551 2103 3616 reddunt,cum
2135 3552 2192 3605 et

549 3646 702 3702 bona
750 3643 1054 3700 humiliter
1103 3647 1438 3714 operantur,
1471 3645 1527 3696 et
1582 3640 1981 3713 proximorum
2037 3637 2192 3692 mala

545 3733 951 3808 equanimiter
977 3730 1246 3788 tolerant.
1280 3733 1506 3798 Quanto
1535 3729 1690 3785 enim
1723 3727 1974 3800 quisque
2013 3725 2189 3782 altius

544 3821 1049 3897 profecerit,tanto
1071 3821 1128 3876 in
1151 3819 1260 3876 hoc
1284 3819 1503 3874 mundo
1536 3817 1755 3873 invenit
1795 3816 1951 3888 quod
1983 3815 2190 3870 durius

545 3910 906 3986 portet,quia
930 3926 1062 3965 cum
1106 3926 1141 3964 a
1178 3907 1444 3981 praesenti
1487 3906 1698 3962 saeculo
1733 3903 1948 3961 mentis
1979 3907 2187 3958 nostra:

543 4000 850 4058 delectatio
861 3998 1131 4069 deﬁcit,ej
1142 3998 1346 4052 usdem
1373 3995 1564 4052 saeculi
1580 3993 1902 4050 adversitas
1923 3991 2187 4048 crescit.»

613 4089 730 4145 Vos
752 4091 969 4154 autem,
991 4087 1205 4142 domne
1232 4084 1778 4155 charissime,quem
1797 4083 1950 4137 Deus
1971 4079 2188 4136 talento

542 4177 875 4233 intellectus
925 4174 1234 4248 magniﬁce
1281 4178 1339 4229 et
1385 4175 1650 4245 potenter
1697 4169 1922 4237 ditavit,
1947 4167 2189 4224 solerter

543 4265 850 4332 attendite,
879 4263 974 4321 cui
1005 4263 1138 4318 inde
1171 4261 1455 4317 rationem
1485 4259 1627 4315 estis
1655 4257 2030 4323 reddituri,in
2057 4274 2183 4312 con-

542 4358 743 4428 spectu
776 4353 956 4410 totius
978 4350 1222 4408 humani
1254 4348 1504 4423 generis,
1537 4353 1597 4404 et
1625 4347 1969 4420 angelorum
2011 4349 2186 4417 atque

541 4441 1048 4515 archangelorum,
1082 4442 1140 4494 et
1171 4437 1347 4493 nolito
1387 4435 1447 4491 in
1499 4434 1735 4490 sudario
1784 4433 2092 4504 religatum
2124 4429 2184 4486 in

541 4535 695 4586 terra
724 4529 870 4584 illud
902 4526 1278 4592 abscondere,
1313 4525 1368 4580 id
1419 4529 1509 4580 est
1557 4523 1614 4578 iu
1664 4522 1909 4579 terrenis
1953 4525 2183 4576 tantum

2300 3386 2433 3425 vero
2464 3370 2544 3426 ita
2563 3375 2626 3426 ut
2647 3371 3022 3445 praediximus
3045 3373 3245 3429 divina
3263 3373 3499 3448 eloquia
3519 3374 3780 3448 quisquis
3799 3374 3920 3428 lide-

2299 3455 2374 3512 lis
2404 3457 2723 3531 intelligere
2750 3461 2975 3528 debeat,
3008 3465 3066 3517 et
3095 3461 3176 3517 ita
3205 3462 3327 3518 sint
3355 3463 3536 3532 dicta,
3554 3464 3820 3520 Dominus
3836 3462 3920 3516 de-

2300 3551 2589 3602 monstrat
2619 3548 2675 3603 in
2707 3548 3019 3622 Evangelio
3041 3550 3138 3622 qui
3162 3550 3308 3606 dixit
3328 3550 3636 3626 discipulis
3667 3551 3784 3607 suis
3814 3567 3825 3604 :
3850 3550 3918 3605 Vi-

2297 3635 2468 3703 gilatc
2493 3643 2544 3690 et
2572 3646 2741 3704 orate,
2775 3646 2833 3693 ut
2861 3655 2974 3693 non
3005 3640 3218 3695 intretis
3250 3642 3310 3695 in
3357 3643 3705 3697 tcntationcm
3730 3638 3914 3709 (Matth.

2297 3741 2448 3792 xxvr,
2475 3724 2585 3792 41).
2618 3725 2687 3780 Et
2715 3724 2927 3781 iterum
2964 3743 2976 3780 :
3014 3728 3156 3795 Quod
3183 3728 3304 3784 dico
3334 3729 3486 3786 vobis
3526 3731 3768 3786 omnibus
3793 3727 3915 3790 duo,

2301 3813 2530 3881 Vigilate
2559 3813 2742 3884 (Marc.
2765 3831 2886 3869 xm.
2917 3815 3030 3886 27).
3062 3815 3278 3888 Vigilat
3305 3817 3464 3874 enim
3497 3819 3596 3892 qui
3627 3818 3695 3874 ad
3734 3831 3913 3888 aspec-

2297 3904 2422 3956 tum
2453 3901 2568 3956 veri
2588 3901 2831 3958 luminis
2851 3903 3063 3959 mentis
3083 3904 3284 3960 oculos
3305 3912 3538 3979 apertos
3559 3911 3726 3974 tenet,
3739 3902 3916 3976 vigilat

2297 3989 2397 4060 qui
2421 3995 2608 4047 servet
2627 3992 2920 4063 operando
2942 3994 3095 4065 quod
3121 3993 3325 4063 credit,
3340 3996 3542 4069 vigilat
3573 3997 3671 4070 qui
3693 4013 3727 4050 a
3743 4011 3800 4050 se
3817 3997 3915 4046 tor-

2297 4079 2454 4150 poris
2483 4083 2540 4134 et
2577 4079 2942 4152 negligentiae
2991 4082 3264 4138 tenebras
3311 4085 3561 4157 repellit,
3591 4083 3782 4158 vigilat
3823 4077 3910 4153 qui

2297 4168 2560 4223 fraudem
2595 4168 2650 4222 in
2685 4168 2836 4224 bono
2867 4185 3039 4241 opere
3057 4187 3170 4225 non
3191 4177 3489 4244 perpetrat
3509 4173 3709 4246 (Ποῖ-αι.
3733 4171 3908 4232 lib.ix,

2295 4273 2342 4312 c.
2372 4257 2487 4326 34).
2525 4279 2546 4304 α
2583 4258 2716 4323 Quae
2773 4257 2933 4314 fraus
2981 4258 3172 4314 tribus
3211 4261 3402 4318 modis
3454 4262 3513 4318 in
3572 4277 3734 4334 opere
3779 4258 3910 4312 bono

2295 4343 2683 4400 committitur
2711 4363 2724 4400 :
2759 4345 2899 4417 quia
2923 4363 3026 4418 per
3060 4347 3232 4412 hanc,
3258 4351 3460 4421 procul
3491 4349 3685 4417 dubio,
3715 4349 3808 4404 aut
3833 4348 3908 4398 ta-

2295 4433 2410 4488 cita
2441 4432 2634 4489 cordis
2665 4433 2906 4489 humani
2939 4435 3147 4506 gratia,
3169 4441 3273 4493 aut
3305 4437 3516 4494 favoris
3545 4454 3701 4507 aura,
3718 4437 3910 4491 autres

2295 4521 2567 4592 quaelibet
2593 4521 2842 4578 exterior
2869 4522 3255 4580 desideratur.
3291 4528 3415 4593 Quo
3447 4531 3645 4583 contra
3680 4527 3818 4580 recte
3845 4518 3908 4572 de

540 4617 771 4675 actibus
801 4615 1100 4690 implicare
1128 4631 1140 4670 :
1168 4613 1266 4669 sed
1287 4631 1522 4669 sursum
1551 4629 1652 4668 cor
1687 4612 1760 4666 ad
1795 4610 1957 4665 illum
1981 4609 2182 4698 levate,
2215 4633 2262 4698 Β
2287 4611 2448 4682 juste
2480 4626 2582 4682 per
2602 4609 2944 4683 prophetam
2963 4611 3212 4668 dicitur:
3239 4616 3354 4683 Qui
3370 4615 3576 4671 excutit
3591 4627 3776 4669 manus
3793 4621 3905 4664 suas

539 4705 642 4780 qui
691 4705 836 4761 mire
883 4721 989 4760 nos
1040 4701 1320 4770 condidit,
1353 4701 1606 4774 gratuito
1644 4699 1908 4764 nutrivit,
1941 4696 2184 4753 rationis
2215 4696 2248 4698 “
2293 4701 2361 4753 ab
2389 4701 2542 4755 omni
2569 4715 2812 4767 munere,
2827 4700 2916 4755 hic
2946 4701 3007 4756 in
3034 4702 3262 4758 excelsis
3287 4703 3556 4759 habitabit
3585 4703 3704 4774 (Isa.
3727 4710 3900 4759 xxxm,

539 4793 874 4852 substantia
897 4791 956 4847 in
988 4789 1318 4846 conditione
1346 4787 1572 4856 ditavit,
1599 4787 1788 4860 gratia
1817 4805 1924 4842 sua
1953 4803 2053 4842 vos
2082 4803 2181 4842 v0-

538 4885 708 4951 cavit,
739 4883 910 4939 donis
953 4880 1079 4937 suis
1127 4898 1228 4936 vos
1256 4877 1627 4942 illuminavit,
1663 4879 1911 4947 paterna:
1951 4874 2182 4946 pietatis

539 4971 932 5030 sollicitudine
957 4988 992 5026 a
1009 4967 1370 5042 flagellorum
1394 4965 1696 5021 doloribus
1716 4965 1787 5019 ad
1811 4963 2024 5019 salutis
2044 4982 2180 5036 gau-

2293 4789 2402 4856 15).
2423 4787 2568 4854 Quia
2595 4789 2752 4843 enim
2785 4805 2898 4844 non
2920 4787 3111 4845 solum
3136 4791 3296 4846 fraus
3313 4790 3372 4847 in
3396 4790 3720 4863 acceptione
3750 4800 3900 4858 pecu-

2290 4877 2398 4930 nias
2429 4885 2537 4944 est,
2572 4894 2787 4933 munus
2818 4877 3016 4949 procul
3048 4878 3226 4934 dubio
3258 4897 3442 4935 unum
3485 4897 3598 4934 non
3643 4880 3745 4933 est.
3775 4873 3900 4928 Tres

2288 4983 2421 5020 vero
2452 4969 2593 5020 sunt
2620 4965 2988 5037 acceptlones
3020 4985 3353 5034 munerum,
3373 4969 3443 5024 ad
3471 4985 3616 5040 quas
3635 4983 3700 5020 ex
3723 4959 3900 5018 fraude

539 5062 638 5118 dia
665 5058 1073 5116 misericordia:
1103 5057 1527 5113 medicamento
1560 5053 1808 5119 reduxit,
1841 5057 2177 5123 peccantem
2288 5053 2616 5108 festinatur.
2635 5053 2848 5108 Munus
2867 5071 3120 5126 namque
3141 5073 3175 5110 a
3195 5056 3368 5111 corde
3385 5061 3472 5112 est
3494 5057 3715 5127 captata
3732 5046 3899 5123 gratia

540 5168 656 5206 non
689 5148 968 5214 deseruit,
993 5145 1336 5201 muneribus
1367 5141 1570 5198 multis
1599 5145 1657 5195 et
1688 5139 1945 5212 potentia
1967 5141 2181 5212 gloriﬁ-

539 5239 711 5294 cavit.
747 5237 854 5293 Per
891 5233 1156 5309 singulos
1202 5233 1326 5289 dies
1375 5231 1630 5287 rationes
1679 5229 1981 5284 vobiscum
2029 5229 2181 5303 agite

541 5327 614 5382 de
644 5327 738 5382 his
767 5343 892 5398 qua:
925 5315 1231 5396 accepistis
1259 5322 1330 5377 de
1363 5337 1539 5375 manu
1578 5317 1830 5385 Domini,
1853 5321 1911 5372 et
1938 5335 2065 5390 qua:
2097 5316 2180 5372 illi

542 5419 779 5487 propter
822 5412 924 5468 illa
973 5410 1308 5484 reponditis,
1342 5407 1426 5463 vel
1485 5405 1866 5480 rependistis;
1900 5407 2041 5478 quia
2097 5406 2182 5461 sic

541 5501 860 5574 unicuique
901 5503 1053 5558 bona
1089 5519 1122 5557 a
1162 5518 1224 5556 se
1263 5497 1472 5555 collata
1512 5495 1898 5562 enumerabit,
1931 5495 2131 5550 dicens
2163 5513 2176 5552 :

541 5591 744 5662 Popule
771 5589 1088 5662 meus,quid
1115 5591 1223 5661 feci
1252 5589 1372 5654 tibi,
1387 5593 1480 5641 aut
1508 5585 1639 5657 quid
1667 5586 1919 5641 molestus
1936 5586 2026 5655 fui
2046 5585 2149 5640 tibi
2161 5589 2183 5640 ?

542 5678 800 5752 responde
824 5680 983 5734 mihi.
1015 5679 1286 5749 Quoniam
1339 5691 1432 5746 ego
1463 5674 1629 5729 educi
1668 5691 1754 5730 vos
1791 5690 1890 5744 per
1916 5673 2183 5729 desertum

2287 5159 2323 5197 a
2351 5139 2698 5213 cogitatione
2733 5158 2746 5196 :
2779 5158 2999 5198 munus
3040 5143 3113 5198 ab
3155 5160 3253 5199 ore
3303 5149 3392 5200 est
3415 5144 3599 5218 gloria
3623 5158 3719 5214 per
3761 5139 3897 5192 favo-

2291 5245 2412 5283 rem
2447 5243 2460 5284 :
2494 5245 2711 5285 munus
2733 5245 2801 5284 ex
2831 5246 3010 5286 manu
3041 5235 3132 5286 est
3161 5230 3464 5303 praemium
3493 5247 3592 5303 per
3610 5227 3895 5283 dationem.

2291 5318 2403 5374 Sed
2417 5317 2618 5389 justus
2640 5317 2890 5390 quisque
2919 5319 2991 5374 ab
3013 5319 3172 5374 omni
3197 5335 3438 5376 munere
3458 5333 3664 5374 manus
3681 5309 3896 5372 excutit.

2289 5405 2430 5476 quia
2457 5403 2517 5460 in
2549 5421 2614 5460 eo
2645 5405 2799 5478 quod
2831 5410 2982 5461 recte
3013 5405 3153 5478 agit,
3185 5423 3291 5462 nec
3335 5409 3407 5462 ab
3456 5405 3703 5461 humano
3747 5394 3899 5452 cordo

2289 5494 2523 5551 inanem
2555 5493 2821 5566 gloriam,
2850 5511 2956 5549 nec
2987 5495 3059 5550 ab
3108 5512 3206 5550 ore
3253 5495 3506 5560 laudem,
3538 5508 3640 5548 nec
3667 5507 3700 5545 a
3738 5497 3895 5542 manu

2291 5584 2541 5655 recipere
2572 5581 2865 5637 dationcm
2906 5582 3134 5653 quaerit.
3175 5582 3347 5640 Solus
3373 5598 3507 5654 ergo
3537 5579 3592 5634 in
3623 5575 3716 5634 Dei
3744 5582 3895 5642 opere

2289 5673 2552 5729 fraudem
2576 5688 2690 5726 non
2715 5669 2868 5739 facit,
2889 5669 3140 5742 quicum
3170 5672 3242 5728 ad
3277 5671 3468 5728 studia
3488 5670 3645 5725 bonae
3671 5655 3891 5720 actionis
