4204 6466
285 441 397 504 861

1395 513 1406 520 ,
1463 444 1565 507 DE
1607 442 1993 506 CAVENDIS
2037 441 2294 520 VlTlIS,
2340 445 2513 510 ETC.

3565 431 3686 515 362!

285 574 513 650 vigilat,
535 592 642 634 nec
673 576 745 634 ad
774 575 1094 650 corporalis
1125 577 1206 634 rei
1237 577 1498 651 praemia,
1519 594 1624 634 nec
1645 577 1718 634 ad
1739 576 1932 634 laudis
1957 573 2017 644 Α
2035 579 2312 652 juvenem
2343 583 2504 638 extra
2531 585 2778 654 portam,
2811 583 2872 639 in
2903 583 3134 656 spulcro
3166 589 3361 644 autem
3401 587 3685 644 Lazarum

285 666 486 732 verba,
508 682 616 722 nec
637 667 710 722 ad
739 665 984 722 humani
1007 666 1217 738 judicii
1249 667 1499 740 gratiam
1530 666 1766 724 anhelat
1794 666 1933 739 (cap.

286 755 403 827 25).
436 753 614 821 Quasi
651 753 1020 811 latrunculus
1068 758 1158 812 est
1203 755 1359 812 enim
1407 755 1697 828 appetitus
1742 754 1938 812 laudis

287 844 588 914 humanas,
619 843 720 917 qui
750 846 906 900 recto
937 843 1145 901 itinere
1189 845 1595 919 gradientibus
1642 861 1712 901 ex
1758 844 1940 902 latere

279 931 580 1006 jungitur,
610 934 677 986 ut
705 948 775 988 ex
802 931 1046 989 occultis
1073 933 1281 990 educto
1312 932 1504 1008 gladio
1545 933 1966 1006 gradientium.

286 1019 410 1077 vita
435 1019 780 1077 trucidetur.
813 1021 1074 1094 Cumque
1103 1021 1412 1094 propositae
1443 1021 1713 1078 utilitatis
1741 1021 1939 1078 inten-

290 1110 372 1166 tio
401 1110 493 1184 ,διά
543 1109 739 1166 studia
786 1109 1011 1182 priVata
1055 1110 1382 1178 deducitur,
1425 1109 1714 1166 horrendo
1767 1111 1938 1166 modo

293 1213 480 1254 unum
529 1197 801 1270 idemque
846 1214 996 1270 opus
1043 1196 1216 1270 culpa
1261 1197 1504 1271 peragit,
1553 1198 1708 1270 quod
1755 1197 1940 1254 virtus

300 1285 616 1342 inchoavit.
651 1286 814 1358 Saepe
841 1292 898 1342 et
928 1287 1002 1341 ab
1031 1285 1176 1358 ipsis
1201 1286 1452 1343 exordiis
1477 1286 1636 1342 aliud
1668 1285 1941 1358 cogitatio

293 1373 529 1446 expetit,
585 1371 746 1429 aliud
797 1373 946 1430 actio
993 1374 1267 1430 ostendit.
1311 1375 1474 1447 Saepe
1529 1374 1706 1430 etiam
1765 1375 1940 1430 ﬁdem

293 1462 514 1518 mentis
543 1478 648 1518 nec
670 1461 800 1535 ipsa
827 1461 1100 1536 cogitatio
1129 1463 1380 1531 exhibet,
1414 1463 1554 1536 quia
1603 1461 1760 1518 aliud
1807 1466 1944 1518 ante

293 1550 496 1608 oculos
526 1549 743 1606 mentis
763 1555 976 1619 versat,
1007 1555 1066 1607 et
1094 1551 1265 1623 longe
1313 1551 1386 1607 ad
1435 1551 1593 1608 aliud
1643 1567 1712 1606 ex
1751 1551 1941 1607 inten-

294 1639 455 1696 tione
500 1638 760 1694 festinat.
806 1639 951 1694 Nam
1001 1637 1348 1712 plerumque
1397 1639 1664 1696 nonnulli
1713 1643 1944 1696 terrena

294 1727 538 1801 praemia
584 1731 890 1800 appetunt,
939 1732 997 1784 et
1034 1727 1330 1800 justitiam
1389 1729 1732 1795 defendunt,
1763 1744 1942 1801 seque

292 1815 636 1872 innocentes
665 1815 979 1882 astimant,
1013 1820 1070 1872 et
1098 1833 1226 1873 esse
1257 1817 1590 1874 defensores
1639 1817 1942 1874 rectitudi-

295 1905 396 2006 nis
420 1903 737 2006 exsultant,
771 1903 988 2004 quibus
1017 1903 1068 2006 si
1099 1921 1234 2006 spes
1273 1903 1504 1961 nummi
1553 1905 1938 2006 subtrahitur,
1976 1941 2023 2006 Β

297 2011 334 2050 a
363 1992 700 2050 defensione
730 1993 998 2065 protinus
1037 1993 1282 2065 justitiaa
1331 1998 1613 2050 cessatur.
1645 1995 1715 2050 Et
1750 1998 1945 2050 tamen

295 2081 633 2139 defensores
663 2099 726 2138 se
765 2080 1012 2154 justitim
1061 2081 1338 2154 cogitant,
1373 2081 1602 2154 sibique
1648 2098 1710 2138 se
1759 2085 1948 2139 rectos

297 2173 591 2238 asserunt,
621 2169 722 2242 qui
751 2187 1125 2242 nequaquam
1167 2169 1576 2226 rectitudinem
1625 2171 1726 2226 sed
1774 2187 1946 2226 num-

297 2275 429 2316 mos
457 2261 748 2332 quaerunt.
783 2257 997 2315 Contra
1026 2275 1173 2330 quos
1203 2258 1351 2314 bene
1379 2275 1482 2330 per
1521 2259 1758 2332 Moysen
1802 2257 1948 2314 dici-

298 2350 400 2405 tur
431 2366 445 2404 :
475 2349 622 2405 Juste
677 2347 817 2421 quod
861 2347 1076 2421 justum
1125 2353 1203 2403 est
1255 2348 1566 2420 exsequeris
1622 2349 1799 2416 (Deut.
1833 2364 1946 2413 xv1,

296 2438 411 2506 20).
447 2437 672 2509 Injuste
712 2436 928 2509 quippe
975 2436 1128 2509 quod
1169 2437 1402 2507 justum
1453 2439 1543 2492 est
1587 2431 1946 2508 exsequitur,

305 2524 407 2598 qui
457 2525 646 2597 ipsam
696 2540 874 2596 quam
932 2522 1240 2596 praetendit
1285 2523 1580 2594 justitiam
1626 2521 1950 2579 vcnundari

304 2612 552 2670 minime
599 2616 849 2669 veretur.
880 2612 1050 2668 Juste
1095 2629 1231 2685 ergo
1271 2613 1502 2683 justum
1552 2611 1790 2684 exsequi
1838 2615 1948 2677 est,

304 2701 366 2757 in
425 2701 746 2758 assertione
786 2700 1032 2772 justitiee
1087 2701 1354 2758 eamdem
1411 2701 1601 2773 ipsam
1653 2701 1950 2772 justitiam

303 2805 582 2864 quaerere.
617 2790 780 2862 Saepe
817 2793 976 2846 recta
1019 2789 1273 2863 agimus,
1305 2794 1362 2845 et
1391 2805 1762 2862 nequaquam
1806 2806 1950 2863 prae-

305 2879 448 2946 mia,
481 2895 854 2952 nequaquam
892 2878 1097 2934 laudes
1144 2879 1216 2934 ab
1267 2877 1607 2934 hominibus
1653 2881 1950 2949 exspecta-

304 2984 442 3024 mus
473 2983 488 3022 :
517 2968 618 3024 sed
647 2971 841 3022 tamen
873 2983 1040 3022 mens
1068 2966 1128 3021 in
1160 2966 1252 3022 sui
1294 2965 1570 3022 ﬁduciam
1619 2967 1829 3034 erecta,
1859 2965 1952 3022 his

303 3074 339 3114 a
368 3056 586 3130 quibus
619 3055 698 3110 nil
731 3054 946 3128 expetit
984 3054 1211 3127 placere
1256 3054 1600 3122 contemnit,
1633 3071 1834 3110 eorum
1853 3055 1952 3126 ju-

302 3145 460 3202 dicia
487 3145 758 3224 despicit,
789 3160 967 3216 seque
998 3143 1150 3199 male
1179 3142 1363 3199 libera
1407 3159 1512 3216 per
1559 3143 1806 3214 abrupta
1831 3141 1951 3198 ela-

299 3232 483 3291 tionis
513 3232 685 3306 rapit,
717 3235 776 3288 et
801 3231 940 3287 inde
968 3231 1078 3288 sub
1108 3230 1246 3287 vitio
1275 3232 1446 3304 pejus
1475 3231 1765 3298 obruitur,
1798 3231 1956 3286 unde

2045 668 2310 724 suscitat.
2341 671 2546 728 Adhuc
2577 673 2792 746 quippe
2820 673 2879 729 in
2911 675 3082 732 domo
3113 681 3382 734 mortuus
3403 679 3562 750 jacet
3585 677 3687 752 qui

2045 755 2189 812 latet
2215 757 2274 813 in
2306 763 2542 832 peccato
2575 778 2588 816 :
2613 761 2741 832 jam
2771 762 2938 834 quasi
2969 767 3130 818 extra
3147 769 3376 836 portam
3397 766 3686 836 educitur,
3773 831 3788 838 Α

2045 847 2216 918 cujus
2245 846 2526 920 iniquitas
2556 867 2744 923 usque
2768 852 2840 908 ad
2869 852 3280 909 verecundiam
3301 853 3546 926 publica;
3565 872 3690 930 per-

2047 933 2386 1005 petrationis
2403 935 2999 1012 aperitur,sepulturae
3017 955 3153 998 vero
3176 955 3385 1014 aggere
3405 943 3692 1014 premitur

2047 1021 2148 1094 qui
2180 1022 2239 1077 in
2271 1025 2696 1096 perpetratione
2727 1027 2998 1100 nequitia)
3025 1028 3202 1085 etiam
3236 1047 3349 1086 usu
3378 1034 3690 1086 consuetu-

2047 1109 2204 1166 dinis
2234 1116 2568 1183 gravantur.
2603 1115 2715 1170 Sed
2745 1115 2854 1172 hos
2883 1117 2956 1171 ad
2985 1116 3164 1172 vitam
3197 1117 3516 1174 miseratus
3561 1135 3692 1174 sus-

2048 1197 2209 1266 citat,
2236 1199 2374 1271 quia
2403 1200 2748 1274 plerumque
2777 1203 2975 1260 divina
3010 1205 3158 1277 grati
3183 1225 3202 1262 ι
3246 1223 3360 1262 non
3411 1206 3601 1262 solum
3633 1206 3694 1262 in

2049 1283 2316 1352 occultis,
2332 1287 2433 1341 sed
2459 1287 2633 1343 etiam
2656 1287 2715 1342 in
2737 1289 2956 1361 apertis
2975 1290 3389 1364 iniquitatibus
3411 1297 3693 1362 mortuos,

2050 1373 2150 1428 sed
2182 1376 2240 1428 et
2267 1373 2418 1430 mole
2447 1392 2634 1447 prava:
2665 1377 3108 1436 consuetudinis
3127 1386 3695 1454 prcssos,respectus

2050 1460 2140 1515 sui
2177 1459 2398 1517 lumine
2428 1462 2701 1519 illustrat.
2732 1467 3014 1531 Quartum
3061 1483 3196 1523 vero
3243 1471 3544 1526 mortuum
3585 1469 3694 1526 Re-

2051 1549 2318 1622 demptor
2337 1555 2556 1622 noster,
2589 1554 2896 1610 nuntiante
2935 1555 3224 1628 discipulo
3271 1557 3554 1630 agnoscit,
3589 1575 3694 1614 nec

2049 1641 2245 1694 tamen
2276 1639 2522 1696 suscitat
2554 1657 2567 1694 :
2603 1641 2742 1712 quia
2769 1641 2935 1698 valde
2963 1643 3200 1700 difﬁcile
3229 1648 3319 1700 est
3348 1649 3412 1700 ut
3437 1643 3489 1701 is
3519 1663 3694 1718 quem

2052 1729 2184 1798 post
2211 1744 2385 1782 usum
2417 1727 2582 1784 malae
2612 1729 3055 1787 consuetudinis
3101 1731 3276 1787 etiam
3325 1732 3694 1790 adulantium

2051 1813 2262 1887 linguae
2293 1816 2607 1889 excipiunt,
2640 1835 2674 1873 a
2703 1819 2918 1874 mentis
2955 1837 3074 1875 suae
3125 1823 3310 1876 morte
3358 1825 3692 1891 revocetur;

2052 1903 2124 1960 de
2153 1920 2268 1975 quo
2299 1907 2357 1960 et
2387 1904 2533 1962 bene
2562 1906 2780 1962 dicitur
2809 1922 2824 1962 :
2856 1907 2988 1963 Sine
3014 1916 3254 1964 mortuos
3277 1910 3504 1982 sepelire
3547 1927 3695 1968 mor-
3719 1923 3725 1934 '

2055 2001 2171 2050 tuos
2216 2010 2340 2050 suos
2371 1995 2518 2060 (Luc.
2553 2013 2628 2062 1x,
2661 1995 2772 2067 60).
2808 1995 3018 2052 Mortui
3063 1997 3220 2053 enim
3268 2002 3563 2055 mortuum
3613 2017 3698 2057 se-

2056 2081 2298 2154 peliunt,
2331 2098 2465 2137 cum
2498 2087 2826 2155 peccatores
2853 2087 3214 2156 peccatorem
3245 2087 3539 2144 favoribus
3569 2105 3697 2160 pre-

2057 2174 2244 2225 munt.
2279 2169 2427 2236 Quid
2457 2170 2612 2226 enim
2643 2173 2732 2226 est
2773 2171 2932 2227 aliud
2984 2172 3229 2245 scpelire
3279 2191 3455 2246 quam
3504 2173 3698 2231 occul-

2055 2258 2221 2314 tare?
2249 2259 2361 2314 Sed
2393 2258 2490 2330 qui
2534 2263 2872 2331 peccantem
2919 2259 3195 2317 laudibus
3243 2265 3697 2334 prosequuntur,

2056 2347 2408 2402 exstinctum
2441 2347 2552 2402 sub
2583 2348 2891 2403 verborum
2921 2365 3162 2405 suorum
3206 2365 3415 2424 aggere
3463 2351 3704 2407 abscon-

2059 2437 2228 2490 dunt.
2251 2436 2389 2491 Erat
2416 2439 2612 2490 tamen
2643 2439 2702 2490 et
2748 2437 3001 2491 Lazarus
3049 2441 3339 2506 mortuus,
3373 2439 3474 2494 sed
3505 2443 3702 2496 tamen

2059 2541 2172 2579 non
2207 2541 2241 2580 a
2273 2523 2518 2580 mortuis
2549 2522 2815 2596 sepultus
2848 2541 2862 2580 :
2897 2523 3097 2581 ﬁdeles
3127 2525 3343 2598 quippe
3373 2525 3702 2582 illum'mu-

2058 2611 2230 2668 lieres
2259 2613 2592 2680 obruerent,
2627 2629 2754 2684 quae
2785 2616 2842 2667 et
2884 2614 3012 2684 ejus
3064 2617 3312 2670 mortem
3363 2615 3703 2673 viviﬁcatori

2060 2700 2432 2757 nuntiabant.
2466 2701 2629 2757 Unde
2659 2706 2717 2756 et
2747 2701 3014 2772 protinus
3045 2703 3117 2761 ad
3149 2702 3339 2758 lucem
3371 2705 3540 2773 redit,
3564 2705 3705 2777 quia

2059 2807 2194 2845 cum
2227 2789 2286 2844 in
2319 2793 2555 2861 peccato
2603 2789 2839 2846 animus
2887 2790 3156 2862 moritur,
3183 2789 3357 2848 citius
3407 2791 3480 2847 ad
3523 2793 3702 2848 vitam

2062 2879 2379 2945 reducitur,
2411 2877 2460 2934 si
2491 2895 2666 2950 super
2707 2879 2865 2934 hunc
2913 2877 3172 2936 sollicitas
3218 2875 3599 2952 cogitationes
3625 2879 3704 2937 vi-

2059 2973 2223 3024 vunt.
2259 2991 2288 3019 ››
2319 2967 2820 3026 Perniciosissima
2862 2969 3153 3041 siquidem
3202 2969 3384 3042 pestis
3429 2975 3520 3027 est
3565 2973 3703 3028 adu-

2061 3057 2221 3126 latio,
2255 3061 2313 3113 et
2341 3057 2456 3113 cito
2487 3057 2743 3130 subripit
2771 3060 3050 3128 mentem,
3083 3057 3196 3113 nisi
3246 3058 3423 3113 fuerit
3463 3057 3524 3114 in
3575 3059 3702 3132 ipso

2061 3149 2284 3204 remota
2314 3145 2948 3202 initio.Diseutiendum
2972 3145 3151 3218 igitur
3170 3145 3338 3202 nobis
3357 3149 3448 3203 est
3467 3146 3610 3220 quid
3632 3148 3704 3204 de

2063 3235 2234 3290 nobis
2263 3233 2596 3304 audiamus,
2629 3238 2688 3290 et
2715 3234 2961 3307 probare
2989 3233 3132 3306 quid
3165 3233 3395 3290 dicatur
3420 3251 3490 3290 ex
3509 3235 3700 3292 nobis.

300 3321 475 3396 quasi
505 3303 746 3378 devictis
772 3319 930 3376 vitiis
957 3319 1137 3375 nullis
1167 3337 1230 3376 se
1261 3303 1720 3392 appetitionibus
1751 3320 1950 3392 subja-
1981 3303 2024 3370 C
2061 3323 2380 3379 Credamus
2402 3321 2541 3396 quia
2555 3303 2805 3378 stultum
2822 3325 2912 3378 est
2927 3303 3060 3394 plus
3081 3321 3214 3378 aliis
3234 3323 3308 3378 de
3330 3323 3500 3380 nobis
3519 3339 3700 3395 quam

299 3429 432 3470 cere
461 3411 768 3484 gloriatur.
805 3433 834 3461 ››
866 3410 1032 3466 Unde
1061 3408 1240 3466 etiam
1271 3409 1332 3465 in
1363 3409 1533 3466 bonis
1563 3426 1688 3482 quae
1721 3409 1954 3482 agimus

299 3517 543 3558 necesse
573 3503 755 3556 estut
793 3517 927 3556 cum
976 3515 1190 3571 magna
1237 3497 1466 3554 cautela
1513 3497 1848 3564 timeamus,
1882 3515 1954 3554 ne

299 3607 408 3662 per
435 3589 544 3644 hoc
576 3589 730 3661 quod
755 3606 791 3644 a
813 3587 982 3644 nobis
1004 3590 1226 3642 rectum
1251 3586 1446 3659 agitur
1467 3585 1624 3641 favor
1643 3591 1746 3641 aut
1765 3585 1954 3658 gratia

297 3678 567 3734 humana
596 3676 948 3750 requiratur,
983 3693 1054 3731 ne
1080 3673 1374 3748 appetitus
1403 3673 1598 3730 laudis
1640 3673 1950 3747 subripiat,

299 3770 360 3822 et
387 3766 542 3839 quod
574 3764 716 3821 foris
741 3764 1091 3832 ostenditur,
1125 3763 1287 3819 intus
1307 3780 1341 3818 a
1361 3763 1625 3818 mercede
1655 3767 1946 3820 vacuetur.

297 3854 468 3914 Unde
498 3871 602 3927 per
631 3852 1002 3910 Psalmistam
1035 3868 1268 3924 quoque
1297 3852 1366 3907 de
1401 3854 1605 3907 sancta
1633 3849 1951 3907 electorum

300 3941 570 4000 Ecclesia
590 3941 805 3998 dicitur
837 3959 850 3997 :
883 3940 1070 3996 Omnis
1099 3940 1281 4009 gloria
1327 3939 1446 4011 ejus
1491 3939 1629 4010 ﬁliae
1671 3955 1857 4011 regum
1885 3939 1953 3994 ab

299 4033 454 4088 intus
503 4031 659 4105 (Psal
703 4047 855 4098 xuv,
892 4029 1000 4102 14).
1045 4027 1154 4096 Qui
1203 4027 1360 4084 enim
1407 4030 1646 4100 accepta
1692 4027 1954 4100 qualibet

295 4121 493 4195 gratia
517 4119 686 4176 vanis
715 4119 840 4175 suis
871 4117 1148 4174 laudibus
1178 4115 1426 4173 nitorem
1455 4115 1651 4190 gloriae
1681 4116 1949 4186 ell‘erunt,

297 4207 474 4282 quasi
517 4207 712 4264 oleum
739 4207 1020 4274 vendunt,
1054 4206 1125 4262 de
1157 4222 1270 4278 quo
1311 4205 1566 4278 profecto
1617 4204 1742 4262 oleo
1793 4205 1951 4262 Psal-

295 4297 482 4354 mista
506 4295 651 4352 dicit
681 4311 694 4350 :
731 4295 928 4352 Oleum
954 4295 1248 4367 peccatoris
1281 4309 1394 4349 non
1439 4293 1746 4364 impinguet
1791 4301 1955 4365 caput

295 4402 484 4442 meum
531 4385 703 4458 (Psal.
755 4400 881 4450 exn,
917 4384 1022 4452 5):
1059 4381 1446 4455 appellatione
1493 4385 1689 4436 autem
1743 4381 1952 4453 capitis

296 4493 369 4532 ea
409 4491 541 4548 qua:
593 4471 957 4546 principatur
1004 4469 1228 4544 corpori
1262 4487 1428 4526 mens
1454 4472 1714 4524 vocatur.
1741 4469 1953 4541 Impin-

293 4567 444 4639 guat
470 4578 610 4636 ergo
639 4564 816 4634 caput
861 4559 1052 4616 oleum
1101 4557 1440 4632 peccatoris,
1475 4574 1610 4614 cum
1659 4557 1952 4613 demulcet

2059 3411 2231 3468 nobis
2259 3410 2406 3482 ipsis
2433 3410 2862 3467 credere.Unde
2894 3409 3108 3466 Paulus
3139 3409 3282 3466 dicit
3316 3427 3328 3467 :
3364 3411 3552 3468 Gloria
3572 3428 3704 3468 nos-

2059 3509 2147 3556 tra
2174 3502 2292 3557 hac
2319 3509 2417 3564 est,
2451 3501 2820 3555 testimonium
2847 3500 3192 3557 conscientiae
3237 3507 3440 3557 nostra
3469 3502 3544 3569 (11
3573 3502 3702 3558 Cor.

2060 3591 2242 3657 1,1'2).
2285 3587 2539 3644 Gloriam
2591 3605 2760 3643 suam
2811 3586 3026 3642 Paulus
3074 3587 3482 3644 testimonium
3531 3605 3705 3644 cons-

2059 3677 2282 3733 cientias
2314 3679 2620 3743 memorat,
2644 3675 2750 3748 ‘qui
2782 3676 3004 3731 favores
3043 3675 3163 3731 oris
3212 3675 3385 3731 alieni
3435 3693 3551 3732 non
3601 3695 3702 3750 ap-

2060 3770 2284 3838 petens,
2317 3765 2446 3819 vita:
2476 3782 2596 3821 suae
2626 3763 2841 3836 gaudia
2863 3767 3026 3819 extra
3062 3763 3441 3835 semetipsum
3490 3780 3704 3836 ponere

2060 3854 2311 3928 ignorat.
2343 3853 2414 3908 Et
2441 3852 2583 3924 quia
2627 3851 2912 3923 scriptum
2961 3855 3050 3907 est
3083 3867 3097 3906 :
3129 3853 3254 3908 Dies
3299 3852 3520 3908 Domini
3561 3855 3708 3909 sicut

2057 3944 2154 4015 fur
2183 3943 2243 3997 in
2283 3948 2433 3997 nocte
2479 3942 2558 3996 ita
2602 3941 2779 3996 veniet
2805 3939 2880 4008 (II
2903 3941 3054 3996 Petr.
3081 3956 3164 4007 ιιι,
3201 3938 3308 4011 10),
3337 3937 3723 4012 νίεἱιαηᾶιιω’

2059 4031 2230 4087 nobis
2261 4032 2368 4097 est,
2403 4045 2474 4084 ne
2505 4027 2661 4083 mala
2689 4045 2816 4100 quae
2865 4028 3039 4083 modo
3087 4025 3394 4096 faciamus,
3428 4044 3501 4083 ne
3525 4027 3700 4083 etiam

2059 4120 2214 4176 bona
2241 4122 2444 4174 nostra
2473 4117 2805 4173 indiscussa
2833 4115 3236 4172 dimittamus:
3261 4121 3319 4172 et
3345 4115 3428 4172 ita
3455 4115 3700 4190 vigilan-

2058 4211 2148 4265 tes
2177 4207 2423 4263 sollicite
2470 4221 2701 4278 semper
2749 4207 3082 4278 exspeetare
3130 4203 3434 4274 debemus,
3466 4205 3702 4277 quando

2059 4295 2344 4350 Dominus
2374 4297 2573 4349 noster
2601 4295 2671 4348 ad
2706 4291 3062 4364 judicandos
3113 4309 3218 4348 nos
3266 4295 3606 4360 revertatur,
3638 4297 3704 4349 ut

2058 4400 2194 4439 cum
2225 4381 2446 4438 venerit
2472 4385 2530 4438 et
2559 4381 2877 4454 pulsaverit
2907 4380 3214 4438 confestim
3239 4379 3596 4454 'aperiamus
3623 4381 3698 4438 ei.

2057 4475 2233 4542 (Hom.
2263 4472 2410 4544 xm.)
2441 4493 2470 4520 ‹‹
2501 4469 2674 4526 Venit
2700 4469 2916 4543 quippe
2941 4485 3076 4524 cum
3108 4469 3181 4525 ad
3217 4468 3514 4542 judicium
3565 4486 3699 4542 pro-

2058 4564 2242 4633 perat,
2275 4559 2474 4633 pulsat
2501 4575 2634 4614 vero
2665 4574 2796 4614 cum
2821 4559 2949 4629 jam
2979 4574 3084 4630 per
3111 4557 3476 4630 egritudinis
3497 4558 3702 4614 moles-

296 4655 558 4710 mentem
601 4651 760 4706 favor
807 4647 1122 4705 adulantis.
1153 4645 1498 4702 Adulatores
1545 4645 1701 4734 enim
1750 4645 1949 4702 blandi
1979 4670 2028 4734 D
2059 4649 2172 4706 tias
2198 4666 2328 4705 esse
2358 4651 2606 4704 mortem
2646 4645 2896 4703 vicinam
2921 4647 3190 4721 designat
3220 4663 3234 4702 :
3267 4647 3359 4702 cui
3393 4647 3700 4704 confestim

295 4744 441 4799 sunt
468 4738 715 4806 inimici,
751 4753 1000 4810 quorum
1041 4735 1261 4808 linquis
1309 4733 1646 4807 quicunque
1676 4733 1734 4789 in
1767 4736 1950 4807 operi-

293 4831 413 4888 bus
441 4827 614 4886 bonis
644 4823 1125 4899 deeipiuntur,.in
1159 4824 1409 4879 adventu
1433 4821 1654 4894 judicis
1693 4823 1846 4878 inter
1870 4824 1952 4880 fa-

291 4923 432 4975 tuos
462 4921 522 4973 et
570 4915 782 4974 stultos
831 4913 1352 4986 computabantur,
1384 4914 1443 4967 et
1469 4927 1504 4966 a
1533 4911 1649 4966 Deo
1697 4911 1946 4968 retribu-

294 5007 522 5064 tionem
553 5005 840 5061 bonorum
861 5019 1102 5076 operum
1122 5018 1239 5056 non
1261 4999 1720 5073 invenient,quia
1738 5017 1842 5072 pro
1863 5001 1949 5058 eis

298 5097 644 5168 receperunt
673 5093 746 5148 ab
777 5091 1120 5148 hominibus
1147 5087 1354 5144 laudes
1401 5105 1549 5160 quas
1587 5088 1944 5146 ambiebant.

295 5185 370 5240 Et
398 5199 534 5239 cum
585 5183 657 5238 ab
707 5179 1026 5248 adulatore,
1070 5177 1208 5252 quia
1258 5195 1373 5232 non
1403 5177 1644 5248 ajuslo,
1675 5177 1950 5234 laudatur

298 5276 571 5347 peccator
599 5271 660 5326 in
691 5269 996 5326 desideriis
1027 5267 1235 5324 animae
1265 5283 1384 5322 suae
1415 5269 1473 5322 et
1499 5264 1741 5338 iniquus
1780 5267 1944 5324 bene-

298 5361 536 5429 dicitur,
569 5359 722 5416 alius
749 5358 952 5425 alium,
976 5357 1032 5412 id
1065 5359 1155 5412 cst
1179 5371 1426 5428 peccans
1456 5353 1726 5410 adulator
1753 5373 1951 5427 pecca-

295 5453 486 5507 torem
517 5446 748 5515 occidit,
781 5451 839 5502 et
875 5447 1017 5500 dum
1066 5443 1314 5498 invicem
1363 5441 1632 5497 videlicet
1679 5444 1951 5500 adulator

297 5539 371 5594 de
401 5538 616 5605 favore,
648 5539 707 5592 et
735 5539 1004 5608 peccator
1030 5533 1092 5587 in
1123 5548 1298 5604 prava
1345 5529 1698 5602 operatione,
1729 5549 1792 5586 se
1820 5531 1946 5588 lau-

297 5627 462 5694 dant,
496 5625 746 5682 invicem
795 5641 857 5680 se
903 5622 1196 5679 occidunt.
1247 5619 1472 5689 (Moral,
1505 5616 1606 5673 lib.
1639 5636 1716 5686 ιν,
1749 5637 1798 5675 c.
1832 5623 1946 5694 27.)

302 5737 332 5768 ‹‹
363 5715 512 5772 Hinc
527 5718 617 5772 est
633 5714 790 5787 quod
809 5713 1162 5784 Redemptor
1174 5712 1371 5766 noster
1390 5707 1645 5781 puellam
1666 5707 1727 5768 in
1750 5709 1944 5779 domo,

2057 4736 2373 4812 aperimus,
2399 4736 2448 4792 si
2481 4735 2638 4792 hunc
2668 4753 2800 4791 cum
2833 4752 3030 4792 amore
3060 4734 3454 4808 suscipimus;
3477 4735 3700 4806 aperire

2055 4824 2269 4882 ctenim
2295 4823 2480 4896 judici
2505 4822 2763 4896 pulsanti
2787 4840 2902 4879 non
2922 4821 3048 4878 vult
3069 4823 3170 4895 qui
3193 4822 3347 4878 exire
3369 4823 3440 4877 de
3461 4837 3698 4893 corpore

2054 4913 2329 4986 trepidat,
2359 4917 2418 4968 et
2443 4913 2637 4968 videre
2658 4929 2793 4968 eum
2823 4929 2998 4984 quem
3037 4909 3460 4982 contempsisse
3489 4925 3550 4964 se
3577 4926 3698 4964 me-

2056 5002 2230 5058 minit
2251 5002 2513 5074 judicem
2545 5000 2822 5056 formidat
2853 5017 2866 5056 :
2902 4999 3001 5072 qui
3033 5002 3227 5054 autem
3258 4998 3330 5053 de
3359 5014 3468 5052 sua
3509 5014 3613 5070 spe
3643 5002 3699 5052 et

2055 5091 2389 5164 operatione
2420 5101 2662 5146 securus
2691 5092 2798 5155 est,
2833 5087 3090 5160 pulsanti
3139 5085 3445 5142 confestim
3490 5085 3693 5158 aperit,

2059 5179 2199 5252 quia
2229 5178 2394 5235 laetus
2415 5178 2676 5250 judicem
2710 5177 2979 5244 sustinet,
3011 5179 3072 5232 et
3099 5192 3234 5231 cum
3282 5177 3516 5246 tempus
3559 5192 3694 5246 pro-

2057 5269 2290 5342 pinquze
2339 5267 2545 5322 mortis
2592 5265 2910 5338 agnoverit,
2932 5265 3014 5344 [de
3061 5263 3246 5336 gloria
3297 5261 3698 5320 retributionis

2056 5357 2372 5414 hilarescit.
2405 5379 2432 5404 ι)
2467 5354 2612 5422 Quia
2643 5354 2823 5427 igitur
2865 5353 3178 5408 momentis
3225 5351 3349 5408 suis
3398 5351 3554 5408 hora:
3601 5351 3693 5406 fu-

2055 5445 2544 5520 giuut,ngendum
2579 5443 2746 5520 nobis
2766 5446 2941 5497 estut
2963 5442 3020 5496 in
3046 5440 3178 5496 boni
3210 5439 3404 5512 operis
3436 5439 3698 5496 mercede

2056 5519 2388 5592 teneantur.
2422 5531 2584 5588 Unde
2623 5519 2897 5587 S'alomon
2946 5531 3088 5586 dicit
3119 5547 3132 5585 :
3165 5530 3488 5602 Qodcunque
3531 5536 3700 5602 potest

2053 5642 2252 5680 manus
2277 5631 2372 5680 tua
2409 5625 2590 5694 facere
2637 5621 2905 5675 instanter
2950 5635 3192 5690 operare,
3223 5619 3354 5692 quia
3397 5635 3496 5674 nec
3542 5635 3696 5692 opus,

2055 5731 2152 5771 nec
2176 5715 2335 5779 ratio,
2367 5727 2466 5768 nec
2492 5711 2742 5775 scientia,
2773 5725 2872 5765 nec
2897 5709 3167 5782 sapientia
3203 5715 3366 5766 erunt
3411 5707 3557 5780 apud
3605 5711 3697 5764 in-
