4204 6478
292 481 412 552 885

1471 497 1572 557 nn
1617 496 2000 560 cavemus
2045 469 2302 572 vrrns,
2348 497 2518 560 ETC.

3568 469 3698 568 acc

293 621 448 678 sicut
471 620 596 693 pari
612 621 844 692 judicio
861 623 1084 678 astricti
1104 627 1378 680 tenentur
1394 630 1515 682 tam
1535 628 1640 682 viri
1665 645 1843 700 quam
1864 628 1940 684 fe-
1965 631 2020 696 Α
2048 629 2369 684 fessionum
2392 627 2666 684 laudibus
2687 627 2998 694 intramus,
3017 629 3152 702 quia
3172 630 3250 686 ibi
3267 632 3394 704 jam
3415 635 3696 706 angustia.

293 709 468 766 minas
498 709 851 768 adulterium
875 717 1294 784 perpetrantes,
1321 715 1401 768 ita
1419 715 1597 787 hujus
1623 715 1768 788 legis
1787 717 1944 788 judi-

293 799 386 854 cio
414 803 520 854 aut
547 803 710 854 reatu
749 799 968 872 pariter
998 802 1484 874 constringuntur
1518 808 1637 859 tam
1667 805 1774 859 viri
1805 823 1939 861 cum

292 887 624 959 pecoribus,
646 885 733 942 vel
762 904 896 942 cum
929 890 1228 958 masculis,
1254 908 1354 946 seu
1379 909 1512 946 cum
1534 891 1786 961 feminis,
1812 911 1944 948 con-

291 979 380 1030 tra
411 978 682 1030 naturam
707 975 1128 1048 turpitudinem
1154 995 1366 1050 operan
1379 984 1483 1047 tes,
1507 997 1684 1053 quam
1714 981 1940 1036 feminae

290 1079 428 1119 cum
461 1063 788 1136 pecoribus,
825 1064 912 1120 vel
965 1082 1100 1121 cum
1133 1066 1264 1122 aliis
1313 1067 1546 1124 feminis
1594 1086 1942 1143 quacunque

291 1144 724 1208 adinventicnis
755 1153 1190 1210 machinatione
1219 1158 1486 1213 eamdem
1512 1157 1939 1230 turpitudinem

291 1243 620 1313 operantes,
644 1241 740 1295 vel'
763 1257 897 1296 cum
941 1243 1222 1299 masculis
1252 1261 1450 1300 secum
1483 1246 1708 1318 operari
1740 1250 1944 1302 contra

293 1334 564 1384 naturam
587 1330 1278 1398 consentientes,dicente
1301 1333 1574 1404 Apostolo
1595 1351 1608 1388 :
1629 1333 1745 1388 Non
1765 1335 1942 1389 solum

292 1419 392 1490 qui
444 1419 681 1490 faciunt,
711 1419 805 1474 sed
855 1421 955 1490 qui
1007 1423 1352 1476 consentiunt
1404 1423 1751 1494 facientibus,
1786 1421 1944 1494 digni

290 1514 420 1562 sunt
447 1515 621 1562 morte
649 1507 824 1576 (Rom.
850 1525 890 1576 ι,
912 1509 1024 1576 32).
1050 1510 1119 1564 Et
1149 1509 1199 1565 si
1228 1510 1362 1582 quis
1399 1512 1544 1566 forte
1583 1511 1704 1566 hare
1744 1510 1943 1566 omnia

291 1595 664 1668 perpetravit,
699 1600 785 1652 tot
833 1598 1121 1653 mortibus
1151 1603 1209 1654 et
1247 1599 1454 1655 mortis
1497 1603 1720 1654 aeterna:
1754 1599 1940 1672 pcnnis

289 1683 544 1739 habetur
567 1684 874 1754 obnoxius,
899 1690 1042 1758 quot
1067 1687 1416 1743 criminibus
1434 1692 1522 1743 est
1542 1687 1822 1760 pollutus.
1838 1688 1942 1744 Ve-

291 1787 422 1824 rum
443 1771 720 1842 quoniam
751 1773 1153 1829 austeritatem
1175 1773 1319 1848 legis
1340 1775 1683 1848 temperavit
1713 1775 1937 1832 miscri-

287 1858 491 1914 cordia
521 1857 946 1931 Redemptoris,
971 1862 1070 1932 qui
1103 1863 1538 1919 conversionem
1570 1868 1626 1918 et
1656 1865 1938 1936 pmniten-

288 1945 433 2002 tiam
467 1946 658 2020 magis
680 1963 860 2020 quam
883 1953 1132 2004 mortem
1153 1949 1280 2006 vult
1303 1951 1643 2024 peccatoris,
1669 1955 1850 2020 tanto,
1875 1956 1941 2008 ut

287 2033 708 2107 praemisimus,
741 2053 775 2105 a
805 2052 867 2091 sc
903 2035 1082 2101 licita,
1115 2038 1366 2111 quisque
1395 2039 1566 2094 debet
1617 2039 1938 2108 abscidere,

287 2127 512 2195 quanto
541 2140 604 2179 se
634 2124 904 2181 meminit
932 2129 990 2180 et
1018 2125 1220 2180 illicita
1257 2132 1658 2199 perpetrasse:
1691 2133 1750 2184 et
1781 2131 1939 2184 tanto

288 2227 352 2266 se
381 2212 555 2267 debet
585 2211 1007 2284 reprehendere
1052 2214 1110 2269 in
1162 2214 1444 2284 minimis,
1473 2221 1692 2288 quanto
1723 2234 1785 2273 sc
1819 2234 1938 2273 me-

287 2297 466 2353 minit
494 2297 814 2370 deliquisse
844 2299 904 2354 in
937 2301 1229 2357 maximis.

360 2405 399 2438 ι
426 2385 496 2445 Et
525 2401 678 2458 saepe
697 2392 934 2443 accusat
955 2405 1120 2444 mens
1151 2389 1281 2462 ipsa
1308 2392 1463 2463 quod
1495 2397 1809 2464 perpetrat,
1837 2394 1938 2449 sed

293 2475 435 2548 quia
455 2473 566 2530 hoc
585 2489 654 2530 ex
675 2474 962 2532 desiderio
976 2477 1224 2534 minime
1243 2479 1478 2547 deserit,
1499 2482 1790 2538 erubescit
1811 2499 1941 2537 con-

288 2563 440 2624 {lteri
465 2563 620 2636 quod
645 2563 951 2620 facit.Cum
981 2581 1113 2620 vero
1145 2570 1268 2622 toto
1291 2568 1516 2638 judicio
1537 2571 1730 2626 carnis
1759 2571 1942 2626 delec-

289 2651 568 2708 tationem
603 2654 836 2725 premit,
868 2655 1075 2710 audaci
1107 2672 1242 2711 voce
1289 2656 1348 2711 in
1399 2659 1791 2714 accusationis
1819 2676 1938 2714 sua:

288 2739 657 2797 confessione
687 2758 751 2796 se
781 2742 972 2814 erigit.
993 2744 1104 2799 Sed
1128 2749 1266 2799 sunt
1288 2745 1573 2812 nonnulli,
1600 2735 1700 2818 qui
1722 2749 1939 2820 apertis

286 2829 532 2886 vocibus
561 2830 768 2902 culpas
818 2834 1090 2899 fatentur,
1115 2835 1214 2888 sed
1261 2839 1456 2888 tamen
1489 2835 1547 2890 in
1576 2835 1942 2891 confessione

286 2913 522 2990 gemere
552 2917 840 2986 nesciunt,
863 2925 920 2974 et
949 2919 1202 2992 lugenda
1225 2923 1546 3002 gaudentes
1575 2924 1800 2978 dicunt.
1825 2925 1935 2980 Sed

287 3003 388 3078 qui
420 3003 630 3078 culpas
656 3023 798 3062 suas
844 3007 1142 3065 detestans
1174 3008 1450 3081 loquitur,
1473 3014 1654 3066 restat
1701 3028 1938 3068 necesse

283 3098 382 3152 est
407 3097 474 3149 ut
502 3093 611 3150 has
639 3093 700 3149 in
730 3095 1124 3152 amaritudine
1166 3097 1373 3152 animae
1422 3097 1716 3171 loquatur,
1740 3104 1806 3155 ut
1836 3116 1940 3173 per

284 3181 412 3237 hoc
459 3183 588 3254 ipsa
631 3183 960 3240 amaritudo
1009 3185 1234 3258 puniat,
1268 3186 1553 3258 quidquid
1604 3187 1806 3260 lingua
1836 3206 1940 3262 per

285 3269 506 3328 mentis
527 3269 822 3342 judicium
853 3277 1110 3329 accusat.
1141 3276 1318 3342 (Hom.
1347 3275 1458 3342 31).
1493 3275 1561 3330 Et
1591 3275 1936 3349 plerumque

2050 734 2164 772 non
2193 715 2320 782 erit,
2353 733 2488 770 cum
2519 707 2626 772 nos
2655 716 2854 771 laetitia
2901 721 3124 772 a2ternrc
3173 719 3560 778 solemnitatis
3589 740 3686 779 as-

2049 805 2370 876 sumpserit
2401 821 2413 859 :
2449 810 2684 877 propter
2711 823 2888 876 quam
2919 805 3300 862 confessionis
3347 814 3554 864 nostra:
3585 827 3686 866 an-

2049 893 2302 965 gustiam
2337 893 2562 947 Veritas
2601 893 2742 948 dicit
2765 911 2777 949 :
2800 895 3004 949 Intrate
3028 911 3128 966 per
3157 905 3444 964 angustam
3479 907 3690 969 portam

2049 982 2250 1054 (Matth.
2284 999 2384 1048 v11,
2420 983 2535 1054 13);
2567 987 2624 1036 et
2653 998 2786 1036 cum
2820 999 2881 1038 se
2921 983 3232 1038 Psalmista
3267 984 3444 1056 recipi
3477 985 3534 1040 in
3567 985 3691 1041 alti-

2048 1069 2252 1124 tudine
2298 1069 2498 1140 gaudii
2548 1070 2744 1123 aeterni
2794 1074 3192 1144 praesumeret,
3222 1071 3454 1126 dicebat
3503 1088 3518 1128 :
3565 1072 3690 1128 Sta-

2049 1160 2208 1214 tuisti
2263 1159 2320 1212 in
2379 1159 2490 1214 loco
2541 1159 2774 1229 spatioso
2829 1159 2984 1230 pedes
3039 1174 3182 1214 meos
3223 1161 3395 1230 (Psat.
3440 1177 3570 1230 xxx,
3610 1160 3686 1232 9).

2047 1247 2256 1315 (ﬂerat.
2291 1245 2392 1300 lib.
2426 1264 2548 1310 vm,
2580 1263 2630 1300 c.
2662 1248 2750 1300 21.
2779 1268 2806 1295 ι(
2839 1247 2944 1312 Qui
2986 1247 3140 1301 enim
3193 1246 3350 1302 mala
3399 1264 3524 1320 quae
3558 1265 3690 1321 per-

2047 1334 2294 1406 petravit
2322 1335 2603 1402 insinuat,
2632 1335 2732 1389 sed
2767 1334 2901 1390 flere
2931 1351 3060 1407 quas
3091 1333 3410 1390 insinuavit
3439 1340 3688 1406 recusat;

2049 1422 2217 1495 quasi
2247 1423 2538 1478 subducta
2583 1426 2740 1478 veste
2787 1423 3000 1478 vulnus
3030 1423 3264 1496 detegit,
3299 1424 3398 1479 sed
3438 1425 3692 1498 torpenti

2049 1516 2241 1566 mente
2270 1512 2764 1566 medicamentum
2785 1511 3010 1566 vulneri
3033 1529 3145 1567 non
3173 1513 3430 1585 apponit.
3453 1512 3692 1570 Confes-

2048 1599 2232 1655 sionis
2283 1599 2462 1671 igitur
2491 1615 2688 1655 vocem
2741 1599 2903 1656 solus
2959 1615 3193 1655 necesse
3235 1605 3326 1655 est
3373 1604 3436 1656 ut
3481 1617 3699 1659 mceror

2047 1688 2322 1753 excutiat,
2364 1703 2436 1742 ne
2457 1687 2672 1754 vulnus
2721 1687 3016 1760 proditum
3055 1687 3157 1743 sed
3197 1686 3548 1762 neglectum,
3575 1706 3692 1764 quo

2049 1775 2318 1831 licentius
2341 1777 2466 1846 jam
2494 1793 2596 1847 per
2617 1775 2934 1830 humanam
2958 1775 3525 1848 notitiamlangitur,
3541 1777 3694 1833 dete-

2048 1864 2172 1920 rius
2193 1867 2508 1936 putrescat.
2525 1869 2648 1932 Quo
2674 1869 2873 1920 contra
2898 1861 3208 1919 Psalmista
3237 1863 3468 1936 plagam
3499 1863 3692 1922 cordis

2049 1969 2163 2007 non
2184 1952 2375 2007 solum
2399 1953 2710 2021 detexerat,
2730 1952 2830 2008 sed
2852 1953 3090 2008 detecta:
3107 1953 3283 2007 etiam
3308 1953 3695 2010 medicamen-

2048 2045 2175 2095 tum
2221 2040 2436 2096 mentis
2466 2041 2799 2106 adhibebat,
2839 2039 3039 2095 dicens
3073 2058 3086 2095 :
3121 2041 3470 2112 Iniquitatem
3515 2058 3708 2097 mam-

2047 2146 2144 2198 ego
2196 2131 2510 2200 pronuntio,
2562 2137 2615 2184 et
2657 2129 2898 2199 cogitabo
2952 2145 3050 2200 pro
3102 2137 3316 2199 peccato
3368 2145 3486 2184 meo
3517 2129 3688 2200 (Pent.

2047 2217 2400 2286 xxxvu,10).
2447 2217 2881 2272 Pronuntiando
2930 2216 3086 2271 enim
3136 2216 3431 2271 occultum
3478 2215 3692 2272 vulnus

2049 2306 2286 2378 detegit,
2309 2305 2616 2376 cogitando
2643 2309 2838 2359 autem
2871 2304 3011 2375 quid
3045 2303 3212 2358 aliud
3235 2319 3412 2375 quam
3444 2304 3694 2359 medica-

2049 2397 2311 2448 mentum
2342 2392 2562 2448 vulneri
2595 2391 2874 2464 apponit?
2895 2391 3006 2446 Sed
3041 2390 3267 2446 afflicta:
3299 2391 3480 2446 menti
3503 2395 3562 2446 et
3585 2407 3695 2447 sua

2048 2481 2296 2536 sollicite
2328 2482 2544 2535 damna
2573 2479 2850 2552 cogitanti
2883 2478 3006 2534 rixa
3035 2495 3142 2551 pro
3167 2479 3484 2550 semetipsa
3509 2479 3698 2540 oritur,

2047 2573 2250 2625 contra
2279 2567 2676 2640 semetipsum.
2701 2569 2847 2623 Nam
2875 2583 3010 2624 cum
3042 2585 3104 2624 se
3129 2568 3203 2622 ad
3231 2567 3490 2624 lamenta
3519 2566 3698 2640 pinni-

2047 2659 2240 2714 tentiis
2272 2656 2532 2729 instigat,
2563 2657 2792 2711 occulta
2839 2672 2900 2711 se
2949 2655 3343 2727 increpatione
3371 2654 3636 2711 dilaniat.
3663 2677 3692 2704 »

2046 2747 2150 2802 Cui
2173 2763 2208 2801 a
2231 2746 2472 2801 Domino
2495 2745 2710 2800 dicitur
2733 2761 2746 2800 :
2776 2745 3146 2800 Rentittuutur
3171 2746 3228 2798 ei
3248 2751 3469 2815 peccata
3497 2744 3691 2809 multa,

2047 2838 2305 2907 quoniam
2359 2835 2556 2890 dilexit
2611 2835 2850 2888 multum
2905 2835 3056 2901 (Luc.
3088 2848 3187 2898 vn,
3231 2833 3340 2904 47).
3372 2833 3546 2900 (Hom.
3575 2833 3710 2900 33.)!

2047 2947 2074 2973 «
2097 2926 2176 2979 Ac
2207 2923 2254 2978 si
2282 2928 2476 2995 aperte
2499 2922 2790 2976 diceretur
2814 2939 2828 2977 :
2856 2921 3118 2977 Incendit
3145 2920 3313 2994 plane
3342 2919 3692 2992 peccatiruo

2046 3011 2303 3084 biginem
2335 3010 2434 3082 qui
2466 3010 2633 3064 ardet
2658 3008 2844 3064 valide
2877 3026 2982 3080 per
3009 3009 3230 3064 amoris
3257 3009 3474 3080 ignem.
3505 3010 3710 3065 Tanto:

2045 3115 2302 3170 namque
2331 3097 2586 3169 amplius
2617 3096 2837 3168 peccati
2869 3095 3074 3169 rubigo
3103 3095 3690 3168 consumitur,quan-

2044 3193 2104 3243 to
2137 3187 2454 3260 peccatoris
2485 3202 2585 3240 cor
2613 3201 2838 3258 magnae
2870 3185 3172 3242 charitatis
3210 3185 3346 3257 igne
3375 3189 3686 3248 crematur.

2045 3276 2494 3332 Ccnsirleremus
2525 3273 2702 3345 igitur
2743 3274 2990 3346 gratiam
3041 3272 3434 3330 misericordis
3479 3271 3602 3340 Dei,
3634 3276 3692 3328 et

281 3357 558 3416 videmus
589 3349 716 3432 quis
747 3362 972 3432 agenda
1001 3367 1158 3430 sunt,
1189 3363 1289 3418 sed
1322 3363 1443 3418 haec
1475 3381 1646 3436 opere
1678 3382 1792 3420 non
1824 3366 1934 3421 im-
1965 3355 2008 3420 C
2045 3365 2395 3419 damnemus
2417 3361 2853 3417 multitudinem
2881 3366 3078 3418 reatus
3101 3359 3306 3416 nostri.
3331 3361 3476 3418 Ecce
3495 3376 3694 3433 pecca-

283 3446 526 3520 plemus
556 3465 569 3504 :
605 3449 850 3504 nitimur
877 3455 936 3506 et
965 3449 1372 3508 infirmamur:
1407 3453 1622 3510 mentis
1643 3454 1938 3525 judicium

284 3537 699 3592 rectitudinem
723 3539 1031 3612 conspicit,
1053 3541 1154 3596 sed
1177 3541 1250 3596 ad
1277 3541 1427 3596 hanc
1449 3543 1640 3614 operis
1663 3533 1938 3599 fortitudo

283 3627 625 3685 succumbit
656 3644 670 3682 :
699 3628 840 3699 quia
886 3628 1167 3684 nimirum
1205 3630 1332 3700 jam
1382 3631 1453 3686 de
1499 3646 1668 3703 pcepa
1717 3631 1937 3704 peccati

281 3718 398 3781 est,
419 3718 497 3769 ut
513 3731 582 3770 ex
601 3716 777 3771 domo
801 3715 1039 3788 quidem
1071 3717 1256 3790 possit
1287 3718 1506 3774 bonum
1529 3719 1808 3792 conspici,
1834 3721 1934 3776 sed

279 3808 482 3859 tamen
514 3802 587 3859 ab
611 3819 681 3860 eo
703 3805 857 3876 quod
891 3796 1180 3877 aspicitur
1207 3807 1505 3880 contingat
1535 3825 1639 3880 per
1660 3809 1935 3864 meritum

281 3890 506 3965 repelli.
531 3891 754 3948 Usitata
773 3893 988 3949 etenim
1013 3894 1184 3966 culpa
1205 3894 1424 3967 obligat
1455 3901 1730 3965 mentem,
1757 3902 1822 3952 ut
1844 3914 1938 3953 ne-

279 3995 585 4052 quaquam
617 3975 857 4053 surgere
889 3981 1075 4054 possit
1105 3983 1176 4037 ad
1222 3983 1627 4040 rectitudine‘m
1655 4001 1668 4040 :
1693 3990 1938 4040 conatur

277 4071 348 4123 et
368 4067 610 4138 labitur,
637 4069 776 4141 quia
807 4069 904 4125 ubi
937 4074 1145 4142 sponte
1173 4071 1274 4127 diu
1307 4071 1582 4143 perstitit,
1600 4071 1679 4128 ibi
1713 4077 1771 4128 et
1799 4089 1934 4129 cum

279 4155 538 4212 noluerit
565 4163 766 4214 coacta
793 4158 1014 4214 cadit.»
1037 4158 1246 4231 (Norat.
1281 4159 1383 4216 lib.
1410 4177 1530 4228 VIII,
1555 4177 1604 4216 c.
1626 4162 1741 4234 20.)
1764 4185 1792 4212 ‹‹
1822 4162 1934 4218 Sed

268 4245 478 4316 justus
509 4245 594 4300 ori
619 4263 727 4301 suo
751 4263 864 4302 non
889 4247 1096 4320 parcit,
1115 4247 1255 4320 quia
1276 4247 1422 4304 iram
1447 4249 1666 4320 judicis
1685 4249 1936 4308 districti

279 4333 664 4406 praeveniens,
695 4335 889 4392 verbis
921 4341 1128 4393 contra
1171 4355 1234 4393 se
1277 4338 1520 4411 pr0priae
1551 4339 1936 4399 confessionis

278 4421 466 4478 saevit.
486 4422 633 4479 Hinc
672 4423 985 4480 Psalmista
1016 4425 1099 4482 ait
1123 4441 1135 4480 :
1159 4427 1570 4486 Praeconium”
1593 4429 1792 4498 facim
1819 4429 1937 4500 ejus

277 4511 712 4584 incon/imicus
739 4513 911 4591 (Beat.
943 4529 1092 4582 χειν,
1115 4515 1192 4587 2).
1222 4515 1366 4572 Hinc
1415 4531 1518 4587 per
1563 4515 1934 4573 Salcmcncm

276 4597 500 4660 dicitur
531 4617 546 4654 :
583 4601 692 4670 Qui
745 4601 1022 4660 abscondit
1071 4605 1276 4660 scelera
1330 4620 1431 4658 sua
1475 4620 1590 4660 non
1631 4604 1932 4674 dirigetur,-

2048 3458 2203 3508 tores
2231 3451 2387 3506 videt
2416 3456 2474 3506 et
2503 3451 2776 3516 sustinet,
2806 3450 3141 3506 resistentes
3170 3449 3378 3505 tolerat
3407 3453 3464 3504 et
3491 3454 3690 3506 tamen

2047 3541 2308 3612 quotidie
2339 3557 2442 3612 per
2469 3537 2847 3611 Evangelium
2878 3537 3203 3598 clementur
3229 3541 3396 3594 vocat
3426 3555 3440 3593 :
3473 3538 3694 3598 confes-

2046 3621 2269 3686 sionem
2301 3633 2558 3684 ncstram
2591 3645 2660 3683 ex
2687 3643 2833 3700 puro
2857 3627 3028 3682 corde
3061 3626 3376 3694 desiderat,
3403 3629 3696 3684 etcuncta

2046 3735 2176 3791 quae
2195 3716 2550 3793 deliquimus
2575 3715 2937 3782 relaxat.Qui
2965 3731 3100 3788 ergo
3131 3729 3473 3787 permanens
3505 3713 3692 3773 noluit

2047 3807 2262 3872 redeat,
2297 3805 2398 3878 qui
2437 3811 2592 3861 stare
2620 3805 2974 3875 contempsit
3021 3803 3230 3858 saltem
3278 3804 3411 3874 post
3453 3799 3688 3874 lapsum

2043 3899 2248 3966 surgat
2275 3893 2478 3965 (ibid.).
2511 3895 2737 3958 Quanto
2786 3909 2892 3948 nos
2931 3908 3126 3946 amore
3183 3889 3448 3945 conditor
3493 3892 3692 3946 noster

2044 3986 2338 4054 exspectet
2362 3981 2640 4046 insinuat,
2675 3997 2810 4035 cum
2860 3997 2963 4052 per
2993 3978 3342 4051 Prcphetam
3371 3975 3518 4033 dixit
3549 3993 3564 4034 :
3595 3977 3688 4035 Αι-

2043 4070 2195 4125 tendi
2220 4077 2272 4125 et
2315 4069 2646 4134 auscultavi,
2665 4083 2822 4124 nemo
2861 4067 3008 4140 quad
3055 4067 3254 4124 bonum
3297 4073 3379 4122 est
3424 4065 3686 4138 loquitur,

2043 4175 2152 4217 non
2175 4166 2256 4214 est
2284 4160 2382 4230 qui
2425 4159 2678 4225 recogitet
2706 4158 2766 4212 in
2793 4157 2948 4212 corde
2991 4171 3087 4212 suo
3113 4163 3165 4211 et
3192 4154 3339 4211 dicat
3361 4153 3496 4226 quid
3538 4155 3702 4226 foci?

2043 4249 2286 4320 (1.42er
2296 4249 2390 4319 ,6.)
2404 4247 2567 4304 Certe
2583 4262 2890 4318 nunquam
2905 4245 3158 4318 cogitare
3173 4243 3331 4302 mala
3343 4243 3685 4310 domm;

2045 4337 2144 4394 sed
2179 4335 2322 4408 quia
2347 4333 2600 4407 cogitare
2620 4339 2778 4390 recta
2806 4333 3124 4400 noluimus,
3151 4348 3284 4390 eccs
3303 4332 3498 4394 adhuc
3517 4333 3692 4397 susti-

2045 4429 2144 4484 net
2164 4429 2228 4480 ut
2249 4423 2728 4495 recogitemus,et
2751 4423 2852 4494 qui
2882 4427 3190 4494 peccantes
3222 4437 3329 4478 nos
3351 4419 3451 4485 diu
3473 4426 3692 4488 utconl-

2042 4517 2339 4570 vertamur
2367 4515 2686 4584 exspectat,
2705 4527 2821 4570 non
2850 4525 3159 4572 conversos
3189 4509 3396 4572 durius
3423 4510 3690 4574 damnat.

2042 4601 2361 4658 Videamus
2389 4599 2568 4671 igitur
2597 4603 2768 4656 tantae
2796 4599 3030 4672 pictatis
3055 4599 3315 4672 signum,
3338 4602 3397 4656 et
3422 4599 3692 4657 severita-

276 4688 379 4758 qui
405 4695 589 4746 autem
614 4690 890 4774 cpnfessus
917 4692 1088 4762 fuerit
1113 4699 1164 4747 et
1203 4693 1489 4764 reliquerit
1517 4709 1598 4758 ea,
1631 4695 1936 4750 misericor-
1965 4719 2012 4784 Β
2045 4689 2122 4746 tis
2145 4689 2439 4761 judicium
2465 4705 2478 4743 :
2511 4689 2952 4746 consideremus
2981 4674 3248 4762 apertum
3277 4686 3450 4748 nobis
3467 4687 3692 4784 miseri-

274 4775 432 4836 diam
489 4785 843 4850 consequetur
885 4778 1066 4852 (Prov.
1109 4797 1305 4848 xxvux,
1355 4780 1462 4852 13).
1496 4780 1640 4837 Hinc
1696 4799 1934 4838 rursum

199 4919 212 4932 ,
277 4864 569 4937 scriptum
617 4871 707 4922 est
735 4883 749 4922 :
781 4867 964 4926 Justus
995 4869 1054 4923 in
1091 4870 1371 4940 principio
1399 4877 1677 4926 accusator
1723 4879 1804 4927 est
1847 4875 1937 4929 sui

275 4951 464 5022 (Prov.
497 4971 656 5024 xvul,
693 4956 802 5034 17).
837 4955 948 5012 Sed
990 4973 1363 5030 nequaquam
1403 4959 1475 5014 ad
1507 4959 1933 5016 confessionem

277 5058 346 5097 os
378 5043 680 5114 panditur,
704 5044 819 5102 nisi
849 5061 984 5101 cum
1015 5045 1476 5102 consideratione
1508 5047 1754 5104 districti
1778 5049 1936 5120 judi-

278 5129 357 5186 cii
386 5147 492 5203 per
543 5148 816 5204 pavorem
865 5150 968 5206 spe
1015 5138 1367 5206 angustatur
1413 5139 1556 5208 (cap.
1589 5137 1701 5205 21).
1735 5137 1930 5192 Scien-

280 5219 426 5280 dum
459 5237 703 5293 quoque_
723 5225 830 5292 est,
856 5221 996 5294 quia
1020 5240 1170 5296 smpe
1201 5227 1257 5278 et
1286 5223 1516 5297 reprobi
1537 5229 1775 5297 peccata
1805 5242 1935 5284 con-

279 5307 547 5377 ﬁtentur,
570 5309 672 5367 sed
703 5310 913 5368 deﬂere
943 5315 1348 5368 contemnunt.
1379 5312 1560 5368 Electi
1589 5316 1782 5368 autem
1813 5314 1934 5370 cul-

279 5412 390 5468 pas
420 5413 560 5456 suas
587 5414 736 5470 quas
755 5399 996 5456 vocibus
1017 5399 1401 5458 confessionis
1421 5401 1710 5472 aperiunt,
1735 5402 1932 5459 distri-

279 5487 387 5542 ctis
439 5484 966 5546 animadversionis
1009 5489 1246 5546 ﬂetibus
1297 5488 1707 5560 insequuntur.
1734 5513 1762 5539 »
1786 5491 1927 5549 Cum

2043 4779 2252 4837 cordia:
2284 4778 2574 4851 gremium
2606 4793 2620 4832 :
2655 4794 2802 4849 quos
2850 4776 3003 4836 male
3041 4777 3362 4851 cogitantes
3410 4775 3686 4848 perdidit,

2042 4869 2189 4924 bene
2210 4867 2594 4940 recogitantes
2616 4867 2842 4939 quaerit,
2857 4883 3101 4939 quisque
3123 4881 3230 4922 nos
3257 4865 3315 4919 in
3345 4863 3688 4921 adolescen-

2041 4957 2142 5024 tia,
2167 4971 2411 5028 quaaque
2433 4955 2493 5010 in
2515 4956 2821 5026 juventute
2842 4954 3156 5026 deliquisse
3188 4951 3566 5012 meminimus
3586 4951 3684 5006 de-

2043 5045 2309 5111 ﬂeamus,
2335 5060 2564 5099 morum
2595 5059 2952 5115 operumque
2979 5041 3240 5098 maculas
3268 5039 3542 5112 lacrymis
3570 5042 3686 5094 ter-

2041 5149 2270 5206 gamus,
2305 5150 2572 5188 amemus
2605 5133 2732 5203 jam
2765 5130 3168 5204 Redemptoris
3207 5129 3389 5186 nostri
3420 5127 3684 5201 vestigia,

2041 5239 2170 5294 quae
2218 5221 2509 5293 peccando
2558 5219 3042 5291 contempsimus.
3077 5220 3242 5286 Ecce,
3294 5221 3360 5272 ut
3408 5215 3691 5284 diximus,

2043 5312 2115 5367 ad
2147 5310 2508 5382 recipiendos
2539 5325 2646 5364 nos
2684 5324 2949 5380 superna:
2998 5307 3232 5380 pietatis
3283 5305 3450 5362 sinus
3497 5304 3683 5378 aperi-

2041 5406 2158 5468 tur,
2192 5417 2298 5454 nec
2327 5395 2626 5454 maculosa
2663 5397 2722 5452 in
2763 5397 2932 5452 nobis
2961 5397 3079 5454 vita
3107 5394 3504 5452 contemnitur
3536 5409 3550 5450 :
3584 5411 3687 5467 per

2041 5489 2150 5548 hoc
2180 5489 2335 5561 quod
2368 5484 2829 5558 inquinationem
2871 5490 3131 5542 nostram
3162 5482 3682 5558 perhorrescimus,

277 5575 522 5644 peccata
561 5577 772 5634 nostra.
801 5592 904 5648 per
951 5576 1240 5650 lacrymas
1270 5578 1636 5644 confitemur,
1669 5584 1930 5652 angusta:
2038 5579 2282 5636 internae
2321 5577 2448 5649 jam
2499 5573 2800 5630 munditiae
2829 5575 3253 5631 ccncordamus
3286 5590 3298 5628 :
3334 5576 3684 5630 revertentes

275 5657 384 5716 vita
414 5665 615 5736 partas
645 5661 1043 5737 ingredimur;
1077 5666 1180 5722 scd
1213 5681 1347 5722 cum
1379 5669 1510 5738 post
1538 5664 1659 5721 haec
1681 5667 1750 5722 ad
1773 5671 1932 5726 ister-

279 5761 424 5810 nam
450 5747 636 5816 vitam
663 5753 1062 5828 perducimur,
1088 5757 1266 5829 porte
1288 5757 1500 5814 nostrae
1531 5754 1680 5814 atria
1705 5755 1766 5813 in
1791 5774 1930 5830 con-

2038 5687 2148 5728 ncs
2197 5666 2478 5725 Dominus
2509 5663 2824 5720 clementer
2871 5663 3263 5736 amplectitur,
3297 5661 3438 5735 quia
3477 5677 3682 5735 pecca-

2035 5765 2232 5819 torum
2263 5757 2382 5816 vita
2429 5755 2481 5814 ei
2530 5769 2659 5812 esse
2689 5751 2934 5832 indigna
2971 5755 3100 5829 jam
3147 5766 3266 5812 non
3315 5753 3509 5828 potest
3553 5767 3682 5830 quo
