4204 6474
593 419 710 482 867

1363 423 1749 486 HINCMARI
1795 425 2038 488 RHEM.
2085 427 2446 490 ARCHIEP.
2493 431 2903 495 OPUSCULA
2946 435 3206 496 VARIA.

591 549 828 606 ﬂetibus
876 550 1121 607 lavatur.
1160 575 1188 602 ››
1218 553 1329 609 Sed
1378 555 1803 626 providendum
1852 562 1941 613 est
1989 557 2082 614 his
2132 560 2232 630 qui
2261 563 2308 630 Α
2342 563 2579 634 prodest
2609 565 2658 620 si
2691 571 2927 636 peccata
2974 566 3106 640 quis
3153 567 3396 624 luxuriae
3443 571 3675 638 deﬂeat,
3695 576 3752 626 et
3784 575 3951 630 tamen

587 643 826 709 peccata
881 656 1123 696 suorum
1181 658 1424 712 operum
1471 642 1802 714 deplorant,
1849 650 1914 701 ut
1957 663 2231 702 consum-

590 731 746 782 mata
775 728 931 783 mala
973 730 1226 800 perfecta
1256 729 1484 786 diluant
1528 731 1804 803 lamenta,
1839 751 1908 789 ne
1958 734 2092 807 plus
2137 754 2228 792 as-

588 815 920 890 tringantur
970 818 1028 873 in
1077 817 1272 874 debito
1333 821 1642 892 perpetrati
1693 823 1904 894 operis,
1929 829 1986 880 et
2035 824 2230 881 minus

583 905 814 962 solvant
839 907 894 961 in
929 906 1164 962 fletibus
1187 907 1663 965 satisfactionis.«
1689 911 1980 984 Scriptum
2013 915 2230 986 quippe

583 1000 675 1051 est
708 1013 721 1051 :
755 1001 952 1052 Potum
1005 995 1153 1052 dedit
1203 997 1361 1053 nobis
1419 999 1480 1052 in
1538 1000 1798 1072 lacrymis
1855 1004 1916 1056 in
1969 1019 2230 1059 mensura

583 1085 755 1152 (Psal.
793 1102 974 1152 Lxx1x,
1007 1084 1083 1156 6),
1117 1088 1181 1140 ut
1230 1084 1494 1141 videlicet
1544 1087 2011 1161 uniuscujusque
2063 1107 2229 1148 mens

584 1185 813 1241 tantum
843 1181 1174 1255 paenitendo
1203 1183 1672 1256 compunctionis
1702 1201 1822 1240 suae
1852 1186 2014 1242 bibat
2043 1187 2227 1262 lacry-

584 1287 734 1342 mas,
758 1275 1044 1344 quantum
1075 1288 1138 1328 se
1167 1271 1312 1327 adeo
1342 1271 1608 1328 meminit
1637 1273 1863 1329 aruisse
1892 1290 1995 1346 per
2022 1275 2227 1348 culpas

582 1360 794 1430 (Horat.
827 1360 927 1416 lib.
960 1378 1037 1430 iv,
1071 1377 1120 1416 c.
1157 1363 1245 1431 17)
1278 1377 1292 1416 :
1325 1359 1465 1434 quia
1507 1361 1734 1417 nullum
1778 1367 2084 1434 peccatum
2115 1365 2225 1428 Do-

584 1449 783 1506 minus
815 1449 1066 1505 inultum
1117 1448 1334 1505 relaxat
1363 1466 1377 1505 :
1411 1454 1513 1505 aut
1541 1451 1697 1506 enim
1731 1468 1838 1506 nos
1884 1451 1993 1507 hoc
2035 1453 2226 1508 flendo

584 1539 976 1612 insequimur,
996 1543 1100 1595 aut
1117 1537 1597 1610 ipsejudicando.
1626 1539 1823 1595 Restat
1843 1540 2041 1613 igitur,
2067 1545 2132 1596 ut
2151 1542 2222 1597 ad

581 1627 1048 1684 emendationem
1065 1643 1236 1682 suam
1251 1643 1482 1699 semper
1499 1626 1928 1686 menssolerter
1941 1629 2223 1702 invigilet,

579 1721 634 1772 et
664 1715 723 1771 in
746 1733 862 1788 quo
892 1715 1000 1770 sibi
1027 1715 1275 1788 quisque
1298 1715 1756 1772 misericorditer
1776 1718 2075 1776 subveniri
2095 1735 2230 1776 con-

579 1806 816 1872 siderat,
846 1805 954 1860 hoc
986 1821 1221 1860 necesse
1250 1809 1340 1859 est
1371 1809 1434 1859 ut
1461 1807 1748 1862 confitens
1777 1811 1963 1880 tergat
1993 1808 2130 1880 (cap.
2157 1809 2224 1864 M

577 1898 635 1949 et
660 1893 772 1998 16).
802 1894 872 1949 Et
900 1891 1178 1998 quoniam
1209 1891 1402 1998 fidelis
1451 1893 1702 1993 quisque
1748 1893 2130 1998 cogitatipnes
2161 1896 2220 1952 in
2251 1933 2300 1998 Β

567 1979 793 2054 judicio
823 1981 1046 2054 exquiri
1077 1979 1372 2037 subtiliter
1419 1998 1533 2036 non
1583 1981 1831 2054 ignorat,
1865 1983 2042 2042 Paulo
2073 1989 2219 2040 atte-

575 2076 788 2138 stante,
811 2069 912 2144 qui
945 2069 1026 2125 ait
1055 2086 1069 2124 :
1103 2070 1252 2125 Inter
1283 2086 1342 2125 se
1379 2071 1614 2124 invicem
1641 2071 2034 2139 cogitationum
2061 2089 2219 2128 accu-

573 2162 838 2227 santium,
869 2167 966 2215 aut
1004 2160 1173 2214 etiam
1208 2158 1610 2229 defendentium
1635 2160 1978 2230 semetipsum
2024 2163 2222 2219 intror-

572 2267 693 2304 sum
739 2248 1036 2303 discutiens
1078 2247 1252 2316 (Rom.
1286 2263 1348 2312 ιι,
1392 2248 1500 2314 15),
1535 2251 1669 2302 ante
1707 2247 2000 2318 judicium
2048 2250 2218 2307 vehe-

573 2352 800 2403 menter
827 2345 1138 2408 examinet,
1171 2348 1236 2399 ut
1263 2343 1566 2399 districtus
1589 2345 1771 2416 judex
1800 2363 1866 2400 eo
1897 2347 2022 2418 jam
2055 2352 2218 2404 tran-

571 2435 814 2508 quillius
842 2432 1053 2502 veniat,
1087 2449 1200 2504 quo
1233 2436 1459 2487 reatum
1499 2449 1696 2499 suum,
1721 2451 1895 2505 quem
1927 2435 2218 2492 discutere

572 2522 816 2596 appetit,
838 2523 965 2594 jam
997 2538 1100 2592 pro
1129 2520 1302 2593 culpa
1342 2521 1616 2592 punitum
1647 2521 1830 2578 cernit
1850 2527 1992 2596 (cap.
2029 2525 2137 2592 16),
2159 2531 2218 2582 et

570 2611 925 2686 ignoscendo
937 2611 1065 2682 jam
1087 2609 1146 2665 in
1168 2627 1275 2665 suo
1289 2608 1514 2680 judicio
1537 2610 1826 2683 impunita
1840 2611 2212 2685 derelinquit,

568 2718 697 2774 quas
724 2699 1228 2756 animadversione
1258 2703 1579 2769 spontanee
1609 2699 1815 2771 punita
1841 2699 2016 2768 videt,
2040 2701 2216 2759 Paulo

565 2793 896 2854 attestante,
931 2787 1032 2858 qui
1083 2787 1210 2842 ait:
1261 2786 1325 2844 Si
1372 2789 1724 2858 nosmetipsos
1765 2788 2215 2860 dijudicaremus,

562 2893 676 2932 non
702 2878 892 2947 utique
927 2892 961 2930 a
1003 2875 1232 2931 Domino
1269 2874 1651 2946 judicare-mur
1681 2875 1752 2947 (ll
1781 2877 1902 2932 Cor.
1935 2893 2012 2944 xu,
2045 2878 2157 2946 31).
2183 2900 2213 2928 »ι

563 2965 750 3022 Tanto
782 2965 964 3036 igitur
982 2963 1228 3019 arctiore
1257 2980 1435 3019 manu
1467 2963 1816 3035 pmnitentiie
1848 2980 2016 3020 mens
2038 2982 2072 3020 a
2096 2965 2215 3038 pol-

563 3053 782 3110 lutione
811 3053 1092 3126 tergenda
1119 3056 1227 3118 est,
1249 3056 1470 3124 quanto
1502 3068 1565 3107 se
1593 3052 1879 3124 conspicit
1915 3052 2212 3110 sordidius

563 3142 950 3215 inquinatam.
972 3141 1168 3212 Neque
1185 3139 1339 3196 enim
1359 3157 1460 3212 per
1475 3140 1700 3196 fructus
1717 3157 1846 3196 esse
1867 3141 2000 3197 boni
2018 3141 2212 3214 operis

563 3232 736 3287 debet
762 3231 891 3302 ejus
912 3229 1012 3301 qui
1044 3227 1262 3296 minus,
1285 3233 1343 3284 et
1371 3229 1499 3299 ejus
1524 3229 1624 3300 qui
1655 3228 1910 3300 amplius
1936 3228 2206 3302 deliquit,

2341 651 2532 708 adhuc
2562 653 2814 708 avaritiae
2835 655 3076 712 testibus
3101 655 3369 714 anhelet?
3387 663 3489 714 aut
3511 659 3656 731 quid
3679 660 3898 732 prodest
3911 662 3951 717 si

2339 739 2438 795 ira:
2467 742 2670 814 culpas
2691 743 2817 814 jam
2849 744 3068 817 lugeat,
3087 750 3146 800 et
3173 751 3370 802 tamen
3415 747 3608 802 adhuc
3639 747 3855 804 invidie
3883 751 3950 805 fa-

2339 829 2507 884 cibus
2538 831 2832 886 tabescat?
2857 855 2884 880 »
2908 835 3030 898 Quo
3051 837 3254 889 contra
3273 833 3558 889 Dominus
3579 835 3723 890 dicit
3745 853 3758 890 :
3779 835 3953 909 Siquis

2337 918 2454 972 vult
2481 927 2603 990 post
2629 935 2714 974 me
2760 922 2944 976 venire
2988 923 3213 992 abneget
3255 925 3604 994 semetipsum
3635 923 3828 996 (Matth.
3857 943 3950 992 m,

2334 1007 2446 1078 24).
2469 1007 2626 1062 Idem
2655 1010 2942 1080 superbus
2973 1009 3236 1078 humilis,
3261 1011 3600 1068 luxuriosus
3622 1017 3833 1082 castus,
3850 1030 3954 1070 ava-

2337 1111 2440 1149 rus
2477 1095 2888 1153 misericordia:
2937 1099 3212 1171 operibus
3255 1100 3512 1169 deditus,
3549 1101 3782 1159 invidus
3815 1102 3950 1158 beni-

2334 1198 2509 1256 gnus,
2527 1183 2844 1242 iracundus
2873 1187 3102 1259 patiens
3122 1187 3244 1254 ﬂat,
3265 1192 3322 1243 et
3351 1186 3521 1244 tollat
3551 1203 3782 1246 crucem
3807 1206 3949 1246 suam

2335 1275 2394 1326 et
2421 1277 2703 1348 sequatur
2733 1273 3055 1330 Christum.
3081 1275 3239 1332 Idem
3269 1275 3517 1348 castiget
3545 1293 3760 1350 corpus
3800 1294 3947 1336 suum

2333 1376 2438 1432 per
2465 1361 2906 1430 continentiam,
2929 1367 2990 1418 et
3016 1363 3406 1436 compatiatur
3425 1364 3711 1435 proximis
3731 1382 3826 1438 per
3841 1366 3948 1422 cha-

2334 1447 2853 1522 ritatem,vigilans
2900 1451 2959 1506 in
3010 1451 3105 1507 his
3132 1451 3447 1509 virtutibus
3499 1458 3708 1510 contra
3732 1453 3856 1510 vitia
3880 1455 3945 1509 vi-

2332 1537 2484 1606 cina,
2507 1537 2764 1600 vidilicet
2793 1539 2851 1594 in
2875 1539 3230 1596 abstinentia
3251 1545 3455 1597 contra
3474 1558 3687 1598 vanam
3708 1541 3942 1616 gloriam,

2332 1631 2390 1682 et
2417 1625 2478 1681 in
2522 1627 2705 1698 animi
2734 1629 3140 1700 compassione
3169 1634 3374 1686 contra
3420 1629 3701 1703 pietatem
3747 1630 3942 1698 falsam,

2333 1714 2474 1788 quia
2500 1716 2830 1788 compassio
2864 1717 3112 1783 homini,
3134 1723 3194 1774 et
3218 1719 3504 1774 rectitudo
3524 1719 3686 1776 vitiis
3713 1721 3942 1788 debetur,

2329 1809 2393 1860 et.
2415 1804 2478 1860 in
2507 1822 2630 1872 uno
2672 1806 2992 1878 eodemque
3039 1806 3276 1862 homine
3302 1811 3362 1863 et
3391 1805 3712 1880 diligamus
3757 1809 3942 1864 bonum

2331 1894 2484 1965 quod
2520 1895 2740 1957 factum
2770 1899 2880 1963 est,
2909 1899 2970 1951 et
3006 1911 3428 1969 persequamur
3479 1895 3641 1953 mala
3668 1913 3790 1970 qua:
3816 1896 3941 1952 fecit.

2332 1981 2492 2038 Unde
2521 1981 2734 2050 iterum
2773 1983 3062 2040 Dominus
3088 1984 3268 2041 dicit:
3292 1984 3398 2054 Qui
3425 2001 3540 2042 non
3568 1985 3684 2042 odit
3703 1987 3944 2058 proximos

2326 2087 2470 2138 suos,
2491 2071 2670 2132 adhuc
2696 2079 2878 2128 autem
2903 2079 2955 2128 et
2980 2074 3228 2128 animam
3266 2089 3450 2140 sm,
3466 2089 3583 2132 mn
3625 2081 3790 2147 potest
3819 2089 3942 2130 meus

2328 2175 2442 2215 esse
2459 2159 2760 2234 discipulus
2779 2160 2928 2233 (Luc.
2946 2178 3061 2229 xw,
3077 2159 3191 2233 26).
3211 2161 3385 2229 (Hom.
3397 2161 3513 2230 37).
3528 2185 3562 2214 α
3579 2163 3743 2220 Tune
3757 2161 3942 2218 etenim

2329 2247 2474 2302 bene
2504 2247 2763 2303 animam
2808 2253 3071 2304 nostram
3105 2247 3360 2315 odimus,
3383 2265 3524 2306 cum
3564 2251 3694 2322 ejus
3730 2248 3941 2308 carni-

2327 2335 2438 2391 bus
2468 2335 2774 2391 desideriis
2807 2353 2921 2391 non
2954 2337 3405 2408 acquiescimus,
3432 2354 3574 2394 cum
3604 2339 3732 2410 ejus
3757 2336 3943 2410 appeti-

2326 2429 2452 2479 tum
2483 2424 2832 2496 frangimus,
2854 2442 2989 2480 cum
3015 2427 3146 2497 ejus
3163 2425 3569 2499 voluptatibus
3600 2427 3936 2483 reluctamur.

2326 2515 2460 2579 Quae
2489 2530 2625 2586 ergo
2653 2518 2990 2586 contempta
3019 2515 3090 2570 ad
3138 2515 3352 2571 melius
3399 2515 3656 2584 ducitur,
3679 2515 3834 2589 quasi
3858 2530 3942 2588 per

2325 2601 2524 2657 odium
2556 2605 2806 2658 amatur.
2831 2601 2926 2658 Sic
2951 2602 3126 2658 etiam
3150 2603 3421 2660 exhibere
3441 2604 3728 2676 proximis
3757 2601 3940 2660 nostris

2323 2689 2442 2746 odii
2471 2690 2884 2747 discretionem
2917 2691 3222 2760 debemus,
3255 2697 3320 2747 ut
3361 2690 3421 2747 in
3451 2692 3540 2748 eis
3569 2698 3630 2749 ot
3655 2692 3940 2764 diligamus

2324 2780 2478 2851 quod
2500 2783 2661 2845 sunt,
2685 2784 2744 2834 et
2763 2779 3084 2836 habeamus
3105 2779 3236 2835 odio
3258 2780 3414 2852 quod
3446 2780 3507 2836 in
3531 2781 3633 2837 Dei
3662 2781 3851 2837 itinere
3866 2776 3938 2835 vel

2323 2868 2435 2924 sibi
2455 2867 2545 2924 vel
2567 2868 2736 2924 nobis
2757 2868 3114 2935 obsistunt,»
3132 2868 3333 2942 repleti
3355 2885 3555 2926 amore
3577 2869 3776 2926 mundi
3796 2866 3936 2922 vacui

2323 2957 2546 3029 Spiritu
2567 2961 2789 3026 sancto,
2813 2957 2886 3012 de
2915 2974 3031 3030 quo
3061 2956 3203 3012 dicit
3237 2955 3555 3030 Apostolus
3579 2975 3592 3013 :
3615 2958 3679 3014 Si
3705 2959 3818 3031 quis
3841 2957 3935 3028 spi-

2318 3048 2490 3102 ritum
2521 3045 2726 3102 Christi
2751 3063 2862 3103 non
2907 3047 3084 3114 habet,
3115 3047 3206 3102 hic
3231 3063 3342 3102 non
3380 3055 3462 3102 est
3487 3048 3607 3119 ejus
3638 3047 3800 3118 (Rom.
3828 3059 3933 3111 vm,

2317 3136 2394 3203 9).
2421 3135 2594 3208 (Hom.
2621 3135 2736 3208 24.)
2761 3159 2788 3185 ‹‹
2823 3135 3000 3202 Quasi
3049 3134 3288 3207 quidam
3338 3135 3552 3193 titulus
3581 3135 3779 3192 divinis
3821 3148 3936 3206 pos-

2319 3213 2608 3280 εθεεὶοιιὶέ
2620 3227 2710 3278 est
2730 3222 2854 3295 ipse
2875 3223 3118 3296 spiritus
3138 3223 3376 3280 amoris.
3404 3223 3813 3298 Nunquidnam
3833 3218 3934 3292 spi-

564 3323 666 3375 aut
685 3293 815 3390 ejus
835 3293 948 3390 qui.
967 3317 1026 3372 in
1057 3293 1315 3372 nullis-et
1333 3293 1460 3388 ejus
1482 3293 1581 3389 qui
1610 3317 1668 3372 in
1691 3293 2044 3389 quibusdam
2072 3293 2211 3374 fuci;
2239 3293 2282 3360 (ἶ
2321 3311 2499 3366 ritum
2513 3311 2727 3367 Christi
2743 3293 2925 3368 habet:
2947 3312 3020 3381 is.
3042 3312 3213 3384 cujus
3229 3316 3484 3369 mentem
3501 3293 3934 3382 οᾶίειᾶὶεείραιιῐν

563 3408 805 3464 noribus
835 3405 1064 3462 cecidit.
1098 3406 1204 3461 Per
1244 3404 1351 3460 hoc
1379 3406 1536 3461 enim
1567 3405 1721 3477 quod
1754 3405 1969 3462 dicitur
1990 3424 2003 3462 :
2027 3409 2210 3463 Facite

561 3511 689 3564 ergo
717 3496 928 3566 fructus
955 3492 1148 3564 dignos
1174 3494 1514 3564 parnitentiae
1536 3494 1688 3564 (Luc.
1713 3510 1800 3564 ιιι,
1823 3494 1898 3566 8),
1923 3495 2210 3568 cujusque

563 3591 922 3650 conscientia
949 3589 1310 3655 convenitur,
1335 3593 1402 3644 ut
1427 3593 1588 3645 tanto
1619 3590 1844 3660 majora
1872 3597 2095 3664 quaerat
2115 3593 2210 3648 bo-

564 3697 772 3739 norum
829 3695 1071 3752 operum
1127 3677 1292 3734 lucra
1347 3695 1450 3750 per
1504 3677 1930 3752 pmnitentiam,
1989 3685 2208 3753 quanto

562 3771 828 3846 graviora
857 3768 969 3824 sibi
1002 3767 1203 3823 intulit
1225 3767 1442 3823 damna
1473 3785 1576 3840 per
1603 3767 1857 3840 culpam.
1891 3771 2066 3837 (Hom.
2090 3771 2207 3839 34.)

563 3883 590 3910 ι(
614 3861 757 3915 Ecce
785 3858 914 3931 ipsa
944 3856 1141 3912 divina
1170 3855 1569 3912 misericordia
1598 3855 1924 3928 pollicetur,
1963 3858 2164 3914 dicens
2190 3874 2204 3914 :

563 3949 834 4006 Gaudium
859 3948 968 4003 erit
995 3948 1054 4002 in
1097 3947 1226 4002 cwlo
1271 3962 1437 4018 super
1477 3961 1586 4002 uno
1621 3954 1897 4017 peccatore
1941 3949 2208 4018 paeniten-

561 4041 698 4095 tiam
743 4044 932 4108 agente
959 4037 1110 4104 (Luc.
1141 4053 1234 4102 xv,
1264 4037 1342 4104 7),
1375 4041 1433 4091 et
1464 4041 1662 4091 tamen
1715 4051 1818 4107 per
1861 4035 2206 4108 prophetam

560 4126 846 4184 Dominus
865 4124 1025 4192 dicit,
1050 4123 1188 4196 quia
1210 4125 1558 4196 Quaecunque
1577 4123 1665 4178 die
1684 4126 1986 4195 peccaverit
1999 4124 2205 4196 justus,

559 4239 743 4280 omnes
754 4223 993 4294 justiti?
1011 4224 1129 4294 ejus
1149 4224 1208 4277 in
1229 4223 1500 4278 oblivione
1515 4229 1678 4276 erunt
1693 4237 1877 4277 coram
1893 4237 1980 4276 me
1993 4222 2204 4290 (Bacch.

559 4329 756 4381 xxxm,
786 4312 896 4379 13).
930 4311 1249 4366 Pensemus
1279 4310 1328 4366 si
1361 4325 1678 4382 possumus
1709 4309 2204 4382 dispensationem

560 4417 826 4474 superum
856 4400 1108 4473 pietatis.
1142 4398 1448 4455 Stantibus
1494 4397 1545 4455 si
1593 4398 1911 4455 ceciderint
1947 4399 2209 4456 minatur

561 4506 792 4566 poenam
839 4487 1022 4561 lapsis
1051 4505 1184 4544 vero
1216 4487 1263 4544 si
1303 4504 1541 4560 surgere
1583 4492 1879 4560 appetant,
1915 4489 2208 4561 promittit

562 4577 1042 4636 misericordiam.
1069 4576 1204 4632 Illos
1237 4580 1412 4632 terret
1431 4592 1502 4631 ne
1533 4581 1891 4648 praesumant
1921 4577 1978 4633 in
2012 4578 2201 4648 bonis,

2317 3399 2490 3455 elatio
2523 3399 2708 3466 inﬂat,
2731 3399 2818 3454 ira
2866 3416 3052 3472 usque
3088 3401 3160 3456 ad
3193 3399 3542 3457 divisionem
3575 3399 3784 3457 mentis
3822 3411 3935 3453 exa-

2319 3491 2534 3560 sperat,
2565 3487 2786 3544 invidia
2815 3487 3059 3557 cruciat,
3092 3487 3324 3544 luxuria
3363 3489 3639 3546 enervat?
3659 3511 3687 3539 ››
3708 3485 3936 3556 Quisque

2317 3593 2573 3649 namque
2603 3574 2700 3632 ille
2729 3580 2837 3643 est,
2855 3593 3031 3650 quem
3062 3593 3219 3633 nunc
3249 3576 3494 3650 spiritus
3522 3577 3634 3635 iste
3665 3592 3774 3632 non
3799 3588 3938 3645 repa-

2317 3669 2428 3735 rat,
2451 3665 2706 3738 profecto
2737 3665 2810 3721 ab
2841 3665 3001 3722 illius
3044 3665 3240 3722 aeterni
3272 3665 3518 3723 convivii
3551 3665 3847 3723 refectione
3863 3662 3938 3734 je-

2307 3755 2504 3826 juuat.
2519 3754 2628 3820 Qui
2648 3771 2784 3827 ergo
2806 3755 2865 3810 in
2888 3754 3184 3811 Christum
3206 3755 3334 3826 jam
3355 3756 3626 3825 credidit,
3647 3753 3745 3811 sed
3767 3751 3934 3808 adhuc

2317 3843 2568 3899 avaritiae
2603 3842 2763 3900 lucra
2791 3848 3068 3911 sectatur,
3090 3844 3150 3900 in
3184 3844 3458 3917 superbia
3479 3843 3716 3902 honoris
3733 3838 3935 3900 extolli.

2317 3937 2431 4000 tur,
2457 3931 2682 3988 invidiae
2713 3933 2939 3989 facibus
2971 3933 3308 4002 inardescit,
3330 3932 3594 3991 libidinis
3623 3950 3683 3990 se
3711 3931 3935 3987 immun-

2317 4020 2464 4076 ditia
2491 4020 2720 4094 polluit,
2755 4038 3033 4095 prospera
3063 4039 3189 4094 quae
3227 4022 3288 4077 in
3327 4023 3551 4078 mundo
3583 4024 3718 4079 sunt
3743 4031 3932 4076 concu-

2315 4109 2512 4183 piscit,
2531 4110 2736 4166 Jesum
2769 4110 2827 4166 in
2851 4128 2966 4184 quo
2986 4109 3234 4166 credidit
3256 4111 3422 4183 sequi
3456 4108 3790 4168 contemnit.

2315 4270 2388 4326 Dc
2413 4273 2548 4347 fuga
2576 4271 2848 4347 avaritiae,
2875 4198 3470 4347 ρυρῗέἶίἓῗζιὲαξίέε,
3502 4271 3671 4347 gulae,
3703 4264 3928 4347 invidt}.

2383 4349 2436 4396 et
2462 4344 2585 4406 irae,
2611 4341 2781 4414 deque
2802 4341 3012 4415 zelo,’et
3029 4343 3169 4415 quod
3186 4343 3433 4399 diabolus
3457 4360 3561 4415 per
3585 4344 3701 4399 haec
3715 4341 3930 4395 maxime

2383 4415 2519 4469 vitia
2545 4413 2757 4486 semper
2787 4413 3084 4470 insidiatus
3112 4416 3203 4470 sit.

2384 4501 2531 4558 Nam
2561 4501 2635 4557 de
2663 4501 2906 4558 avaritia
2934 4501 3150 4558 Paulus
3170 4502 3350 4558 dicit:
3375 4501 3554 4559 Radix
3579 4500 3812 4560 omnium
3831 4507 3930 4549 ma-

2315 4592 2492 4648 lorum
2519 4598 2599 4647 est
2623 4590 2895 4662 cupiditas
2923 4600 2973 4647 et
3007 4594 3244 4648 avaritia
3270 4609 3392 4665 qua:
3426 4601 3508 4650 est
3547 4592 3802 4650 idolorum
3826 4598 3927 4640 ser—

560 4669 706 4725 istos
734 4668 949 4723 refovet
977 4683 1048 4722 ne
1069 4666 1378 4738 desperent
1407 4665 1466 4720 in
1499 4663 1688 4721 malis.
1713 4666 1920 4755 Justus
1949 4684 2034 4734 es,
2055 4667 2202 4724 iram
2238 4666 2282 4731 D
2310 4683 2453 4737 υίωδ
2483 4681 2532 4752 (ι
2563 4681 2696 4736 Tim.
2721 4697 2800 4747 v1,
2825 4681 2935 4750 10).
2957 4681 3140 4753 Cujus
3174 4663 3298 4738 voci
3349 4683 3601 4755 quisque
3643 4695 3705 4736 se
3749 4671 3923 4738 tradit,

559 4757 904 4832 pertimesce
928 4772 1000 4811 ne
1020 4771 1290 4810 corruas:
1317 4758 1586 4825 peccator
1603 4771 1688 4819 es,
1711 4754 1782 4810 de
1803 4755 2204 4813 misericordia

558 4847 784 4904 confide
815 4849 872 4902 et
913 4860 1140 4917 surgas.
1175 4845 1318 4899 Ecce
1361 4847 1555 4899 autem
1597 4844 1723 4914 jam
1772 4843 1920 4916 lapsi
1972 4862 2200 4914 sumus,

558 4943 712 4994 stare
742 4949 1111 5006 nequaquam
1142 4931 1456 5000 valuimus,
1490 4931 1550 4986 in
1583 4932 1776 5003 pravis
1804 4933 2020 4988 nostris
2050 4934 2202 4990 desi-

558 5025 735 5081 deriis
758 5024 1065 5096 jacemus:
1095 5021 1193 5078 sed
1227 5020 1326 5094 qui
1358 5038 1463 5077 nos
1492 5024 1680 5076 rectos
1709 5021 1989 5089 condidit,
2012 5021 2202 5078 adhuc

556 5117 851 5186 exspectat
879 5117 937 5168 et
967 5118 1239 5184 provocat
1271 5116 1334 5165 ut
1362 5127 1695 5184 surgamus,
1721 5111 1916 5165 sinum
1947 5127 2066 5166 sua:
2088 5111 2201 5182 pie-

559 5203 696 5258 tatis
717 5201 920 5274 aperit,
937 5217 1158 5273 nosilue
1182 5217 1214 5255 a
1236 5217 1296 5255 se
1315 5199 1491 5271 recipi
1517 5216 1618 5272 per
1637 5198 2035 5271 paenitentiam
2054 5216 2203 5270 quae-

557 5291 652 5346 rit.
672 5291 783 5347 Sed
804 5289 1204 5363 pmnitentiam
1223 5287 1383 5360 digni
1405 5304 1574 5360 agere
1597 5304 1712 5342 non
1735 5304 2072 5360 possumus,
2087 5287 2200 5343 nisi

557 5378 798 5432 modum
829 5393 1060 5450 quoque
1085 5377 1346 5448 ejusdem
1381 5375 1731 5448 poenitentiae
1753 5391 2197 5447 cognoscamus.

559 5465 961 5521 Paenitentiam
993 5482 1226 5538 quoque
1269 5480 1437 5537 agere
1465 5469 1573 5532 est,
1603 5468 1658 5518 et
1691 5466 2019 5536 perpetrata
2046 5461 2202 5520 mala

558 5553 853 5626 plangere,
876 5560 933 5609 et
962 5554 1290 5627 plangenda
1312 5570 1426 5608 non
1450 5558 1798 5626 perpetrare.
1826 5552 1972 5608 Nam
1995 5551 2094 5624 qui
2117 5551 2200 5608 sic

558 5641 672 5698 alia
692 5641 974 5714 deplorat,
990 5647 1054 5697 ut
1071 5647 1266 5698 tamen
1301 5641 1415 5698 alia
1435 5642 1784 5710 committat,
1803 5640 1993 5698 adhuc
2015 5643 2197 5714 paeni-

555 5730 801 5794 tentiam
821 5745 989 5807 agere
1010 5735 1111 5789 aut
1129 5731 1360 5806 ignorat
1380 5735 1484 5791 aut
1503 5728 1858 5789 dissimulat.
1873 5729 2020 5801 Quid
2040 5731 2198 5792 enim

2313 4768 2616 4826 fastidiens
2649 4768 2882 4842 propria
2909 4768 3102 4825 aliena
3126 4771 3505 4844 concupiscit,
3527 4776 3584 4828 et
3611 4767 3926 4843 plerumque

2311 4857 2621 4930 concupita
2637 4857 2878 4930 adipisci
2905 4875 3017 4912 non
3037 4859 3254 4928 valens,
3268 4859 3392 4916 dies
3409 4860 3644 4932 quidem
3665 4856 3722 4912 in
3739 4851 3920 4911 otium.

2312 4950 2510 5002 noctes
2537 4963 2670 5002 vero
2718 4947 2777 5002 in
2827 4945 3208 5020 cogitationes
3237 4953 3447 5004 versat.
3481 4950 3690 5021 Torpet
3716 4942 3782 4998 ab
3811 4933 3922 4994 utili

2311 5051 2502 5106 opere,
2525 5035 2664 5106 quia
2717 5034 2996 5107 fatigatur
3043 5035 3248 5092 illicita
3297 5036 3663 5110 cogitatione.
3695 5021 3923 5087 Consilia

2311 5122 2684 5194 multiplicat,
2717 5127 2774 5178 et
2820 5125 3016 5180 sinum
3061 5125 3276 5180 mentis
3317 5125 3728 5198 cogitationum
3755 5110 3918 5198 venus

2309 5210 2487 5266 latius
2537 5211 2832 5282 expandit.
2885 5212 3184 5268 Pervenire
3235 5214 3306 5268 ad
3357 5197 3662 5284 concupita
3709 5197 3916 5272 satagit,

2309 5303 2482 5371 atque
2505 5299 2575 5354 ad
2598 5299 2915 5356 obtinenda
2935 5301 3056 5358 haec
3074 5302 3360 5374 quosdam
3381 5299 3788 5384 secretissimos
3804 5303 3918 5384 call:

2310 5370 2506 5443 sarum
2548 5392 2775 5443 meatus
2805 5390 3030 5461 quaerit.
3054 5370 3162 5457 Qui
3213 5407 3345 5445 mox
3394 5393 3460 5446 ut
3505 5403 3686 5445 causa:
3719 5370 3916 5461 aliquid

2309 5475 2522 5532 subtile
2551 5459 2843 5533 invenisse
2881 5495 2942 5533 se
2985 5478 3256 5546 aestimat,
3279 5480 3407 5550 jam
3440 5475 3751 5534 obtinuisse
3779 5459 3914 5560 quoq

2308 5563 2569 5636 cupierat
2624 5564 2911 5634 exsultat,
2959 5567 3086 5637 jam
3145 5568 3301 5640 quod
3359 5566 3536 5623 etiam
3590 5563 3792 5634 adeptis
3842 5563 3914 5640 r81

2307 5652 2588 5725 adjungat
2635 5653 2940 5726 excogitat,
2971 5661 3146 5728 atque
3170 5639 3242 5712 rut
3282 5655 3341 5712 in
3371 5655 3594 5712 meliori
3639 5651 3782 5740 statu
3824 5639 3908 5740 de-

2307 5741 2443 5801 beat
2471 5741 2652 5800 excoli
2685 5747 3021 5818 pertractat.
3043 5747 3230 5816 Quam
3259 5746 3400 5822 quia
3417 5747 3546 5821 jam
3566 5738 3722 5820 quasi
3750 5738 3910 5810 p0981°
