4204 6500
547 421 664 484 871

1331 416 1713 478 HINGMARI
1757 416 2001 477 RHEM-.
2047 413 2408 476 AREHIEP.
2455 416 2865 480 OPUSCULA
2909 419 3170 480 VARIA.

3847 421 3950 484 επ

550 547 971 618 dimentis,alia
995 547 1318 604 terroribus
1335 548 1925 620 auferret,postquam
1950 544 2196 618 acquisi-
2221 545 2278 612 Α
2307 545 2657 602 habuerunt.
2692 547 2770 603 Et-
2790 547 2924 605 talis
2955 554 3046 605 est
3076 541 3304 608 fructus
3331 549 3619 621 avaritiae,
3638 555 3700 606 et
3721 550 3852 608 talis
3877 565 3950 610 ω·

548 640 624 696 tis
649 639 821 694 rebus
839 635 1100 710 pervenit
1121 637 1193 692 ad
1215 635 1754 702 desiderium,alius
1770 635 1927 690 hunc
1940 634 2106 689 dolor
2123 633 2198 688 fa-

548 728 716 800 tigat,
751 731 816 783 ut
845 741 982 782 cum
1014 723 1264 781 sollicito
1292 725 1504 780 timore
1547 723 1842 779 custodiat
1869 723 2024 795 quod
2059 739 2192 777 cum

545 815 706 890 gravi
725 815 924 872 labore
948 813 1606 885 mcminitacquisitum.
1637 811 1777 867 [line
1793 813 1929 867 inde
1949 811 2192 866 insidia-

544 910 701 962 tores
718 904 1128 974 metuit,atque
1149 902 1258 957 hoc
1280 919 1341 958 se
1361 901 1582 974 perpeti
1601 902 1756 973 quod
1778 901 1902 973 ipse
1916 899 2192 956 fecitaliis

545 993 926 1068 pertimescit.
946 992 1244 1049 Formidat
1259 989 1642 1064 potentiorem
1664 989 1932 1058 alterum,
1953 1007 2025 1046 ne
2055 1005 2190 1044 eum

543 1082 836 1140 sustineat
855 1080 1204 1137 violentum:
1223 1095 1536 1152 pauperem
1567 1095 1700 1134 vero
1730 1095 1864 1133 cum
1882 1077 2188 1150 conspicit,

543 1168 880 1244 suspicatur
908 1169 1118 1226 furem.
1140 1168 1273 1240 Ipsa
1300 1183 1533 1239 quoque
1562 1184 1690 1238 quae
1721 1170 2000 1238 congesta
2027 1170 2188 1234 sunt,

542 1262 710 1314 curat
740 1273 1094 1332 magnopere
1121 1272 1194 1311 ne
1222 1272 1291 1310 ex
1321 1258 1544 1310 naturae
1565 1253 1810 1328 propria:
1839 1253 2064 1310 defectu
2089 1271 2192 1327 per

543 1345 958 1418 negligentiam
987 1349 1428 1402 consumantur.
1447 1348 1510 1398 ln
1540 1343 1632 1399 his
1661 1343 1858 1415 itaque
1887 1343 2186 1413 omnibus,

541 1434 682 1509 quia
724 1433 902 1490 timor
946 1433 1071 1506 ipse
1123 1449 1293 1506 poena
1340 1436 1448 1500 est,
1501 1435 1663 1488 tanta
1711 1431 1912 1488 infelix
1968 1433 2190 1506 patitur

540 1529 762 1596 quanta
787 1523 906 1596 pati
943 1523 1126 1579 timet.
1163 1523 1300 1578 Post
1327 1521 1435 1578 hoc
1461 1538 1693 1594 quoque
1742 1523 1813 1576 ad
1858 1522 2192 1595 gehennam-

539 1605 795 1680 dueitur,
827 1609 1056 1666 aeternis
1087 1610 1446 1666 cruciatibus
1476 1610 1862 1682 mancipatur.
1899 1610 2046 1666 Mira
2083 1627 2185 1666 au-

537 1707 656 1758 tem
687 1705 776 1756 est
806 1699 1090 1756 securitas
1119 1699 1312 1754 cordis
1337 1698 1529 1754 aliena
1557 1716 1671 1754 non
1701 1716 2052 1772 quaerere,ex
2071 1717 2188 1772 qua

535 1788 804 1846 videlicet
833 1787 1141 1844 securitate
1155 1787 1330 1842 etiam
1357 1787 1626 1858 perennis
1648 1789 1878 1859 requies
1899 1787 2181 1855 nascitur,

2306 633 2509 705 quitur
2539 637 3025 692 remunerationis
3053 639 3312 694 effectus.
3348 640 3486 705 Quae
3522 639 3794 712 profecto
3831 657 3946 697 τινα,

2304 721 2438 778 ritia
2484 722 2632 779 bene
2679 725 3089 797 compescitur,
3121 727 3173 782 si
3223 727 3347 800 ipse
3394 731 3598 784 status
3645 727 3946 786 ambientis

2303 809 2548 865 sollicite
2580 811 3002 869 consideratur.
3036 814 3180 870 Nam
3214 833 3319 870 cur
3348 816 3533 871 instet
3565 816 3640 872 ad
3689 815 3944 889 colligen-

2302 899 2466 965 dum,
2501 901 2732 970 quando
2781 905 2934 958 stare
2982 919 3098 958 non
3148 907 3340 976 potest
3385 905 3517 976 ipse
3557 903 3664 976 qui
3695 904 3944 979 colligit?

2299 985 2552 1043 Cursum
2581 1005 2716 1060 ergo
2747 1006 2921 1046 suum
2952 991 3202 1063 quisque
3233 992 3593 1060 consideret,
3627 998 3689 1048 et
3716 1009 3942 1066 cognos-

2299 1079 2394 1130 cat
2422 1075 2533 1131 sibi
2564 1078 2834 1134 sufficere
2878 1095 3060 1150 parva
3103 1097 3232 1153 quze
3278 1079 3504 1138 habet:
3556 1081 3664 1138 sed
3711 1081 3942 1142 fortasse

2299 1163 2510 1219 metuit
2554 1181 2625 1220 ne
2672 1165 2730 1220 in
2779 1164 2960 1236 hujus
3005 1166 3132 1222 vitae
3183 1166 3390 1222 itinere
3435 1171 3730 1238 sumptus
3759 1167 3901 1224 desit
3923 1185 3939 1223 :.

2298 1247 2473 1323 longa
2501 1257 2700 1308 nostra
2731 1253 3020 1310 desideria
3065 1253 3338 1326 increpat
3371 1253 3484 1310 via.
3515 1253 3736 1324 brevis,
3766 1253 3937 1312 incas-

2296 1354 2430 1394 sum
2462 1340 2648 1396 multa
2675 1345 3001 1414 portantur,
3031 1359 3164 1398 cum
3186 1343 3358 1415 juxta
3380 1348 3475 1399 est
3503 1360 3628 1416 quo
3669 1345 3931 1417 pergitur.

2365 1427 2529 1486 Alius
2561 1446 2624 1486 se
2651 1431 2946 1502 tyrannidi
2973 1430 3260 1504 superbia:
3286 1431 3624 1504 subjicit,et
3649 1448 3752 1488 cor
3778 1432 3934 1489 mise-

2296 1533 2450 1585 rum,
2481 1518 2624 1574 dum
2653 1523 2859 1576 contra
2887 1519 3156 1576 homines
3185 1521 3378 1592 erigit,
3411 1521 3559 1578 vitio
3608 1520 3928 1578 substernit.

2296 1605 2593 1662 Honorum
2624 1607 2972 1664 sublimium
2999 1607 3219 1666 infulas
3249 1608 3500 1682 appetit,
3533 1608 3778 1666 exaltari
3815 1626 3930 1666 suc-

2295 1693 2558 1751 cessibus
2587 1696 3174 1770 exquirit,totumque
3197 1697 3356 1768 quod
3370 1713 3506 1754 esse
3520 1696 3926 1755 desideratsibi

2293 1783 2448 1854 apud
2479 1784 2862 1857 semetipsum
2894 1785 2954 1840 in
3004 1784 3460 1858 cogitationibu
3495 1785 3784 1859 depingit.
3813 1785 3926 1842 Jam

535 1876 676 1952 quia
703 1877 856 1934 bona
883 1880 938 1930 et
959 1873 1275 1946 tranquilla
1295 1873 1642 1946 cogitatione
1654 1874 1726 1929 ad
1745 1875 1958 1947 gaudia
1971 1879 2184 1930 aeterna
2209 1907 2260 1972 Β
2292 1871 2462 1972 quasi
2492 1871 2766 1972 tribunal.
2781 1873 3060 1946 possidet,
3085 1875 3214 1946 jam
3243 1874 3356 1972 sibi
3404 1891 3620 1972 parere
3667 1873 3930 1972 obsequia

534 1964 818 2022 transitur
860 1965 998 2037 (cap.
1037 1965 1150 2031 26).
1200 1963 1312 2018 Sed
1364 1963 1464 2035 qui
1515 1963 1586 2018 in'
1622 1966 1906 2035 potestate
1953 1963 2180 2036 positus

535 2052 666 2109 aliis
697 2057 885 2118 nocet,
897 2052 1192 2124 fulgurans
1222 2050 1456 2116 dicitur,
1473 2050 1611 2122 quia
1642 2052 1795 2106 unde
1826 2051 1951 2123 ipse
1978 2056 2180 2106 contra

534 2143 718 2198 bonos
749 2141 917 2214 quasi
947 2158 1017 2196 ex
1045 2141 1173 2195 luce
1197 2139 1393 2212 gloria:
1413 2139 1870 2205 extollitur,inde
1891 2141 2178 2195 bonorum

531 2231 626 2286 via
653 2229 949 2284 cruciatur
978 2228 1116 2300 (cap.
1149 2228 1260 2295 29).
1294 2226 1405 2294 Qui
1434 2243 1550 2298 qua
1581 2225 1801 2282 ultione
1845 2228 1921 2282 sit
1969 2227 2176 2283 ferien-

535 2319 648 2376 dus
673 2317 923 2372 dicitur:
956 2317 1262 2381 Devorabit,
1303 2315 1519 2387 inquit,
1569 2332 1694 2371 eum
1742 2318 1890 2385 ignis
1935 2318 2032 2387 qui
2067 2333 2179 2372 non

530 2406 876 2464 succenditur
903 2405 1017 2477 (Job
1046 2422 1139 2472 xx,
1171 2406 1263 2476 25)
1298 2421 1312 2459 :
1346 2404 1566 2476 quibus
1595 2405 1799 2477 paucis
1844 2405 2035 2460 verbis
2075 2407 2179 2461 mi-

532 2512 596 2551 ro
625 2493 792 2550 valde
825 2494 998 2550 modo
1029 2509 1338 2566 expressus
1368 2497 1458 2548 est
1490 2493 1644 2565 ignis
1685 2493 1983 2566 gehennze.
2019 2494 2176 2567 Ignis

533 2599 787 2655 namque
818 2585 1150 2654 corporeus,
1186 2587 1250 2636 ut
1276 2597 1405 2636 esse
1445 2581 1598 2654 ignis
1645 2581 1854 2649 valeat,
1887 2583 2178 2654 corporeis

532 2673 756 2746 indiget
790 2672 1081 2728 fomentis.
1116 2670 1222 2737 Qui
1253 2687 1386 2726 cum
1420 2687 1656 2726 necesse
1683 2676 1774 2726 est
1803 2675 1867 2726 ut
1894 2678 2172 2744 servetur,

530 2777 635 2834 per
659 2764 936 2832 congesta
963 2759 1124 2832 ligna
1153 2758 1353 2832 procul
1386 2759 1566 2814 dubio
1596 2759 1874 2827 nutritur,
1891 2777 1995 2815 nec
2027 2761 2177 2818 valet

530 2849 643 2907 nisi
675 2866 996 2906 succensus
1025 2865 1173 2915 esse,
1203 2851 1261 2903 et
1300 2847 1412 2904 nisi
1464 2847 1682 2903 refotus
1730 2848 2068 2906 subsistere.
2102 2853 2174 2906 At

529 2943 735 2996 contra
761 2938 1039 3012 gehennae
1066 2936 1238 3010 ignis,
1271 2953 1406 2992 cum
1439 2935 1518 2992 sit
1544 2951 1878 3008 corporeus,
1909 2943 1968 2994 et
2003 2938 2061 2992 in
2113 2956 2176 2996 se

530 3027 745 3087 missos
776 3027 1050 3100 reprobos
1082 3025 1460 3098 corporaliter
1487 3030 1712 3094 exurat,
1743 3044 1849 3081 nec
1879 3044 1948 3083 ex
1979 3029 2172 3084 studio

529 3115 764 3189 proprio
794 3115 1302 3180 succenditur,nee
1336 3113 1509 3186 lignis
1532 3113 1917 3177 nutritur,sed
1945 3121 2174 3172 creatus

2289 1960 2686 2032 subjectorum
2715 1961 2890 2029 videt,
2915 1962 3044 2034 jam
3086 1961 3308 2018 caeteris
3356 1961 3609 2031 eminet,
3635 1963 3763 2034 jam
3809 1960 3928 2017 aliis

2290 2048 2445 2105 mala
2477 2050 2716 2124 irrogat,
2747 2051 2883 2108 aliis
2909 2051 3050 2124 quia
3078 2051 3465 2124 irrogaverint
3513 2054 3918 2124 recompensat.

2287 2137 2419 2192 Jam
2451 2138 2606 2211 apud
2629 2139 3009 2213 semetipsum
3031 2139 3286 2212 stipatus
3315 2139 3534 2196 cuneis
3550 2139 3626 2197 ad
3645 2139 3922 2212 publicum

2286 2226 2568 2297 procedit,
2591 2229 2716 2300 jam
2749 2228 2966 2300 quibus
2995 2227 3294 2300 obsequiis
3313 2228 3601 2284 fulciatur
3628 2227 3916 2301 conspicit,

2286 2313 2387 2386 qui
2419 2320 2614 2371 tamen
2649 2315 2769 2371 haec
2799 2316 3062 2390 cogitans
3081 2315 3244 2373 solus
3275 2317 3654 2389 repetit.Jam
3679 2315 3792 2373 alia
3807 2333 3920 2372 conv

2285 2401 2500 2476 culcat,
2532 2403 2647 2460 alia
2676 2404 2960 2474 sublevat,
2985 2405 3113 2477 jam
3145 2405 3219 2460 de
3247 2405 3618 2462 conculcatis
3654 2403 3918 2461 satisfecit

2285 2491 2456 2559 odiis,
2480 2493 2608 2564 jam
2639 2494 2709 2548 de
2737 2491 3056 2550 sublevatis
3087 2493 3293 2566 recipit
3322 2493 3576 2552 favores.
3612 2493 3720 2562 Qui
3756 2492 3914 2566 igitur

2283 2584 2371 2636 tot
2414 2580 2830 2652 phantasmata
2874 2582 3034 2639 cordi
3081 2582 3390 2656 imprimit,
3425 2583 3575 2656 quid
3618 2582 3728 2638 iste
3770 2580 3920 2637 aliud-

2284 2685 2463 2741 quam
2495 2671 2790 2726 somnium
2819 2670 3070 2743 vigilans
3097 2669 3280 2726 videt?
3292 2671 3442 2737 Quia
3471 2687 3612 2744 ergo
3639 2674 3725 2726 tot
3744 2683 3913 2725 rerum

2283 2774 2494 2814 causas
2524 2775 2670 2830 quas
2701 2759 2871 2832 ﬁngit
2899 2758 3128 2826 tolerat,
3148 2757 3432 2814 nimirum
3464 2759 3814 2814 intrinsecus
3833 2773 3914 2812 na-

2284 2850 2375 2900 tas
2405 2863 2474 2901 ex
2503 2845 2810 2903 desideriis
2854 2847 3058 2904 turbas
3102 2851 3312 2919 portat.
3349 2847 3574 2918 (Horat.
3610 2847 3709 2902 lib.
3743 2861 3908 2911 κων,

2282 2951 2332 2990 c.
2364 2935 2522 3004 23).«
2556 2935 2732 3001 Quasi
2761 2935 2918 2992 enim
2949 2940 3233 3008 tyrannus
3261 2935 3508 3008 quidam
3541 2931 3911 2992 obsessamci-

2279 3023 2516 3080 vitatem
2547 3023 3002 3097 intercipit,cum
3034 3028 3291 3080 mentem
3320 3024 3602 3098 superbia
3629 3021 3904 3094 irrumpit;

2281 3116 2338 3168 et
2366 3130 2484 3185 quo
2513 3112 2781 3168 ditiorem
2803 3129 3095 3186 quemque
3123 3112 3361 3185 ceperit,
3375 3129 3449 3169 eo
3479 3113 3542 3168 in
3571 3109 3912 3168 dominodo-

529 3197 708 3262 semel
734 3205 907 3260 durat
938 3203 1420 3276 inextinguibilis,
1439 3208 1497 3258 et
1523 3203 1902 3260 succensione
1932 3222 2047 3260 non
2077 3205 2171 3260 in-
2216 3273 2243 3276 _7
2284 3201 2403 3256 rior
2429 3200 2712 3274 exsurgit,
2742 3201 2882 3273 quia
2910 3218 3025 3273 quo
3078 3201 3332 3274 amplius
3379 3219 3476 3258 res
3522 3200 3752 3256 virtutis
3795 3197 3906 3252 sine

530 3293 775 3366 diget,et
804 3293 1007 3348 ardore
1039 3273 1366 3348 non—caret:
1389 3292 1530 3364 quia
1559 3291 1978 3364 omnipotentis
2000 3295 2172 3365 justi-
2200 3273 2246 3340 α
2284 3273 2629 3346 humilitate
2644 3289 2930 3362 agitur,eo
2961 3289 3138 3346 latius
3161 3273 3275 3346 ista
3289 3283 3906 3359 dominatur.0uisquis

529 3382 613 3438 tia
643 3382 975 3436 futurorum
1007 3379 1268 3453 praescia,
1303 3380 1374 3434 ab
1408 3379 1534 3452 ipsa
1567 3381 1768 3435 mundi
1819 3381 2042 3454 origine
2072 3400 2169 3456 ge-

530 3470 734 3526 hennae
759 3468 956 3542 ignem
987 3467 1331 3540 creavit,qui
1355 3468 1420 3522 in
1447 3487 1620 3541 paena
1649 3470 2026 3542 reproborum
2041 3488 2172 3528 esse

529 3557 709 3614 semel
740 3557 1038 3630 inciperet,
1070 3558 1170 3614 sed
1203 3558 1468 3612 ardorem
1501 3575 1674 3612 suum
1707 3557 1884 3612 etiam
1931 3560 2056 3614 sine
2095 3560 2167 3615 li-

525 3646 659 3720 gnis
690 3662 992 3718 nunquam
1046 3645 1257 3702 ﬁniret.
1305 3645 1619 3701 Sciendum
1672 3663 1805 3702 vero
1853 3651 1962 3715 est,
2011 3649 2167 3722 quod

525 3752 730 3794 omnes
758 3733 1010 3808 reprobi,
1041 3733 1181 3808 quia
1207 3751 1274 3790 ex
1304 3735 1502 3790 anima
1533 3733 1710 3790 simul
1741 3739 1798 3791 et
1828 3753 2000 3792 carne
2031 3755 2168 3810 pec-

523 3828 822 3891 caverunt,
840 3823 958 3880 illic
989 3823 1049 3878 in
1079 3824 1276 3880 anima
1305 3823 1522 3896 pariter
1549 3828 1605 3879 et
1635 3841 1806 3880 carne
1837 3825 2172 3883 cruciantur

523 3916 666 3986 (cap.
698 3913 809 3980 30).
843 3914 1028 3979 Quam
1059 3911 1327 3968 videlicet
1354 3929 1586 3968 carnem
1621 3930 1754 3968 cum
1787 3914 1845 3968 in
1878 3931 2168 3971 resurrec-

523 4001 681 4059 tione
711 4001 1011 4074 recipient,
1044 4018 1180 4056 oum
1209 4017 1278 4057 ea
1305 4000 1584 4074 gehennae
1616 4002 1853 4076 ignibus
1883 4004 2171 4060 ardebunt

523 4090 745 4146 traditi.
778 4090 850 4145 Et
881 4094 1022 4146 tunc
1049 4090 1122 4146 ab
1168 4106 1238 4146 ea
1275 4091 1485 4146 abduci
1535 4095 1830 4164 appetent,
1862 4096 2002 4147 tunc
2039 4093 2168 4164 ejus

522 4181 816 4234 tormenta
845 4179 1084 4235 evadere
1117 4179 1164 4234 si
1197 4179 1494 4251 potuerint
1530 4184 1810 4250 quaerent,
1841 4184 1984 4236 tunc
2029 4180 2170 4236 inci-

523 4267 686 4340 pient
712 4265 859 4322 velle
886 4267 1069 4322 vitare
1099 4269 1253 4340 quod
1285 4271 1630 4323 amaverunt
1660 4285 1674 4322 :
1709 4268 1808 4323 sed
1841 4268 1981 4340 quia
2009 4285 2168 4324 eam-

524 4356 658 4414 dem
688 4371 923 4412 carnem
954 4355 1070 4412 Deo
1097 4355 1448 4412 contrariam
1497 4360 1838 4428 posuerunt,
1863 4357 2168 4428 judicante

522 4445 664 4514 Deo,
693 4448 920 4519 agetur,
947 4449 1111 4502 ut'ex
1139 4461 1209 4500 ea
1235 4444 1492 4516 amplius
1522 4445 1657 4518 igne
1682 4447 2032 4502 crucientur.
2063 4447 2166 4503 Hic

522 4533 720 4604 itaque
747 4548 879 4588 eam
909 4531 1165 4605 amplius
1197 4531 1524 4604 relinquere
1555 4551 1670 4589 non
1701 4539 2058 4606 appetent,et
2077 4540 2167 4591 ta-

522 4638 658 4677 men
687 4621 760 4678 ab
790 4637 858 4678 ea
887 4621 1311 4710 abstrahuntur
1340 4637 1354 4676 :
1388 4619 1508 4677 illic
1539 4638 1667 4678 eam
1707 4621 2034 4696 relinquere
2064 4641 2164 4698 ap-
2199 4645 2246 4710 D

522 4715 746 4784 petunt,
781 4715 838 4766 et
867 4714 1062 4766 tamen
1092 4709 1152 4764 in
1181 4727 1250 4766 ea
1275 4715 1514 4784 propter
1542 4711 1832 4783 supplicia
1861 4713 2172 4768 servabun-

523 4804 639 4856 tur.
672 4799 758 4854 Ad
788 4803 1175 4872 augmentum
1207 4798 1403 4870 itaque
1431 4799 1727 4868 tormenti,
1753 4805 1809 4856 et
1839 4799 1933 4856 hic
1955 4801 2027 4857 de
2045 4818 2170 4857 cor-

521 4881 934 4962 pore-nolentes
945 4887 1558 4956 educuntur,etillicin
1571 4905 1808 4961 corpore
1819 4891 2172 4946 tenebuntur

522 4978 744 5048 inviti;»
776 4981 834 5032 et
863 4976 1081 5048 quibus
1111 4977 1386 5032 inimicus
1403 4977 1669 5049 pedicam
1701 4994 1834 5032 cum
1866 4977 2038 5050 culpa
2058 4979 2170 5034 sub

521 5067 768 5122 terrenis
797 5065 1146 5136 commodis,
1175 5070 1233 5121 et
1261 5065 1588 5138 decipulam
1623 5083 1759 5123 cum
1791 5084 1943 5136 esca,
1978 5068 2035 5122 id
2083 5073 2172 5124 est

522 5155 751 5212 lucrum
785 5172 921 5210 cum
952 5153 1125 5226 culpa
1154 5159 1210 5210 et
1229 5155 1674 5227 prosperitatem
1697 5173 1830 5211 cum
1864 5156 2172 5228 iniquitate

524 5244 870 5316 posuit,illic
902 5261 1134 5316 poenam
1167 5244 1566 5300 retributionis
1596 5246 1848 5318 effugere
1881 5263 1992 5300 non
2017 5250 2172 5317 pote-

524 5339 660 5389 runt
687 5350 866 5406 quam
900 5333 1346 5389 ministrabitzet
1376 5334 1656 5407 effugium
1689 5335 1748 5388 in
1782 5333 1977 5390 dolore
2007 5350 2171 5389 cons.

524 5421 837 5494 tringente,
869 5423 942 5478 ad
991 5423 1314 5479 orationem
1362 5427 1536 5496 atque
1584 5422 1934 5495 sapientiam
1983 5421 2169 5477 oculis

524 5510 919 5581 aperientibus
965 5511 1249 5584 sapientia
1299 5511 1541 5568 minime
1570 5511 1847 5584 proderit,
1881 5511 2022 5583 quia
2050 5511 2166 5584 hic,

524 5597 626 5652 ubi
656 5600 881 5671 operari
911 5601 1239 5656 debuerunt
1265 5605 1322 5656 et
1351 5604 1682 5674 potuerunt,
1715 5599 1990 5672 operandi
2020 5604 2166 5656 tem-

525 5702 637 5764 pus
659 5686 1110 5761 amiserunt,ubi
1132 5706 1167 5748 a
1184 5689 1479 5764 voluptate
1498 5688 1730 5747 clausos
1751 5689 1944 5746 cordis
1968 5688 2168 5749 oculos

2278 3397 2411 3435 vero
2433 3381 2561 3452 ejus
2581 3379 2641 3434 in
2665 3396 2727 3434 se
2743 3379 3356 3452 tyrannidem-captiva
3369 3383 3572 3436 mente
3585 3372 3898 3448 susceperit,

2280 3469 2390 3525 hoc
2420 3469 2675 3542 primum
2707 3469 2992 3524 damnum
3021 3469 3260 3540 patitur,
3291 3469 3450 3540 quod
3501 3467 3698 3526 clauso
3731 3461 3902 3520 cordis

2279 3557 2447 3614 oculo
2470 3557 2683 3629 judicii
2716 3556 3048 3628 aequitatem
3071 3557 3436 3630 perdit.Nam
3459 3560 3670 3614 cuncta
3695 3570 3811 3626 quae
3835 3550 3899 3607 ab

2279 3645 2412 3702 aliis
2441 3644 2530 3700 vel
2563 3645 2710 3700 bene
2735 3649 3022 3717 geruntur
3070 3643 3404 3717 displicent,
3431 3649 3488 3702 et
3535 3643 3659 3702 sola
3701 3640 3750 3698 ei
3785 3653 3897 3712 qius

2277 3735 2404 3807 ipse
2430 3731 2518 3788 vel
2544 3748 2717 3806 prave
2745 3732 2929 3806 egerit
2962 3731 3211 3805 placent.
3245 3734 3490 3807 Semper
3533 3732 3716 3790 aliena
3739 3742 3896 3802 opera

2279 3823 2785 3896 despicit,semper
2816 3821 3066 3877 miratur
3093 3822 3246 3894 quod
3279 3822 3419 3878 facit
3450 3839 3465 3878 :
3498 3821 3635 3894 quia
3661 3825 3716 3876 et
3743 3814 3893 3890 quid-

2279 3912 2420 3984 quid
2451 3910 2654 3984 egerit,
2687 3909 2877 3983 egisse
2908 3927 2970 3966 se
2996 3909 3374 3982 singulariter
3422 3909 3624 3976 credit,
3653 3911 3815 3979 atque
3839 3903 3890 3957 in

2277 4018 2345 4058 eo
2371 4001 2526 4073 quod
2557 3999 2788 4056 exhibet
2816 4016 2921 4072 per
2941 3998 3136 4072 gloriae
3155 3988 3890 4074 cupiditatem,sibimetipsi

2277 4090 2429 4146 favet
2457 4105 2560 4161 per
2587 4087 3022 4161 cogitationem,
3043 4092 3102 4143 et
3129 4104 3262 4144 cum
3291 4089 3352 4144 in
3383 4105 3446 4145 se
3477 4085 3699 4145 cunctis
3726 4087 3890 4138 trans-

2277 4178 2522 4235 cendere
2572 4181 2809 4232 caeteros
2855 4176 3124 4246 aestimat,
3174 4192 3279 4250 per
3324 4176 3444 4234 lata
3499 4171 3889 4250 cogitationum

2276 4267 2466 4340 spatia
2495 4283 2694 4324 secum
2725 4264 3130 4332 deambulans,
3156 4265 3362 4323 laudes
3389 4284 3531 4323 suas
3561 4261 3761 4320 tacitus
3780 4255 3888 4312 cla.

2277 4356 2858 4426 mat.Nonnunquam
2886 4371 3020 4410 vero
3045 4355 3116 4409 ad
3149 4358 3376 4411 tantam
3406 4355 3708 4412 elationem
3738 4359 3886 4403 mens

2277 4444 2531 4516 ducitur,
2562 4447 2628 4498 ut
2655 4443 2715 4498 in
2745 4459 2810 4500 eo
2843 4443 2998 4515 quod
3031 4447 3222 4499 tumet
3249 4444 3426 4502 etiam
3457 4461 3558 4518 per
3583 4432 3888 4498 ostentatio-

2275 4551 2410 4590 nem
2440 4531 2752 4589 locutionis
2782 4532 3113 4588 eli'renctur.
3147 4531 3259 4588 Sed
3302 4536 3465 4588 tanto
3510 4527 3692 4587 facilis
3734 4521 3884 4580 ruina

2277 4623 2564 4696 sequitur,
2605 4624 2824 4694 quanto
2871 4621 3025 4692 apud
3074 4637 3138 4676 se
3187 4619 3438 4694 quisque
3486 4610 3882 4692 imprudentius

2277 4711 2584 4767 cxaltatur.
2619 4709 2764 4765 Hinc
2793 4707 2950 4764 enim
2994 4707 3280 4782 scriptum
3327 4714 3462 4766 est:
3513 4709 3641 4764 Ante
3684 4703 3882 4759 ruinam

2278 4801 2558 4856 crcaltatur
2583 4815 2676 4854 cor
2705 4798 2885 4871 (Prov.
2915 4815 2993 4866 v1,
3023 4799 3134 4866 18).
3170 4799 3312 4854 Hinc
3354 4815 3458 4872 per
3495 4792 3771 4854 Danielem
3797 4783 3878 4840 di-

2280 4889 2431 4946 citur
2463 4905 2476 4944 :
2509 4889 2569 4944 In
2599 4889 2733 4943 aula
2771 4887 3063 4959 Babylonis
3103 4885 3488 4944 deambulabat
3525 4900 3658 4950 rex;
3683 4889 3878 4947 mpm-

2277 4980 2461 5052 ditquo
2487 4985 2538 5034 et
2566 4979 2646 5032 ait
2675 4995 2696 5032 :
2723 4977 2911 5033 Nonne
2937 4975 3056 5033 haec
3103 4984 3183 5033 est
3207 4977 3452 5049 Babylon
3497 4986 3710 5042 magna,
3737 4975 3880 5052 quain

2277 5049 2382 5136 ego
2411 5067 2684 5136 mdiﬁcavi
2711 5067 2772 5122 in
2800 5065 3018 5122 domum
3043 5067 3218 5136 regni,
3250 5068 3314 5121 in
3358 5067 3545 5123 robore
3567 5049 3876 5136 [ονιὶιυάέτωέξ

2470 5133 2532 5210 iii
2579 5155 2756 5224 gloria
2801 5154 3009 5210 decoris
3035 5133 3190 5209 mei?
3217 5155 3378 5224 (Dan.
3413 5172 3487 5222 ιγ,
3515 5133 3601 5216 26,
3630 5144 3732 5216 27)·

2279 5245 2433 5300 hunc
2465 5247 2754 5298 tumorem
2785 5260 2964 5314 quam
2996 5241 3222 5298 concita
3268 5243 3522 5298 vindicta
3548 5228 3871 5309 represseriin

2277 5333 2433 5390 illico
2465 5333 2750 5405 adjungit,
2792 5331 2992 5388 dicens
3025 5349 3038 5387 :
3073 5331 3310 5403 Cumque
3355 5333 3526 5388 adhuc
3559 5338 3720 5384 sermo
3757 5316 3874 5405 esset

2277 5425 2338 5478 in
2367 5438 2459 5478 ore
2490 5401 2778 5493 regis,'vo.r
2805 5420 2872 5475 de
2899 5421 3027 5476 ccelo
3055 5423 3170 5476 ruit
3191 5401 3360 5477 {Tibi
3385 5421 3600 5483 dicitur,
3619 5401 3869 5493 Habiti”-

2275 5513 2506 5569 donosor
2540 5492 2642 5566 rex
2671 5529 2690 5564 :
2722 5511 2963 5582 Regnum
2992 5517 3146 5566 (imm
3191 5513 3452 5567 tumsth
3472 5505 3597 5571 a'te,
3623 5507 3670 5558 σε
3687 5495 3763 5591 ἀῖζ
3785 5492 3868 5591 ἂν·

2272 5602 2515 5657 minibus
2545 5607 2594 5656 te
2621 5599 2857 5671 ejicicnt,
2889 5607 3089 5655 etcum
3119 5599 3304 5656 bestiis
3331 5609 3382 5656 et
3408 5599 3538 5673 feris
3563 5591 3662 5649 erit
3679 5583 3869 5641 Μὺίια·

2275 5691 2352 5748 tio
2380 5697 2478 5746 tua
2503 5707 2522 5745 :
2551 5691 2741 5764 fenum
2770 5689 2928 5762 quasi
2958 5690 3046 5746 bos
3073 5689 3330 5760 cmucdes,
3360 5696 3413 5749 at
3435 5691 3622 5762 septem
3657 5677 3866 5744 ΜΡΝ
