4204 6474
349 469 468 528 877

1532 433 1634 535 ne
1678 474 2063 537 CAVENDlS
2109 477 2367 553 vrrus,
2417 479 2586 540 ETC.

3617 477 3762 550 '818

349 617 530 674 quam
553 601 2004 679 gravitcranimumvesaniainstigat.Colorquippc
2033 614 2086 676 Α
2117 610 2348 681 magnis
2389 610 2743 667 clamoribus
2789 615 2942 670 rixas
2974 616 3030 670 iu
3063 619 3234 673 corde
3263 621 3578 694 componit.
3612 624 3759 677 Tur-

349 689 572 764 pallore
603 690 879 756 afﬁcitur,
903 686 1055 746 oculi
1089 693 1518 772 deprimuntur,
1545 713 1710 749 mens
1742 697 2003 750 accendi-

347 783 468 844 tur,
492 783 550 834 et
571 779 836 834 membra
856 779 1213 852 frigescunt:
1239 782 1304 836 ﬁt
1326 782 1382 836 in
1407 778 1755 856 cogitatione
1788 784 1998 853 rabies,

345 867 409 924 in
434 868 713 924 dentibus
742 866 976 923 stridor.
1003 869 1264 942 Cumque
1295 871 1351 924 in
1387 871 1624 927 latebris
1654 873 1845 928 cordis
1875 890 1997 928 cre-

345 973 521 1014 scens
543 957 925 1013 absconditur
943 957 1165 1028 odium,
1191 959 1388 1016 dolore
1411 977 1559 1016 casco
1577 962 1833 1017 terebrat
1861 978 1997 1018 con-

346 1033 659 1104 scientiam
690 1045 904 1102 vulnus
943 1047 1261 1104 inclusum.
1295 1048 1387 1104 Nil
1420 1049 1615 1104 laetum
1649 1051 1718 1106 de
1749 1049 2000 1123 propriis

345 1133 509 1201 libet,
545 1125 685 1207 quia
714 1135 1111 1192 tabescentem
1151 1141 1406 1192 mentem
1431 1155 1539 1192 sua
1557 1156 1727 1210 poena
1749 1139 1994 1206 sauciat,

343 1237 525 1292 quam
558 1220 808 1278 felicitas
839 1227 1070 1295 torquet
1097 1223 1306 1280 aliena.
1339 1227 1684 1298 Quantaque
1735 1225 1996 1282 extranei

345 1308 540 1382 operis
563 1310 620 1365 in
645 1309 829 1366 altum
855 1311 1073 1366 fabrica
1083 1312 1321 1383 jacitur,
1349 1317 1512 1368 tanto
1545 1313 1995 1370 fundamentum

345 1399 566 1454 mentis
597 1397 786 1454 lividae
811 1399 1162 1472 profundius
1193 1401 1523 1467 sulI‘oditur,
1556 1405 1621 1456 ut
1649 1419 1764 1474 quo
1794 1403 1891 1458 alii
1923 1405 1994 1459 ad

343 1486 591 1544 meliora
613 1492 946 1560 properant,
971 1504 1037 1544 eo
1061 1487 1190 1561 ipsa
1213 1489 1469 1546 deterius
1497 1496 1648 1545 ruat.
1675 1496 1798 1558 Qua
1827 1491 1997 1548 ruina

339 1574 613 1632 videlicet
633 1575 808 1632 etiam
830 1575 975 1631 illud
999 1576 1339 1644 destruitur,
1365 1580 1519 1650 quod
1545 1579 1599 1634 in
1624 1579 1755 1635 aliis
1769 1580 1995 1636 actibus

342 1665 598 1738 perfecto
643 1681 816 1737 opere
859 1667 1183 1722 surrexisse
1232 1669 1566 1739 putabatur.
1600 1669 1745 1724 Nam
1779 1670 1996 1725 invidia

329 1770 478 1822 cum
502 1757 759 1810 mentem
781 1754 1139 1823 tabefecerit,
1165 1760 1376 1812 cuncta
1395 1773 1522 1828 quae
1546 1757 1829 1814 invenerit
1849 1759 1995 1816 bene

338 1836 514 1916 gesta
535 1842 850 1898 consumit.
875 1843 1038 1900 Unde
1064 1845 1210 1900 bene
1235 1861 1338 1917 per
1353 1845 1724 1902 Salomonem
1748 1848 1990 1905 dicitur:

2115 697 2248 752 bam
2275 697 2470 771 itaque
2501 700 2594 755 hic
2626 701 2788 758 intus
2819 703 3088 772 sustinet,
3123 723 3297 776 quem
3331 709 3558 779 pondus
3589 710 3759 766 vehe-

2110 802 2276 841 mens
2321 786 2695 845 inllammatze
2747 791 3118 863 cogitationis
3163 795 3394 865 premit.
3427 799 3654 862 Quanta
3682 799 3760 854 sit

2109 889 2245 946 ergo
2277 875 2592 932 iracundia:
2625 879 2798 952 culpa
2827 897 3272 954 pensemus,per
3291 900 3468 956 quam
3492 887 3758 942 mansue-

2107 963 2249 1018 tudo
2271 965 3143 1043 amittitur,superna3imaginis
3155 971 3482 1028 similitudo
3494 973 3748 1030 vitiatur.

2109 1049 2216 1104 Per
2241 1050 2388 1107 iram
2420 1055 2708 1126 sapientia
2737 1057 3019 1128 perditur,
3055 1062 3120 1113 ut
3149 1057 3290 1131 quid
3331 1076 3516 1132 quove
3551 1061 3752 1118 ordine

2107 1140 2400 1210 agendum
2433 1142 2510 1196 sit
2538 1143 2778 1198 omnino
2805 1145 3120 1212 nesciatur,
3147 1146 3296 1202 sicut
3325 1148 3609 1220 scriptum
3642 1154 3748 1216 est,

2106 1229 2196 1282 Ira
2227 1230 2287 1282 in
2315 1231 2445 1284 sinu
2487 1233 2647 1286 stulti
2675 1235 2965 1304 requiescit
2994 1234 3184 1306 (Eccle.
3207 1253 3308 1301 vn,
3347 1237 3455 1306 10),
3491 1238 3631 1310 quia
3658 1237 3750 1293 ni-

2106 1316 2322 1372 mirum
2353 1317 2747 1392 intelligentiae
2778 1320 2968 1377 lucem
3001 1323 3314 1392 subtrahit,
3329 1341 3464 1380 cum
3497 1331 3750 1382 mentem

2107 1407 2496 1475 promovendo
2527 1409 2976 1466 confundit.Per
3005 1411 3150 1466 iram
3180 1412 3298 1468 vita
3329 1412 3752 1482 amittitur,etsi

2106 1493 2394 1564 sapientia
2443 1496 2624 1550 teneri
2675 1497 2958 1565 videatur,
2993 1499 3147 1554 sicut
3177 1499 3462 1572 scriptum
3493 1506 3583 1557 est
3613 1519 3627 1556 :
3661 1503 3754 1558 Ira

2100 1581 2281 1652 perdit
2299 1585 2466 1638 etiam
2491 1585 2802 1655 prudentes,
2823 1587 2959 1658 quia
2976 1587 3196 1643 scilicet
3223 1589 3503 1646 confusus
3519 1591 3751 1646 animus

2105 1686 2475 1743 nequaquam
2501 1674 2894 1745 explet,etiam
2913 1675 2962 1730 si
2989 1677 3128 1748 quid
3162 1677 3482 1750 intelligere
3505 1681 3752 1751 pruden-

2103 1763 2192 1812 ter
2219 1759 2388 1814 valet.
2425 1760 2531 1815 Per
2559 1761 2706 1816 iram
2750 1762 2986 1834 justitia
3017 1764 3389 1838 relinquitur,
3423 1766 3577 1823 sicut
3606 1767 3748 1824 scri-

2103 1850 2267 1916 ptum
2302 1852 2390 1902 est
2425 1865 2436 1904 :
2471 1849 2561 1904 Ira
2590 1851 2701 1905 viri
2717 1852 2997 1922 justitiam
3045 1854 3143 1908 Dei
3188 1867 3299 1908 non
3327 1862 3582 1926 operatur
3610 1857 3743 1929 (Jac.

350 1932 470 1988 Vita
498 1933 756 1987 carnium
781 1934 993 1988 sanitas
1023 1933 1220 1998 cordis,
1247 1935 1471 2006 putredo
1518 1938 1720 1991 ossium
1779 1937 1996 1994 invidia
2023 1977 2071 2042 Β
2103 1950 2140 2000 I,
2159 1935 2270 2001 20),
2308 1937 2446 2008 quia
2477 1938 2617 1993 dum
2647 1939 2882 1995 turbata
2911 1957 3079 1996 mens
3101 1941 3394 2012 judicium
3423 1959 3540 1998 suae
3569 1933 3745 2000 ratio-

350 2023 504 2042 In..-“
559 2037 651 2042 _.-_-
705 2020 791 2042 nn\
850 2019 994 2042 n__:_l
1060 2021 1202 2042 -_2__
1262 2040 1289 2042 _
1311 2039 1360 2042 ,η
1412 2039 1495 2042 Ακρ
1523 2041 1526 2042 ,
1555 2040 1627 2042 ad,
1739 2025 1748 2036 ⁸
1791 2025 1803 2037 ο
1841 2025 1852 2037 ⁸
1907 2026 1936 2042 n
2104 2022 2194 2042 --2-
2237 2040 2248 2042 _
2272 2041 2277 2042 ,
2308 2041 2318 2042 κ
2344 2041 2352 2042 ,
2418 2041 2427 2042 κ
2510 2031 2520 2042 ι
2920 2030 2934 2042 ι
2975 2031 2998 2042 ιι
3067 2029 3125 2042 ιο.
3445 2031 3477 2042 ο-
3621 2037 3630 2042 .

340 2023 526 2088 (Prov.
558 2037 671 2088 XIV,
703 2020 815 2093 30).
849 2019 998 2088 Quid
1053 2021 1211 2077 enim
1262 2039 1365 2094 per
1403 2039 1660 2093 carnem,
1694 2025 1807 2080 nisi
1838 2025 1995 2080 infir-

341 2126 444 2165 ma
473 2109 742 2181 quaedam
773 2125 838 2164 ac
871 2113 1088 2177 tenera,
1111 2119 1167 2166 et
1197 2111 1335 2182 quid
1369 2128 1472 2183 per
1501 2130 1654 2180 ossa,
1680 2113 1794 2169 nisi
1824 2115 1994 2170 fortia

337 2201 474 2254 acta
493 2197 804 2270 signantur
823 2198 851 2253 ?
872 2198 942 2254 Et
963 2198 1228 2271 plerumq
1242 2216 1312 2254 ue
1337 2201 1642 2274 contingit,
1670 2208 1732 2257 ut
1752 2203 1992 2275 quidam

335 2303 475 2344 cum
507 2303 642 2342 vera
672 2286 864 2342 cordis
908 2285 1243 2343 innocentia
1274 2289 1333 2343 in
1365 2290 1665 2347 nonnullis
1695 2291 1819 2347 suis
1849 2292 1994 2348 acti-

335 2375 454 2433 hus
483 2365 704 2430 infirmi
737 2373 1064 2444 videantur,
1099 2377 1340 2448 quidam
1379 2395 1510 2434 vero
1551 2381 1677 2450 jam
1723 2383 1992 2453 quaedam

333 2467 474 2520 ante
484 2463 774 2520 humanos
785 2463 984 2520 oculos
995 2465 1236 2521 robusta
1247 2469 1676 2534 exerceant,sed
1695 2474 1890 2524 tamen
1909 2487 1995 2526 er-

335 2567 421 2624 ga‘
435 2539 684 2608 aliorum
707 2553 862 2608 bona
880 2551 1285 2609 intusinvidize
1311 2555 1641 2628 pestilentia
1668 2559 1988 2614 tabescant.

334 2641 491 2696 Bene
521 2657 629 2714 ego
660 2640 876 2698 dicitur
908 2658 921 2696 :
960 2642 1076 2697 Vita
1101 2645 1356 2698 carnium
1383 2647 1591 2700 sanitas
1621 2646 1820 2711 cordis,
1855 2647 1994 2718 quia

335 2727 386 2783 si
419 2729 635 2785 mentis
666 2728 1001 2786 innocentia
1039 2729 1384 2796 custoditur,
1417 2733 1592 2787 etiam
1624 2733 1671 2788 si
1705 2750 1822 2805 qua
1853 2733 1992 2790 foris

336 2817 578 2872 inﬁrma
597 2817 719 2874 sint
739 2818 1094 2890 quandoque
1124 2819 1493 2874 roborantur.
1520 2823 1587 2875 Et
1610 2827 1759 2876 recte
1790 2823 1990 2878 subdi-

327 2910 458 2972 .tur,
489 2905 726 2962 Putredo
754 2907 958 2962 ossium
988 2907 1224 2979 invidia,
1257 2909 1396 2978 quia
1428 2927 1529 2980 per
1557 2910 1754 2965 livoris
1784 2911 1990 2966 vitium

338 2998 478 3053 ante
499 2994 599 3050 Dei
621 2993 824 3052 oculos
844 3000 1091 3067 pereunt
1110 2996 1286 3052 etiam
1327 2997 1497 3052 fortia
1526 3003 1656 3054 acta
1682 2999 1988 3054 virtutum.

335 3083 490 3140 Ossa
519 3083 736 3156 quippe
766 3101 870 3156 per
895 3083 1176 3140 invidiam
1221 3090 1552 3156 putrescere
1581 3091 1689 3155 est,
1722 3089 1990 3160 quaedam

332 3172 517 3229 etiam
553 3173 794 3229 robusta
823 3173 1104 3246 deperire.
1137 3174 1248 3229 Sed
1279 3191 1385 3230 cur
1413 3173 1533 3230 haec
1559 3176 1630 3231 de
1662 3175 1880 3231 invidia
1909 3177 1993 3232 di-

336 3260 556 3330 cimus,
589 3260 784 3317 sinon
813 3261 988 3318 etiam
1029 3261 1278 3334 qualiter
1317 3267 1558 3319 eruatur
1603 3262 1992 3322 intimemus?

2103 2022 2198 2079 nis
2228 2031 2546 2096 exasperat,
2579 2043 2752 2083 omne
2782 2030 2934 2100 quod
2971 2029 3198 2086 fortiter
3225 2031 3504 2103 suggerit,
3519 2037 3745 2088 rectum

2103 2114 2287 2182 putat.
2322 2113 2428 2168 Per
2455 2112 2602 2170 iram
2633 2117 2821 2188 gratia
2850 2117 2976 2172 vitae
3007 2117 3240 2173 socialis
3271 2119 3578 2188 amittitur,
3595 2120 3747 2178 sicut

2101 2199 2386 2272 scriptum
2417 2205 2505 2257 est
2537 2219 2550 2257 :
2593 2204 2718 2259 Noli
2763 2221 2878 2260 esse
2923 2206 3178 2261 assiduus
3223 2219 3348 2260 cum
3378 2206 3600 2263 homine
3627 2211 3748 2264 ira-

2099 2287 2296 2359 cundo,
2327 2306 2396 2344 ne
2441 2289 2620 2346 discas
2673 2294 2895 2348 semitas
2952 2293 3090 2364 ejus,
3123 2301 3174 2348 et
3201 2309 3385 2349 sumas
3427 2295 3750 2352 scandalum

2101 2378 2310 2433 anima;-
2337 2385 2444 2433 tuze
2471 2380 2653 2445 (Prov.
2675 2383 2910 2450 xxn,24)
2944 2397 2958 2435 :
2992 2381 3131 2452 quia
3160 2380 3260 2453 qui
3291 2398 3354 2436 se
3387 2398 3456 2438 ex
3489 2383 3748 2441 humana

2101 2463 2323 2519 ratione
2341 2482 2453 2520 non
2473 2470 2780 2538 temperat,
2797 2484 3032 2524 necesse
3053 2473 3142 2524 est
3164 2475 3227 2524 ut
3247 2461 3569 2526 bestialiter
3587 2471 3749 2530 solus

2098 2551 2274 2606 vivat.
2300 2552 2406 2607 Per
2426 2553 2571 2608 iram
2605 2555 2915 2610 concordia
2941 2552 3255 2630 rumpitur,
3280 2557 3438 2613 sicut
3463 2549 3748 2632 scriptum
3798 2567 3806 2576 '

2100 2645 2191 2694 est
2222 2657 2236 2696 :
2273 2641 2364 2695 Vir
2389 2644 2670 2697 animosus
2696 2645 2848 2714 parit
2878 2647 3118 2712 rixas,et
3143 2647 3232 2701 vir
3258 2647 3558 2702 iracundus
3575 2648 3749 2720 effun-

2099 2728 2182 2784 dit
2208 2739 2427 2801 peccata
2459 2734 2638 2800 (Prov.
2662 2749 2776 2800 xw,
2799 2736 2910 2805 21).
2936 2735 3258 2791 Iracundus
3276 2736 3492 2808 quippe
3510 2743 3748 2809 peccata

2101 2819 2368 2885 ell'undit,
2401 2819 2539 2890 quia
2569 2819 2745 2875 etiam
2775 2821 2960 2876 malos
2992 2839 3139 2894 quos
3168 2823 3400 2878 incaute
3427 2825 3499 2879 ad
3531 2826 3748 2881 discor-

2102 2907 2259 2961 diam
2293 2914 2564 2979 provocat
2596 2911 2820 2980 pejores
2853 2909 3010 2965 facit.
3050 2911 3156 2965 Per
3180 2911 3327 2966 iram
3357 2911 3456 2966 lux
3484 2912 3744 2970 veritatis

2100 2995 2409 3064 amittitur,
2443 2996 2595 3052 sicut
2624 2996 2909 3069 scriptum
2941 3003 3067 3054 est:
3100 2998 3192 3054 Sol
3219 3015 3329 3054 non
3358 3000 3565 3056 occidat
3582 3019 3746 3074 super

2099 3084 2448 3140 iracundiam
2494 3093 2729 3140 vestram
2772 3086 2985 3156 (Ephes.
3019 3103 3096 3153 ιν,
3128 3087 3256 3158 26):
3291 3087 3428 3159 quia
3457 3105 3591 3145 cum
3624 3090 3744 3146 ira-

2101 3171 2320 3227 cundia
2377 3173 2552 3228 menti
2613 3173 2974 3230 confusionis
3031 3175 3304 3231 tenebras
3347 3175 3574 3249 incutit,
3609 3177 3746 3236 huic

2101 3260 2254 3316 Deus
2285 3261 2514 3316 radium
2549 3279 2667 3316 sua:
2709 3261 3058 3333 cognitionis
3103 3263 3428 3320 abscondit.
3463 3260 3745 3324 Per-iram

335 3349 590 3406 Difﬁcile
613 3367 868 3422 namque
889 3356 978 3405 est
999 3355 1065 3406 ut
1085 3351 1193 3406 hoc
1214 3350 1380 3407 alteri
1406 3369 1520 3407 non
1542 3352 1816 3424 invideat,
1837 3355 1991 3426 quod
2020 3338 2064 3406 C
2102 3351 2286 3404 sancti
2334 3350 2586 3422 Spiritus
2647 3349 2924 3422 splendor
2970 3349 3300 3407 excluditur
3331 3370 3345 3408 :
3378 3371 3493 3426 quo
3522 3360 3744 3427 contra,

323 3438 589 3512 adipisci
633 3438 779 3495 alter
823 3444 1054 3512 exoptat
1085 3457 1098 3496 :
1133 3441 1272 3512 quia
1329 3441 1616 3513 quidquid
1675 3443 1992 3514 temporale
2091 3439 2264 3509 juxta
2293 3442 2578 3493 vetustam
2610 3437 3077 3506 translationem,
3115 3440 3402 3513 scriptum
3432 3447 3553 3499 est:
3576 3444 3751 3516 Super

333 3528 682 3601 percipitur,
716 3533 879 3584 tanto
912 3529 977 3584 ﬁt
1002 3528 1201 3584 minus
1231 3529 1500 3603 singulis,
1535 3536 1752 3602 quanto
1783 3531 1990 3588 dividi-

330 3621 436 3673 tur
454 3615 516 3672 in
541 3615 745 3672 multis
770 3633 783 3672 :
808 3621 865 3673 et
885 3617 1100 3674 idcirco
1125 3618 1515 3675 desiderantis
1547 3626 1802 3675 mentem
1845 3619 1992 3676 livor

331 3704 649 3774 excruciat,
670 3704 811 3777 quia
839 3704 947 3762 hoc
981 3706 1135 3778 quod
1169 3707 1409 3779 appetit,
1429 3711 1530 3763 aut
1561 3707 1826 3762 funditus
1843 3707 1992 3764 alter

333 3792 634 3866 accipiens
682 3792 912 3860 adimit,
945 3798 1048 3850 aut
1089 3811 1124 3850 a
1155 3795 1479 3867 quantitate
1528 3795 1846 3868 restringit.
1880 3796 1985 3862 Qui

329 3898 472 3956 ergo
494 3881 695 3939 livoris
717 3887 881 3956 peste
898 3881 1066 3956 plene
1103 3901 1299 3940 carere
1333 3885 1644 3953 desiderat,
1680 3883 1839 3940 illam
1870 3884 1987 3939 hie-

329 3971 644 4029 reditatem
675 3971 904 4045 diligat,
938 3989 1116 4044 quam
1145 3973 1511 4028 cohmredum
1557 3990 1840 4029 numerus
1871 3989 1985 4028 non

319 4065 649 4136 angustat:
675 4078 802 4133 quis
821 4066 876 4118 et
891 4061 1167 4117 omnibus
1193 4079 1312 4117 una
1325 4066 1432 4128 est,
1452 4066 1508 4117 et
1538 4061 1786 4135 singulis
1815 4065 1938 4118 tota
1969 4079 1982 4117 :

325 4167 462 4223 quas
493 4153 658 4206 tanto
689 4149 906 4222 largior
935 4151 1286 4217 ostenditur,
1319 4153 1536 4223 quanto
1569 4151 1640 4205 ad
1675 4150 1825 4206 hanc
1856 4167 1984 4223 pcr-

325 4239 678 4312 cipientium
709 4238 1026 4298 multitudo
1057 4239 1357 4297 dilatatur.
1391 4241 1730 4296 Imminutio
1757 4257 1892 4313 ergo
1922 4239 1987 4295 li-

322 4328 487 4386 voris
512 4332 604 4385 est
651 4331 894 4386 affectus
953 4345 1200 4402 surgens
1255 4329 1493 4386 internae
1553 4329 1898 4397 dulcedinis,
1930 4333 1987 4384 et

327 4416 510 4491 plena
529 4433 690 4473 mors
714 4418 843 4491 ejus
864 4423 952 4474 est
973 4418 1264 4490 perfectus
1286 4436 1450 4474 amor
1469 4417 1983 4474 aeternitatisNam

328 4522 472 4562 cum
490 4522 660 4562 mens
684 4506 757 4563 ab
780 4506 959 4579 hujus
980 4506 1062 4562 rei
1082 4507 1340 4580 appetitu
1372 4506 1707 4576 retrahitur,
1731 4523 1858 4578 quin
1889 4522 1984 4562 ac-

323 4594 676 4668 cipientium
698 4611 944 4652 numero
965 4595 1237 4668 partitur,
1263 4599 1424 4650 tanto
1441 4595 1630 4667 magis
1652 4594 1982 4667 proximum

322 4683 546 4757 diligit,
577 4687 801 4756 quanto
831 4683 1028 4740 minus
1059 4701 1128 4740 ex
1150 4684 1414 4756 profectu
1445 4683 1603 4739 illius
1633 4701 1741 4738 sua
1769 4683 1986 4772 damna
2015 4705 2063 4772 D

321 4773 697 4848 pertimescit
729 4789 742 4830 :
779 4791 909 4846 quae
941 4773 989 4829 si
1025 4775 1276 4846 perfecte
1317 4771 1376 4827 in
1427 4789 1685 4828 amorem
1735 4771 1986 4828 caelestis

321 4861 534 4936 patrie
565 4861 815 4934 rapitur,
849 4861 1019 4934 plene
1068 4861 1245 4917 etiam
1279 4862 1338 4916 in
1385 4860 1630 4932 proximi
1681 4859 1988 4916 dilectione

322 4949 661 5010 solidatur:
696 4950 836 5023 quia
865 4967 1000 5007 cum
1032 4949 1197 5006 nulla
1227 4955 1455 5006 terrena
1496 4949 1806 5016 desiderat,
1842 4948 1987 5004 nihil

323 5043 422 5096 est
443 5039 602 5112 quod
627 5039 757 5110 ejus
779 5056 917 5113 erga
944 5038 1276 5112 proximum
1305 5038 1575 5094 charitati
1607 5037 1984 5094 contradicat.

321 5130 468 5194 Quae
500 5127 786 5184 nimirum
817 5127 1078 5184 charitas
1101 5127 1240 5199 quid
1263 5131 1352 5182 est
1372 5127 1526 5182 aliud
1562 5144 1740 5200 quam
1775 5126 1987 5182 mentis

317 5216 562 5284 oculus,
595 5216 698 5290 qui
729 5217 780 5274 si
820 5217 1037 5274 terreni
1083 5217 1301 5273 amoris
1334 5216 1567 5289 pulvere
1596 5217 1881 5289 tangitur,
1914 5217 1986 5273 ab

323 5305 578 5362 internis
609 5305 762 5362 lucis
793 5322 928 5362 mox
956 5306 1174 5362 intuitu
1205 5305 1378 5361 laesus
1414 5305 1890 5362 reverberatur?»

399 5395 568 5452 Alius
589 5395 687 5453 iraa
711 5411 776 5452 se
805 5395 1066 5452 dominio
1105 5394 1340 5451 stravit:
1362 5394 1567 5466 ecquid
1593 5393 1650 5448 in
1673 5395 1844 5450 corde
1874 5393 1986 5450 nisi

318 5483 529 5558 jurgia
547 5484 726 5540 etiam
751 5501 878 5557 quis
900 5484 1117 5541 desunt
1137 5483 1408 5556 peragit?
1434 5483 1534 5538 llic
1558 5499 1709 5554 saepe
1741 5500 1988 5554 praesen-

321 5578 416 5630 tes
451 5590 568 5630 non
601 5573 778 5642 videt,
813 5573 1157 5629 absentibus
1189 5572 1558 5638 contradicit,
1591 5571 1746 5626 inter
1775 5576 1985 5626 semet-

321 5661 528 5736 ipsum
550 5661 941 5719 contumelias
962 5663 1180 5744 prot'ert
1193 5665 1250 5716 et
1271 5661 1478 5733 recipit
1494 5677 1506 5716 :
1525 5659 1770 5730 receptis
1792 5664 1988 5715 autem

328 5749 544 5810 durius
572 5750 909 5828 respondet,
939 5755 1000 5810 et
1041 5765 1176 5809 cum
1224 5749 1325 5824 qui
1363 5747 1555 5808 obviet
1583 5747 1781 5808 nullus
1813 5747 1985 5824 adsit,

2099 3542 2258 3597 quem
2303 3529 2597 3598 requiescet
2642 3529 2876 3598 spiritus
2924 3545 3098 3595 meus,
3129 3531 3248 3584 nisi
3271 3547 3434 3604 super
3463 3531 3746 3603 humilem,

2097 3624 2148 3670 et
2179 3617 2440 3688 quietum,
2473 3625 2523 3672 et
2553 3625 2869 3674 trementem
2915 3635 3187 3675 sermones
3214 3636 3339 3676 suos
3363 3624 3386 3676 Ρ
3413 3621 3558 3676 Cum
3589 3621 3748 3678 enim

2099 3703 2378 3760 humilem
2403 3705 2640 3777 diceret,
2665 3705 2928 3778 quietum
2951 3707 3219 3778 protinus
3239 3703 3743 3784 adjunxit.Siergo

2095 3792 2182 3848 ira
2203 3794 2458 3865 quietem
2490 3794 2704 3849 mentis
2735 3795 3050 3864 subtrahit,
3075 3812 3242 3851 suam
3268 3800 3468 3852 sancto
3499 3798 3744 3870 Spiritui

2096 3881 2513 3938 habitationem
2545 3883 2804 3939 claudit:
2839 3885 3009 3953 cujus
3041 3884 3365 3940 recessione
3395 3885 3629 3943 animus
3651 3903 3744 3944 va-

2095 3987 2242 4028 cuus
2263 3971 2333 4027 ad
2357 3977 2618 4044 apertam
2643 3989 2776 4026 mox
2796 3971 3087 4028 insaniam
3120 3972 3438 4041 ducitur,et
3464 3990 3652 4047 usque
3666 3976 3739 4032 ad

2095 4060 2464 4132 superﬁciem
2479 4062 2550 4116 ab
2572 4060 2778 4116 intimo
2801 4057 3218 4133 cogitationum
3231 4062 3614 4120 fundamento
3629 4063 3746 4122 dis-

2094 4138 2496 4220 sipatur.Nam
2513 4147 2608 4203 irae
2625 4165 2742 4203 suae
2765 4147 3020 4205 stimulis
3037 4165 3350 4206 accensum
3362 4165 3461 4206 cor
3471 4149 3738 4224 palpitat,

2093 4253 2304 4310 corpus
2336 4236 2556 4306 tremit,
2590 4235 2792 4310 lingua
2823 4253 2886 4296 se
2910 4235 3212 4310 prmpedit,
3243 4237 3421 4294 facies
3472 4239 3740 4312 ignescit,

2093 4330 2512 4398 exasperantur
2541 4325 2714 4393 oculi,
2747 4329 2805 4381 et
2834 4342 3206 4398 nequaquam
3248 4331 3746 4400 recognoscuntur

2093 4415 2352 4471 noti.0re
2383 4415 2622 4486 quidem
2650 4413 2966 4471 clamorem
2997 4415 3341 4482 format,sed
3371 4432 3583 4474 sensus
3599 4417 3741 4492 quid

2091 4503 2350 4577 loquitur
2378 4504 2629 4576 ignorat.
2665 4504 2729 4560 ln
2759 4521 2872 4578 quo
2923 4503 3122 4576 itaque
3169 4503 3280 4561 iste
3319 4505 3391 4560 ab
3424 4507 3744 4580 arreptitiis

2090 4593 2260 4666 longe
2292 4596 2399 4662 est,
2431 4593 2533 4666 qui
2563 4593 2811 4650 actionis
2840 4610 2958 4649 suae
2991 4593 3263 4649 conscius
3293 4611 3410 4650 non
3437 4595 3563 4651 est?
3581 4595 3743 4652 Unde

2093 4684 2159 4738 ﬁt
2188 4681 2554 4754 plerumque,
2589 4687 2652 4738 ut
2681 4699 2870 4755 usque
2899 4683 2970 4738 ad
3017 4699 3232 4740 manus
3260 4683 3348 4739 ira
3375 4683 3660 4756 prosiliat,
3686 4689 3744 4741 et

2097 4788 2210 4844 quo
2242 4770 2388 4825 ratio
2419 4770 2653 4844 longius
2673 4771 2910 4840 recedit,
2933 4771 3210 4828 audacior
3229 4775 3539 4844 exsurgat:
3564 4788 3742 4845 seque

2095 4859 2290 4932 ipsum
2315 4860 2564 4916 retinere
2585 4859 2818 4916 animus
2840 4878 2952 4916 non
2975 4861 3146 4928 valet,
3171 4861 3310 4932 quia
3329 4861 3518 4917 factus
3539 4863 3628 4916 est
3646 4877 3744 4934 po-

2095 4949 2324 5004 testatis
2355 4948 2638 5018 alienae,et
2669 4967 2734 5006 eo
2767 4950 2928 5006 {uror
2959 4950 3222 5005 membra
3253 4950 3407 5004 foras
3435 4947 3495 5004 in
3527 4947 3742 5006 ictibus

2095 5038 2418 5110 exerit,quo
2441 5038 2600 5094 intus
2633 5039 2821 5112 ipsam
2845 5039 3242 5094 membrorum
3266 5037 3564 5092 dominam
3588 5054 3745 5094 men-

2094 5131 2212 5182 tem
2245 5127 2533 5198 captivam
2565 5132 2744 5182 tenet.
2776 5127 3103 5200 Aliquando
3135 5130 3332 5182 autem
3379 5143 3593 5183 manus
3627 5143 3742 5184 non

2095 5215 2400 5280 exerit,sed
2420 5217 2477 5271 in
2499 5215 2926 5272 maledictionis
2949 5215 3217 5288 jdculum
3251 5215 3514 5289 linguam
3543 5216 3742 5273 vertit.

2097 5305 2313 5360 Fratris
2339 5321 2592 5376 namque
2623 5304 2925 5360 interitum
2960 5303 3230 5377 precibus
3251 5303 3526 5377 exposcit,
3551 5309 3608 5360 et
3635 5304 3744 5362 hoc

2095 5393 2278 5448 Deum
2313 5397 2642 5466 perpetrare
2666 5391 3062 5466 expetit,quod
3086 5393 3208 5464 ipse
3238 5409 3546 5466 perversus
3567 5393 3744 5452 homo

2097 5483 2283 5538 facere
2333 5481 2419 5536 vel
2467 5481 2698 5550 metuit,
2731 5481 2817 5538 vel
2851 5482 3162 5538 erubescit.
3199 5483 3406 5556 Fitque
3434 5487 3501 5539 ut
3527 5487 3658 5540 voto
3687 5489 3747 5541 et

2095 5587 2233 5626 voce
2253 5569 2636 5626 homicidium
2658 5576 2922 5644 peragat,
2943 5571 3120 5626 etiam
3143 5589 3278 5628 cum
3300 5589 3334 5628 a
3355 5571 3591 5630 lesione
3620 5590 3748 5646 pro-

2097 5659 2236 5715 ximi
2259 5659 2530 5715 manibus
2543 5659 3084 5732 cessat.Aliquando
3097 5659 3185 5716 ira
3195 5662 3536 5735 perturbato
3547 5663 3746 5720 animo

2098 5749 2268 5823 quasi
2309 5765 2379 5808 ex
2400 5747 2627 5824 judicio
2677 5748 2978 5809 silentium
3008 5749 3234 5826 indicit,
3267 5755 3326 5810 et
3354 5768 3470 5830 quo
3499 5767 3562 5812 se
3591 5752 3746 5814 foras
