4204 6470
555 421 675 482 879

1332 419 1710 481 HINCMARI
1757 417 2000 480 RHEM.
2049 413 2408 477 ARGHIEP.
2455 417 2864 482 OPUSCULA
2907 419 3174 481 VARIA.

555 568 660 625 per
687 549 947 624 linguam
977 567 1093 606 non
1123 550 1414 623 exprimit,
1446 551 1606 607 intus
1650 550 1900 607 deterior
1933 548 2198 622 ignescit,
2230 548 2284 613 Α
2313 551 2370 604 et
2393 550 2679 622 quidquid
2711 568 2826 607 non
2857 551 3168 608 accesserit
3190 550 3420 608 lucrum
3451 552 3645 624 putet.
3664 551 3946 611 Secundus

560 644 624 695 ut
639 639 826 695 iratus
843 638 1098 712 quisque
1118 638 1563 695 collocutionem
1596 657 1762 695 suam
1788 638 2049 712 proximo
2071 637 2205 693 sub-

555 727 768 795 trahat,
802 731 861 783 et
889 726 1037 782 nihil
1067 727 1312 782 dicendo
1342 743 1519 800 quam
1555 727 1632 783 sit
1661 744 1898 782 aversus
1929 727 2103 782 dicat.
2134 727 2204 781 Et

555 833 984 888 nonnunquam
1015 815 1136 870 haec
1168 815 1383 872 silentii
1415 815 1690 872 severitas
1729 814 2049 887 disciplina:
2081 813 2202 870 dis-

556 904 958 980 pensationem
987 905 1159 978 gerit,
1179 903 1228 959 si
1256 908 1452 960 tamen
1485 904 1728 960 sollicite
1754 905 1812 959 in
1845 903 2074 959 intimis
2089 903 2205 958 dis-

554 994 912 1051 cretionibus
967 993 1153 1050 forma
1207 997 1494 1049 teneatur.
1555 994 1986 1066 Nonnunquam
2045 1009 2200 1059 vero,

555 1083 699 1140 dum
720 1098 1002 1140 accensus
1023 1081 1259 1138 animus
1281 1100 1315 1138 a
1335 1085 1615 1138 consueta
1644 1082 1938 1137 locutione
1968 1081 2204 1137 restrin-

552 1173 734 1247 gitur,
757 1189 861 1246 per
889 1188 1192 1228 accessum
1223 1171 1506 1242 temporis
1537 1170 1771 1250 penitus
1791 1188 1826 1226 a
1846 1169 2092 1243 proximi
2115 1170 2200 1224 di-

555 1260 800 1325 lectione
822 1263 1146 1334 separatur,
1181 1264 1238 1314 et
1265 1259 1516 1315 acriores
1561 1258 1782 1314 stimuli
1827 1260 1900 1314 ad
1945 1263 2200 1313 mentem

488 1357 508 1364 ‘
552 1349 1010 1418 veniunt,causae
1022 1365 1254 1420 quoque
1268 1365 1393 1420 qum
1406 1347 1643 1420 gravius
1657 1352 2000 1418 exasperant
2011 1347 2177 1402 oriun
2188 1378 2206 1390 -

553 1441 852 1510 tur,atque
881 1437 938 1492 in
971 1438 1101 1492 irati
1135 1437 1303 1491 oculo
1337 1438 1558 1492 festuca
1589 1437 1646 1490 in
1681 1437 1902 1490 trabem
1935 1436 2198 1501 vertitur,

554 1531 696 1585 dum
717 1528 805 1583 ira
825 1528 884 1582 in
903 1527 1104 1582 odium
1128 1530 1514 1598 permutatur.
1531 1525 1880 1597 Plerumque
1903 1524 1988 1579 ira
2008 1541 2110 1596 per
2130 1524 2202 1579 si-

553 1617 802 1674 lentium
824 1615 1025 1672 clausa
1044 1613 1198 1669 intra
1222 1619 1475 1670 mentem
1497 1613 1900 1669 vehementius
1911 1617 2203 1685 mstuat,et

553 1705 844 1764 clamosae
857 1702 1034 1760 tacita
1050 1719 1220 1759 voces
1242 1703 1670 1758 format.Verba
1683 1703 1794 1758 sibi
1808 1703 2024 1775 quibus
2035 1719 2200 1758 exas-

551 1792 1342 1870 peraturobjicit,etquasiin
1365 1809 1553 1847 causa:
1580 1791 1846 1847 examine
1861 1791 2072 1864 posita,
2099 1793 2203 1847 du-

549 1883 676 1940 rius
705 1885 1046 1954 exasperata
1088 1881 1422 1952 respondet,
1454 1881 1606 1952 quod
1643 1879 1919 1936 Salomon
1952 1880 2202 1936 breviter
2230 1915 2278 1982 Β

551 1973 814 2029 insinuat
843 1970 1044 2026 dicens
1077 1987 1090 2023 :
1123 1970 1464 2026 Prmslolatio
1502 1971 1800 2041 impiorum
1825 1972 1986 2042 furor
2013 1970 2194 2042 (Prov.

549 2079 630 2129 ιι,
654 2059 771 2132 23).
805 2058 1016 2131 Sicque
1046 2059 1113 2114 fit
1138 2061 1203 2113 ut
1230 2059 1608 2130 perturbatus
1651 2059 1886 2114 animus
1916 2059 2196 2130 majorem

551 2149 863 2223 strepitum
893 2147 955 2202 in
987 2163 1093 2202 suo
1124 2146 1354 2203 silentio
1386 2147 1618 2215 sentiat,
1635 2163 1768 2202 cum
1800 2163 1934 2202 eum
1964 2147 2198 2220 gravius

551 2238 753 2296 clausa
774 2237 1015 2293 flamma
1035 2235 1820 2292 consumit.Undebeneante
1839 2253 1946 2293 nos
1958 2235 2196 2308 quidam

552 2327 790 2400 sapiens
819 2325 965 2380 dixit
996 2343 1008 2382 :
1042 2324 1435 2398 Cogitationes
1484 2324 1748 2380 iracundi
1789 2325 2030 2397 viperea:
2060 2330 2200 2381 sunt

552 2415 980 2491 generationes,
1014 2418 1270 2470 mentem
1330 2415 1645 2469 comedunt
1698 2419 1944 2470 matrem
2004 2431 2194 2470 suam.

553 2504 870 2562 Sciendum
902 2521 1035 2560 vero
1064 2507 1154 2558 est
1181 2504 1335 2574 quod
1395 2503 1707 2558 nonnullos
1755 2503 1842 2558 ira
1887 2504 2063 2560 citius
2103 2521 2196 2559 ac-

555 2592 772 2662 cendit,
799 2591 1032 2648 facilius
1075 2592 1292 2648 deserit
1323 2609 1336 2646 :
1372 2591 1684 2648 nonnullos
1713 2609 1844 2648 vero
1875 2593 2037 2648 tarde
2067 2592 2198 2664 qui-

555 2684 689 2740 dem
719 2685 1064 2748 commovet,
1089 2681 1190 2736 sed
1221 2681 1426 2736 durius
1458 2685 1635 2736 tenet.
1658 2681 1766 2736 Alii
1802 2699 2076 2754 namque,
2110 2699 2200 2738 ac-

553 2771 747 2829 censis
776 2771 1020 2828 calamis
1050 2769 1293 2836 similes,
1327 2770 1468 2824 dum
1507 2770 1748 2826 vocibus
1801 2775 2192 2843 perstrepunt,

553 2860 723 2934 quasi
756 2860 1042 2934 quosdam
1075 2858 1437 2915 accensionis
1468 2875 1585 2914 sum
1616 2859 1845 2914 sonitus
1893 2859 2146 2915 reddunt
2179 2877 2193 2914 :

553 2949 728 3007 citius
769 2948 1008 3022 quidem
1059 2947 1358 3007 ﬂammam
1409 2948 1655 3013 faciunt,
1689 2949 1790 3002 sed
1841 2947 2106 3019 protinus
2136 2947 2196 3003 in

553 3039 812 3096 favillam
845 3038 1186 3112 frigescunt.
1220 3037 1329 3092 Alii
1379 3042 1594 3106 autem,
1628 3037 1803 3110 lignis
1832 3036 2196 3109 gravioribus

551 3128 1004 3200 durioribusque
1026 3143 1142 3183 non
1166 3126 1450 3198 dispares,
1475 3125 1877 3182 accensionem
1899 3125 2048 3180 tardi
2072 3142 2200 3182 sus-

551 3216 798 3291 cipiunt,
822 3217 924 3274 sed
943 3215 1172 3272 accensi
1195 3214 1374 3270 semel
1397 3214 1488 3269 dif
1487 3213 1698 3270 [icilius
1719 3214 2195 3288 exstinguuntur,

2309 641 2506 693 autem
2538 641 2832 696 servandae
2865 641 3335 696 mansuetudinis
3366 641 3589 696 modus
3617 644 3728 708 est,
3743 645 3806 696 ut
3830 657 3946 702 cum

2310 725 2531 783 alienos
2562 745 2835 786 excessus
2866 729 3207 802 aspicimus,
3241 733 3442 786 nostra
3495 728 3722 802 quibus
3749 729 3805 786 in
3834 729 3948 788 aliis

2310 815 2668 872 excessimus
2715 816 2930 873 delicta
2960 817 3304 890 cogitemus.
3337 817 3730 874 Considerata
3757 819 3948 891 quippe

2310 903 2624 961 infirmitas
2637 905 2871 978 propria
2889 904 3044 961 mala
3063 905 3234 960 nobis
3251 909 3500 961 excusat
3520 903 3948 970 aliena.Patien-

2311 997 2401 1046 ter
2425 1009 2679 1064 namque
2705 993 2930 1050 illatam
2961 993 3239 1066 injuriam
3290 993 3528 1061 tolerat,
3564 993 3669 1066 qui
3706 993 3948 1052 meminit

2311 1082 2465 1154 quod
2490 1083 2736 1139 fortasse
2755 1083 2948 1139 adhuc
2969 1082 3184 1138 habeat
3208 1083 3266 1138 in
3290 1099 3406 1155 quo
3440 1083 3662 1139 debeat
3692 1082 3812 1155 ipse
3828 1081 3944 1139 tele-

2310 1169 2448 1224 rari.
2470 1169 2542 1224 Et
2563 1168 2730 1241 quasi
2751 1186 2904 1242 aqua
2925 1170 3083 1244 ignis
3103 1169 3674 1243 exstinguitur,cum
3695 1175 3943 1243 surgente

2311 1257 2503 1313 furore
2525 1258 2702 1314 animi
2729 1276 2837 1315 sua
2856 1259 3066 1332 cuique
3079 1260 3150 1315 ad
3163 1263 3422 1316 mentem
3445 1259 3630 1332 culpa
3645 1263 3937 1326 revocatur,

2311 1346 2448 1418 quia
2476 1347 2766 1403 erubescit
2796 1353 3030 1420 peccato
3060 1366 3174 1404 non
3206 1339 3466 1421 parcere,
3487 1348 3594 1420 qui
3625 1348 3713 1403 vel
3743 1348 3850 1404 Deo
3865 1348 3936 1404 vel

2311 1435 2572 1507 proximo
2602 1453 2755 1508 saepe
2786 1437 2987 1492 recolit
3016 1439 3309 1509 parcenda
3338 1454 3644 1510 peccasse.

2382 1525 2492 1579 Sed
2525 1525 2677 1579 inter
2714 1525 2835 1580 hmc
2875 1525 3117 1582 solerter
3165 1526 3473 1581 sciendum
3524 1530 3638 1595 est,
3669 1525 3816 1598 quod
3844 1525 3935 1581 alia

2309 1618 2399 1670 est
2429 1615 2512 1669 ira
2542 1631 2718 1686 quam
2751 1615 3121 1686 impatientia
3148 1615 3379 1683 excitat,
3413 1615 3537 1671 alia
3589 1631 3765 1688 quam
3805 1613 3935 1670 zelus

2309 1703 2538 1759 format.
2577 1703 2681 1760 Illa
2709 1719 2778 1759 ex
2805 1703 2966 1772 vitio,
2998 1703 3120 1759 haec
3149 1721 3218 1760 ex
3266 1705 3488 1760 virtute
3539 1708 3862 1778 generatur.
3887 1702 3934 1759 Si

2309 1792 2466 1848 enim
2507 1791 2668 1848 nulla
2688 1791 2775 1848 ira
2795 1809 2864 1848 ex
2883 1793 3096 1849 virtute
3127 1796 3414 1866 surgeret,
3450 1793 3666 1849 divinae
3696 1791 3934 1849 animad-

2308 1880 2592 1937 versionis
2613 1881 2898 1954 impetum
2921 1880 3168 1938 Phinees
3189 1897 3292 1954 per
3313 1881 3588 1954 gladium
3612 1898 3725 1938 non
3747 1880 3934 1954 placas-

2307 1973 2415 2025 set.
2439 1969 2598 2026 Iianc
2619 1969 2765 2026 iram
2792 1969 2930 2042 quia
2951 1968 3074 2026 Heli
3109 1987 3223 2027 non
3254 1969 3486 2039 habuit,
3507 1973 3735 2027 motum
3763 1972 3936 2025 contra

2307 2075 2370 2114 se
2399 2057 2845 2130 implacabiliter
2880 2075 3145 2130 supernae
3203 2059 3450 2116 ultionis
3495 2056 3781 2119 excitavit.
3810 2056 3930 2114 Nam

2308 2164 2423 2219 quo
2445 2151 2646 2204 contra
2675 2147 3044 2204 subditorum
3076 2147 3218 2204 vitia
3246 2148 3458 2222 tepuit,
3476 2165 3547 2206 eo
3577 2150 3776 2204 contra
3791 2144 3931 2202 illum

2307 2235 2592 2292 districtio
2651 2236 2850 2292 aeterni
2909 2235 3150 2294 rectoris
3207 2237 3446 2294 exarsit.
3481 2237 3566 2293 De
3597 2236 3706 2293 hac
3733 2235 3814 2292 ira
3847 2249 3930 2307 per

2308 2325 2681 2381 Psalmistam
2741 2325 3000 2382 dicitur:
3046 2327 3362 2382 Irascimini
3416 2335 3471 2382 et
3519 2325 3690 2383 nolite
3740 2336 3930 2397 peccare

2305 2416 2480 2484 (Psal.
2511 2433 2587 2484 vr,
2613 2415 2690 2488 3).
2737 2416 2900 2482 Quod
2951 2414 3232 2472 nimirum
3265 2433 3381 2472 non
3411 2419 3574 2472 recte
3603 2411 3925 2486 intelligunt,

2308 2503 2406 2575 qui
2438 2503 2610 2559 irasci
2642 2521 2748 2560 nos
2779 2503 2948 2558 nobis
2977 2505 3538 2573 tantummodo,non
3569 2503 3743 2560 etiam
3772 2498 3927 2575 proxi-

2308 2591 2422 2648 mis
2453 2592 2927 2664 delinquentibus
2957 2592 3247 2649 volunt.Si
3267 2593 3430 2650 enim
3462 2593 3549 2650 sic
3579 2591 3855 2666 proximos
3871 2591 3925 2643 ut

2307 2698 2413 2737 nos
2445 2698 2642 2737 amare
2670 2681 3062 2754 praecipimur,
3096 2686 3277 2738 restat
3306 2686 3372 2738 ut
3401 2683 3492 2739 sic
3522 2697 3721 2738 eorum
3750 2692 3924 2736 erran-

2306 2770 2467 2826 tibus
2488 2770 2642 2826 sicut
2662 2770 2880 2826 nostris
2899 2769 3060 2827 vitiis
3079 2769 3518 2828 irascamur.De
3537 2771 3648 2827 hac
3665 2785 3764 2843 per
3788 2763 3920 2822 Salo-

2307 2877 2540 2916 monem
2573 2859 2786 2914 dicitur
2817 2876 2831 2914 :
2863 2859 3052 2916 Melior
3106 2867 3184 2916 est
3233 2862 3322 2916 ira
3369 2862 3493 2917 risu
3523 2859 3714 2930 (Eccle.
3744 2871 3833 2921 vn,
3859 2854 3918 2924 In),

2306 2951 2445 3023 quia
2473 2967 2576 3022 per
2604 2949 2906 3006 tristitiam
2934 2947 3134 3006 vultus
3164 2950 3482 3023 corrigitur
3501 2949 3734 3006 animus
3761 2942 3916 3002 delin-

2307 3039 2559 3111 quentis.
2593 3039 2673 3095 De
2701 3038 2813 3094 hac
2841 3037 3054 3095 iterum
3087 3037 3400 3096 Psalmista
3429 3039 3514 3096 ait
3547 3055 3560 3094 :
3599 3035 3922 3094 Turbamus!

2301 3144 2424 3202 prae
2471 3131 2558 3186 ira
2605 3129 2795 3184 oculus
2848 3145 3001 3185 meus
3060 3128 3229 3201 (Psal.
3262 3144 3340 3196 v1,
3373 3129 3452 3201 8).
3487 3128 3579 3184 Ira
3608 3125 3810 3199 quippe
3834 3132 3919 3192 per

2303 3218 2511 3274 vitium
2543 3217 2778 3274 oculum
2804 3217 3020 3274 mentis
3039 3217 3404 3286 excaecat,ira
3425 3222 3620 3274 autem
3642 3229 3740 3288 per
3756 3209 3918 3267 zelum

551 3285 867 3380 et—quia'se
896 3305 1123 3362 tardius
1154 3305 1213 3360 in
1245 3303 1616 3377 asperitatem
1651 3285 1963 3372 concitant,
1981 3305 2194 3360 furoris
2223 3285 2266 3352 (ἶ
2305 3307 2813 3380 turbatzquiaquo
2830 3306 3037 3362 saltem
3057 3306 3194 3362 recti
3215 3285 3587 3362 aemulatione
3601 3285 3916 3365 concutitur,

551 3397 646 3454 sui
675 3396 886 3452 durius
914 3395 1110 3468 ignem
1141 3399 1392 3450 servant.
1411 3394 1522 3449 Alii
1556 3398 1775 3462 autem,
1795 3395 1949 3467 quod
1981 3399 2070 3450 est
2103 3413 2196 3451 ne-

552 3484 750 3558 quius,
771 3489 830 3541 et
849 3485 1024 3540 citius
1045 3483 1360 3538 iracundia:
1391 3484 1659 3539 flammas
1690 3484 2065 3556 accipiunt,et
2087 3489 2196 3540 tar-

553 3573 688 3632 dius
705 3571 1308 3647 deponunt.Nonnulli
1333 3589 1466 3628 vero
1479 3572 1584 3628 has
1595 3577 1650 3628 et
1662 3573 1826 3628 tarde
1843 3572 2195 3646 suscipiunt,

551 3667 611 3720 et
655 3661 830 3720 citius
879 3663 1179 3718 amittunt.
1216 3661 1278 3717 In
1336 3661 1550 3734 quibus
1609 3661 1890 3716 nimirum
1947 3666 2200 3734 quatuor

552 3751 746 3809 modis
774 3751 1000 3825 liquido
1027 3749 1205 3807 lector
1235 3751 1518 3824 agnoscit,
1551 3750 1690 3822 quia
1716 3755 1773 3805 et
1800 3751 1873 3806 ad
1903 3751 2195 3824 tranquil-

550 3840 736 3898 litatis
767 3841 988 3898 bonum
1021 3839 1268 3896 ultimus
1290 3839 1424 3912 plus
1445 3857 1620 3912 quam
1643 3841 1872 3912 primus
1892 3840 2198 3914 appropin-

550 3933 714 4004 quat,
737 3935 795 3987 et
825 3930 884 3986 in
917 3929 1070 3986 male
1101 3929 1340 4001 quidem
1363 3930 1687 3986 secundum
1709 3930 1917 3984 tertius
1939 3935 2194 4003 superat.

550 4019 663 4077 Sed
693 4019 835 4092 quid
867 4019 1288 4092 prodestqued
1305 4017 1609 4074 iracundia
1629 4019 1919 4089 quomodo
1939 4024 2196 4074 mentem

549 4111 744 4165 teneat
771 4107 1045 4178 dicimus,
1077 4109 1124 4164 si
1158 4126 1274 4164 non
1305 4108 1482 4164 etiam
1513 4107 1765 4180 qualiter
1793 4109 2085 4180 compesci
2107 4110 2200 4164 de-

551 4195 688 4252 beat
702 4195 1140 4268 exprimamus?
1161 4197 1401 4253 Duobus
1421 4195 1638 4251 etenim
1660 4196 1850 4251 modis
1874 4196 2057 4252 fracta
2072 4215 2202 4269 pos-

551 4284 746 4342 sidere
775 4285 1040 4342 animum
1074 4286 1162 4342 ira
1189 4285 1500 4342 desuescit.
1530 4283 1760 4341 Primus
1785 4284 2000 4358 quippe
2019 4290 2200 4353 est,ut

550 4391 720 4432 mens
751 4373 1023 4442 sollicita,
1053 4378 1372 4446 antequam
1404 4389 1575 4446 agere
1622 4374 1907 4446 quidlibet
1935 4375 2196 4448 incipiat,

550 4479 756 4520 omnes
784 4463 894 4520 sibi
926 4481 1074 4537 quas
1105 4465 1222 4536 pati
1259 4468 1450 4536 potest
1473 4465 1860 4520 contumelias
1889 4469 2193 4537 proponat,

551 4555 842 4624 quatenus
875 4552 1278 4625 Redemptoris
1308 4552 1397 4606 sui
1433 4552 1643 4623 probra
1672 4554 1956 4626 cogitans,
1992 4555 2064 4610 ad
2097 4555 2196 4610 ad-

2305 3413 2373 3452 ea
2397 3414 2524 3469 quae
2553 3396 2664 3452 nisi
2689 3394 3004 3468 tranquillo
3025 3395 3196 3451 corde
3217 3394 3436 3468 percipi
3459 3411 3576 3451 non
3599 3393 3781 3466 potest
3803 3403 3916 3444 con-

2305 3486 2607 3561 templatio
2627 3485 3105 3559 dissipatur.lpse
3119 3501 3376 3556 namque
3389 3484 3550 3541 zelus
3563 3475 3914 3541 rectitudinis,

2305 3576 2446 3649 quia
2471 3575 2884 3649 inquietudine
2923 3578 3179 3630 mentem
3210 3573 3414 3648 agitat,
3447 3575 3576 3646 ejus
3603 3585 3731 3627 mox
3755 3563 3912 3623 aciem

2305 3665 2604 3732 obscurat,
2620 3667 2686 3719 ut
2708 3663 2916 3720 altiora
2947 3664 3005 3719 in
3036 3664 3432 3720 commotione
3455 3679 3569 3719 non
3593 3659 3791 3722 videat,
3808 3664 3914 3726 qua

2307 3755 2452 3811 bene
2481 3753 2645 3826 prius
2669 3751 2989 3826 tranquilla
3017 3753 3310 3809 cernebat.
3343 3752 3460 3808 Sed
3505 3750 3640 3807 inde
3666 3741 3911 3803 subtilius

2307 3845 2379 3899 ad
2410 3843 2530 3899 alta
2556 3842 3036 3909 reducitur,unde
3069 3842 3140 3898 ad
3170 3845 3408 3914 tempus
3438 3857 3511 3898 ne
3537 3838 3722 3894 videat
3748 3845 3912 3888 rever-

2307 3934 2564 3989 beratur.
2598 3932 2744 3988 Nam
2776 3931 2904 4004 ipsa
2932 3931 3073 3988 recti
3106 3929 3400 3986 aemulatio
3432 3935 3642 3986 aeterna
3659 3927 3780 3998 post
3795 3932 3914 3993 pau-

2306 4022 2495 4078 ]ulum
2519 4022 2576 4077 in
2610 4019 3096 4093 tranquillitatem
3125 4017 3346 4092 largius
3369 4017 3704 4094 aperit,qnaa
3730 4009 3818 4066 hic
3841 4005 3913 4061 ἱιι·⁵

2306 4112 2477 4168 terim
2507 4127 2610 4183 per
2638 4109 3091 4166 commotionem
3117 4107 3426 4180 claudit,et
3453 4107 3605 4164 unde
3633 4115 3786 4159 mens
3810 4100 3911 4183 tur

2307 4201 2482 4256 batur
2502 4182 2574 4255 ne
2593 4197 2944 4265 videat,inde
2964 4197 3196 4270 proficit
3222 4201 3288 4252 ut
3316 4197 3391 4253 ad
3421 4193 3725 4252 videndum
3741 4182 3908 4242 verine

2306 4288 2765 4356 clarescat,sicut
2793 4286 3115 4342 infirmanti
3145 4285 3312 4343 oculo
3343 4303 3478 4343 cum
3509 4278 3792 4354 collyrium
3813 4271 3905 4326 ὶωο

2307 4379 2580 4448 mittitur,
2612 4377 2712 4432 lux
2770 4375 3004 4448 penitus
3063 4380 3324 4444 necatur,
3356 4375 3459 4433 sed
3493 4370 3622 4429 inde
3649 4381 3768 4425 eam
3794 4357 3906 4433 Ροδι

2307 4466 2614 4542 paululum
2657 4465 2940 4522 veraciter
2985 4465 3211 4538 recipit,
3245 4466 3402 4522 unde
3431 4465 3579 4520 hanc
3607 4458 3674 4515 ad
3702 4459 3904 4542 templ“

2307 4541 2620 4614 salubriter
2649 4554 3206 4627 amittiLNunquam
3233 4571 3368 4611 vero
3401 4541 3758 4611 commotioni
3785 4549 3901 4627 con-

547 4657 720 4699 versa
739 4642 1042 4699 toleranda
1059 4659 1120 4698 se
1134 4644 1577 4714 praeparetﬂuzs
1605 4625 1883 4698 nimirum
1906 4643 2199 4700 venientia
2227 4661 2274 4725 ι)
2305 4644 2605 4718 templatio
2625 4643 2919 4717 jungitur,
2953 4625 3065 4700 nec
3090 4643 3362 4716 pravalet
3399 4657 3563 4700 mens
3604 4625 3901 4725 perturba“

547 4737 714 4792 tanto
773 4731 984 4788 fortius
1039 4730 1273 4802 excipit,
1303 4735 1523 4802 quanto
1570 4749 1632 4787 se
1681 4733 1914 4788 cautius
1948 4750 2016 4788 ex
2045 4751 2194 4806 pra:-

549 4822 797 4881 scientia
827 4820 1093 4878 armavit.
1129 4820 1235 4886 Qui
1285 4820 1439 4876 enim
1491 4820 1851 4893 improvidus
1891 4823 1963 4878 ab
1994 4823 2194 4896 adver-

549 4915 724 4971 sitate
753 4910 1408 4983 deprehenditur,quasi
1434 4911 1506 4965 ab
1539 4911 1701 4966 hoste
1734 4911 2198 4968 dormiensinve-

549 5003 989 5074 nitur,eumque
1020 4999 1195 5056 citius
1223 4999 1498 5055 inimicus
1521 5004 1706 5068 necat,
1733 4999 1870 5072 quia
1895 5018 2008 5057 non
2034 5018 2200 5072 repu-

551 5096 834 5166 gnantem
865 5090 1139 5163 perforat.
1173 5091 1316 5145 Nam
1351 5089 1452 5162 qui
1505 5089 1660 5145 mala
1701 5089 2071 5146 imminentia
2096 5107 2198 5162 per

551 5181 1009 5238 sollicitudinem
1041 5184 1343 5251 prmnotat,
1377 5179 1619 5242 hostiles
1651 5180 1922 5235 incursus
1943 5179 2112 5252 quasi
2137 5180 2195 5234 in

547 5269 784 5326 insidiis
811 5268 1062 5341 vigilans
1093 5273 1406 5340 exspectat,
1429 5273 1486 5324 et
1504 5267 1638 5324 inde
1669 5269 1740 5324 ad
1769 5269 2070 5324 victoriam
2093 5286 2194 5324 va-

549 5357 735 5414 lenter
763 5357 1108 5430 accingitur,
1142 5359 1296 5414 unde
1344 5357 1611 5413 nesciens
1643 5357 1997 5429 deprehendi
2025 5361 2192 5429 puta-

549 5446 742 5503 batur.
775 5446 1026 5503 Selerter
1049 5464 1184 5519 ergo
1214 5447 1447 5503 animus
1482 5453 1616 5504 ante
1644 5447 1889 5503 actionis
1921 5463 2038 5502 sua:
2071 5447 2193 5518 pri-

552 5535 780 5592 mordia
807 5541 1018 5592 cuncta
1047 5537 1219 5593 debet
1263 5539 1504 5594 adversa
1550 5536 1838 5603 meditari,
1869 5539 1936 5590 ut
1965 5552 2196 5609 semper

551 5624 675 5681 hec
703 5625 1226 5700 cogitans,semper
1255 5632 1454 5683 contra
1485 5626 1606 5682 haec
1637 5625 1874 5681 thorace
1903 5624 2192 5696 patientiae

552 5712 841 5788 munitus,
873 5717 931 5770 et
955 5716 1242 5792 quidquid
1275 5715 1587 5775 accesserit
1622 5713 1897 5789 providus
1938 5720 2190 5793 superet,

2304 4717 2637 4809 conspicere
2667 4735 2737 4790 ad
2773 4733 2926 4806 quod
2955 4732 3050 4788 vix
3092 4733 3413 4806 tranquilla
3465 4729 3612 4786 valet
3659 4717 3896 4809 inhiare:

2306 4825 2444 4898 quia
2463 4840 2569 4880 nec
2593 4822 2732 4879 solis
2755 4822 2956 4878 radius
2977 4822 3256 4890 cernitur,
3280 4838 3413 4878 cum
3437 4816 3724 4877 commotae
3740 4803 3899 4898 pub?

2305 4891 2433 4970 (ξωιί
2457 4913 2663 4970 faciem
2687 4912 2988 4968 obducunt
3003 4930 3017 4980 ;
3033 4928 3138 4968 nec
3157 4911 3428 4968 turbatus
3441 4909 3566 4966 fons
3576 4891 3898 4988 respicientis

2304 5003 2619 5077 imaginem
2643 4978 3038 5074 reddit,quam
3056 5001 3411 5074 tranquillus
3427 4978 3894 5083 proprieostfnq'

2305 5063 2460 5165 quia;
2464 5108 2579 5163 quo
2601 5091 2730 5162 ejus
2755 5063 2911 5147 unda
2931 5063 3286 5164 palpitat,eo
3306 5090 3366 5146 in
3390 5063 3451 5146 se
3471 5063 3706 5159 speciem
3723 5063 3895 5129 simili-

2303 5180 2528 5237 tudinis
2558 5181 2966 5236 obseurat.Sed
2989 5197 3124 5236 cum
3154 5197 3258 5255 per
3286 5179 3471 5236 zelum
3501 5172 3718 5232 animus
3735 5167 3896 5255 move:

2306 5275 2422 5338 tur,
2447 5270 2774 5326 curandum
2814 5253 3185 5343 summopere
3205 5275 3314 5340 est,
3338 5286 3411 5326 ne
3427 5268 3542 5323 haec
3559 5257 3763 5343 eadem.
3783 5253 3890 5343 fl“

2304 5359 2695 5415 instrumento
2707 5358 2938 5414 virtutis
2951 5338 3084 5415 assii
3094 5338 3888 5427 mitur,mentiiradomineturv

2304 5465 2376 5504 ne
2407 5448 2576 5522 quasi
2604 5447 2843 5504 domina
2869 5451 3099 5520 praaeat,
3124 5448 3224 5504 sed
3256 5423 3414 5503 velut
3440 5436 3637 5501 ancilla
3663 5429 3729 5487 ad
3753 5423 3890 5522 οιξδῗ

2303 5507 2509 5611 quidm
2542 5541 2764 5610 parata,
2798 5554 2832 5592 a
2863 5507 3107 5593 rationis
3153 5540 3316 5611 tergo
3355 5539 3641 5604 nunquam
3671 5507 3884 5611 recedat.

2302 5605 2468 5684 'i‘unc
2505 5605 2663 5683 enim
2713 5625 3014 5681 robustius
3073 5605 3274 5682 contra
3320 5625 3458 5681 vitia
3499 5605 3885 5703 (in?

2303 5718 2540 5777 subdita
2564 5713 2773 5775 rationi
2799 5714 3137 5774 famulatur.
3161 5715 3308 5774 Nam
3329 5693 3884 5796 quantumlibotil“!ex
