4204 6470
329 444 444 508 881

1509 447 1611 510 DE
1655 443 2043 509 CAVEN'DIS
2084 443 2340 523 VITIIS,
2388 446 2559 511 ETC.

327 579 453 640 zelo
503 577 872 638 rectitudinis
930 583 1152 654 surgat,
1187 577 1236 638 si
1279 579 1662 638 immoderate
1715 583 1970 638 mentem
2001 581 2058 649 Î‘
2086 578 2182 638 sit.
2216 581 2379 638 Unde
2410 581 2670 656 praecipit
2702 581 2986 642 Dominus
3015 586 3079 642 ut
3109 584 3352 660 gibbum
3381 581 3734 658 tolerans,id

324 668 548 738 vicerit,
583 668 794 726 rationi
824 669 1092 742 protinus
1122 669 1336 727 servire
1367 671 1707 739 contemnit,
1732 674 1790 727 et
1811 674 1974 726 tanto

326 777 390 817 se
421 759 822 833 impudentius
871 757 1098 828 dilatat,
1130 763 1350 831 quanto
1395 759 1769 834 impatientia
1814 759 1974 816 virus

321 847 601 904 virtutem
635 850 820 920 putat.
845 847 1010 904 Unde
1039 863 1274 904 necesse
1295 853 1384 905 est
1408 853 1472 905 ut
1491 849 1600 904 hoc
1621 852 1755 906 ante
1777 849 1976 904 omnia

325 938 428 1010 qui
458 935 578 993 zelo
609 935 976 993 rectitudinis
1003 940 1267 992 movetur
1297 939 1578 1008 attendat,
1607 955 1678 993 ne
1701 937 1787 992 ira
1814 941 1976 992 extra

324 1024 540 1082 mentis
569 1025 899 1081 dominium
927 1029 1223 1094 transeat;
1259 1026 1360 1081 sed
1393 1025 1452 1081 in
1484 1025 1704 1082 ultione
1753 1026 1972 1099 peccati

322 1119 559 1187 tempus
587 1114 948 1186 modumque
989 1113 1389 1182 considerans,
1422 1118 1757 1188 surgentem
1790 1114 1971 1170 animi

322 1203 824 1277 perturbationem
856 1201 1131 1259 subtilius
1179 1204 1584 1274 pertractando
1635 1202 1968 1274 restringat,

323 1291 760 1350 animositatem
827 1289 1126 1363 reprimat,
1186 1294 1245 1346 et
1300 1295 1494 1347 motus
1557 1291 1806 1347 fervidos
1863 1293 1972 1347 sub

323 1381 597 1454 mquitate
642 1379 936 1452 disponat,
970 1382 1036 1434 ut
1081 1395 1148 1434 eo
1189 1379 1290 1435 fiat
1311 1379 1532 1451 justior
1563 1379 1717 1434 ultor
1745 1378 1972 1436 alienus

321 1487 438 1543 quo
469 1468 634 1542 prius
664 1467 884 1548 exstitit
912 1467 1094 1524 vietor
1124 1485 1269 1525 suus
1301 1485 1314 1522 :
1349 1472 1640 1540 quatenus
1663 1467 1747 1524 sic
1767 1468 1970 1540 culpas

320 1556 791 1630 delinquentium
820 1555 1094 1630 corrigat,
1127 1559 1192 1612 ut
1233 1559 1367 1612 ante
1413 1555 1538 1629 ipse
1585 1555 1686 1628 qui
1735 1557 1973 1631 corrigit

320 1664 427 1722 per
454 1645 797 1720 patientiam
829 1649 1070 1714 crescat,
1107 1649 1172 1700 ut
1216 1645 1497 1701 fervorem
1548 1662 1723 1702 suum
1773 1650 1968 1702 trans-

319 1735 622 1794 cendendo
679 1733 977 1807 dijudicet,
1029 1750 1101 1789 ne
1152 1733 1609 1805 intemperanter
1663 1733 1967 1802 excitatus,

319 1826 450 1900 ipso
494 1824 616 1881 zelo
663 1821 1030 1880 rectitudinis
1062 1821 1232 1895 longe
1262 1840 1296 1878 a
1326 1821 1674 1879 rectitudine
1718 1825 1966 1879 aberret.

319 1913 609 1984 Quoniam
641 1913 742 1986 qui
772 1911 1154 1984 semetipsum
1188 1910 1350 1982 prius
1390 1927 1506 1966 non
1544 1910 1791 1982 judicat,
1827 1911 1968 1984 quid

319 2003 547 2062 malum
598 2005 752 2058 recte
795 1999 1026 2072 judicet
1075 1999 1324 2072 ignorat,
1360 2003 1417 2056 et
1445 1999 1494 2057 si
1529 1999 1686 2056 novit
1724 2001 1972 2057 fortasse

317 2111 425 2168 per
473 2091 742 2149 auditum
791 2091 945 2162 quod
997 2093 1150 2144 recte
1192 2088 1461 2160 judicare
1501 2089 1730 2157 debeat,
1770 2094 1968 2146 tamen

307 2181 580 2256 judicare
611 2178 802 2236 aliena
843 2177 1053 2234 merita
1101 2194 1218 2233 non
1263 2177 1434 2247 valet,
1468 2177 1562 2234 cui
1610 2179 1969 2236 conscientia

313 2268 664 2327 innocentiae
694 2265 939 2342 propriae
971 2264 1195 2321 nullam
1210 2265 1420 2338 judicii
1443 2267 1704 2340 regulam
1730 2268 1964 2338 przebet.

317 2359 488 2418 Prius
516 2357 673 2416 enim
699 2356 812 2429 ipsi
844 2354 1135 2428 purgandi
1179 2359 1336 2423 sunt,
1372 2372 1476 2428 per
1521 2372 1669 2428 quos
1717 2355 1966 2412 aliorum

315 2447 502 2520 eulpae
533 2444 842 2513 feriuntur,
876 2447 942 2498 ut
969 2442 1080 2515 ipsi
1105 2443 1233 2514 jam
1281 2443 1486 2498 mundi
1535 2460 1637 2516 per
1685 2443 1965 2500 ultionem

312 2535 572 2602 veniant,
605 2533 705 2607 qui
753 2532 1003 2589 aliorum
1053 2530 1192 2588 vitia
1240 2531 1528 2604 corrigere
1571 2531 1871 2600 festinant,
1911 2537 1968 2590 et

313 2642 454 2684 eum
482 2627 686 2681 contra
713 2639 821 2680 nos
852 2620 998 2678 ultio
1027 2620 1209 2676 divini
1251 2620 1540 2676 examinis
1589 2625 1798 2688 cessat,
1831 2639 1964 2678 nos-

309 2719 407 2772 tra
435 2729 498 2771 se
545 2709 904 2769 conscientia
950 2709 1080 2782 ipsa
1126 2708 1534 2781 reprehendat,
1566 2713 1740 2780 atque
1779 2711 1852 2766 ad
1882 2708 1964 2766 la-

311 2806 513 2862 menta
535 2798 886 2875 pmnitentiaz
909 2797 1039 2870 ipsa
1055 2813 1116 2852 se
1137 2801 1339 2852 contra
1358 2797 1734 2870 semetipsum
1756 2797 1961 2870 erigat,

311 2908 421 2950 nec
451 2893 656 2947 contra
680 2888 865 2944 bonos
895 2885 1064 2952 elata,
1099 2889 1157 2941 et
1186 2883 1297 2941 sibi
1329 2883 1594 2956 humilis,
1629 2885 1729 2941 sed
1762 2890 1966 2942 contra

308 2999 376 3039 se
408 2978 598 3054 rigida
625 2977 735 3046 sit;
767 2974 938 3032 bonis
964 2991 1100 3030 vero
1130 2973 1407 3029 omnibus
1441 2973 1754 3030 submissa.
1791 2975 1962 3030 Sum-

306 3085 551 3143 mopere
583 3065 761 3140 igitur
790 3065 912 3120 haec
931 3063 1070 3118 vitia
1091 3061 1407 3135 unicuique
1432 3061 1690 3118 tendenti
1715 3063 1785 3118 ad
1808 3067 1964 3140 sateg-

305 3174 450 3217 nam
479 3155 658 3214 vitam
689 3154 947 3211 cavenda
975 3155 1132 3221 sunt,
1168 3169 1271 3224 per
1299 3168 1426 3224 qua:
1477 3150 1744 3208 diabolus
1774 3168 1961 3224 genus

2082 673 2172 728 est
2203 671 2448 728 terrenis
2477 671 2732 741 inhians,
2769 690 2884 729 non
2913 673 3113 730 offerat
3133 691 3314 747 panes
3335 676 3582 734 Domino
3603 693 3732 736 suo.

2083 760 2153 816 Et
2182 759 2455 832 superbia
2485 763 2542 815 et
2570 778 2716 816 vana
2747 760 2935 834 gloria
2970 761 3188 818 habent
3235 763 3506 836 spiritum
3534 765 3594 823 in
3625 765 3737 825 alis

2083 847 2378 904 milvinis:
2415 849 2692 920 quoniam
2723 848 2982 906 actiones
3024 849 3261 906 illarum
3311 852 3542 910 diabolo
3592 859 3736 913 sunt

2082 935 2468 1008 proculdubio
2518 936 2762 1006 similes,
2814 938 2914 1010 qui
2964 937 3281 994 insidiatur
3327 957 3558 1014 semper
3603 942 3732 1000 vitea

2083 1025 2481 1098 parvulorum.
2509 1027 2578 1081 Et
2627 1026 2819 1082 levant
2869 1027 3058 1099 ipsam
3109 1029 3476 1100 amphoram,
3511 1030 3736 1088 scilicet

2081 1113 2482 1186 cupiditatem,
2519 1115 2668 1170 inter
2699 1119 2914 1170 terram
2937 1119 2994 1170 et
3024 1116 3258 1185 cmlum,
3290 1117 3430 1189 quia
3459 1119 3736 1192 superbia

2081 1207 2140 1258 et
2167 1220 2315 1258 vana
2346 1203 2530 1276 gloria
2558 1203 2667 1258 hoc
2696 1204 2996 1275 proprium
3031 1205 3266 1272 habent,
3292 1209 3359 1260 ut
3385 1224 3520 1262 eum
3554 1225 3732 1280 quem

2080 1289 2388 1346 infecerint
2416 1291 2474 1346 in
2509 1290 2856 1363 cogitatione
2881 1310 2988 1347 sua
3009 1310 3186 1365 super
3205 1297 3440 1350 caeteros
3461 1295 3732 1353 homines

2079 1379 2377 1444 extollant,
2411 1385 2469 1434 et
2500 1381 2673 1435 modo
2706 1397 2808 1452 per
2839 1381 3126 1436 ambitum
3173 1399 3390 1449 rerum,
3425 1385 3598 1440 modo
3629 1402 3734 1458 per

2081 1466 2436 1523 desiderium
2467 1468 3034 1540 dignitatum,quem
3059 1470 3240 1526 semel
3263 1475 3498 1544 captum
3527 1476 3730 1531 tenue-

2079 1559 2218 1610 runt
2239 1557 2404 1628 quasi
2435 1555 2495 1612 in
2528 1557 2747 1612 honore
2767 1557 3097 1613 altitudinis
3123 1559 3371 1626 elevant,
3393 1563 3452 1616 et
3473 1566 3730 1618 mentem

2078 1661 2183 1716 per
2213 1645 2514 1701 avaritiam
2549 1646 2628 1700 ita
2657 1644 2982 1714 elcvant,ut
3003 1646 3300 1718 quoslibet
3318 1648 3616 1720 proximos
3636 1651 3732 1708 de-

2079 1733 2392 1806 spicientes
2425 1734 2590 1807 quasi
2624 1735 2916 1802 deserant,
2949 1739 3006 1790 et
3035 1734 3153 1790 alta
3198 1735 3514 1808 gloriantes
3557 1755 3730 1812 expe-

2079 1825 2226 1878 tant.
2279 1823 2389 1878 Sed
2439 1822 2584 1878 tales
2631 1823 2869 1896 quique,
2905 1823 3044 1878 dum
3105 1824 3474 1897 superbiant,
3525 1829 3584 1882 et
3629 1842 3728 1885 eos

2045 1969 2054 1987 Îµ
2079 1915 2272 1966 mente
2304 1915 2610 1968 transeunt
2639 1927 2774 1966 cum
2804 1911 3021 1984 quibus
3052 1917 3209 1981 sunt,
3243 1917 3302 1970 et
3325 1914 3726 1987 superioribus

2078 1997 2303 2056 civibus
2332 2000 2944 2074 minimejunguntur.
2968 2001 3038 2056 Et
3059 2001 3188 2073 ipsa
3209 2003 3492 2074 amphora
3512 2003 3728 2060 dicitur

2077 2088 2296 2159 portari
2324 2087 2383 2144 in
2415 2092 2631 2144 terram
2661 2089 2944 2155 Sennaar,
2976 2105 3104 2161 qua:
3135 2088 3553 2164 interpretatur
3587 2095 3728 2164 fetor

2075 2191 2263 2233 eorum
2282 2195 2301 2231 :
2323 2177 2462 2250 quia
2490 2177 2654 2233 radix
2681 2181 2770 2234 est
2797 2177 3063 2234 omnium
3092 2177 3381 2234 malorum
3408 2179 3722 2252 cupiditas,

2077 2269 2135 2321 et
2161 2265 2301 2336 quia
2331 2265 2632 2337 quodlibet
2661 2265 2884 2321 malum
2911 2283 3012 2337 per
3031 2265 3334 2321 avaritiam
3355 2266 3728 2339 gignitur,di~

2075 2370 2260 2426 gnum
2289 2358 2378 2409 est
2407 2357 2472 2409 ut
2501 2354 2714 2410 domus
2744 2353 2996 2410 avaritiae
3025 2354 3083 2408 in
3115 2355 3293 2409 fetore
3330 2357 3724 2425 construatur,

2078 2459 2204 2514 qua:
2238 2441 2551 2497 nonnullos
2582 2442 2736 2514 cogit
2765 2442 2994 2498 timoris
3019 2441 3104 2496 vel
3139 2443 3357 2498 amoris
3387 2442 3487 2498 Dei
3519 2442 3724 2500 oblivi-

2077 2530 2181 2598 sci,
2203 2535 2260 2586 et
2280 2531 2413 2588 boni
2439 2530 2693 2587 nominis
2714 2530 3046 2603 opinionem
3069 2529 3492 2602 relinquere,et
3508 2535 3725 2589 sanctis

2076 2617 2375 2691 religionis
2405 2635 2470 2674 ac
2495 2619 2629 2674 fidei
2661 2619 3082 2686 odorem,unde
3111 2619 3397 2690 scriptum
3419 2622 3546 2677 est:
3571 2619 3726 2678 Chri-

2073 2709 2149 2763 sti
2179 2707 2347 2764 bonus
2377 2707 2508 2764 odor
2535 2724 2724 2763 sumus
2753 2709 2860 2763 Deo
2889 2707 2966 2777 (II
2991 2707 3111 2763 Cor.
3145 2725 3205 2775 Î¹Î¹,
3241 2707 3348 2777 15).

2711 2821 2940 2878 CAPUT
2980 2823 3076 2878 III.

2069 2915 2153 2967 De
2170 2911 2502 2985 juranwntis
2532 2919 2584 2966 et
2604 2911 2909 2985 peijuriis;
2938 2910 3077 2985 quod
3105 2913 3227 2985 sine
3245 2912 3368 2985 dolo
3387 2912 3713 2985 jurandum,

2141 2989 2194 3054 et
2217 2981 2348 3052 ï¬des
2386 2983 2549 3038 etiam
2597 2981 2738 3037 hosti
2781 2981 3046 3038 servanda
3073 2984 3186 3050 sit;
3213 2991 3265 3039 et
3289 2983 3354 3039 de
3381 2981 3714 3054 curiositate,

2141 3052 2491 3121 detrartione,
2523 3055 2860 3125 peccatisquc
2884 3055 3284 3124 cogitationum.

2141 3151 2220 3206 Dc
2231 3151 2586 3223 juramentis
2606 3151 2857 3207 vitandis
2881 3151 3254 3224 ncgligere,et
3265 3167 3415 3225 saepe
3427 3153 3713 3226 quosdam

303 3249 638 3306 humanum
671 3243 743 3299 ad
765 3245 980 3298 aeterna
1007 3239 1296 3314 supplicia
1337 3239 1567 3296 trahere
1613 3239 1870 3310 festinat,
1905 3244 1962 3296 et
2069 3239 2142 3294 ad
2173 3238 2482 3307 fallaciam,
2515 3244 2573 3294 et
2602 3243 2666 3294 ut
2697 3239 2826 3312 ipsa
2855 3238 3085 3295 faliacia
3112 3240 3390 3296 abscondi
3413 3240 3716 3314 possit,so~

303 3338 421 3395 hoc
449 3336 526 3393 ab
555 3333 722 3390 initio
751 3331 982 3406 generis
1013 3329 1257 3386 humani
1287 3329 1546 3402 incmpit,
1569 3333 1626 3384 et
1654 3345 1757 3401 per
1785 3346 1958 3386 omne
1989 3314 2032 3381 C
2069 3327 2190 3383 lent
2220 3345 2334 3384 non
2367 3327 2558 3384 solum
2591 3329 2662 3383 ad
2687 3327 3068 3400 jurationem,
3093 3329 3194 3384 sed
3225 3331 3282 3383 et
3314 3327 3608 3386 interdum
3639 3331 3714 3386 ad

301 3431 548 3498 tempus
577 3421 774 3479 saeculi
802 3421 982 3494 hujus
1002 3419 1063 3474 in
1085 3419 1193 3474 hoc
1214 3436 1389 3474 suum
1421 3417 1684 3474 studium
1715 3423 1958 3474 exercet.

305 3511 611 3586 Superbia
642 3509 882 3582 quidem
905 3506 1111 3562 faciem
1135 3506 1314 3562 menti
1338 3507 1464 3560 Eva:
1486 3505 1959 3578 supposuit,cum

304 3603 466 3660 hanc
495 3600 566 3656 ad
590 3596 1022 3655 contemnanda
1041 3595 1216 3650 verba
1237 3593 1551 3649 Dominieae
1565 3593 1856 3665 jussionis
1878 3593 1962 3648 in-

299 3689 562 3764 stigavit.
593 3686 826 3744 Invidiae
855 3701 1088 3758 quoque
1121 3684 1358 3739 flamma
1379 3683 1516 3737 Cain
1545 3682 1808 3738 animum
1835 3701 1962 3738 suc-

301 3779 526 3848 cendit,
561 3793 695 3834 eum
725 3776 796 3830 de
843 3777 1077 3846 accepto
1109 3771 1304 3828 fratris
1336 3770 1620 3827 sacrificio
1663 3771 1871 3839 doluit,
1903 3776 1960 3827 et

298 3885 411 3946 p'er
435 3867 546 3924 hoc
575 3881 763 3938 usque
794 3863 866 3918 ad
895 3860 1198 3918 fratricidii
1231 3860 1457 3916 facinus
1484 3859 1960 3932 pervenit.Luxu-

296 3958 400 4016 riae
429 3955 660 4013 facibus
691 3969 792 4010 cor
819 3949 1148 4008 Salomonis
1178 3947 1602 4020 exussit,quem
1640 3952 1797 4003 tanto
1828 3966 1956 4004 mu-

294 4046 546 4104 lieribus
578 4057 775 4100 amore
806 4039 1092 4107 subdidit,
1123 4041 1189 4092 ut
1218 4053 1406 4110 usque
1437 4038 1510 4091 ad
1543 4036 1832 4092 idolorum
1863 4053 1956 4091 ve-

293 4133 672 4192 nerationem
695 4128 1155 4197 deductus,dum
1177 4125 1371 4181 carnis
1400 4124 1844 4181 delectationem
1866 4143 1960 4182 se-

291 4219 865 4299 quitur,Conditoris
887 4216 1218 4273 reverentia:
1243 4214 1960 4271 oblivisceretur.Avaritia

293 4329 537 4389 quoque
552 4310 750 4367 Achab
769 4308 1034 4364 animum
1053 4303 1604 4372 concremavit,cum
1621 4320 1752 4360 eum
1773 4303 1844 4360 ad
1863 4321 1959 4376 ap-

293 4402 616 4478 petendam
638 4399 871 4455 vineam
894 4395 1145 4452 alienam
1175 4393 1620 4466 impatientibus
1649 4391 1956 4448 desideriis

292 4491 561 4566 impulit,
595 4492 653 4545 et
684 4505 785 4560 per
813 4486 924 4542 hoc
955 4500 1139 4556 usque
1163 4483 1236 4538 ad
1259 4485 1486 4537 reatum
1512 4479 1812 4536 homicidii
1834 4498 1958 4554 per-

292 4581 498 4640 traxit.
533 4579 664 4635 llasc
693 4580 782 4632 est
809 4574 966 4632 enim
997 4573 1283 4646 amphora
1313 4589 1378 4627 os
1410 4573 1675 4642 apertum
1705 4570 1952 4638 habens,

2068 3416 2390 3488 perjurium
2423 3416 2740 3488 impellere,
2775 3421 2982 3489 prmtcr
3010 3415 3172 3472 illam
3197 3417 3557 3488 jurationem
3587 3433 3716 3491 quae

2069 3523 2137 3560 ex
2155 3505 2311 3560 mala
2329 3505 2754 3561 consuetudine
2771 3505 3077 3560 hominum
3097 3505 3304 3562 usibus
3320 3505 3716 3576 inolevit,cum

2069 3593 2370 3665 Scriptura
2400 3593 2554 3649 dicat
2586 3612 2599 3650 :
2641 3595 2732 3648 Vir
2759 3595 2995 3648 multum
3014 3595 3219 3666 jurans
3247 3611 3358 3650 non
3379 3595 3716 3668 justiï¬cabi-

2068 3689 2159 3736 tur
2185 3683 2367 3754 (Ereti.
2401 3700 2556 3750 xxm,
2594 3683 2700 3754 11).
2733 3682 3105 3737 Consuetudo
3136 3683 3292 3737 enim
3324 3683 3454 3754 ejus
3483 3699 3598 3738 non
3628 3687 3718 3740 est

2067 3772 2240 3826 bona.
2283 3775 2573 3837 Quantum
2639 3789 2770 3827 vero
2819 3770 3204 3827 temeritatem
3245 3770 3487 3842 jurandi
3535 3771 3713 3828 vitare

2067 3861 2404 3928 debeamus,
2439 3864 2495 3915 et
2527 3861 2648 3932 ipse
2679 3859 2988 3933 Evangelio
3037 3860 3342 3928 Dominus,
3372 3863 3430 3914 et
3457 3860 3713 3916 Jacobus

2065 3946 2126 4001 in
2157 3945 2402 4018 epistola
2435 3964 2541 4001 sua
2565 3947 2733 4001 docet
2761 3947 2961 4001 dicens
2985 3963 2998 4000 :
3023 3946 3155 4001 Ante
3182 3947 3368 4024 omnia
3395 3949 3716 4020 autem,fra-

2066 4043 2172 4092 tres
2199 4037 2327 4104 mei,
2358 4037 2526 4090 nolito
2555 4035 2770 4106 jurare,
2801 4052 2976 4108 neque
3017 4052 3118 4106 per
3158 4036 3369 4103 corium,
3401 4052 3574 4108 neque
3616 4049 3716 4110 per

2067 4133 2288 4193 terram,
2319 4141 2492 4196 neque
2512 4141 2612 4196 per
2639 4124 2798 4180 aliud
2827 4124 3178 4197 quodcunque
3199 4125 3620 4196 juramentum;
3642 4127 3718 4182 sit

2063 4222 2246 4270 autem
2273 4230 2449 4270 sermo
2477 4221 2668 4280 vester,
2698 4215 2807 4281 Est,
2835 4222 2930 4282 est,
2966 4214 3102 4280 Non,
3134 4231 3266 4280 non,
3297 4221 3360 4270 ut
3383 4229 3490 4271 non
3513 4215 3614 4270 sub
3625 4216 3716 4288 ju-

2065 4303 2206 4358 dicio
2256 4302 2515 4358 decidatis
2546 4302 2754 4370 (Matth.
2788 4320 2844 4368 v,
2877 4303 2980 4370 34;
3011 4304 3124 4358 Jac.
3157 4320 3212 4370 v,
3249 4303 3376 4372 i2):
3414 4301 3514 4358 illo
3556 4302 3714 4360 vide-

2064 4392 2200 4448 licet
2221 4392 2468 4464 judicio,
2501 4392 2612 4447 sub
2646 4409 2760 4464 quo
2792 4391 3011 4446 decidit
3040 4391 3317 4458 Herodes,
3349 4395 3415 4446 ut
3443 4390 3530 4448 vel
3559 4392 3715 4465 peje-

2064 4499 2212 4548 rare,
2245 4480 2332 4537 vel
2365 4479 2689 4552 perjurium
2722 4481 2976 4535 cavendo
3008 4479 3166 4535 aliud
3213 4495 3451 4536 necesse
3479 4478 3718 4537 haberet

2063 4573 2296 4644 patrare
2327 4569 2635 4642 ï¬‚agitium.
2660 4570 2733 4624 At
2763 4569 2810 4624 si
2843 4567 3066 4642 aliquid
3101 4570 3248 4624 forte
3283 4587 3390 4626 nos
3421 4568 3716 4625 incautius

295 4685 481 4746 quam
513 4667 658 4723 vidit
685 4664 994 4722 Zacharias
1024 4662 1310 4735 propheta
1340 4663 1480 4732 (cup.
1503 4664 1558 4728 Î½)
1593 4659 1724 4714 ferri
1759 4677 1792 4714 a
1820 4661 1956 4716 dua-
1989 4686 2034 4750 Î™)
2057 4661 2291 4732 jurasse
2319 4659 2810 4730 contigerit,quod
2831 4659 3200 4714 observatum
3219 4658 3443 4715 scilicet
3458 4659 3714 4730 pejorem

293 4761 414 4817 bus
444 4757 812 4821 mulieribus,
836 4771 964 4826 qua:
995 4751 1290 4806 habebant
1309 4748 1431 4804 alas
1461 4747 1617 4803 milvi
1643 4749 1716 4803 ad
1743 4748 1960 4820 rapaci-

289 4853 480 4907 tatem
510 4847 772 4902 volantes
807 4861 818 4898 :
847 4843 904 4898 in
937 4843 1108 4914 cujus
1139 4839 1432 4911 amphora
1482 4838 1674 4892 medio
1715 4839 1957 4893 sedebat

293 4937 670 5009 mulier,qua3
689 4934 947 5006 projecta
961 4935 1051 4986 est
1067 4929 1126 4984 in
1151 4927 1342 4984 medio
1374 4925 1754 5000 amphorae,et
1775 4927 1958 4982 missa

292 5031 393 5086 est
409 5027 469 5082 in
487 5042 552 5082 os
569 5025 698 5096 ejus
715 5038 913 5078 massa
933 5017 1373 5092 plumbeaDute
1386 5016 1543 5071 enim
1566 5015 1839 5070 mulieres
1862 5015 1960 5071 ba-

293 5118 508 5175 bentes
521 5112 645 5171 alas
658 5109 826 5184 quasi
841 5109 964 5166 alas
977 5107 1135 5163 milvi
1144 5107 1280 5176 ,duo
1294 5109 1434 5162 sunt
1445 5103 1790 5178 principalia
1801 5103 1956 5173 vitia,

296 5203 582 5278 superbia
611 5199 881 5258 videlicet
900 5202 958 5253 et
980 5213 1130 5252 vana
1151 5194 1337 5268 gloria
1349 5195 1600 5250 ferentes
1613 5196 1958 5267 amphoram

295 5311 370 5352 os
393 5294 663 5365 apertum
683 5285 1084 5356 habentem,id
1099 5289 1187 5341 est
1205 5283 1505 5340 avaritiam
1530 5283 1709 5339 lucris
1731 5283 1957 5338 inhian-

297 5380 518 5440 tem.ln
549 5378 721 5450 cujus
752 5376 946 5432 medio
974 5373 1125 5430 sedit
1154 5371 1448 5440 mulier,id
1481 5375 1571 5426 est
1600 5370 1954 5442 impietas,in

299 5470 480 5543 cujus
499 5466 723 5524 scilicet
740 5463 1138 5538 impietatisos
1151 5479 1348 5516 massa
1371 5459 1642 5532 plumbea
1664 5458 1916 5515 mittitur
1938 5479 1951 5516 Îµ

299 5577 435 5636 quae
446 5555 724 5630 impietas
741 5553 996 5612 avaritia:
1011 5569 1128 5607 suae
1143 5551 1391 5624 psndere
1411 5548 1847 5622 gravatur,quia
1863 5566 1957 5604 cu-

293 5653 400 5724 jus
422 5649 682 5703 mentem
704 5639 1331 5708 avaritiainfecerit,ita
1341 5654 1575 5712 gravem
1589 5637 1950 5708 reddit,utad

299 5735 638 5812 appetenda
654 5731 911 5790 cmlestia
931 5729 1210 5788 sublimia
1229 5727 1413 5784 attolli
1437 5741 1812 5799 nequaquamâ€œ
1829 5744 1956 5799 pos-

2069 4753 2264 4821 vergut
2293 4748 2346 4802 in
2385 4747 2626 4814 exitum,
2651 4747 2894 4803 consilio
2917 4746 3226 4803 salubriori
3250 4747 3598 4802 mutandum
3625 4763 3720 4801 no-

2065 4837 2341 4891 verimus.
2376 4835 2498 4888 Non
2532 4835 2721 4889 solum
2755 4840 2948 4890 autem
2975 4837 3030 4889 in
3055 4835 3445 4905 jurando,sed
3475 4835 3533 4888 in
3555 4833 3714 4888 omni

2067 4926 2221 4998 quod
2255 4924 2638 4998 agimus,ha3c
2663 4929 2752 4980 cst
2773 4925 3096 4980 moderatio
3119 4922 3392 4980 solertius
3412 4923 3720 4979 observan-

2068 5015 2164 5082 da,
2189 5017 2254 5070 ut
2284 5012 2332 5068 si
2365 5012 2539 5068 talem
2574 5013 2718 5068 forte
2737 5012 2974 5084 lapsum
2998 5012 3218 5067 versuti
3237 5010 3426 5066 hostis
3445 5009 3718 5067 incideri-

2069 5121 2203 5158 mus
2233 5101 2484 5167 insidiis,
2500 5117 2567 5156 ex
2592 5118 2705 5173 quo
2729 5101 2854 5156 sine
2879 5101 3074 5172 aliquo
3097 5098 3316 5173 peccati
3333 5115 3572 5172 surgere
3587 5115 3720 5156 con-

2069 5191 2227 5265 tagio
2257 5208 2372 5246 non
2406 5189 2721 5263 possimus,
2755 5189 2924 5244 illum
2957 5189 3149 5260 potius
3183 5188 3464 5244 evadendi
3490 5187 3717 5245 aditum

2065 5279 2416 5354 petamus,in
2434 5296 2548 5350 quo
2571 5278 2767 5332 minus
2791 5277 3034 5349 periculi
3059 5295 3163 5333 nos
3186 5292 3566 5350 perpessuros
3588 5294 3718 5334 esse

2066 5387 2378 5426 cernamus
2413 5385 2425 5423 :
2461 5372 2518 5423 et
2540 5369 2711 5438 juxta
2741 5365 3069 5438 exemplum
3094 5363 3719 5438 illorum,quihostili-

2065 5461 2176 5514 bus
2205 5457 2386 5514 clausi
2422 5455 2630 5525 muris,
2661 5457 2801 5510 dum
2833 5457 3074 5510 evadere
3104 5453 3566 5526 desiderant,sed
3589 5473 3718 5528 por-

2065 5554 2258 5605 tarum
2292 5546 2555 5604 omnium
2585 5559 2891 5600 accessum
2915 5543 3024 5599 sibi
3052 5542 3430 5599 interdictum
3454 5544 3726 5602 conside-

2065 5641 2216 5706 rant,
2251 5637 2327 5692 ibi
2381 5649 2616 5689 necesse
2655 5637 2744 5689 est
2775 5631 3078 5688 desiliendi
3115 5632 3308 5688 locum
3341 5631 3588 5707 eligant,
3618 5632 3720 5690 ubi

2067 5744 2240 5784 muro
2262 5725 2541 5780 existente
2563 5721 2821 5779 breviore
2843 5721 3157 5777 minimum
3179 5721 3418 5795 periculi
3446 5722 3722 5780 cadentes
