4204 6458
546 386 664 452 883

1321 391 1706 454 HINGMARI
1753 392 1996 454 ausu
2041 387 2406 496 meumr.
2452 388 2850 454 OPUSGULA
2898 337 3186 450 VABIA.‘

3824 387 3930 454 884

546 523 866 580 incurrant.
900 523 1027 579 Non
1055 528 1250 580 tamen
1291 523 1706 598 negligendum
1757 529 1846 581 est
1892 525 2190 597 cuiquam,
2220 522 2276 589 Α
2301 523 2456 580 enim
2489 523 2712 579 dictum
2743 525 2834 579 est
2863 521 3180 594 quasijure
3199 518 3450 588 orare,id
3469 521 3740 593 estjuste
3759 519 3924 595 loqui.

549 613 702 687 quod
733 617 837 669 aut
866 613 1212 669 necessitate
1256 619 1516 686 cogente,
1549 618 1651 669 aut
1697 614 1784 669 ira
1833 613 2186 686 impellente,

547 708 650 760 aut
678 703 997 775 cupiditate
1026 707 1393 776 provocante,
1415 701 1474 758 in
1507 703 1741 759 nomine
1771 703 2000 758 Domini
2033 703 2189 774 peje-

547 793 697 849 ravit
727 809 742 848 :
776 793 880 848 sed
912 792 1238 848 secundum
1269 792 1507 847 modum
1540 791 1722 864 culpm
1755 808 1990 848 necesse
2019 796 2107 848 cst
2127 796 2192 846 ut

548 882 944 954 subsequatur
958 882 1298 953 abstergens
1314 881 1547 954 culpam
1567 880 2188 954 pmnitentiae,Domino

547 987 652 1044 per
681 969 1036 1026 Ezechielem
1067 969 1407 1042 prophetam
1441 971 1510 1026 de
1539 969 1822 1026 Sedcchia
1859 987 1992 1042 rege
2019 969 2190 1026 terri-

549 1058 747 1115 biliter
805 1058 1148 1115 intonante:
1187 1061 1310 1115 Viro
1354 1075 1467 1131 ego,
1517 1057 1652 1115 dicit
1707 1061 1970 1115 Dominus
2027 1061 2187 1126 Deus,

551 1151 813 1222 quoniam
855 1149 1009 1220 cujus
1057 1150 1187 1219 fecit
1233 1150 1458 1204 irritum
1497 1150 1895 1220 juramentum,
1931 1155 1983 1203 et
2030 1149 2191 1203 solvit

546 1246 769 1310 pactum
796 1237 936 1309 quod
968 1237 1197 1293 habebat
1223 1254 1348 1292 cum
1389 1253 1512 1306 rege
1556 1238 1876 1309 Babylonis,
1907 1240 1968 1292 in
2013 1237 2191 1292 medio

546 1326 845 1398 Babylonis
880 1328 1162 1382 morietur.
1190 1325 1475 1398 Spreverat
1521 1328 1672 1381 enim
1705 1328 2087 1398 juramenlum
2133 1335 2192 1381 ut

547 1416 774 1471 solveret
801 1414 994 1486 fredus,
1025 1422 1076 1470 et
1104 1431 1229 1470 eum
1257 1416 1443 1469 omnia
1489 1415 1607 1471 Ιιίιισ
1651 1417 1858 1486 fecerit,
1891 1431 2002 1470 non
2048 1415 2190 1486 effu-

549 1506 659 1575 giet
686 1503 898 1572 (Ezech.
931 1520 1068 1570 xvu,
1104 1503 1210 1574 16).
1242 1503 1324 1558 Ex
1354 1519 1468 1575 quo
1500 1501 1785 1558 discimus
1831 1503 2008 1558 etiam
2041 1502 2194 1558 inter

548 1592 749 1649 hostes
769 1591 1112 1648 servandam
1137 1591 1404 1660 fidem,et
1424 1607 1540 1647 non
1563 1592 2052 1647 considerandum
2075 1591 2190 1658 cui,

553 1681 658 1741 sed
689 1697 792 1754 per
818 1697 992 1753 quem
1015 1679 1326 1750 juraveris.
1353 1678 1536 1736 Multo
1558 1677 1713 1734 enim
1749 1679 1971 1736 ﬁdelior
1999 1679 2194 1736 inven-

449 1771 461 1783 ‘
550 1774 646 1828 tus
675 1772 765 1825 est
789 1768 886 1825 iilo
915 1769 1016 1840 qui
1047 1773 1284 1842 propter
1314 1785 1525 1824 nomen
1571 1769 1672 1825 Dei
1719 1767 1825 1824 tibi
1865 1769 2110 1824 credidit
2139 1773 2196 1825 et

552 1859 830 1932 deceptus
858 1862 966 1930 est,
989 1875 1168 1930 quam
1200 1856 1295 1912 ille
1326 1857 1425 1930 qui
1461 1875 1562 1930 per
1590 1857 1956 1914 occasionem
1986 1857 2191 1912 divina:
2223 1890 2274 1956 B

553 1947 880 2020 majestatis
909 1946 1063 2004 hosti
1091 1951 1212 2014 tuo,
1239 1946 1354 2002 imo
1367 1947 1496 2018 jam
1525 1946 1830 2012 amico,est
1850 1946 2090 2002 molitus
2112 1947 2195 2001 in-

553 2037 754 2094 sidias.
786 2038 937 2104 Ecce,
970 2036 1182 2108 inquit,
1214 2035 1360 2092 dedit
1376 2052 1604 2092 manum
1625 2053 1781 2091 suam
1813 2038 1932 2104 regi
1963 2037 2191 2107 ﬁgepti,

551 2134 604 2182 et
629 2126 858 2182 tradidit
884 2143 942 2182 se
971 2127 1032 2181 in
1053 2142 1249 2181 manus
1275 2126 1478 2196 ejus,et
1499 2124 1752 2196 perjurio
1781 2129 1986 2180 contra
2005 2125 2197 2180 Domi-

555 2233 698 2272 num
729 2215 1024 2270 commisit
1053 2213 1442 2286 sacrilegium.
1477 2213 1777 2270 Sententia
1823 2213 1980 2268 enim
2012 2231 2193 2268 saecu-

552 2305 693 2362 laris
721 2308 810 2360 est
836 2305 1054 2373 (Virgil.
1087 2303 1298 2360 /Eneid.
1331 2303 1394 2374 ιι)
1426 2321 1438 2358 :

741 2393 904 2443 Dolus
933 2406 1002 2442 an
1030 2393 1196 2442 virtus
1219 2391 1337 2456 quis
1365 2392 1419 2441 in
1449 2392 1600 2442 hoste
1629 2391 1866 2456 requirat
1893 2396 1916 2441 ?

623 2483 809 2548 Quam
841 2480 1030 2538 solent
1059 2480 1228 2536 nobis
1267 2498 1557 2552 opponere
1602 2481 1702 2552 qui
1751 2479 1954 2536 dicunt
2001 2481 2196 2538 hostes

553 2570 758 2626 fraude
803 2569 1197 2640 decipiendos.
1249 2567 1353 2624 Cui
1403 2573 1468 2624 ut
1511 2570 1976 2641 acquiescamus,
2009 2570 2196 2626 multo

554 2656 722 2728 pejus
747 2654 883 2710 fecit
911 2654 1373 2710 SedechiasNon
1395 2655 1552 2710 enim
1581 2654 1810 2711 hostem
1841 2656 2195 2728 decepit,sed

554 2741 809 2799 amicum
841 2743 934 2798 cui
967 2742 1179 2798 foedere
1209 2735 1440 2798 Domini
1471 2745 1662 2800 fuerat
1689 2744 2016 2815 copulatus.
2048 2745 2196 2816 Ergo

553 2829 813 2903 quandiu
845 2847 958 2886 non
983 2831 1233 2902 jures,et
1251 2834 1486 2901 pactum
1511 2847 1624 2884 non
1649 2830 1810 2886 ineas
1831 2831 1941 2886 sub
1965 2830 2197 2886 nomine

552 2918 804 2985 Domini,
838 2919 1158 2991 prudentiae
1188 2922 1278 2974 est
1305 2923 1362 2973 et
1394 2917 1773 2987 fortitudinis,
1807 2918 1893 2974 vel
1933 2919 2197 2992 decipere

552 3009 639 3062 Vol
672 3025 948 3080 superare
977 3006 1374 3062 adversarium
1407 3013 1702 3078 utcunque
1746 3007 2023 3079 potueris.
2049 3008 2195 3063 Cum

553 3101 747 3152 autem
781 3101 834 3152 te
863 3095 1280 3152 constrinxeris
1301 3096 1662 3167 juramento,
1687 3113 2057 3168 nequaquam
2089 3097 2192 3152 ad-

552 3184 844 3242 versarius
874 3186 974 3242 sed
1005 3183 1232 3240 amicus
1261 3189 1350 3240 est
1397 3184 1497 3256 qui
1547 3184 1653 3239 tibi
1702 3185 1964 3254 credidit,
1999 3190 2056 3240 et
2085 3187 2194 3242 sub

553 3273 858 3330 occasione
878 3273 1292 3345 jurisjurandi,
1317 3274 1373 3328 id
1395 3279 1484 3330 est
1512 3274 1612 3329 Dei
1646 3275 2080 3346 nuncupatione
2101 3276 2195 3331 de-
2223 3258 2268 3324 C-

555 3366 760 3434 ceptus
804 3366 914 3418 est.
963 3365 1272 3433 Propterea,
1305 3363 1609 3434 Scriptura
1655 3381 1810 3418 nunc
1853 3363 2014 3432 dicit,
2037 3365 2198 3434 jura-

553 3459 795 3506 mentum
851 3449 991 3522 quod
1046 3452 1267 3522 sprevit,
1307 3459 1359 3506 et
1402 3451 1574 3520 [trdus
1619 3451 1760 3522 quod
1803 3455 2198 3522 pra’varicutus

553 3547 856 3611 est.ponam
887 3540 946 3593 in
975 3548 1136 3610 caput
1161 3541 1277 3611 ejus
1317 3541 1530 3609 (Exeo/1.
1565 3557 1700 3606 xvn,
1734 3541 1839 3608 l9).
1873 3544 1950 3596 Ac
1983 3559 2054 3597 ne
2102 3559 2202 3613 pu-

553 3631 815 3701 taremus
837 3629 1242 3698 juramentum
1275 3635 1331 3686 et
1353 3630 1539 3684 fwdus
1562 3634 1620 3685 et
1643 3635 1873 3701 paetum
1898 3631 2050 3702 regis
2071 3649 2199 3687 esse

555 3715 856 3790 Babylonii
889 3715 974 3772 vel
1007 3718 1299 3774 Sedechiaa
1323 3719 1421 3790 qui
1451 3719 1680 3783 fecerat,
1705 3720 1971 3790 sequitur
1993 3719 2048 3774 in
2072 3738 2200 3791 pro-

553 3805 775 3878 pheta:
820 3805 883 3861 ln
923 3809 1379 3879 praevaricatione
1435 3825 1544 3880 qua
1597 3807 1854 3881 despexit
1900 3827 1986 3865 me
2033 3809 2192 3878 (ibid.

621 3983 770 4055 Ergo
783 3983 882 4056 qui
899 3985 1823 4055 contemnitjuramentum,illum
1837 3987 2082 4058 despicit
2098 4005 2198 4058 per

553 4089 722 4144 quem
747 4073 986 4141 juravil,
1021 4074 1221 4146 illique
1251 4074 1388 4128 facit
1419 4074 1718 4144 injuriam,
1752 4076 1922 4146 cujus
1973 4076 2195 4130 nomini

551 4161 735 4216 credit
763 4161 1147 4218 adversarius.
1186 4163 1421 4234 Propter
1463 4181 1637 4234 quam
1689 4181 1948 4234 causam,
1981 4167 2194 4236 EJ'lmn-

550 4248 696 4316 dam,
723 4249 908 4320 inquit
943 4250 1244 4317 Dominus,
1275 4269 1440 4322 super
1465 4269 1590 4306 eum
1621 4261 1726 4306 rete
1754 4270 1952 4314 nicum.
1984 4263 2034 4307 et
2057 4271 2194 4308 com-

545 4337 910 4409 prehendetur
939 4341 993 4393 in
1020 4357 1218 4409 segem:
1246 4357 1389 4404 mea,
1409 4349 1460 4394 et
1489 4339 1754 4395 adducam
1785 4359 1910 4395 eum
1939 4343 1997 4395 in
2023 4342 2194 4413 Baby-

550 4427 730 4482 lonem
753 4434 805 4482 et
831 4427 1145 4499 clzjudicabo
1173 4445 1299 4483 eum
1331 4429 1449 4482 illic
1470 4429 1672 4500 (ibid.).
1717 4429 2008 4501 Quidquid
2060 4448 2191 4486 vero

550 4519 752 4570 contra
781 4516 1120 4571 Sedechiaui
1155 4518 1288 4570 fecit
1335 4517 1885 4584 Nabuchodonosor,
1920 4537 2032 4574 non
2066 4520 2191 4576 suis

2298 613 2462 668 Tunc
2491 605 2646 667 enim
2681 611 2970 684 quispiam
2996 611 3161 682 juste
3182 609 3710 684 loquitur,quando
3729 627 3796 667 ea
3817 628 3930 683 quas

2299 702 2586 774 promittit
2617 700 2951 772 implentur.
2986 700 3150 756 Multi
3200 699 3357 756 enim
3405 704 3548 754 sunt
3598 699 3701 772 qui
3749 699 3931 757 dolose

2289 791 2496 862 jurant
2528 794 2591 844 ut
2619 789 2914 862 decipiant
2944 789 3272 860 proximum
3306 805 3321 844 :
3347 788 3500 860 quod
3525 788 3931 844 abominantur

2300 879 2466 934 Pater
2521 877 2813 934 luminum
2861 877 3166 946 Dominus,
3207 876 3434 933 dicente
3485 877 3660 932 Petro
3696 893 3709 932 :
3743 877 3856 933 Non
3881 895 3929 934 es

2297 970 2554 1023 mentitus
2601 967 2930 1034 hominibus,
2963 965 3055 1021 sed
3100 967 3204 1022 Deo
3251 965 3382 1037 (Act.
3416 983 3470 1032 ν,
3507 966 3585 1038 4).
3620 967 3746 1032 Qua
3790 965 3844 1021 in
3880 983 3932 1022 re

2299 1056 2408 1111 hoc
2441 1073 2672 1128 quoque
2703 1060 2928 1127 oportet
2950 1054 3170 1110 intendi
3192 1054 3347 1126 quod
3370 1055 3690 1110 mendaces
3714 1053 3933 1111 fabrica-

2298 1149 2454 1200 tores
2485 1143 2770 1199 mendacii
2797 1143 3262 1198 dicuntur.Sicut
3281 1142 3437 1198 enim
3457 1142 3779 1199 aediﬁcium
3799 1142 3928 1215 lapi-

2300 1234 2498 1304 dibus,
2528 1233 2610 1289 ita
2639 1233 3010 1288 mendacium
3044 1231 3414 1288 sermonibus
3445 1230 3772 1286 fabricatur
3801 1248 3814 1287 :
3847 1231 3930 1288 ubi

2300 1323 2456 1378 enim
2484 1339 2598 1377 non
2631 1321 2833 1378 dolosa
2861 1320 3096 1389 locutio,
3131 1321 3232 1376 sed
3264 1336 3473 1377 sensus
3525 1324 3622 1376 est
3668 1320 3925 1387 veritatis,

2301 1411 2469 1484 quasi
2499 1411 2726 1467 munita
2755 1410 2938 1466 moles
2970 1428 3084 1466 non
3115 1427 3183 1466 ex
3211 1409 3447 1477 fabrica,
3482 1409 3591 1464 sed
3621 1426 3692 1464 ex
3740 1413 3929 1464 natura

2300 1501 2619 1573 consurgit.
2651 1500 2813 1556 Unde
2843 1499 3129 1572 scriptum
3175 1502 3264 1554 est
3295 1514 3308 1552 :
3339 1499 3450 1569 Qui
3481 1499 3733 1572 loquitur
3761 1501 3929 1554 verita-

2302 1599 2407 1647 tem
2436 1592 2496 1646 in
2523 1590 2680 1646 corde
2717 1605 2836 1656 suo,
2867 1597 2918 1645 et
2945 1606 3054 1644 non
3099 1591 3213 1658 egit
3255 1587 3442 1643 dolum
3499 1590 3564 1643 in
3612 1588 3806 1660 lingua
3844 1605 3930 1643 sua

2303 1679 2473 1753 (Psal.
2507 1697 2662 1746 xxul,
2697 1685 2769 1746 4).
2804 1678 3132 1734 Cavendum
3162 1682 3252 1733 est
3289 1677 3474 1750 igitur
3518 1677 3926 1748 juramentum,

2303 1769 2488 1824 multo
2520 1768 2709 1841 magis
2737 1771 2934 1823 autem
2968 1767 3386 1838 perjurium.At
3408 1765 3457 1822 si
3481 1765 3733 1838 jurandi
3762 1782 3929 1822 neces-

2304 1858 2448 1913 sitas
2478 1862 2748 1930 perurget
2778 1861 2835 1912 et
2863 1860 3068 1930 arctat,
3102 1855 3158 1910 id
3192 1855 3355 1928 puris
3403 1855 3603 1911 verbis
3657 1859 3716 1912 et
3759 1859 3928 1911 mente

2309 1945 2403 2018 pia
2429 1947 2747 2016 gerendum
2780 1945 3009 2000 est.Nec
3022 1945 3234 2016 jurans
3256 1943 3412 2000 verbi
3435 1949 3566 2000 arte
3588 1961 3652 1999 se
3673 1947 3830 2016 putet
3849 1941 3930 1998 fal-

2305 2033 2421 2090 lere
2453 2033 2764 2089 Dominum
2793 2051 2983 2106 posse,
3016 2033 3108 2088 cui
3141 2031 3285 2088 nihil
3323 2033 3686 2089 absconsum
3717 2037 3820 2100 est,
3849 2032 3926 2088 cui

2303 2124 2479 2178 corda
2509 2127 2718 2178 cuncta
2746 2126 2965 2194 patent,
2996 2121 3097 2194 qui
3127 2139 3242 2178 non
3271 2121 3483 2194 accipit
3513 2122 3672 2178 sicut
3699 2121 3824 2195 quis
3842 2122 3928 2192 ju-

2305 2217 2411 2280 rat,
2447 2213 2546 2268 sed
2583 2216 2644 2268 ut
2675 2211 2725 2268 is
2755 2212 2846 2266 cui
2871 2213 3111 2284 juratur
3131 2212 3367 2282 jurasse
3396 2215 3591 2284 putat.
3625 2212 3731 2269 Per
3751 2211 3924 2267 dolum

2303 2318 2439 2373 ergo
2461 2302 2673 2372 jurans
2705 2301 2936 2374 utrique
2966 2317 3100 2357 reus
3120 2300 3388 2368 habetur,
3409 2318 3628 2374 nempe
3649 2301 3762 2357 Deo
3781 2301 3926 2371 cujus

2306 2407 2517 2446 nomen
2550 2391 2607 2445 in
2647 2407 2862 2446 vanum
2909 2389 3250 2462 assumpsit,
3284 2393 3341 2446 et
3385 2390 3556 2446 fratri
3606 2407 3778 2462 quem
3822 2392 3926 2445 atra

2306 2481 2507 2535 fraude
2531 2479 2751 2552 paravit
2774 2477 2970 2533 fallere
2992 2482 3166 2550 atque
3189 2477 3492 2551 decipere:
3519 2482 3578 2534 et
3608 2479 3680 2534 de
3711 2481 3926 2548 utroque

2307 2585 2541 2624 necesse
2570 2573 2660 2623 est
2691 2572 2754 2622 ut
2783 2567 2961 2639 digna
2990 2566 3330 2640 ptenitentia
3358 2567 3779 2639 subsequatur,
3799 2564 3926 2619 vide-

2306 2657 2440 2712 licet
2467 2656 2604 2729 quia
2634 2673 2844 2712 nomen
2878 2655 2976 2712 Dei
3009 2655 3334 2728 assumpsit
3363 2655 3422 2710 in
3456 2673 3696 2724 vanum,
3728 2659 3782 2710 et
3807 2652 3925 2726 quia

2307 2750 2509 2801 contra
2538 2745 2637 2801 Dei
2673 2751 3024 2818 praseeptum
3065 2744 3198 2800 dolo
3248 2743 3451 2800 fefellit
3499 2746 3756 2801 fratrem.
3783 2741 3924 2799 Falsa

2307 2835 2461 2891 enim
2495 2851 2694 2906 agens,
2721 2833 2866 2890 falsa
2887 2834 3151 2906 loquens,
3176 2832 3446 2905 quamvis
3476 2833 3677 2890 animo
3707 2830 3924 2904 trepidet

2307 2927 2372 2978 ut
2400 2927 2562 2995 patet
2577 2922 2794 2994 jaculis
2824 2922 3102 2990 veritatis,
3136 2926 3192 2978 et
3229 2922 3278 2978 si
3328 2922 3732 2994 deprehensus
3775 2918 3924 2976 fuerit

2305 3012 2549 3102 gloriam
2578 3013 2782 3084 perdat
2811 3012 3108 3070 favoris.et
3128 3012 3397 3082 quamvis
3427 3028 3567 3068 eum
3598 3007 3922 3067 conscientia

2304 3093 2540 3155 aécuset
2569 3098 2709 3170 quia
2738 3098 2986 3154 scienter
3016 3104 3234 3170 peccat,
3259 3099 3582 3170 cupiditate
3609 3102 3796 3154 tamen
3816 3093 3920 3149 vin-

2305 3189 2422 3244 citu
2434 3192 2542 3256 r,et
2573 3205 2887 3260 suppresso
2910 3187 3102 3243 favore
3123 3186 3428 3243 audaciam
3453 3188 3526 3244 de
3547 3184 3922 3260 iniquitatibus

2306 3275 2490 3332 sumit
2523 3295 2536 3332 :
2571 3281 2629 3332 et
2658 3294 2809 3348 saepe
2838 3275 3013 3332 etiam
3065 3275 3284 3332 ultione
3331 3276 3518 3332 menti
3567 3273 3847 3348 proposita
3872 3286 3922 3325 se

2307 3372 2510 3421 contra
2539 3367 2722 3421 Deum
2753 3365 2944 3437 erigit,
2977 3368 3035 3420 et
3063 3364 3338 3437 quaelibet
3367 3365 3444 3420 ab
3473 3383 3540 3422 eo
3571 3365 3802 3420 adversa
3819 3374 3924 3433 per-

2308 3453 2424 3524 peti
2453 3453 2752 3520 deliberat,
2787 3453 3105 3530 dummodo
3136 3451 3230 3508 hic
3260 3453 3400 3508 dum
3433 3452 3588 3510 valet
3606 3467 3770 3508 omne
3789 3437 3948 3520 quod'

2309 3541 2493 3614 placet
2521 3547 2674 3612 agat.
2713 3540 2874 3596 Unde
2893 3541 3050 3596 velut
3071 3541 3370 3614 Scriptura
3389 3541 3535 3598 dicit
3557 3559 3570 3596 :
3593 3541 3741 3597 Sicut
3765 3541 3920 3594 virum

2305 3633 2664 3700 song/uinum,
2698 3633 2776 3686 ita
2821 3639 2872 3686 et
2925 3631 3173 3687 dolosam
3226 3633 3641 3687 abominabitur
3689 3628 3920 3684 Dominus

2305 3722 2475 3790 (Psat.
2510 3739 2563 3788 v,
2596 3723 2686 3789 8);
2719 3724 2778 3775 et
2826 3719 3018 3775 omnis
3068 3717 3326 3776 Ecclesia
3375 3719 3728 3792 imprecetur
3754 3716 3818 3770 de
3845 3711 3921 3767 his

2307 3809 2406 3882 qui
2439 3811 2499 3864 in
2527 3809 2683 3865 corde
2711 3817 2762 3865 et
2790 3809 2946 3864 corde
2984 3809 3152 3864 locuti
3177 3817 3327 3876 sunt,
3361 3817 3420 3864 ut
3445 3807 3719 3880 disperdat
3759 3801 3918 3860 Domi-

2304 3917 2408 3954 nus
2457 3901 2713 3954 universa
2759 3898 2907 3953 labia
2955 3897 3138 3953 dolosa
3184 3897 3354 3968 (Psal.
3386 3915 3468 3964 χι,
3497 3900 3552 3964 3,
3586 3898 3673 3964 4);
3703 3897 3756 3949 et
3799 3891 3916 3946 item

2306 3987 2607 4058 Scriptura
2635 3985 2811 4041 dicit:
2837 3985 3150 4041 illaledictus
3181 3987 3266 4041 vir
3291 3986 3509 4043 dolosas
3538 3984 3742 4054 (Malae.
3765 3997 3798 4047 ι,
3823 3976 3914 4046 lt).

2304 4085 2354 4130 et
2382 4084 2532 4131 inata
2560 4077 2695 4145 ﬁant
2726 4075 2876 4129 labia
2904 4074 3082 4128 dolosa
3108 4076 3278 4138 (Psal.
3313 4093 3445 4138 xxx,
3482 4075 3586 4147 19).

2378 4164 2782 4218 Ρρνιίιηρδοίενρ
2816 4163 2994 4232 igitur
3034 4163 3246 4218 debent
3279 4164 3574 4234 jurantes,
3607 4161 3718 4216 imo
3745 4155 3915 4229 pcrju-

2303 4259 2499 4308 rantes
2529 4252 2714 4307 dolosi
2747 4251 2802 4306 iu
2840 4251 3073 4306 nomine
3102 4251 3318 4307 Christi
3347 4258 3404 4307 et
3434 4255 3762 4308 sanctorum
3782 4245 3911 4314 ejus.

2301 4361 2334 4414 q
2347 4341 2440 4397 uia
2457 4341 2953 4397 abominabunlur
2972 4358 3004 4394 a
3017 4341 3262 4396 Domino
3282 4344 3345 4395 ut
3359 4342 3410 4395 vi
3423 4343 3465 4396 ri
3485 4335 3842 4412 sanguinum,
3865 4327 3912 4381 id

2300 4435 2389 4485 est
2416 4431 2515 4502 qui
2550 4429 2806 4484 humano
2837 4447 3040 4483 cruore
3069 4428 3452 4500 polluuntur:
3478 4426 3747 4500 quoniam
3778 4419 3912 4475 sicut

2298 4518 2380 4573 illi
2415 4519 2708 4586 occidunt,
2744 4517 2823 4571 ita
2854 4522 2910 4572 ct
2955 4516 3048 4572 isti
3100 4517 3401 4589 decipiunt
3446 4517 3712 4573 viventes.
3747 4511 3906 4574 Quam

547 4603 772 4659 viribbs
803 4605 956 4666 fecit,
990 4606 1090 4660 sed
1122 4605 1208 4660 ira
1240 4605 1356 4672 Dei,
1391 4605 1446 4660 in
1501 4609 1670 4679 cujus
1722 4608 1955 4664 nomine
2005 4611 2191 4664 fuerat
2220 4625 2268 4690 D
2299 4610 2554 4664 immane
2585 4611 2778 4662 autem
2811 4611 2985 4677 atque
3007 4605 3252 4661 mortale
3272 4613 3573 4678 peccatum
3597 4601 3672 4658 sit
3692 4591 3908 4654 homici-

548 4693 902 4764 perjuratus.
941 4693 1218 4765 Degimus
1269 4695 1424 4749 enim
1474 4697 1599 4764 (Jer.
1637 4714 1730 4763 LII,
1760 4698 1814 4767 5)
1847 4697 2187 4752 Sedechiam

547 4787 782 4852 captum
816 4798 944 4838 esse
973 4785 1031 4837 et
1050 4783 1290 4837 ductum
1311 4781 1369 4838 in
1390 4782 1852 4856 Rehlata,ibique
1873 4785 2191 4842 interfectis

546 4869 684 4924 filiis
719 4870 773 4924 in
807 4869 992 4926 oculis
1017 4872 1145 4942 ejus
1177 4878 1547 4937 excaecatum,
1577 4879 1630 4926 et
1663 4871 1847 4927 instar
1879 4875 2006 4928 ferar
2037 4875 2191 4930 clau-

545 4975 676 5012 sum
709 4968 882 5013 cavea
911 4959 1260 5014 translatum
1296 4961 1352 5015 in
1389 4961 1759 5032 Babylonem.
1785 4963 1854 5017 ιςι
1883 4968 2022 5017 sunt
2045 4979 2186 5018 non-

547 5045 688 5101 nulli
722 5047 821 5118 qui
855 5053 976 5101 arte.
1011 5066 1109 5120 per
1139 5049 1336 5102 dolum
1361 5051 1631 5119 jurantes
1667 5055 1727 5104 ut
1753 5051 2022 5122 deeipant
2052 5070 2184 5106 eum

543 5151 682 5208 erga
711 5153 884 5208 quem
909 5139 1257 5207 jurant,non
1283 5159 1343 5192 se
1369 5144 1575 5210 putant
1606 5157 1734 5193 reos
1765 5158 1891 5193 esse
1924 5140 2186 5210 perjurii,

545 5223 976 5281 contradicente
1031 5227 1129 5281 Dei
1189 5228 1398 5299 spiritu
1458 5247 1560 5300 per
1615 5227 1959 5299 Prophetam
1997 5246 2010 5282 :
2047 5232 2186 5296 Quis

542 5312 790 5369 ascendet
820 5316 878 5369 in
910 5324 1140 5370 montem
1170 5317 1406 5384 Domini,
1439 5327 1488 5372 et
1529 5317 1691 5371 stabit
1741 5319 1798 5371 in
1847 5317 1956 5370 loro
2003 5326 2184 5372 sum‘to

541 5401 702 5470 ejus?
728 5405 838 5471 Qui
883 5421 988 5457 non
1031 5406 1242 5476 jururit
1292 5409 1347 5460 in
1396 5407 1516 5460 (Iulo
1562 5408 1812 5477 Marium
1865 5422 1962 5458 suo
2011 5407 2178 5477 (l’sul.

543 5504 679 5542 xxul
710 5490 785 5557 3).
823 5491 926 5547 Per
955 5494 1152 5548 dolum
1187 5496 1581 5566 iluquejural,
1615 5494 1883 5566 quisquis
1914 5493 2181 5550 aliterfa-

543 5578 746 5632 cturus
775 5586 864 5634 est
893 5599 1070 5651 quam
1107 5584 1410 5654 promittit,
1434 5585 1675 5640 credens
1709 5585 2029 5654 perJurium
2065 5601 2178 5639 non

541 5679 670 5720 esse
700 5665 995 5740 decepisse
1026 5673 1289 5742 nequiter
1329 5673 1616 5728 credentis
1665 5687 1937 5726 errorem.
1973 5671 2179 5728 Jurare

2301 4697 2484 4764 dium,
2519 4697 2578 4752 in
2610 4713 2725 4768 quo
2755 4699 2812 4750 et
2844 4694 3118 4750 discretio
3149 4693 3296 4750 solet
3321 4695 3630 4763 esse,sicut
3649 4693 3703 4744 et
3723 4686 3774 4740 in
3796 4697 3907 4756 poc-

2300 4787 2446 4842 catis
2477 4786 2722 4851 calteris,
2745 4790 2798 4840 et
2835 4783 2958 4856 ipsa
3005 4789 3232 4851 natura,
3267 4788 3324 4839 et
3371 4787 3574 4840 sancta
3620 4775 3906 4845 Scriptura.

2298 4881 2356 4930 et
2385 4877 2581 4930 divina
2611 4880 2784 4946 atque
2805 4871 3302 4943 humanajudicia
3320 4878 3582 4944 patenter
3599 4859 3902 4946 ostendUDt.

2300 4964 2462 5019 Unde
2491 4969 2546 5017 ot
2575 4963 2632 5016 in
2666 4945 2912 5017 Levitiee
2944 4960 3160 5016 dicitur
3181 4978 3194 5016 :
3219 4963 3331 5031 Qui
3364 4957 3690 5033 peacusserit
3713 4959 3760 5006 el
3783 4945 3904 5002 occi-

2295 5052 2436 5106 derit
2475 5054 2746 5107 hominem
2793 5059 2962 5106 "torte
3009 5053 3279 5106 moriatur
3321 5051 3510 5118 (Leuit.
3543 5061 3685 5107 XXIV,
3721 5040 3828 5107 i7);
3858 5033 3906 5085 ει

2294 5140 2606 5212 Apostolus
2640 5156 2652 5194 :
2683 5141 2794 5209 Qui
2822 5139 2954 5206 odit,
2987 5137 3196 5210 inquit,
3227 5142 3457 5210 fratrem
3477 5151 3635 5193 suum
3661 5118 3900 5184 homicida

2296 5237 2392 5295 est,
2421 5237 2473 5283 et
2497 5231 2696 5283 scimus
2725 5231 2852 5300 quia
2882 5231 3059 5283 omnis
3099 5228 3371 5284 homicida
3417 5243 3525 5283 non
3569 5220 3720 5276 habet
3759 5212 3903 5300 vim?

2293 5326 2553 5373 aeternam
2590 5320 2648 5372 in
2678 5321 2962 5388 semetipso
3010 5325 3314 5373 manentem
3344 5319 3393 5385 (1
3419 5319 3572 5374 Joan.
3607 5327 3686 5370 ιιι,
3721 5293 3901 5394 15)χΕι

2295 5405 2510 5460 talibus
2541 5407 2941 5478 peeealorilms
2973 5406 3154 5461 dolosi
3181 5407 3532 5478 junguntur.
3559 5395 3728 5454 Multa
3755 5396 3890 5443 enim

2293 5497 2546 5566 perjuria
2579 5499 2745 5562 liunt,
2780 5513 2904 5566 quo:
2937 5494 3170 5566 propria
3199 5494 3491 5550 voluntate
3520 5504 3626 5545 non
3647 5479 3886 5566 agimus:

2290 5583 2472 5639 dolosi
2497 5589 2688 5638 autem
2713 5584 2962 5638 scientes
2979 5583 3200 5639 malum
3229 5574 3897 5656 operanturalienumexr

2287 5673 2469 5740 tium;
2521 5679 2826 5744 propterea
2883 5671 3090 5728 merito
3118 5677 3183 5728 ut
3213 5665 3564 5746 sanguinarii
3606 5679 3636 5718 a
3676 5657 3890 5714 Domino
