4204 6470
301 477 426 542 885

1482 483 1586 547 DE
1627 479 2017 552 GAVENDIS
2054 483 2318 563 VITHS,
2359 486 2534 550 ETG.

3531 561 3542 568 ,
3589 484 3712 550 sse

303 608 742 686 abominantur,
775 616 833 671 et
861 618 1096 673 sanctos
1125 615 1222 690 qui
1258 633 1361 691 pro
1388 617 1630 676 veritate
1657 636 1846 692 usque
1875 620 1948 677 ad
1979 618 2036 689 Α
2063 620 2400 694 pastoribus
2429 621 2646 695 quibus
2675 620 2735 679 in
2767 620 3066 678 nativitate
3103 618 3418 680 Salvatoris
3465 619 3710 696 angelus

304 705 554 759 mortem
582 703 1043 773 desertaverunt,
1091 705 1150 761 in
1198 723 1450 779 quorum
1486 709 1802 781 perjurant
1849 728 1951 767 no-

301 791 482 859 mine,
507 808 622 848 non
655 792 973 866 adjutores,
997 795 1100 850 sed
1125 795 1356 868 judices
1383 800 1441 852 et
1468 799 1951 855 condemnatores

302 879 365 937 in
395 879 661 936 districto
691 881 955 940 examine
984 881 1298 953 invenient,
1323 903 1470 958 quos
1493 887 1682 943 socios
1712 887 1772 942 in
1802 889 1950 944 veri-

298 967 442 1025 tatis
471 973 650 1042 atque
670 968 919 1040 justitiae
964 973 1288 1030 assertione
1337 974 1552 1032 habere
1582 980 1951 1050 contempse-

300 1061 459 1126 runt,
481 1060 542 1114 et
569 1056 965 1116 testificationi
997 1078 1116 1118 suae
1161 1061 1438 1120 falsitatis
1470 1068 1649 1121 testes
1687 1066 1949 1123 veritatis

274 1144 720 1216 .adhibuerunt,
742 1146 844 1219 qui
874 1164 1011 1204 cum
1041 1149 1289 1207 Domino
1310 1155 1376 1206 ut
1393 1153 1548 1209 viros
1567 1154 1946 1226 sanguinum,

298 1232 383 1290 ita
409 1237 467 1290 et
490 1233 724 1291 dolosos
744 1235 1178 1304 abominantur,
1193 1239 1334 1311 quia
1353 1256 1605 1312 quorum
1629 1241 1835 1298 animae
1867 1244 1948 1298 in-

297 1325 398 1380 tus
429 1321 850 1396 omnipotentis
879 1323 981 1382 Dei
1003 1325 1327 1383 claritatem
1348 1327 1566 1398 vident,
1591 1329 1752 1386 nullo
1775 1332 1949 1387 modo

297 1411 658 1468 credendum
687 1415 779 1468 est
806 1411 946 1484 quia
985 1413 1066 1470 sit
1116 1413 1257 1471 foris
1303 1415 1524 1488 aliquid
1577 1419 1732 1490 quod
1785 1417 1948 1491 igno-

297 1504 456 1569 rent;
497 1505 556 1557 et
604 1500 749 1557 nihil
780 1501 840 1557 in
871 1506 1138 1560 creatura
1182 1505 1377 1578 agitur
1405 1507 1560 1579 quod
1590 1508 1784 1564 videre
1833 1526 1948 1565 non

296 1589 549 1662 possint,
597 1593 656 1647 et
699 1607 827 1662 quae
885 1590 1283 1650 abominanda
1329 1593 1662 1652 illustrante
1707 1599 1950 1654 veritate

297 1682 680 1752 cognoscunt,
712 1678 898 1736 eidem
945 1681 1174 1737 veritati
1224 1683 1574 1740 inhenrentes
1603 1685 1946 1742 abominan-

295 1770 414 1824 tur.
448 1766 562 1824 Nec
592 1771 790 1824 tamen
839 1785 1040 1826 earum
1086 1769 1468 1828 beatitudinis
1496 1772 1818 1832 claritatem
1852 1775 1947 1830 fu-

296 1858 424 1913 scat
453 1859 688 1929 aspecta
733 1855 1015 1930 iniquitas
1044 1857 1132 1915 vel
1163 1876 1336 1932 poena
1383 1862 1762 1934 reproborum
1797 1879 1810 1919 :
1844 1865 1945 1920 scd

294 1943 494 2019 potius
524 1944 660 2001 hinc
691 1963 892 2002 earum
921 1945 1205 2020 gaudium
1238 1949 1466 2019 crescit,
1490 1967 1625 2008 cum
1657 1951 1812 2009 mala
1841 1951 1948 2008 ini-

293 2050 547 2108 quorum
577 2034 968 2108 conspiciunt,
1001 2036 1155 2109 quod
1185 2037 1287 2093 Dei
1321 2037 1726 2098 misericordia
1753 2058 1945 2099 evase-

293 2126 465 2191 runt;
504 2127 564 2180 et
607 2126 769 2180 tanto
822 2125 1076 2196 majores
1127 2126 1374 2198 ereptori
1425 2144 1531 2184 suo
1583 2130 1802 2204 gratias
1850 2147 1946 2186 re-

295 2211 514 2282 ferunt,
539 2216 758 2285 quanto
785 2211 983 2269 vident
1027 2211 1085 2268 in
1133 2212 1266 2270 aliis
1296 2217 1450 2287 quod
1498 2217 1606 2291 ipsi
1641 2219 1862 2292 perpeti
1893 2219 1942 2276 si

293 2304 495 2359 essent
549 2299 738 2357 relicti
786 2305 1123 2373 potuerunt,
1155 2307 1214 2359 et
1264 2305 1611 2376 pradicente
1656 2309 1940 2366 veritate:

298 2390 466 2448 Testis
493 2389 671 2462 falsus
696 2405 807 2446 non
835 2391 942 2446 erit
973 2391 1274 2464 impunitus
1303 2392 1486 2465 (Prov.
1506 2413 1623 2464 xix,
1642 2397 1698 2464 5,
1727 2397 1835 2468 9));
1867 2396 1948 2452 vi-

293 2477 507 2536 delicet
534 2477 636 2550 qui
664 2481 768 2534 aut
788 2477 1042 2536 scienter
1059 2485 1262 2536 contra
1280 2482 1579 2539 veritatem
1612 2483 1762 2540 falsa
1788 2483 1948 2540 testi-

293 2567 526 2635 ficatur,
550 2571 653 2623 aut
679 2582 815 2624 vera
865 2572 932 2624 ut
958 2567 1262 2626 veritatem
1311 2576 1618 2642 pervertat,
1648 2577 1705 2630 et
1751 2573 1945 2630 studio

290 2655 706 2730 impunitionis
733 2655 939 2712 recitet
959 2657 1153 2728 juxta,
1176 2657 1322 2715 tales
1343 2664 1520 2717 testes
1538 2661 1698 2717 velut
1715 2660 1944 2718 veritati

291 2744 716 2802 concordantes
736 2743 1047 2802 exsultant.
1069 2747 1139 2802 Et
1167 2752 1307 2802 sunt
1329 2747 1590 2821 quidam,
1615 2751 1712 2824 qui
1744 2767 1861 2806 non
1883 2768 1947 2808 se

290 2833 426 2890 ἰωᾶὶ
459 2837 562 2890 aut
591 2831 776 2890 levius
804 2832 935 2889 laedi
966 2839 1194 2907 putant,
1217 2835 1264 2891 si
1301 2853 1414 2892 non
1446 2837 1560 2910 ipsi
1593 2854 1696 2912 per
1715 2856 1778 2896 se
1799 2839 1944 2897 falso

289 2920 382 2980 vel
413 2920 614 2978 dolose
647 2922 875 2994 jurant,
907 2923 1008 2978 sed
1039 2923 1184 2980 alios
1214 2941 1318 2998 pro
1357 2941 1419 2982 se
1460 2943 1571 2982 sua
1598 2927 1721 2984 vice
1743 2929 1946 3000 jurare

291 3012 520 3070 faciunt
549 3029 563 3068 :
596 3017 654 3069 et
683 3029 798 3068 non
831 3013 1142 3070 attendunt
1175 3014 1316 3088 quia
1345 3015 1403 3072 in
1446 3033 1512 3074 eo
1543 3018 1677 3090 jure
1707 3023 1810 3075 aut
1839 3018 1945 3074 fal-

291 3101 450 3158 lente
478 3100 710 3158 diabolo
741 3099 1134 3175 decipiuntur,
1159 3107 1258 3159 aut
1299 3103 1522 3177 seipsos
1551 3105 1802 3163 scienter
1833 3107 1944 3180 ipsi

289 3191 366 3248 ad
389 3189 825 3264 deprecandum
847 3190 1227 3265 demergunt:
1253 3193 1324 3250 de
1345 3194 1618 3267 qualibus
1639 3196 1780 3253 dicit
1799 3197 1948 3254 Scri-

291 3282 488 3354 ptura,
520 3280 860 3336 Descendunt
902 3282 962 3336 in
1010 3281 1294 3352 infernum
1341 3284 1576 3341 viventes
1623 3287 1798 3356 (Psal.
1833 3303 1942 3356 LIV,

2061 711 2336 782 apparuit
2365 711 2414 767 si
2445 711 2732 766 bonorum
2765 713 2960 767 actum
2983 711 3522 783 cogitationumque
3543 721 3712 767 mun-

2061 797 2268 854 darum
2299 798 2408 854 sibi
2433 804 2712 873 aggregat
2737 798 3178 856 multitudinem
3199 799 3568 871 etjustorum
3590 815 3710 857 mo-

2059 886 2360 943 deramine
2391 888 2738 958 gubernare,
2762 887 3096 944 cmlestibus
3141 886 3574 958 Scripturarum
3603 904 3706 960 pa-

2059 974 2215 1049 ginis
2245 980 2302 1031 et
2331 977 2618 1032 bonorum
2649 993 2892 1049 operum
2943 974 3224 1048 exemplis
3273 975 3516 1045 nutrire,
3537 981 3596 1032 et
3619 977 3704 1032 vi-

2057 1063 2160 1137 gili
2192 1063 2431 1121 solertia
2460 1071 2664 1122 contra
2709 1067 3148 1122 immundorum
3201 1065 3514 1138 spirituum
3562 1064 3704 1122 insi-

2059 1153 2188 1210 dias
2217 1171 2444 1210 servare
2475 1155 2796 1210 contendit.

2128 1243 2199 1297 Et
2227 1246 2366 1298 sunt
2395 1243 2633 1314 quidam
2658 1243 2758 1316 qui
2789 1244 2964 1300 etiam
2991 1243 3347 1300 curiositatis
3373 1242 3582 1298 vitium
3613 1243 3706 1300 in-

2057 1334 2147 1387 ter
2175 1330 2441 1403 graviora
2470 1336 2707 1404 peccata
2734 1349 2848 1388 non
2882 1335 3243 1404 computant,
3265 1332 3365 1388 sed
3397 1331 3700 1388 falluntur.

2057 1420 2237 1476 Grave
2277 1437 2531 1492 namque
2579 1423 2670 1476 est
2717 1420 3073 1477 curiositatis
3116 1420 3348 1485 vitium,
3378 1437 3507 1494 qua:
3555 1421 3701 1477 dum

2056 1505 2374 1580 cujuslibet
2394 1511 2647 1564 mentem
2672 1509 2745 1564 ad
2772 1507 3232 1580 investigandam
3254 1508 3429 1565 vitam
3453 1509 3701 1582 proximi

2056 1597 2309 1654 exterius
2341 1599 2520 1666 ducit,
2546 1615 2776 1671 semper
2813 1599 2865 1654 ei
2895 1615 3005 1654 sua
3033 1597 3244 1654 intima
3271 1599 3601 1666 abscondit,
3635 1601 3702 1654 ut

2057 1686 2245 1743 aliena
2277 1687 2473 1742 sciens
2502 1704 2566 1743 se
2609 1687 2852 1753 nesciat,
2873 1690 2930 1744 et
2957 1685 3174 1742 curiosi
3201 1686 3458 1755 animus,
3481 1690 3700 1760 quanto

2054 1774 2278 1848 peritus
2299 1774 2473 1832 fuerit
2493 1775 2665 1832 alieni
2689 1775 2904 1842 meriti,
2931 1779 3088 1831 tanto
3113 1775 3208 1830 fiet
3227 1773 3468 1849 ignarus
3489 1774 3582 1831 sui
3605 1791 3618 1830 :
3643 1778 3702 1832 et

2055 1880 2207 1937 saepe
2227 1863 2366 1919 dum
2389 1863 2656 1920 curiosus
2677 1863 2927 1936 quisque
2949 1881 3074 1936 quae
3097 1869 3236 1919 sunt
3258 1863 3448 1922 aliena
3468 1863 3701 1921 investi-
3737 1886 3744 1890 ·

2055 1956 2174 2026 gat,
2203 1969 2373 2010 suam
2420 1952 2751 2010 molestiam
2792 1951 3025 2022 excitat,
3055 1953 3209 2009 sicut
3245 1951 3407 2009 canis
3454 1953 3580 2026 apri
3608 1952 3698 2008 vel

2053 2041 2204 2098 cervi
2234 2042 2526 2116 sagaciter
2551 2041 2800 2116 vestigia
2837 2041 3178 2114 insequens,
3199 2041 3492 2098 consecuti
3524 2043 3700 2098 dente

2049 2129 2139 2186 vel
2171 2147 2351 2186 cornu
2382 2129 2550 2204 perit.
2573 2129 2738 2187 Unde
2761 2131 2908 2188 bene
2935 2147 3167 2204 quoque
3196 2147 3298 2202 per
3327 2129 3698 2187 Salomonem

2052 2219 2301 2274 dicitur:
2331 2221 2545 2276 Cunctis
2581 2219 2919 2276 sermonibus
2949 2235 3074 2292 qua:
3100 2219 3361 2276 dicuntur
3393 2236 3463 2275 ne
3497 2235 3702 2276 accent-

2049 2308 2231 2364 modes
2259 2325 2352 2365 cor
2379 2316 2554 2378 tuum,
2581 2325 2650 2364 ne
2677 2311 2814 2380 forte
2847 2309 3042 2364 audias
3069 2325 3286 2363 servum
3330 2315 3485 2364 tuum
3526 2307 3700 2364 male-

2051 2397 2316 2453 dicentem
2344 2397 2465 2453 tibi.
2497 2397 2611 2452 Scit
2655 2398 2804 2452 enim
2849 2398 3180 2452 conscientia
3227 2404 3318 2452 tua
3363 2398 3500 2468 quia
3542 2404 3594 2452 et
3641 2403 3702 2452 tu

2051 2485 2238 2542 crebro
2264 2485 2605 2541 male-dixisti
2630 2485 2761 2540 aliis
2781 2485 2966 2553 (Eccli.
2990 2501 3088 2552 vn,
3111 2488 3200 2552 22,
3223 2485 3336 2553 23).
3361 2483 3510 2540 Dum
3543 2484 3699 2540 enim

2053 2591 2372 2646 pensamus
2401 2573 2604 2646 quales
2634 2589 2773 2645 erga
2816 2572 2961 2629 alios
2991 2573 3232 2639 fuimus,
3256 2589 3384 2628 esse
3411 2573 3566 2628 circa
3594 2589 3702 2629 nos

2052 2662 2199 2718 tales
2229 2661 2375 2718 alios
2403 2663 2601 2718 minus
2628 2661 2914 2730 dolemus,
2941 2661 3082 2734 quia
3109 2661 3299 2716 aliena
3321 2659 3613 2733 injustitia
3641 2661 3702 2718 in

2053 2751 2224 2807 nobis
2252 2750 2510 2807 vindicat
2538 2751 2694 2830 quod
2727 2749 2783 2804 in
2817 2766 2879 2806 se
2913 2754 3112 2805 nostra
3149 2749 3504 2806 conscientia
3531 2767 3702 2807 accu-

2053 2844 2164 2897 sat.
2192 2840 2396 2897 Probet
2423 2843 2617 2896 autem
2641 2838 2901 2912 seipsum
2923 2839 3192 2896 curiosus
3220 2839 3417 2905 homo,
3438 2842 3498 2895 et
3526 2839 3611 2896 sic
3641 2839 3701 2895 in

2055 2944 2116 2984 se
2145 2932 2372 2984 tantum
2405 2927 2651 3001 gloriam
2683 2927 2943 2994 habebit,
2975 2931 3032 2982 et
3066 2944 3183 2984 non
3212 2925 3274 2982 in
3305 2925 3506 2995 altero,
3529 2929 3703 3001 cujus

2052 3017 2230 3074 vitam
2253 3017 2504 3090 exquirit
2524 3021 2581 3073 et
2602 3015 2826 3072 merita.
2847 3016 2994 3071 Nam
3019 3019 3156 3072 sunt
3177 3014 3278 3088 qui
3299 3031 3360 3072 se
3387 3021 3705 3090 praepoten-

2053 3109 2144 3162 tes
2175 3106 2382 3179 puiant
2411 3121 2538 3162 esse
2566 3104 2625 3161 in
2659 3104 2890 3172 saeculo,
2915 3108 2974 3160 et
3002 3121 3118 3160 non
3158 3103 3492 3179 intelligunt
3521 3122 3699 3179 quam

2053 3193 2172 3252 sint
2202 3193 2338 3250 vilia
2366 3193 2660 3267 mancipia
2687 3193 2827 3250 vitio
2864 3193 3221 3250 curiositatis
3256 3193 3584 3251 servientia.
3618 3194 3700 3251 De

2054 3302 2303 3358 quorum
2336 3285 2641 3358 impotenti
2690 3285 2950 3358 potentia
3001 3284 3241 3358 quidam
3289 3283 3613 3340 catholicus
3641 3287 3702 3342 et

293 3368 406 3440 16),
436 3367 499 3424 id
529 3371 620 3424 est
647 3367 930 3424 labuntur
958 3369 1018 3425 in
1047 3374 1350 3442 peccatum
1383 3371 1654 3430 scientes.
1679 3374 1747 3430 Hi
1776 3375 1944 3430 nimi-
1971 3360 2016 3428 Ο
2053 3373 2350 3448 sapientiae
2380 3391 2447 3430 ac
2477 3373 2730 3430 scientiae
2771 3373 2968 3430 multis
3017 3372 3424 3446 philosophus,
3455 3371 3516 3429 in
3547 3390 3698 3446 quo-

290 3475 428 3514 rum
451 3462 615 3514 tanto
643 3457 878 3532 gravius
908 3463 1172 3532 peccant,
1198 3465 1416 3533 quanto
1444 3479 1559 3518 non
1587 3463 1696 3520 soli
1725 3463 1786 3520 in
1813 3481 1943 3538 pec-

288 3551 424 3604 cato
448 3546 804 3617 moriuntur,
830 3548 931 3604 sed
965 3565 1027 3604 se
1053 3553 1110 3604 et
1134 3565 1234 3605 eos
1253 3566 1400 3622 quos
1428 3551 1498 3607 ad
1522 3553 1834 3624 perjurand
1845 3571 1945 3610 um

288 3635 562 3704 mittunt,
588 3635 703 3692 nisi
735 3652 840 3708 per
858 3636 1262 3710 pmnitentiam
1283 3639 1672 3713 corrigantur,
1693 3641 1753 3698 in
1778 3643 1950 3700 infer-

289 3741 440 3783 num
469 3724 827 3798 dimergunt.
850 3725 920 3781 Et
947 3723 1084 3782 licet
1113 3725 1198 3781 illi
1228 3727 1289 3782 in
1321 3727 1662 3800 bujusmodi
1693 3731 1948 3804 perjurio

292 3816 540 3888 peccent
558 3813 661 3886 qui
685 3813 1048 3885 juraverunt,
1075 3814 1160 3870 illi
1190 3819 1387 3872 tamen
1413 3816 1513 3890 qui
1541 3817 1706 3875 irrita
1725 3820 1951 3877 faciunt

280 3903 628 3976 juramenta
643 3919 754 3958 sua
767 3903 890 3959 vice
902 3904 1120 3976 jurata,
1139 3904 1294 3962 sicut
1308 3904 1592 3962 Dominus
1608 3908 1682 3963 ad
1699 3907 1948 3966 Pilatum

290 3990 462 4060 dixit,
487 3990 661 4063 Majas
703 3999 983 4064 peecatum
1027 3993 1229 4048 habent
1258 3995 1436 4062 (Joan.
1467 4012 1586 4064 χιχ,
1609 3996 1717 4066 11),
1750 3995 1808 4052 id
1839 4001 1952 4067 est,

291 4080 393 4155 qui
430 4079 580 4136 alios
611 4095 851 4152 peccare
879 4081 1162 4146 fecerunt,
1186 4084 1245 4136 ct
1274 4097 1378 4153 pro
1407 4081 1588 4138 tantis
1617 4082 1696 4139 rei
1731 4084 1789 4140 in
1821 4103 1952 4141 con-

294 4173 506 4244 spectu
541 4167 642 4224 Dei
681 4168 992 4236 habentur,
1025 4169 1225 4225 addita
1265 4174 1324 4226 et
1370 4171 1578 4227 anima:
1610 4190 1728 4229 suae
1759 4174 1950 4248 culpa,

295 4260 556 4333 quantos
576 4257 636 4312 in
656 4257 978 4330 perjurium
1000 4257 1328 4328 mittunt,et
1342 4259 1568 4317 dicente
1585 4262 1830 4319 Domino
1852 4283 1957 4337 per

295 4347 647 4424 prophetam
672 4347 882 4419 (Ezech.
907 4347 1117 4420 xxxw),
1141 4349 1280 4420 quia
1325 4351 1463 4405 sicut
1508 4368 1628 4407 oves
1675 4353 1740 4408 de
1785 4370 1957 4410 manu

289 4437 554 4512 pastoris,
589 4435 671 4491 ita
701 4441 760 4492 et
789 4435 920 4492 illos
951 4435 1051 4509 qui
1091 4437 1440 4509 subjectioni
1474 4455 1592 4494 suae
1621 4439 1957 4498 obedientes

293 4542 504 4584 eorum
528 4541 591 4580 se
611 4524 857 4581 factione
879 4525 1202 4598 perjurant,
1216 4524 1308 4582 vol
1332 4525 1444 4582 alio
1465 4528 1725 4599 quolibet
1745 4530 1959 4587 scelere

295 4613 668 4690 polluuntur,
693 4613 764 4670 de
787 4629 966 4670 manu
989 4613 1223 4670 illorum
1248 4613 1521 4688 requiret,
1546 4615 1644 4689 qui
1675 4617 1786 4674 sibi
1808 4637 1961 4676 com-

2054 3465 2190 3520 dam
2222 3481 2328 3520 suo
2359 3463 2529 3530 libro,
2553 3462 2872 3535 unicuique
2903 3461 3187 3519 fallaciter
3214 3463 3431 3535 potenti
3463 3465 3522 3519 et
3546 3479 3704 3520 vera-

2055 3553 2198 3608 citer
2229 3552 2532 3625 impotenti
2566 3552 2710 3608 dicit
2739 3553 2943 3621 (Boet.,
2968 3551 3034 3608 de
3055 3552 3436 3609 Consolatione
3465 3551 3700 3620 Philos.,

2055 3641 2157 3698 lib.
2191 3641 2277 3714 ιιι)
2313 3659 2327 3696 :

2459 3756 2667 3819 Etenim
2695 3756 2818 3819 licet
2843 3755 3023 3804 Indica
3049 3755 3210 3819 longe

2459 3818 2632 3866 Tellus
2661 3821 2755 3867 tua
2775 3817 2900 3880 jura
2930 3817 3219 3880 tremiscit,

2462 3881 2524 3929 Et
2553 3880 2749 3929 serviat
2779 3879 2966 3929 ultima
2990 3879 3178 3938 Thule,

2459 3943 2659 3991 Tamen
2689 3945 2832 3990 atras
2865 3941 3064 4004 pellere
3095 3955 3270 4004 curas,

2463 4004 2787 4068 Miserasque
2817 4003 3000 4066 fugare
3031 4003 3278 4068 querelas

2461 4067 2579 4116 Non
2599 4067 2774 4130 posse,
2797 4067 3180 4129 potentia’non
3206 4069 3302 4116 est.

2132 4173 2419 4242 (Pastoral.
2445 4172 2542 4228 lib.
2569 4190 2652 4239 III,
2675 4189 2801 4244 cap.
2825 4172 2916 4244 24)
2941 4189 2987 4228 ;‹‹
3012 4173 3082 4226 Et
3125 4175 3265 4227 sunt
3308 4173 3576 4229 nonnulli
3609 4173 3711 4246 qui

2063 4280 2177 4318 non
2209 4263 2523 4317 attendunt
2552 4279 2731 4334 quam
2777 4260 3178 4333 multipliciter
3208 4265 3464 4333 peccent,
3490 4261 3589 4335 qui
3621 4278 3712 4318 se-

2065 4351 2346 4406 minando
2377 4350 2729 4406 discordiam
2761 4349 2914 4406 inter
2945 4351 3172 4419 fratres,
3196 4350 3563 4420 charitatem,
3585 4368 3714 4423 quae

2066 4439 2346 4495 nimirum
2376 4437 2658 4494 virtutum
2691 4443 2781 4494 est
2818 4439 3083 4494 omnium
3125 4441 3332 4510 mater,
3353 4439 3710 4513 exstingunt.

2067 4527 2352 4596 Quoniam
2387 4530 2582 4583 autem
2614 4526 2761 4582 nihil
2795 4530 2884 4583 est
2911 4526 3228 4600 pretiosius
3257 4527 3376 4583 Deo
3400 4527 3613 4584 virtute
3636 4526 3720 4583 di-

2067 4615 2514 4684 lectionis,nihil
2536 4615 2982 4672 desiderabilius
3005 4619 3094 4672 est
3120 4615 3351 4673 diabolo
3377 4614 3717 4672 exstinctio-

297 4701 523 4796 missos
548 4717 793 4796 peccare
833 4702 1112 4796 fecerunt.
1147 4703 1271 4796 l‘lon
1303 4703 1459 4796 enim
1513 4705 1622 4761 soli
1672 4711 1963 4786 pastores,
1997 4729 2046 4796 Β
2075 4722 2148 4796 ne
2167 4703 2492 4796 c‘haritatis,
2514 4703 2785 4796 quisquis
2821 4703 3611 4796 igitursemina‘ndojurgia
3630 4703 3718 4796 di-

297 4791 586 4866 episeopi,
639 4791 987 4865 presbyteri,
1046 4795 1104 4848 et
1159 4793 1408 4862 diaconi,
1470 4798 1960 4856 monasteriorum

299 4884 562 4971 rectores
593 4883 732 4971 sunt
763 4880 1276 4971 intelligendi,'sed
1310 4885 1368 4939 et
1397 4899 1600 4940 omnes
1631 4885 1828 4971 ﬁdeles
1859 4890 1959 4962 qui

298 4969 393 5028 vel
425 4969 678 5042 parvulae
709 4987 829 5026 sua;
861 4969 1072 5026 domus
1101 4971 1429 5028 custodiam
1461 4978 1672 5046 gerunt
1699 4969 1961 5048 pastores

301 5062 463 5117 recte
489 5062 795 5126 vocantur,
828 5058 888 5114 in
919 5062 1206 5131 quantum
1238 5077 1356 5116 suae
1388 5061 1586 5118 domui
1618 5064 1866 5122 sollicita
1885 5067 1965 5122 vi-

301 5147 556 5224 gilantia
587 5151 866 5220 praesunt.
891 5147 961 5203 Et
980 5148 1317 5222 quicunque
1339 5149 1545 5208 saltem
1581 5153 1678 5208 uni
1701 5154 1788 5210 vel
1818 5157 1962 5213 duo-

302 5238 422 5294 bus
453 5235 736 5292 fratribus
766 5235 1108 5309 quotidiano
1140 5239 1423 5311 regimine
1461 5247 1688 5312 praest,
1712 5247 1962 5318 pastoris

303 5323 536 5380 eisdem
580 5324 753 5381 debet
781 5324 1062 5394 ofﬁcium,
1089 5326 1229 5398 quia
1274 5325 1333 5382 in
1384 5332 1674 5400 quantum
1726 5335 1964 5406 sufficit,

305 5427 552 5486 pascere
580 5427 680 5468 eos
718 5412 991 5486 dapibus,
1026 5419 1084 5470 et
1124 5413 1432 5484 hortando,
1466 5417 1842 5493 increpando,
1874 5442 1965 5481 ar-

307 5501 567 5576 guendo,
609 5501 954 5576 corrigendo
1003 5503 1195 5558 debet.
1230 5504 1353 5559 lmo
1403 5509 1830 5582 unusquisque,
1865 5516 1962 5586 qui

307 5589 490 5646 etiam
523 5589 786 5662 privatus
812 5590 999 5647 vivere
1028 5592 1305 5659 creditur,
1330 5597 1582 5666 pastoris
1603 5600 1858 5656 officium
1889 5607 1968 5660 te-

308 5683 432 5748 net,
457 5683 516 5735 et
546 5677 870 5751 spiritalem
916 5681 1106 5762 pascit
1133 5684 1749 5760 gregem,vigiliasquc
1779 5694 1967 5750 noctis

309 5766 576 5834 custodit
605 5785 786 5842 supra
814 5768 1006 5837 illum,
1033 5769 1186 5829 sicut
1216 5770 1274 5826 in
1295 5771 1604 5847 Evangelio
1625 5777 1876 5850 legimus
1897 5784 1968 5841 de

2076 4793 2380 4850 lectionem
2400 4791 2796 4866 proximorum
2817 4792 3071 4864 perimit,
3085 4792 3239 4848 hosti
3254 4791 3354 4848 Dei
3375 4791 3722 4848 familiarius

2071 4883 2268 4950 servit,
2292 4882 2569 4955 quoniam
2601 4898 2720 4953 qua
2769 4881 2866 4938 ille
2915 4881 3134 4937 amissa
3181 4880 3408 4948 cecidit,
3432 4879 3583 4937 hanc
3611 4879 3722 4936 iste

2069 4971 2390 5030 vulneratis
2428 4970 2704 5027 cordibus
2747 4970 3120 5037 subtrahens,
3153 4970 3237 5025 eis
3284 4969 3395 5025 iter
3423 4967 3761 5034 ascensio-~

2071 5063 2164 5117 nis
2195 5059 2464 5116 abscidit.
2492 5082 2520 5109 »
2543 5059 2612 5114 Et
2643 5063 2782 5115 sunt
2813 5057 3076 5114 nonnulli
3102 5058 3200 5130 qui
3235 5055 3387 5113 male
3406 5056 3724 5114 dulcoratis

2071 5147 2532 5206 detractionibus
2563 5152 2703 5204 sunt
2741 5146 2984 5213 assueti,
3018 5163 3130 5201 non
3173 5145 3538 5201 attendentes
3567 5144 3723 5217 quod

2073 5237 2358 5295 Dominus
2390 5235 2552 5302 dicit,
2575 5237 2950 5292 Dctrahentcm
2976 5241 3174 5289 secreto
3191 5235 3444 5305 proximo
3463 5249 3562 5290 suo
3581 5234 3728 5289 hunc

2071 5325 2432 5400 persequebar
2477 5325 2646 5396 (Psal.
2696 5341 2808 5390 ενι,
2859 5324 2936 5390 5).
2987 5322 3175 5378 Norat.
3229 5321 3330 5376 lib.
3381 5337 3497 5386 xxv,
3528 5338 3578 5377 e.
3608 5323 3726 5391 24.)

2076 5417 2240 5473 Unde
2269 5418 2324 5469 et
2355 5412 2628 5468 Salomon
2659 5412 2839 5467 dicit:
2864 5412 2988 5466 Noli
3017 5427 3130 5466 esse
3181 5412 3239 5465 in
3291 5412 3556 5466 conviviis
3580 5417 3730 5484 pota-

2077 5516 2280 5570 torum,
2311 5519 2484 5574 neque
2514 5503 2570 5555 in
2617 5501 3151 5555 cmnmcssationibus
3179 5515 3368 5554 eorum
3411 5501 3510 5570 qui
3537 5516 3730 5556 em‘nes

2077 5595 2148 5650 ad
2188 5590 2504 5649 vescendmn
2541 5592 2828 5660 con/urunt
2857 5590 3036 5659 (Prov.
3069 5605 3228 5655 xxln,
3260 5588 3374 5660 28).
3407 5588 3624 5645 Carnes
3655 5589 3727 5645 ad

2073 5681 2428 5740 vescendum
2452 5695 2556 5734 con
2567 5679 2712 5732 ferre
2728 5681 2837 5743 est,
2858 5677 2916 5731 in
2933 5676 3314 5734 collocutione
3336 5677 3730 5750 derogationis

2075 5769 2334 5834 vicissim
2359 5765 2756 5840 proximorum
2777 5765 2916 5822 vitia
2937 5765 3147 5822 dicere.
3174 5765 3256 5823 De
3277 5783 3529 5840 quorum
3559 5782 3730 5840 poena
