4204 6462
1275 459 1664 526 HINCMABI
1705 460 1950 527 RBEM.
1999 450 2364 526 ΛΜΗωῆ
2409 453 2816 531 OPUBGU’LA
2857 459 3123 528 VARIA.
3197 407 3211 425 .

490 603 628 647 mea
657 587 934 648 subditur
955 606 971 649 :
994 548 1139 662 Quia
1166 601 1416 652 meantes
1449 594 1666 668 potibus
1700 605 1754 653 et
1784 596 1974 654 dantes
1998 612 2144 670 sym-
2164 594 2432 664 Afruinie
2462 599 2725 667 modum,
2754 614 2933 672 quam
2962 599 3024 657 in
3054 596 3369 672 semetipso
3398 595 3650 671 quisque
3676 595 3909 656 inber-

490 678 615 737 beta
631 687 1040 751 crumenam,
1060 689 1117 739 et
1129 684 1387 740 vestietur
1401 686 1604 756 pannis
1619 685 1932 743 dormitatio
1949 686 2134 756 (ibid,

486 768 601 838 21).
622 767 971 840 Symbolum
995 769 1262 828 Graecum
1310 788 1520 829 nomen
1550 778 1660 839 est,
1682 778 1743 831 et
1791 775 2136 848 interpreta-

485 859 588 914 tur
613 858 853 919 collatio.
875 858 983 914 Est
1008 863 1206 915 autem
1235 859 1467 917 collatio
1508 878 1870 931 sermonum,
1894 863 2050 919 sicut
2075 863 2136 919 in

487 944 768 1005 conviviis
782 944 932 1003 solet
951 962 1082 1003 esse
1100 947 1505 1020 pecuniarum,
1520 948 1642 1006 sive
1656 949 1903 1007 aliarum
1919 968 2136 1019 rerum,

487 1038 558 1092 ut
585 1037 645 1092 et
671 1050 928 1107 presens
957 1034 1124 1092 locus
1152 1037 1340 1094 docet.
1366 1037 1605 1095 Potibus
1627 1055 1765 1113 ergo
1780 1045 2008 1108 vacant,
2035 1040 2136 1114 qui

490 1121 563 1178 de
591 1122 903 1196 opprobrio
927 1122 1129 1181 alienae
1149 1124 1278 1182 vites
1307 1125 1620 1184 inebriant.
1643 1127 1986 1201 Symbolum
2007 1145 2139 1186 vero

489 1210 631 1268 dare
649 1214 761 1278 est,
783 1212 938 1269 sicut
956 1213 1367 1288 unusquisque
1387 1214 1538 1273 solet
1566 1233 1670 1289 pro
1701 1222 1865 1290 parte
1882 1218 2045 1275 cibos
2064 1219 2137 1275 ad

488 1299 866 1368 vescendum,
890 1299 975 1358 ita
994 1301 1055 1357 in
1077 1302 1550 1361 contabulatione
1568 1305 1948 1364 detractionis
1965 1307 2142 1363 verba

490 1389 772 1447 conferre.
792 1390 907 1448 Sed
937 1395 1213 1448 vacantes
1240 1391 1477 1465 potibus
1495 1398 1553 1450 et
1570 1395 1779 1452 dantes
1807 1395 2138 1469 symbolum

490 1482 933 1549 consumantur,
966 1480 1109 1552 quia
1135 1481 1422 1554 scriptum
1451 1486 1542 1539 est
1572 1499 1586 1537 :
1618 1482 1824 1541 Omnis
1852 1485 2143 1542 detractor

489 1565 887 1625 eradicahitur
939 1567 1120 1639 (Prov.
1168 1568 1281 1641 xv).
1331 1569 1628 1627 Vestietur
1681 1574 1883 1629 autem
1929 1572 2143 1646 pannis

488 1654 849 1725 dermitatie,
871 1656 1013 1730 quia
1029 1657 1370 1730 despectum
1400 1663 1460 1716 et
1485 1659 1720 1733 inopem
1741 1677 1777 1717 a
1795 1661 2025 1718 cunctis
2046 1663 2144 1719 bo-

489 1743 587 1802 uis
604 1743 885 1818 operibus
912 1761 1074 1804 mors
1093 1762 1205 1803 sua
1230 1744 1506 1816 inveniet,
1525 1765 1701 1822 quem
1726 1749 1824 1806 hic
1843 1753 1914 1807 ad
1939 1749 2140 1808 alienis

486 1831 619 1890 vita
646 1833 1008 1907 exquirenda
1045 1834 1296 1893 crimina
1337 1837 1718 1895 detractionis
1746 1856 1867 1912 suis
1891 1839 2143 1913 languor

487 1921 811 1995 occupavit.
838 1944 868 1974 ››
895 1921 1065 1981 Alius
1107 1923 1496 1998 eleemosynis
1541 1930 1736 1995 vacat,
1779 1927 2015 2002 propria
2050 1928 2140 1985 di-

488 2010 731 2070 stribuit
772 2028 787 2069 :
841 2013 941 2070 sed
999 2013 1145 2071 dum
1201 2012 1405 2071 multis
1458 2015 1769 2085 injustitiis
1826 2016 2024 2085 servit,
2052 2017 2143 2073 vel

488 2099 744 2158 fortasse
770 2100 1035 2175 linguam
1066 2101 1126 2157 in
1165 2102 1627 2160 detractionibus
1672 2105 1872 2172 exerit,
1905 2106 1974 2162 fit
2020 2105 2144 2178 ple-

493 2205 750 2261 rumque
793 2192 863 2247 ut
908 2190 982 2256 is,
1011 2189 1117 2263 qui
1171 2189 1505 2249 misericors
1554 2193 1763 2259 fuerat,
1794 2195 1968 2264 juxta
2013 2195 2145 2250 vitas

493 2294 615 2336 suae
642 2277 967 2335 terminum
1006 2278 1347 2350 rapacitatis
1402 2284 1459 2336 et
1509 2281 1874 2340 crudelitatis
1929 2283 2145 2340 stimu-

490 2364 568 2423 lis
596 2367 946 2424 inardeseat.
978 2367 1142 2434 Quod
1172 2366 1342 2426 valde
1372 2368 1598 2438 judicio
1627 2370 1794 2443 justo
1831 2373 2045 2445 agitur,
2078 2376 2147 2429 ut

493 2456 702 2529 perdat
729 2459 789 2512 et
812 2459 949 2512 ante
992 2454 1262 2512 homines
1310 2457 1468 2514 unde
1514 2458 1858 2518 hominibus
1901 2461 2142 2534 placuit,

493 2543 598 2618 qui
627 2543 739 2600 hoc
762 2543 920 2600 unde
948 2544 1066 2601 Deo
1096 2542 1400 2618 displicuit
1416 2546 1706 2621 corrigere
1725 2565 2029 2622 nunquam
2051 2567 2142 2607 cu-

495 2632 667 2690 ravit.
691 2632 830 2689 Duo
850 2637 1048 2689 autem
1079 2637 1220 2690 sunt
1246 2651 1437 2691 causa:
1463 2634 1525 2691 in
1555 2636 1774 2708 quibus
1805 2637 1942 2695 licet
1971 2637 2146 2696 alicui

494 2720 688 2779 dicere
715 2725 777 2777 et
801 2723 1119 2778 retractare
1138 2719 1332 2779 aliena
1360 2723 1536 2780 mala.
1554 2725 1614 2781 Si
1644 2726 1881 2798 quando
1911 2743 2148 2785 necesse

491 2815 587 2869 est
612 2808 931 2868 consilium
958 2809 1163 2867 haberi
1191 2826 1327 2868 cum
1355 2813 1602 2881 cazteris,
1626 2814 1729 2886 qui
1776 2814 1839 2871 in
1881 2815 1990 2872 hoc
2018 2816 2146 2889 ipso

490 2899 770 2956 videntur
797 2897 1045 2966 assumi,
1070 2899 1364 2972 quomodo
1389 2900 1719 2974 corrigatur
1744 2902 1796 2960 is
1824 2902 1928 2976 qui
1950 2920 2150 2976 pecca-

489 2987 574 3045 vit
599 2985 688 3045 vel
718 2985 873 3044 male
899 2985 1122 3060 aliquid
1153 2987 1292 3061 egit.
1314 2989 1388 3045 Et
1412 3006 1674 3057 rursum,
1706 2990 1755 3048 si
1787 2993 2025 3064 quando
2054 3010 2150 3050 ne-

493 3092 657 3134 care
676 3080 767 3134 est
782 3075 1088 3149 ρωνθηίιὶ
1120 3075 1400 3150 aliquem.
1416 3081 1476 3134 et
1492 3080 1850 3135 commoneri
1892 3098 1964 3137 ne
2004 3082 2150 3139 forte

494 3164 761 3222 incurrat
786 3164 846 3221 in
877 3163 1238 3222 consortium
1268 3163 1520 3238 alicujus
1546 3166 1706 3235 mali,
1726 3167 1871 3224 dum
1891 3185 2026 3226 eum
2048 3187 2151 3244 pu-

495 3256 587 3311 tat
610 3269 742 3311 esse
768 3252 1166 3325 bonum,quia
1183 3251 1330 3310 dicit
1359 3253 1673 3328 Apostolus
1697 3272 1712 3312 :
1736 3256 1912 3314 Nolite
1929 3260 2150 3316 commi-

2244 702 2349 743 sus
2378 686 2577 751 sentit,
2609 687 2786 745 etiam
2834 703 3113 744 mensura
3146 685 3585 742 lamentationis
3610 685 3902 760 erigatur,

2245 791 2318 831 ne
2341 773 2391 831 si
2412 775 2668 847 cogitata
2688 773 2844 831 mala
2865 775 3066 832 minus
3084 774 3369 843 cruciant,
3396 790 3585 847 usque
3602 773 3677 830 ad
3700 788 3909 848 perpe-

2243 863 2455 919 tranda
2484 880 2663 936 opera
2689 863 3033 935 perducant.
3065 865 3428 936 Quapropter
3452 866 3659 918 contra
3697 862 3908 919 omnia

2242 949 2385 1008 vitia
2421 956 2481 1008 et
2525 955 2765 1024 peccata
2809 950 3061 1025 quisque
3106 950 3351 1009 solerter
3397 949 3677 1024 invigilet,
3707 955 3768 1008 et
3796 952 3903 1024 qui

2246 1044 2487 1113 peccata
2514 1039 2800 1113 deplorat,
2842 1039 3126 1113 ploranda
3171 1039 3414 1096 minime
3455 1039 3816 1109 committat,
3844 1044 3909 1096 et

2246 1129 2347 1202 qui
2378 1127 2605 1201 plangit
2630 1129 2791 1195 vitia,
2816 1134 3147 1201 perpetrare
3164 1126 3308 1185 vitia
3326 1129 3722 1201 pertimescat.
3747 1128 3905 1185 Nam

2246 1216 2620 1290 cogitandum
2650 1232 3024 1291 summopere
3046 1223 3155 1285 est,
3182 1221 3250 1274 ut
3266 1216 3369 1290 qui
3389 1232 3456 1274 se
3473 1215 3676 1273 illicita
3696 1218 3907 1273 memi-

2248 1305 2336 1362 nit
2360 1303 2750 1373 commisisse,
2782 1322 2819 1361 a
2854 1305 3210 1378 quibusdam
3242 1306 3420 1362 etiam
3459 1303 3636 1363 licitis
3664 1305 3907 1362 studeat

2246 1393 2578 1452 abstinere:
2605 1397 2900 1466 quatenus
2930 1411 3034 1468 per
3061 1394 3171 1451 hoc
3200 1392 3497 1451 Conditori
3525 1410 3635 1450 sua
3662 1393 3904 1452 satisfa-

2247 1481 2383 1551 ciat,
2407 1487 2473 1539 ut
2492 1482 2593 1556 qui
2618 1483 2919 1540 commisit
2946 1482 3260 1556 prohibita,
3284 1481 3637 1556 slbimetipsi
3664 1481 3903 1540 abscin-

2247 1570 2386 1627 dere
2414 1569 2626 1627 debeat
2668 1569 2847 1627 etiam
2878 1586 3178 1638 concessa,
3209 1573 3270 1631 et
3315 1587 3379 1628 se
3424 1569 3902 1644 reprehendatis

2247 1657 2531 1725 minimis,
2567 1675 2745 1731 quem
2792 1658 3066 1716 meminit
3120 1659 3182 1716 in
3238 1658 3512 1717 maximis
3556 1659 3899 1733 deliquisse.

2246 1746 2443 1805 Nimia
2478 1750 2620 1803 sunt
2647 1763 2777 1820 quis
2825 1746 3052 1821 loquor,
3094 1747 3146 1805 si
3195 1747 3321 1805 hac
3360 1763 3434 1804 ex
3478 1748 3632 1805 sacri
3678 1747 3903 1821 eloquii

2246 1834 2583 1892 testimonio
2598 1851 2715 1891 non
2733 1835 2829 1891 am
2837 1853 2984 1893 rmo.
3002 1837 3117 1894 Lex
3129 1840 3286 1893 certe
3300 1834 3524 1894 Veteris
3539 1836 3907 1895 Testamenti

2242 1922 2499 1983 a'ienam
2545 1940 2785 1981 uxorem
2836 1925 3171 1998 concupisoi
3219 1923 3504 1998 prohibet,
3537 1941 3574 1980 a
3602 1940 3740 1999 rege
3766 1940 3907 1982 vero

2253 2013 2423 2070 fortia
2443 2012 2643 2085 jnberi
2686 2012 2997 2082 militibus,
3028 2013 3117 2070 vel
3147 2013 3467 2071 desiderari
3511 2030 3752 2087 aquam,
3782 2030 3907 2071 non

2253 2101 2559 2174 pmnaliter
2602 2104 2779 2158 vetat.
2821 2102 2893 2157 Et
2936 2100 3134 2157 cuncti
3182 2101 3453 2159 novimus
3491 2102 3651 2174 quod
3700 2102 3912 2173 David,

2252 2190 2738 2263 concupiscentia:
2758 2206 3039 2247 mucrone
3062 2190 3403 2258 transﬁxus,
3427 2190 3681 2249 alienam
3700 2192 3915 2264 conjuc

2251 2295 2386 2352 gem
2413 2282 2473 2335 et
2500 2277 2778 2352 appetivit
2815 2282 2874 2334 et
2917 2277 3163 2334 abstulit
3190 2294 3208 2333 ε
3239 2279 3414 2351 cujus
3461 2278 3699 2352 culpam
3730 2280 3917 2353 digna

2250 2367 2493 2424 verbera
2515 2371 2656 2423 sunt
2682 2371 2914 2434 secuta,
2929 2371 2989 2422 et
3009 2365 3235 2423 malum
3252 2367 3410 2439 quod
3428 2369 3791 2442 perpetravit
3810 2384 3917 2442 per

2255 2456 2606 2530 paenitentia:
2652 2455 2910 2512 lamenta
2936 2456 3206 2512 correxit.
3229 2456 3338 2523 Qui
3368 2473 3505 2514 cum
3552 2454 3729 2530 longe
3776 2462 3920 2531 post

2254 2548 2458 2601 contra
2493 2543 2755 2601 hostium
2803 2561 3022 2601 cuneos
3063 2545 3314 2612 sederet,
3342 2560 3560 2618 aquam
3611 2545 3815 2603 bibere
3842 2562 3917 2603 ex

2252 2650 2457 2690 eorum
2488 2631 2745 2689 cisterna
2768 2650 2838 2689 ex
2857 2631 3148 2690 desiderio
3168 2632 3386 2691 voluit:
3408 2634 3583 2705 cujus
3611 2632 3789 2690 electi
3810 2634 3919 2690 mi-

2253 2720 2407 2790 lites,
2426 2721 2579 2778 inter
2597 2724 2859 2778 catervas
2879 2721 3317 2778 adversantium
3340 2721 3567 2779 medias
3587 2721 3915 2796 irrumpen—

2254 2815 2363 2879 tes,
2388 2828 2603 2884 aquam
2634 2826 2811 2882 quam
2840 2826 2939 2865 rex
2968 2809 3319 2866 desideravit
3354 2809 3521 2868 illaesi
3552 2809 3906 2868 detulerunt.

2255 2900 2370 2956 Sed
2389 2898 2478 2955 vir
2495 2898 2740 2972 ﬂagellis
2760 2896 3048 2967 eruditus,
3072 2897 3459 2972 semetipsum
3478 2897 3752 2972 protinus
3767 2914 3907 2956 cum

2254 2986 2513 3062 periculo
2544 2986 2799 3044 militum
2851 3003 3067 3059 aquam
3097 2985 3463 3044 desiderasse
3508 2987 3907 3062 reprehendit,

2253 3093 2502 3150 eamque
2523 3075 2767 3133 Domino
2788 3076 3041 3132 fundens
3060 3074 3283 3144 libavit,
3307 3075 3907 3150 sicutillicscriptum

2255 3169 2349 3222 est
2377 3181 2392 3221 :
2424 3165 2633 3222 Libani:
2675 3180 2798 3222 eum
2839 3165 3069 3221 Domino
3096 3163 3171 3236 (ll
3196 3165 3322 3237 Reg.
3353 3180 3515 3232 χχιιι,
3550 3165 3659 3238 16).
3694 3166 3762 3221 Ιιι
3809 3182 3908 3223 sa-

2255 3253 2541 3312 criﬁcium
2568 3252 2787 3328 quippe
2828 3252 3057 3310 Domini
3087 3253 3274 3310 eﬂ'usa
3302 3268 3458 3326 aqua
3484 3269 3766 3311 conversa
3791 3258 3906 3323 est,

493 3343 638 3400 scari
675 3347 802 3399 cum
843 3342 1217 3415 hujuscemodi
1243 3342 1292 3412 (Ι
1319 3342 1442 3399 Cor.
1473 3360 1530 3411 v,
1561 3343 1670 3415 11).
1704 3345 1776 3400 Et
1823 3345 2096 3404 Salomon
2131 3366 2146 3404 :
2175 3327 2220 3396 C
2252 3342 2394 3417 quia
2421 3343 2656 3416 culpam
2677 3340 3161 3416 concupiscentia:
3192 3340 3469 3398 mactavit
3498 3358 3604 3415 per
3628 3341 3913 3415 peniten-

493 3432 623 3489 Noii
648 3446 870 3489 manere
895 3446 1020 3488 cum
1046 3432 1265 3490 homine
1286 3432 1572 3497 iracundo.
1594 3449 1664 3490 nc
1691 3437 1832 3507 forte
1857 3451 2043 3493 sumas
2073 3439 2150 3495 ln-

495 3534 698 3594 qmm
722 3521 924 3577 mirus:
972 3526 1086 3578 (rise
1127 3522 1311 3590 (Prov.
1343 3538 1482 3590 χχιι,
1503 3523 1619 3590 24).
1652 3523 1816 3589 Quod
1847 3529 1904 3581 et
1950 3525 2146 3598 ipsum

492 3607 837 3682 Apostolum
871 3608 1077 3666 fecisse
1105 3609 1439 3666 invenimus
1484 3627 1589 3682 per
1618 3609 1727 3667 hoc
1757 3615 1911 3686 quod
1944 3615 2149 3672 scribit

496 3697 571 3754 ad
617 3696 988 3754 Timotheum
1035 3695 1281 3755 dicens:
1332 3697 1642 3756 Alexander
1685 3703 1926 3759 aerarius
1972 3705 2150 3761 multa

493 3787 646 3844 male
672 3787 816 3843 mihi
841 3786 1089 3853 ostendit,
1114 3803 1277 3858 quem
1300 3795 1355 3844 et
1393 3794 1454 3844 tu
1480 3787 1679 3855 desim,
1708 3789 1864 3847 valde
1889 3795 2039 3849 enim
2068 3811 2144 3871 re-

494 3878 639 3933 stitit
664 3876 843 3933 verbis
868 3877 1070 3932 nostris
1099 3876 1173 3947 (11
1205 3875 1337 3933 Tim.
1372 3893 1449 3943 ιν,
1470 3876 1583 3948 24).
1607 3877 1820 3934 Praeter
1846 3878 2150 3953 hujusmo-

497 3961 558 4019 di
586 3967 786 4020 autem
840 3960 1242 4027 necessitates,
1264 3961 1367 4034 qui
1416 3962 1562 4020 dicit
1603 3963 1884 4023 adversus
1939 3967 2144 4036 alium,

495 4054 566 4107 ut
590 4049 679 4107 vel
708 4051 947 4123 deroget
973 4049 1025 4106 ei
1054 4049 1143 4106 vel
1172 4049 1473 4118 obtrectet,
1498 4051 1655 4108 istud
1686 4058 1778 4110 cst
1817 4055 2144 4126 detrahere,

496 4138 726 4199 ἀίοωοὶ
755 4155 893 4198 vera
916 4138 1228 4196 videantur
1256 4155 1388 4196 esse
1425 4157 1557 4212 quas
1585 4139 1744 4199 dicit.
1778 4143 1849 4198 Et
1875 4148 2017 4201 sunt
2043 4147 2145 4220 qui

495 4226 767 4300 quamvis
799 4225 863 4283 in
911 4224 1197 4296 minimis,
1227 4226 1329 4283 sed
1359 4232 1555 4284 tamen
1603 4229 1939 4302 frequenter
1982 4251 2146 4291 exce-

496 4316 648 4377 (ιω
673 4319 741 4371 ut
768 4328 1144 4387 nequaquam
1172 4314 1545 4374 considerent
1562 4317 1762 4390 qualia
1789 4321 1891 4377 sed
1924 4328 2148 4394 quanta

496 4401 893 4463 committunt.
926 4399 986 4459 Si
1015 4400 1174 4459 enim
1207 4401 1360 4461 facta
1401 4420 1512 4461 sua
1557 4405 1909 4479 despiciunt,
1941 4409 2148 4468 timere

495 4502 633 4552 cum
655 4493 905 4563 pensant
919 4489 1152 4556 debent,
1177 4490 1492 4551 formidare
1511 4510 1647 4551 cum
1670 4499 2149 4573 numerant,quia

496 4580 727 4639 minuta
754 4584 896 4637 sunt
924 4594 1054 4650 qum
1084 4583 1404 4650 erumpunt
1433 4582 1734 4650 membris,
1764 4603 1868 4656 per
1887 4589 2144 4644 scabiem

2253 3430 2397 3487 tiam
2428 3429 2793 3487 remissionis
2821 3445 2962 3486 suae.
2994 3428 3103 3496 Qui
3133 3444 3277 3502 ergo
3307 3428 3605 3501 quondam
3632 3429 3908 3503 concupi-

2255 3536 2414 3577 scere
2443 3519 2694 3575 alienam
2741 3520 3052 3590 conjugem
3100 3530 3475 3590 nequaquam
3521 3516 3743 3587 timuit,
3774 3523 3915 3590 post

2255 3608 2430 3665 etiam
2457 3607 2598 3680 quia
2637 3624 2853 3679 aquam
2900 3604 3236 3678 concupivit
3282 3603 3529 3679 expavit.
3554 3604 3705 3672 Quia
3748 3606 3911 3663 enim

2256 3713 2319 3754 se
2347 3695 2552 3752 illicita
2592 3700 2959 3768 perpetrasse
2997 3693 3365 3764 meminerat,
3387 3698 3595 3751 contra
3629 3694 3911 3769 semetip-

2255 3802 2389 3842 sum
2411 3786 2541 3858 jam
2572 3783 2800 3856 rigidus
2829 3789 2888 3840 et
2916 3800 2953 3839 a
2980 3781 3157 3839 licitis
3179 3781 3532 3841 abstinebat.
3556 3782 3653 3840 Sic
3680 3782 3767 3840 sic
3792 3784 3912 3858 agi-

2255 3891 2392 3932 mus
2421 3871 2850 3946 paenitentiam,
2880 3871 2930 3929 si
2964 3888 3035 3929 ea
3060 3888 3191 3945 quis
3219 3870 3631 3930 commisimus
3657 3873 3911 3946 perfecte

2255 3962 2646 4035 deploremus.

2892 4064 3129 4124 CAPUT
3168 4066 3262 4124 1v.
3515 4135 3527 4145 ,

2254 4159 2329 4215 De
2346 4158 2600 4239 operibus
2626 4157 3052 4239 misericordias,
3069 4164 3130 4239 et
3146 4155 3213 4213 de
3237 4155 3767 4239 Ριξηὶιθηιία-
3792 4168 3908 4239 esse

2323 4226 2532 4301 debeat,
2563 4229 2811 4301 quodque
2836 4229 2970 4301 dum
3006 4229 3132 4285 licet
3155 4226 3405 4301 Aminimc
3795 4229 3907 4295 sit;

2323 4301 2390 4357 de
2407 4298 2620 4375 jwticio
2652 4298 2782 4358 item
2807 4300 3022 4368 ultimo,
3050 4307 3104 4357 ei
3133 4298 3198 4357 de
3220 4299 3400 4372 pomis
3432 4299 3667 4371 inferni.

2326 4407 2481 4463 Inter
2506 4406 2628 4462 hinc
2658 4410 2853 4463 autem
2902 4404 3211 4462 sciendum
3256 4408 3349 4462 est
3391 4408 3685 4477 quantum
3731 4418 3910 4477 open

2255 4491 2667 4550 misericordia:
2698 4492 2945 4561 valeant,
2970 4506 3106 4551 cum
3136 4492 3209 4549 ad
3239 4493 3470 4549 fructus
3488 4490 3704 4564 dignos
3730 4490 3911 4566 pinni-

2255 4583 2451 4640 tentim
2484 4584 2610 4656 ipsa
2648 4601 2764 4657 ιιι-ω
2814 4583 3037 4640 ueteris
3086 4581 3525 4656 praecipiuntur.
3560 4582 3705 4638 llinc
3748 4581 3905 4638 enim

493 4665 763 4739 vulnera,
781 4668 882 4763 sed
913 4683 1050 4763 cum
1073 4665 1389 4763 multitudo
1412 4685 1613 4727 eorum
1646 4671 2151 4734 innumerabiliter
2184 4700 2228 4763 υ
2258 4690 2361 4746 per
2388 4675 2764 4746 semetipsum
2796 4672 3025 4729 Veritas
3055 4671 3236 4729 dicit:
3265 4673 3401 4729 Date
3422 4670 3911 4763 elcanoquet

494 4759 766 4830 occupat.
798 4755 884 4812 sic
915 4755 1094 4813 vitam
1137 4756 1400 4828 corporis
1437 4758 1594 4814 sicut
1638 4777 1825 4818 unum
1855 4781 2029 4836 grave
2061 4765 2147 4822 in-

495 4846 721 4904 dictum
744 4843 961 4918 pectori
976 4844 1191 4902 vulnus
1212 4851 1399 4901 necat.
1419 4846 1565 4903 Hinc
1582 4847 1852 4907 videlicet
1865 4852 2150 4926 scriptum

462 4939 623 5015 'est:
648 4937 766 5007 Qui
793 4934 1006 4993 modica
1028 4936 1237 5006 spernit
1278 4935 1549 5006 paulatim
1579 4935 1786 4996 (fetido:
1811 4940 1999 5008 (Ereti.
2031 4960 2150 5019 xix,

499 5025 574 5093 1).
607 5024 718 5090 Qui
748 5022 907 5080 enim
936 5028 1177 5095 peccata
1205 5024 1437 5081 minuta
1465 5024 1601 5082 ﬂere
1647 5043 1716 5082 ac
1761 5028 2015 5086 devitarc
2043 5049 2145 5088 ne-

496 5111 688 5187 gligit,
718 5113 793 5168 ab
823 5117 983 5168 statu
1024 5111 1271 5183 justitize
1304 5128 1418 5168 non
1462 5113 1704 5186 quidem
1754 5123 2008 5190 repente,
2044 5122 2145 5178 sed

495 5201 766 5275 partibus
790 5205 952 5257 totus
978 5201 1157 5256 cadit.

568 5289 638 5344 Et
680 5289 911 5346 dicente
960 5289 1228 5354 Domino,
1270 5289 1388 5360 Ego
1435 5307 1611 5361 opera
1664 5296 1723 5347 et
1777 5295 2150 5367 cogitationis

497 5392 699 5433 eorum
731 5376 898 5434 venio
930 5385 994 5433 ut
1025 5394 1395 5450 congregem,
1421 5394 1656 5435 necesse
1686 5386 1778 5437 est
1809 5390 1873 5440 ut
1899 5384 2151 5458 quisque

498 5480 613 5520 non
632 5465 822 5521 solum
847 5472 1081 5538 peccata
1096 5484 1274 5537 oporn
1284 5484 1360 5531 ιιι,
1376 5467 1475 5521 sed
1493 5467 1669 5523 etiam
1691 5478 1926 5541 peccata
1940 5475 2151 5531 deflent

498 5553 941 5625 cogitationum.
968 5555 1037 5610 Et
1057 5572 1170 5610 non
1193 5554 1385 5612 solum
1410 5572 1687 5613 niensura
1718 5563 1937 5632 peccati
1963 5565 2150 5620 consi-

496 5641 755 5699 deranda
775 5644 1041 5715 estquod
1073 5649 1440 5717 perpetretur
1456 5643 1515 5700 in
1538 5663 1732 5718 opere,
1747 5666 1947 5707 verum
1971 5652 2146 5711 eliam

495 5733 557 5787 et
576 5729 636 5787 in
651 5746 719 5786 eo
734 5731 891 5803 quod
913 5737 1280 5805 perpetretur
1297 5733 1969 5808 cogitatione,quatenus
1979 5741 2148 5811 juxta

2255 4779 2372 4819 ecce
2397 4764 2583 4818 omnia
2608 4761 2817 4818 munda
2842 4768 2973 4818 sunt
3002 4762 3152 4818 vobis
3179 4761 3332 4831 (Luc.
3356 4776 3435 4828 xi,
3468 4760 3580 4829 41).
3611 4758 3758 4816 llinc
3784 4775 3911 4814 rur-

2260 4868 2363 4909 sus
2410 4852 2538 4907 ait:
2570 4851 2704 4907 Date
2749 4859 2801 4907 et
2846 4850 3073 4908 dubitur
3117 4850 3268 4908 vobis
3315 4849 3467 4923 (an.
3498 4864 3577 4917 ιι,
3607 4849 3720 4917 38).
3762 4847 3912 4905 Hinc

2256 4939 2433 4996 etiam
2459 4939 2745 5011 scriptum
2766 4944 2894 4996 est:
2920 4939 3105 5008 Ignem
3125 4938 3726 5007 ardentanmtinguit
3739 4952 3905 5009 aqua,

2254 5037 2309 5085 et
2349 5030 2689 5099 elccmosynu
2739 5030 2943 5084 resistit
2984 5029 3219 5100 peccatis
3264 5027 3456 5098 (Baeti.
3498 5042 3584 5093 ιιι,
3612 5026 3729 5094 33).
3760 5024 3909 5082 Hinc

2255 5118 2469 5174 iterum
2500 5116 2678 5172 dicit:
2705 5117 2974 5174 σθησιυὼ
2999 5118 3401 5189 cieemocynam
3430 5117 3492 5172 in
3516 5114 3676 5172 corde
3696 5128 3905 5186 paup-

2252 5209 2354 5272 ris,
2383 5213 2436 5262 et
2479 5206 2598 5261 Iuro
2640 5223 2741 5278 pro
2790 5215 2842 5262 te
2886 5207 3136 5263 amor-abit
3176 5206 3366 5278 (Ereti.
3413 5220 3567 5272 xxix,
3615 5203 3726 5275 l5).
3758 5201 3909 5261 llinc

2258 5296 2450 5352 bonus
2482 5299 2644 5367 pater
2673 5295 3041 5352 innocentem
3072 5295 3263 5351 [ilium
3288 5294 3566 5351 admonet
3582 5291 3910 5350 dicens:8i

2256 5385 2491 5440 multum
2528 5385 2701 5455 fuerit
2743 5385 2866 5451 (ibi,
2899 5383 3243 5441 abundanter
3292 5382 3471 5439 tribue
3498 5399 3519 5438 :
3546 5383 3599 5438 si
3643 5383 3911 5453 exiguus

2254 5474 2447 5545 fuerit,
2480 5482 2660 5529 unum
2700 5475 2966 5541 exiguum
2997 5474 3228 5528 libenter
3274 5471 3550 5542 impertiri
3574 5469 3729 5526 stude
3751 5467 3906 5539 (T06.

2257 5580 2333 5631 ιν,
2363 5563 2442 5631 9).
2472 5561 2544 5617 Ut
2573 5566 2770 5617 autem
2801 5566 3024 5633 quanta
3050 5566 3207 5619 esset
3235 5559 3421 5616 virtus
3460 5560 3519 5615 in
3548 5555 3913 5615 continenti-

2257 5656 2315 5709 et
2331 5650 2701 5723 susceptione
2723 5649 3116 5722 indigentium
3136 5650 3488 5723 Redemptor
3508 5652 3706 5704 noster
3718 5652 3913 5705 oste.-

2258 5741 2440 5810 deret,
2463 5738 2782 5808 dixitzoui
2830 5740 3024 5812 recipit
3044 5740 3365 5812 prophetam
3410 5740 3472 5793 in
3518 5738 3737 5795 nmine
3773 5750 3907 5808 pre-
