4204 6474
297 422 420 486 893

1472 415 1574 489 DE
1617 421 2006 489 CAVENDIS
2049 421 2306 496 VlTIlS,
2353 421 2524 502 ETC,

3585 427 3728 510 394..

298 555 688 629 tranquillum
719 574 886 614 mens
917 557 1179 616 humana
1199 575 1406 633 capere
1435 576 1552 616 non
1579 556 1946 628 valet,etiam
1973 553 2030 621 Α
2058 553 2414 624 nominatur,
2438 555 2577 628 quia
2606 560 2910 631 susceptos
2939 557 3226 619 stablliter
3251 566 3430 634 tenet,
3455 568 3514 622 et
3539 562 3704 624 lacus

300 643 518 701 iratum
547 645 762 702 videre.
797 649 980 713 Quem
1010 647 1164 704 diem
1197 649 1344 705 bene
1378 648 1614 704 intuens
1669 647 1950 720 pr0pheta

301 733 385 790 ait
417 752 431 790 :
465 735 590 792 Dies
618 736 738 804 illa,
759 735 876 792 dies
905 736 1150 808 iraz,dies
1179 739 1550 794 tribulationis
1579 745 1630 792 et
1654 737 1948 806 angustiae,

299 823 414 880 dies
443 823 775 880 calamitatis
813 833 867 880 et
906 827 1172 895 miseriae,
1205 827 1320 882 dies
1363 822 1710 882 tenebrarum
1735 833 1788 881 ct
1813 825 1949 880 cali-

301 913 473 982 ginis,
509 912 626 969 dies
672 913 892 970 nebulae
919 922 970 970 et
998 915 1258 984 turbinis,
1287 914 1402 971 dies
1431 915 1578 972 tubae
1597 921 1650 970 et
1677 913 1950 985 clangor-is

301 1001 490 1074 (Saph.
525 1019 564 1070 ι,
600 1001 710 1074 15).
743 1001 1007 1070 Pensate,
1043 1003 1250 1060 fratres
1300 1001 1654 1071 charissimi,
1707 1002 1949 1058 extremi

303 1089 460 1146 diem
473 1089 685 1162 judicii
709 1107 886 1164 super
904 1092 1082 1148 corda
1099 1093 1477 1164 reproborum
1503 1109 1620 1165 qua
1641 1092 1951 1164 asperitate

303 1179 590 1252 prOpheta
607 1179 752 1235 vidit
769 1197 1150 1248 amarescere,
1172 1197 1348 1252 quem
1366 1183 1451 1235 tot
1462 1179 1952 1253 appellationibus

302 1285 418 1324 non
442 1267 594 1324 valet
611 1267 917 1340 explicare.
942 1271 1170 1335 Quanta
1188 1262 1484 1325 vero'tunc
1505 1269 1615 1324 erit
1633 1267 1951 1324 electorum

303 1355 524 1426 laetitia,
557 1356 658 1429 qui
690 1358 761 1414 de
789 1358 919 1430 ejus
951 1358 1174 1414 visione
1229 1361 1532 1413 merentur
1575 1357 1848 1429 gaudere,
1881 1357 1954 1412 de

301 1447 476 1519 cujus
499 1435 816 1519 conSpectu
841 1445 1040 1502 vident
1067 1451 1126 1502 et
1153 1446 1444 1502 elementa
1473 1445 1948 1502 contremiscere:

301 1552 439 1592 cum
484 1553 551 1592 eo
601 1534 778 1593 simul
840 1537 913 1592 ad
967 1535 1206 1608 nuptias
1262 1535 1502 1603 intrare,
1533 1533 1721 1607 quiin
1751 1533 1953 1606 sponsi

303 1623 531 1697 nuptiis
551 1624 830 1696 gaudent,
853 1627 914 1680 et
943 1627 1138 1680 tamen
1167 1622 1283 1696 ipsi
1313 1627 1454 1679 sunt
1474 1640 1711 1696 sponsa,
1732 1623 1872 1694 quia
1891 1623 1953 1678 in

300 1711 404 1768 illo
425 1712 622 1769 aeterni
655 1711 820 1784 regni
850 1711 1129 1780 thalamo,
1150 1709 1359 1767 visioui
1389 1715 1600 1768 nostrae
1631 1711 1785 1767 Deus
1815 1728 1951 1766 con-

301 1801 746 1876 iungiturzquae
769 1799 991 1856 scilicet
1011 1799 1154 1856 visio
1187 1817 1492 1874 nunquam
1515 1800 1642 1871 jam
1674 1800 1732 1855 in
1756 1815 1955 1872 perpe-

302 1895 475 1947 tuum
497 1891 570 1947 ab
583 1889 802 1946 amoris
815 1889 906 1946 sui
921 1889 1286 1962 amplexibus
1305 1889 1775 1946 evellatur.Tunc
1790 1889 1950 1962 regni

291 1979 483 2052 janua
511 1979 848 2052 lugentibus
877 1977 1192 2046 clauditur,
1215 1995 1344 2050 quae
1367 1979 1539 2035 modo
1561 1977 1820 2050 quotidie
1841 1995 1954 2050 pce-

301 2068 631 2126 nitentibus
659 2067 938 2142 aperitur.
971 2068 1094 2123 Erit
1131 2084 1386 2139 namque
1419 2071 1560 2122 tunc
1591 2067 1949 2140 poenitentia,

302 2159 406 2216 sed
432 2157 876 2228 fructuosajam
912 2173 1027 2212 non
1059 2155 1188 2225 erit,
1223 2156 1363 2229 quia
1411 2172 1782 2228 nequaquam
1812 2159 1954 2211 tunc

299 2245 534 2304 veniam
574 2245 816 2312 invenit,
849 2245 949 2318 qui
1003 2245 1176 2301 modo
1224 2248 1427 2317 aptum
1479 2244 1658 2301 veniae
1719 2248 1953 2317 tempus

301 2335 514 2408 perdit.
549 2333 694 2390 Hinc
733 2331 893 2389 enim
928 2331 1145 2388 Paulus
1183 2331 1354 2387 dicit:
1379 2334 1526 2388 Ecce
1555 2348 1705 2388 nunc
1729 2341 1953 2404 tempus

301 2421 695 2496 acceptabile,
725 2439 852 2480 ecce
897 2437 1050 2478 nunc
1092 2421 1218 2478 dies
1241 2419 1459 2478 salutis
1491 2422 1572 2494 (tl
1605 2423 1737 2477 Cor.
1766 2439 1844 2488 v1,
1873 2421 1950 2493 2).

301 2512 450 2570 Hinc
481 2511 765 2584 propheta
785 2510 869 2568 ait
891 2528 904 2566 :
931 2511 1186 2582 anrite
1211 2511 1520 2566 Dominum
1540 2511 1679 2567 dunt
1701 2511 1957 2566 inveniri

291 2603 782 2674 potest,invocate
793 2617 927 2656 eum
942 2601 984 2656 (Ι
989 2618 1081 2654 nm
1086 2616 1275 2672 prope
1287 2605 1366 2654 est
1379 2603 1498 2668 (lsa
1509 2599 1821 2671 .Lv,6).Cau
1829 2603 1952 2654 tum

297 2690 484 2764 igitur
513 2707 580 2746 ac
611 2688 928 2746 sollicitum
960 2705 1023 2745 se
1051 2705 1182 2746 vere
1204 2689 1482 2756 ostendit,
1517 2687 1619 2760 qui
1649 2687 1954 2760 praesentis

297 2779 825 2847 considerans,non
840 2779 970 2851 ejus
985 2795 1158 2834 usum
1183 2777 1284 2833 sed
1305 2776 1624 2833 terminum
1642 2775 1950 2849 conspicit,

296 2871 368 2925 ut
387 2886 458 2924 ex
477 2868 592 2924 fine
613 2865 852 2940 colligat
872 2865 1018 2922 nihil
1041 2883 1170 2922 esse
1190 2866 1346 2938 quod
1367 2865 1662 2922 transiens
1683 2863 1950 2920 delectat.

295 2955 448 3013 Hinc
496 2973 754 3029 namque
809 2973 912 3029 per
961 2955 1332 3012 Salomonem
1390 2953 1603 3010 dicitur
1637 2971 1649 3010 :
1683 2954 1750 3010 Si
1778 2955 1954 3010 annis

293 3045 512 3104 multis
540 3047 760 3102 vixerit
788 3045 1043 3114 homo,et
1067 3045 1162 3101 his
1187 3045 1460 3100 omnibus
1483 3042 1720 3101 laetatus
1740 3043 1953 3116 fuerit,

291 3136 626 3192 meminisse
657 3135 829 3191 debet
849 3133 1150 3190 tenebrosi
1169 3135 1448 3205 temporis
1463 3139 1520 3188 et
1541 3133 1774 3188 dierum
1795 3131 1954 3188 mul-

293 3229 518 3292 torum;
529 3241 599 3298 qu
608 3225 786 3290 i,cu.m
801 3223 1062 3278 venerint
1071 3223 1246 3290 ,vanit
1252 3229 1317 3278 at
1323 3223 1374 3278 is
1385 3239 1494 3295 arg
1503 3227 1634 3277 ueni
1642 3227 1955 3294 terpraeter—

2059 642 2294 714 dicitur,
2327 645 2466 716 quia
2497 644 2605 701 hos
2635 663 2783 718 quos
2833 647 3010 704 semel
3063 653 3280 724 ceperit
3325 669 3558 726 semper
3593 657 3702 713 ﬂu-

2057 737 2325 789 ctuantes
2345 737 2403 788 et
2425 735 2680 807 trepidos
2708 737 3014 793 tormentis
3045 738 3587 800 circumﬂuentibus
3609 747 3708 802 ab-

2059 823 2275 878 sorbet.
2311 823 2561 878 Sanctus
2620 827 2819 880 autem
2864 825 2972 894 vir,
3006 827 3127 883 sive
3157 846 3286 898 sua,
3321 848 3426 894 seu
3454 832 3701 890 humani

2059 911 2289 985 generis
2342 928 2478 968 voce
2535 911 2752 969 dimitti
2782 931 2844 970 se
2877 915 3136 988 postulat
3164 923 3480 991 antequam
3509 923 3702 989 vadat,

2059 1017 2176 1056 non
2206 1000 2345 1071 quia
2375 1001 2444 1056 ad
2478 1005 2693 1058 terram
2738 1004 3108 1061 tenebrosam
3139 1007 3241 1078 qui
3271 1007 3504 1080 culpam
3535 1011 3708 1068 deflet

2059 1089 2251 1144 iturus
2267 1093 2375 1154 est,
2401 1091 2502 1144 sed
2525 1091 2664 1162 quia
2693 1092 2766 1147 ad
2796 1093 2948 1148 hanc
2978 1093 3180 1166 procul
3207 1097 3386 1154 dubio
3417 1098 3519 1170 qui
3550 1099 3710 1172 plan-

2058 1193 2194 1250 gere
2242 1176 2486 1250 negligit
2543 1179 2736 1234 vadat.
2771 1181 2936 1236 Sicut
2985 1183 3233 1240 debitori
3293 1203 3400 1242 suo
3459 1187 3711 1244 creditor

2061 1265 2202 1322 dicit
2233 1282 2245 1320 :
2281 1265 2446 1322 Solve
2497 1267 2762 1324 debitum
2821 1269 3166 1343 priusquam
3206 1291 3311 1346 pro
3339 1275 3536 1332 debito
3566 1293 3708 1334 con-

2060 1353 2368 1426 stringaris
2384 1371 2396 1410 :
2413 1355 2512 1427 qui
2531 1359 2729 1413 tamen
2747 1359 3188 1436 constringitur,
3204 1365 3303 1434 qui
3325 1365 3481 1436 quod
3503 1365 3713 1421 debeat

2061 1440 2280 1498 solvere
2330 1459 2446 1498 non
2505 1449 2788 1501 moratur.
2834 1445 2943 1502 Ubi
2974 1452 3032 1504 et
3055 1435 3213 1506 recte
3241 1451 3516 1508 subditur
3547 1470 3562 1508 :
3593 1454 3714 1510 Non

2060 1539 2318 1599 revertar,
2352 1533 2494 1603 quia
2539 1549 2914 1607 nequaquam
2960 1535 3116 1593 ultra
3145 1538 3548 1598 misericordia
3576 1559 3709 1615 par-

2061 1619 2248 1676 centis
2277 1619 2486 1677 liberat
2515 1623 2672 1694 quod
2699 1623 2880 1680 semel
2909 1623 2969 1680 in
3001 1625 3145 1682 locis
3174 1628 3504 1700 poenalibus
3526 1631 3710 1703 justi-

2059 1707 2143 1764 tia
2163 1708 2488 1780 judicantis
2518 1711 2778 1768 damnat.
2811 1714 2946 1778 Quae
3005 1714 3198 1772 adhuc
3255 1717 3535 1775 subtilius
3583 1719 3712 1777 loca

2061 1796 2476 1853 describuntur
2505 1816 2640 1854 cum
2672 1799 2906 1868 dicitur,
2931 1806 3158 1860 terram
3189 1807 3440 1863 miseriae
3465 1812 3523 1862 et
3549 1813 3710 1864 tene-

2063 1885 2302 1940 brarum
2344 1887 2498 1959 (cap.
2523 1889 2636 1960 64).
2699 1889 2932 1946 Miseria
2990 1891 3061 1946 ad
3119 1893 3376 1950 dolorem
3436 1895 3708 1967 pertinet,
3803 1964 3810 1969 υ

2061 1972 2312 2029 tenebrae
2335 1975 2407 2030 ad
2429 1976 2766 2034 caecitatem.
2793 1979 2876 2034 Ea
2912 1996 3040 2051 quae
3063 1997 3096 2036 a
3115 1987 3429 2054 conspectu
3460 1983 3710 2042 districti

2053 2061 2274 2133 judicis
2295 2063 2568 2135 expulsos
2605 2069 2783 2130 tenet,
2807 2065 3054 2122 miseria;
3077 2073 3134 2124 et
3153 2071 3526 2127 tenebrarum
3557 2075 3714 2128 terra

2061 2149 2422 2222 perhibetur,
2456 2153 2596 2224 quia
2623 2153 2765 2210 foris
2793 2155 2960 2210 dolor
2989 2157 3214 2213 cruciat
3257 2174 3406 2231 quos
3431 2159 3647 2216 divisos
3677 2175 3714 2216 a

2060 2255 2194 2294 vero
2224 2238 2448 2296 lumine
2479 2241 2640 2297 intus
2671 2243 2900 2299 caecitas
2930 2245 3224 2301 obscurat.
3255 2268 3285 2296 »
3319 2247 3381 2302 In
3410 2249 3583 2320 cujus
3608 2249 3711 2303 ad-

2062 2325 2178 2382 huc
2211 2327 2604 2400 descriptione
2634 2331 3034 2404 subjungitur,
3057 2335 3159 2390 ubi
3189 2335 3401 2392 umbra
3423 2337 3630 2392 mortis
3657 2345 3712 2392 et

2061 2413 2268 2493 nulla:
2295 2418 2443 2472 ordo
2473 2418 2918 2491 (cap.65).Sicut
2947 2437 3105 2478 mors
3135 2422 3382 2478 exterior
3411 2424 3484 2480 ab
3514 2423 3714 2482 anima

2063 2503 2267 2558 dividit
2313 2521 2572 2574 carnem,
2623 2506 2706 2563 ita
2765 2525 2923 2564 mors
2979 2508 3222 2566 interior
3259 2511 3434 2568 aDeo
3480 2516 3714 2585 separat

2063 2591 2342 2648 animam.
2367 2593 2584 2650 Umbra
2609 2612 2744 2668 ergo
2771 2597 2976 2654 mortis
3004 2602 3094 2655 est
3122 2600 3452 2657 obscuritas
3481 2601 3731 2676 divisio-_
3766 2593 3772 2598 ’

2063 2681 2175 2748 nis,
2209 2680 2350 2754 quia
2378 2682 2693 2739 damnatus
2723 2684 2994 2758 quisque,
3019 2704 3154 2743 cum
3185 2693 3400 2746 aeterno
3421 2689 3555 2764 igne
3585 2707 3714 2747 suc-

2062 2769 2350 2840 cenditur,
2397 2771 2470 2826 ab
2527 2771 2758 2828 interno
2814 2772 3037 2831 lumine
3086 2776 3443 2833 tenebratur.
3491 2777 3714 2834 Natura

2060 2874 2194 2914 vero
2251 2858 2407 2931 ignis
2463 2862 2574 2930 est,
2601 2863 2666 2915 ut
2706 2878 2775 2917 ex
2805 2863 2998 2935 seipso
3026 2867 3084 2920 et
3111 2862 3300 2921 lucem
3333 2864 3620 2934 exhibeat,
3653 2869 3713 2922 et

2061 2947 2588 3004 concremationem
2597 2966 2610 3017 ;
2619 2950 2719 3004 sed
2731 2953 3160 3008 transactorum
3173 2951 3274 3009 illa
3286 2953 3606 3011 ultrix‘ﬂam
3613 2971 3713 3010 ma

2060 3034 2337 3090 vitiorum
2369 3039 2900 3096 concremationem
2929 3039 3126 3106 habet,
3149 3045 3206 3096 et
3233 3040 3432 3098 lumen
3465 3059 3578 3098 non
3608 3042 3710 3098 ha-

2062 3121 2176 3178 bet.
2201 3123 2347 3180 Hinc
2367 3129 2456 3180 est
2476 3125 2632 3180 enim
2659 3127 2813 3198 quod
2835 3128 3100 3200 reprobis
3119 3129 3346 3186 Veritas
3377 3129 3544 3186 dicit:
3578 3132 3711 3187 Dis-

2062 3214 2247 3268 cedite
2259 3229 2298 3268 a
2311 3211 2710 3281 me,maledict
2717 3216 2832 3284 i,in
2839 3217 3033 3290 ignem
3045 3221 3455 3292 wtemumgui
3464 3224 3640 3290 parat
3648 3236 3712 3274 us

193 3306 198 3310 ’
295 3287 746 3384 ila(b'ccle.ix1,
779 3309 856 3382 8).
909 3287 1079 3364 Ηίῐιό
1110 3325 1319 3365 rursus
1369 3287 1658 3382 scriptum
1707 3287 1842 3365 est:
1891 3313 1952 3364 In

2061 3309 2143 3356 est
2165 3301 2416 3357 diabolo
2435 3307 2490 3358 et
2507 3301 2746 3376 angelis
2763 3287 2888 3374 ejus
2912 3305 3150 3374 (Matth.
3164 3323 3294 3376 xxv,
3309 3287 3418 3380 bl).
3449 3287 3708 3374 Quorum

296 3399 568 3456 omnibus
596 3399 870 3472 operibus
897 3401 1016 3455 tuis
1053 3414 1383 3454 memorare
1411 3399 1734 3454 novissima
1751 3404 1881 3464 tua,
1903 3403 1960 3454 et

295 3489 362 3546 in
387 3493 675 3546 aeternum
703 3504 820 3542 non
843 3487 1118 3560 peccabis
1147 3487 1350 3556 (Eccli.
1383 3503 1484 3554 vn,
1517 3488 1628 3557 40).

371 3577 612 3650 (Moral.
645 3576 748 3632 lib.
783 3575 1037 3648 1x,c.62.)
1059 3599 1087 3626 «
1116 3573 1258 3630 Hinc
1283 3574 1368 3630 vir
1398 3580 1640 3632 sanctus
1671 3575 1836 3648 petiit
1855 3577 1962 3634 Do-

297 3666 534 3723 minum
547 3664 770 3722 dicens:
788 3666 1034 3722 Dimitte
1045 3681 1134 3721 me
1147 3669 1209 3720 ut
1215 3663 1518 3738 plangam
1526 3663 1847 3736 paululum
1860 3666 1963 3726 do-

301 3753 490 3812 larem
507 3753 831 3824 meumUob
842 3753 1167 3826 x,20).Quia
1178 3753 1292 3809 nisi
1305 3769 1340 3809 a
1351 3757 1513 3808 reatu
1527 3751 1711 3826 culpae
1724 3770 1840 3826 quo
1853 3771 1958 3811 nos

293 3843 616 3918 ligavimus
647 3841 1102 3900 misericorditer
1133 3841 1524 3909 dimittamur,
1550 3843 1803 3914 perfecte
1825 3843 1961 3899 ﬂere

296 3949 417 3990 non
436 3949 756 4006 possumus
771 3931 882 3988 hoc
900 3932 1055 4004 quod
1069 3930 1125 3986 in
1142 3929 1310 3987 nobis
1329 3929 1472 4003 ipsis
1491 3935 1693 3986 contra
1710 3936 1960 3988 nosmet-

294 4021 464 4095 ipsos
483 4019 774 4077 dolemus.
801 4019 914 4077 Sed
945 4023 1085 4074 tunc
1114 4019 1396 4075 veraciter
1425 4023 1621 4075 reatus
1642 4019 1828 4075 nostri
1851 4020 1956 4076 do-

293 4109 390 4167 lor
417 4108 737 4182 plangitur,
773 4125 908 4164 cum
941 4108 1250 4164 tenebrosa
1278 4105 1380 4162 illa
1408 4106 1618 4162 inferni
1653 4107 1956 4164 retributio

290 4199 526 4256 intento
584 4198 792 4254 timore
850 4195 1198 4271 praevidetur
1253 4196 1400 4269 (cap.
1431 4197 1548 4264 63).
1604 4196 1766 4252 Unde
1825 4201 1958 4269 apte

291 4288 710 4362 subjungitur:
734 4293 1066 4358 dntequam
1096 4286 1320 4342 cadam
1347 4291 1404 4341 et
1434 4303 1550 4340 non
1579 4291 1852 4341 revertar
1871 4287 1959 4342 ad

287 4387 521 4436 terram
541 4377 906 4433 tenebrosam
927 4381 981 4430 et
1005 4384 1273 4448 opertam
1296 4380 1442 4432 mort
1451 4377 1498 4430 is
1508 4391 1578 4430 ca
1589 4373 1611 4430 l
1616 4376 1676 4447 ig
1686 4374 1952 4440 ine.Quid

287 4467 456 4524 enim
489 4470 655 4522 terra
687 4465 925 4521 nomine
956 4465 1302 4530 "tenebrosae,
1335 4462 1447 4519 nisi
1475 4463 1786 4520 tenebrosa
1831 4467 1954 4518 tar-

287 4553 408 4612 tari
439 4554 701 4610 claustra
729 4553 1079 4628 signantur?
1107 4555 1240 4618 Quae
1273 4555 1498 4607 aeternae
1531 4550 1738 4607 mortis
1767 4551 1954 4624 caligo

283 4641 504 4715 operit,
529 4640 672 4714 quia
692 4640 1002 4696 damnatos
1023 4655 1290 4712 quosque
1321 4637 1380 4693 in
1405 4643 1752 4710 perpetuum
1781 4657 1816 4694 a
1835 4640 1956 4696 vita
1981 4657 2030 4722 Β

286 4728 448 4786 lucis
471 4722 780 4802 disjungit.
805 4729 920 4784 Nec
942 4727 1236 4784 immerito
1258 4726 1522 4782 infernus
1543 4731 1698 4782 terra
1713 4727 1948 4798 dicitur,

283 4817 436 4893 quia
455 4817 794 4891 quicunque
815 4817 888 4873 ab
909 4835 978 4874 ea
1000 4817 1153 4889 capti
1176 4815 1414 4882 fuerint,
1441 4815 1731 4872 stabiliter
1750 4820 1941 4872 tenen-

285 4905 720 4979 tur.Scriptum
743 4905 960 4980 quippe
983 4910 1073 4963 est
1097 4921 1108 4960 :
1136 4905 1444 4962 Generatio
1467 4906 1743 4977 praeterit
1774 4911 1831 4961 et
1857 4921 1950 4976 ge-

284 4997 536 5054 neratio
557 4996 999 5064 advenit,terra
1022 5009 1158 5049 vero
1184 4995 1248 5050 in
1277 4999 1556 5049 aeternum
1584 4999 1706 5049 stat
1737 4993 1948 5066 (Eccle.

288 5105 333 5154 ι,
371 5085 448 5157 4).
483 5085 658 5140 Recte
707 5085 888 5158 igitur
933 5081 1144 5138 inferni
1175 5083 1432 5138 claustra
1460 5083 1770 5138 tenebrosa
1799 5086 1954 5138 terra

291 5171 848 5245 nominantur,quia
868 5189 1016 5245 quos
1038 5171 1369 5244 puniendos
1391 5171 1707 5244 accipiunt,
1732 5188 1951 5244 nequa-

291 5276 480 5334 quam
529 5276 710 5332 pcenae
756 5258 1106 5316 transitoria
1134 5258 1222 5314 vel
1251 5257 1703 5332 plantasmatica
1732 5259 1944 5334 imagi-

291 5346 536 5406 natione
574 5349 858 5415 cruciant,
881 5349 980 5405 sed
1005 5345 1223 5402 ultione
1245 5346 1430 5403 solida
1461 5352 1750 5420 perpetuae
1781 5349 1947 5404 dam-

291 5436 558 5494 nationis
589 5439 985 5504 servant.Quaa
1014 5435 1330 5508 aliquando
1349 5439 1542 5490 tamen
1566 5435 1676 5491 loci
1691 5436 1945 5508 appella-

288 5524 456 5582 tione
487 5525 776 5600 signatur,
812 5525 1098 5598 propheta
1155 5529 1489 5590 attestante,
1521 5525 1621 5596 qui
1655 5526 1770 5580 ait:
1803 5531 1948 5581 Por-

289 5621 574 5673 tavernnt
607 5617 1003 5689 ignominiam
1023 5630 1196 5670 suam
1211 5629 1341 5669 cum
1369 5613 1461 5669 his
1476 5615 1577 5687 qui
1592 5614 1950 5671 descendunt

289 5707 363 5763 in
387 5704 582 5763 lacum
607 5705 836 5778 (Ezech.
871 5721 1046 5774 xxx",
1077 5703 1189 5775 24).
1224 5703 1492 5758 lnferﬂus
1542 5719 1676 5775 ergo
1709 5707 1766 5768 et
1793 5706 1950 5762 terra

2067 3403 2272 3444 rursus
2291 3388 2556 3446 omnium
2579 3408 2794 3464 corpus
2813 3391 2872 3447 in
2896 3393 3074 3450 unius
3099 3411 3350 3468 persona
3368 3394 3710 3468 signiﬁcans

2067 3476 2150 3532 ait
2175 3494 2186 3533 :
2211 3479 2422 3551 Ligate
2451 3480 2510 3534 ei
2532 3496 2740 3536 manus
2765 3486 2822 3536 et
2845 3483 3045 3554 pedes,
3058 3489 3114 3538 et
3141 3483 3356 3540 mittite
3382 3500 3514 3540 eam
3535 3485 3599 3540 in
3624 3471 3726 3540 te?

2066 3566 2278 3622 nebras
2305 3569 2626 3624 exteriores
2665 3569 2906 3641 (Matth.
2937 3587 3075 3640 XXII,
3111 3571 3218 3644 13).
3253 3573 3401 3639 Quia
3428 3589 3578 3645 quos
3600 3557 3712 3629 illa

2067 3654 2346 3729 gehennae
2400 3655 2640 3712 ﬂamma
2691 3658 2945 3725 devorat,
2976 3676 3012 3714 a
3038 3659 3260 3716 visione
3301 3660 3419 3716 veri
3466 3659 3709 3717 luminis

2068 3748 2264 3812 caecat,
2289 3748 2354 3799 ut
2370 3749 2428 3800 et
2447 3745 2588 3801 foris
2608 3763 2708 3802 eos
2727 3746 2893 3802 dolor
2928 3747 3350 3805 combustionis
3384 3744 3621 3818 cruciet,
3653 3753 3712 3806 et

2067 3831 2228 3888 intus
2248 3833 2710 3904 pmnaczecitatis
2729 3835 3001 3892 obscuret
3023 3853 3037 3892 :
3062 3841 3355 3910 quatenus
3372 3835 3472 3910 qui
3485 3837 3709 3894 auctori

2067 3937 2174 3976 suo
2202 3937 2441 3992 corpore
2469 3924 2528 3977 et
2557 3923 2728 3978 corde
2757 3921 3147 3996 deliquerunt,
3171 3924 3348 3980 simul
3381 3942 3622 3998 corpore
3651 3929 3710 3982 et

2065 4009 2238 4066 corde
2267 4009 2608 4084 puniantur,
2629 4015 2688 4068 et
2719 4011 3026 4086 utrobique
3048 4030 3280 4086 poenam
3310 4014 3588 4086 sentiant,
3605 4015 3709 4088 qui
3734 4001 3740 4004 ’

2065 4097 2208 4154 dum
2239 4097 2334 4154 hic
2362 4097 2636 4168 viverent,
2669 4099 2862 4172 pravis
2920 4101 3044 4158 suis
3103 4102 3584 4161 delectationibus
3639 4120 3710 4160 ex

2065 4191 2311 4260 utroque
2327 4188 2739 4257 serviebant,et
2751 4189 3098 4246 damnatum
3112 4194 3582 4266 quemquejuxta
3593 4210 3711 4249 mo-
3729 4239 3735 4244 .

2064 4277 2206 4331 dum
2229 4275 2493 4332 criminis
2523 4277 2828 4334 retributio
2858 4285 3140 4352 sequatur
3170 4281 3428 4338 ultionis.
3452 4283 3710 4355 (cap65.)

2065 4366 2209 4420 llinc
2240 4365 2296 4419 in
2338 4365 2648 4438 Babylonis
2691 4367 3066 4424 damnatione
3118 4370 3332 4426 dicitur
3363 4387 3376 4426 :
3409 4375 3712 4445 Quantum

2062 4453 2355 4510 exultavit
2381 4471 2442 4509 se
2461 4461 2516 4510 et
2548 4455 2607 4509 in
2637 4453 2880 4511 deliciis
2902 4457 3046 4528 fuit,
3077 4463 3311 4514 tantum
3338 4460 3478 4518 date
3505 4463 3567 4517 ei
3587 4465 3708 4518 tar-

2061 4549 2261 4600 menta
2289 4549 2344 4598 et
2379 4541 2600 4599 luctum
2623 4543 2826 4616 (Apoc.
2849 4563 3012 4614 xvm,
3041 4547 3118 4620 7).
3151 4548 3220 4604 Et
3241 4549 3424 4621 judex
3470 4549 3710 4608 veniens

2062 4632 2358 4688 dicturum
2389 4650 2452 4688 se
2483 4633 2843 4690 messoribus
2892 4652 3021 4692 esse
3069 4637 3376 4710 perhibet:
3413 4639 3710 4714 Colligite

2061 4721 2321 4790 zizania,
2350 4730 2404 4778 et
2439 4720 2634 4795 ligate
2680 4739 2750 4777 ea
2802 4722 3108 4798 fasciculis
3144 4727 3231 4782 ad
3257 4727 3707 4784 comburi-udam

2059 4811 2300 4882 (Matth.
2324 4829 2446 4879 xm,
2467 4812 2580 4881 30).
2609 4812 2940 4871 Fasciculos
2961 4813 3242 4872 nimirum
3264 4817 3336 4872 ad
3358 4817 3704 4886 comburen-

2061 4901 2202 4957 dum
2233 4901 2414 4975 ligare
2444 4905 2552 4972 est,
2585 4901 2692 4958 hos
2724 4901 2824 4975 qui
2851 4908 3064 4960 aeterno
3095 4905 3217 4979 igni
3267 4905 3536 4962 tradendi
3563 4911 3707 4962 sunt

2059 5007 2231 5062 pares
2260 4991 2500 5064 paribus
2529 4991 2770 5059 sociare,
2790 4996 2856 5048 ut
2884 5010 3031 5065 quos
3063 4993 3275 5050 similis
3305 4993 3480 5066 culpa
3507 4994 3704 5066 inqui-
3741 5040 3750 5048 .

2060 5085 2178 5148 nat,
2188 5097 2294 5152 par
2313 5080 2490 5136 etiam
2521 5097 2692 5152 poena
2721 5082 3172 5156 constringat,et
3198 5081 3299 5156 qui
3330 5100 3702 5156 nequaquam

2061 5168 2281 5242 dispari
2315 5168 2622 5242 iniquitate
2650 5167 2856 5242 polluti
2885 5177 3046 5240 sunt,
3078 5161 3450 5245 nequaquam
3481 5171 3701 5244 dispari

2057 5262 2344 5314 tormento
2404 5257 2780 5314 crucientur:
2815 5264 3106 5332 quatenus
3166 5260 3346 5317 simul
3403 5258 3702 5317 damnatio

2057 5353 2319 5404 conterat
2337 5365 2484 5420 quos
2504 5345 2680 5402 simul
2703 5346 2878 5406 elatio
2900 5347 3240 5406 sublevabat
3263 5367 3275 5404 :
3299 5366 3565 5423 quosque
3584 5365 3700 5406 non

2058 5436 2421 5494 dissimiliter
2448 5435 2709 5492 dilatavit
2727 5437 3114 5506 ambitio,non
3131 5437 3436 5495 dissimilis
3463 5437 3700 5496 afﬂictio

2057 5531 2350 5600 angustet,
2383 5529 2442 5580 ot
2475 5542 2578 5596 par
2605 5527 2826 5594 cruciet
2867 5525 3106 5581 flamma
3136 5528 3430 5602 supplicii,
3461 5545 3608 5602 quos
3637 5527 3704 5585 in

2057 5617 2190 5690 igne
2221 5613 2460 5670 luxuria:
2491 5630 2596 5684 par
2625 5614 2929 5670 succendit
2977 5614 3214 5672 flamma
3261 5617 3501 5690 peccati.
3535 5618 3700 5674 Sicut

2059 5705 2214 5762 enim
2238 5705 2296 5760 in
2319 5703 2490 5759 domo
2515 5701 2702 5759 Patris
2723 5702 3058 5760 mansiones
3096 5705 3294 5765 multae
3317 5710 3457 5763 sunt
3475 5723 3578 5782 pro
3604 5707 3700 5767 di-
