4204 6480
506 399 628 466 895

1283 394 1668 459 HINCMARI
1716 392 1962 457 BHEM.
2006 389 2370 455 ARCHIEP.
2416 391 2830 456 OPUSCULA
2870 391 3131 456 VARIA.

504 532 780 593 versitate
806 529 1043 590 virtutis
1075 529 1253 606 (locu.
1283 528 1423 602 xiv),
1448 528 1535 586 sic
1572 527 1882 585 damnatos
1928 525 2156 584 diverso
2183 523 2240 593 Α
2265 523 2530 583 veniunt.
2563 525 2634 582 Et
2680 523 2949 599 quamvis
2997 523 3338 601 angelorum
3385 530 3561 602 atque
3607 524 3939 585 nominum

505 621 794 699 supplicio
824 621 1104 697 gehennae
1133 620 1373 695 ignibus
1399 618 1641 692 subjicit
1669 616 2032 691 disparilitas
2053 616 2159 672 cri-

504 711 707 770 minis.
738 713 875 779 Qum
905 709 1132 766 scilicet
1160 708 1447 782 gehenna,
1481 706 1752 780 quamvis
1779 705 2008 762 cunctis
2039 722 2158 762 una

503 801 602 868 sit,
624 817 742 858 non
759 803 958 857 tamen
973 801 1218 855 cunctos
1234 814 1354 853 una
1367 797 1686 868 eademque
1716 795 2000 868 qualitate
2017 811 2155 851 suc-

502 889 722 946 cendit.
755 888 904 945 Nam
948 887 1104 944 sicut
1148 903 1264 942 uno
1307 885 1428 941 sole
1458 901 1662 942 omnes
1693 882 2015 956 tangimur,
2048 899 2154 938 nec

503 981 703 1034 tamen
735 977 845 1033 sub
876 991 944 1032 eo
989 990 1108 1031 uno
1150 973 1354 1030 ordine
1401 989 1605 1028 omnes
1648 975 1988 1040 aestuamus,
2015 969 2156 1042 quia

495 1067 669 1140 juxta
696 1065 1039 1139 qualitatem
1095 1060 1355 1135 corporis
1402 1060 1652 1118 sentitur
1697 1061 1873 1116 etiam
1923 1058 2154 1132 pondus

505 1153 748 1212 caloris:
781 1153 866 1210 sic
894 1151 1192 1210 damnatis
1221 1154 1280 1208 ct
1309 1167 1427 1206 una
1453 1152 1545 1206 cst
1572 1149 1840 1223 gehenna
1869 1166 1996 1220 qua}
2035 1149 2156 1203 aﬂ‘i-

504 1244 606 1313 cit,
637 1248 697 1301 et
723 1248 923 1300 tamen
955 1259 1073 1298 non
1114 1257 1318 1297 omnes
1362 1255 1481 1295 una
1528 1237 1806 1312 qualitate
1836 1236 2150 1303 comburit,

503 1334 644 1408 quia
674 1333 829 1407 quod
868 1333 963 1389 hic
1011 1331 1133 1405 agit
1161 1330 1364 1402 dispar
1390 1328 1648 1385 valitudo
1678 1344 2010 1400 corporum,
2042 1326 2153 1383 hoc

505 1422 626 1480 illic
655 1421 889 1479 exhibet
914 1421 1114 1495 dispar
1141 1436 1321 1476 causa
1363 1419 1705 1473 meritorum
1737 1416 1890 1489 (cap.
1921 1416 2016 1485 66)
2050 1432 2063 1471 :
2096 1418 2154 1472 et

503 1510 736 1569 aeternis
782 1509 1020 1585 ignibus
1074 1507 1294 1576 traditi,
1327 1510 1385 1564 et
1432 1506 1491 1563 in
1543 1505 1849 1579 suppliciis
1893 1504 2149 1562 dolorem

503 1598 846 1668 seutiunt,et
875 1598 934 1653 in
964 1596 1162 1654 dolore
1191 1594 1476 1669 angustiae
1510 1593 1799 1668 pulsantis
1828 1611 1891 1651 se
1921 1609 2154 1667 semper

503 1704 714 1763 pavore
742 1686 963 1744 feriunt
995 1703 1008 1743 :
1042 1689 1108 1743 ut
1137 1689 1192 1742 et
1217 1684 1374 1758 quod
1403 1683 1613 1740 timent
1634 1682 1904 1752 tolerent,
1934 1687 1993 1739 et
2021 1700 2149 1738 rur-

501 1794 606 1835 sus
635 1777 790 1853 quod
819 1775 1070 1833 tolerant
1095 1775 1223 1832 sine
1251 1773 1574 1832 cessatione
1604 1771 2038 1846 pertimescant.
2070 1771 2151 1828 De

2265 613 2438 688 longe
2459 613 2538 672 sit
2557 618 2768 672 natura
2786 613 3240 686 dissimilis,una
3253 618 3451 674 tamen
3468 633 3643 691 poena
3656 614 3943 691 implicat

2265 720 2416 776 quos
2435 720 2592 760 unus
2611 704 2671 759 in
2692 703 2939 760 crimine
2957 702 3102 779 ligat
3121 707 3503 773 reatus.Quod
3530 706 3680 763 bene
3700 722 3775 762 ac
3803 706 3943 763 bre-

2261 792 2412 848 viter
2431 791 2694 849 insinuat
2722 792 3010 866 propheta
3039 793 3138 867 qui
3173 794 3293 850 ait:
3319 794 3408 851 lbi
3430 799 3617 851 Assur
3643 800 3704 852 et
3733 796 3941 851 omni:

2263 880 2592 939 multitudo
2623 885 2770 956 ejus,
2801 892 2855 939 el
2888 883 2952 939 in
2983 883 3239 940 circuitu
3266 887 3394 957 eius
3432 882 3715 956 sepulcra
3747 883 3942 941 illius

2263 971 2498 1045 (Ezcclt.
2519 989 2693 1040 xxxii,
2711 972 2824 1044 26).
2844 971 2987 1039 Quis
3006 988 3262 1045 namque
3288 974 3475 1029 Assur
3492 972 3736 1046 superbi
3766 973 3941 1046 regis

2263 1060 2498 1118 nomine
2515 1061 2625 1117 nisi
2644 1060 2740 1118 illc
2757 1077 2860 1134 per
2873 1060 3186 1118 elationem
3199 1061 3414 1118 cadens
3434 1062 3722 1136 antiquus
3732 1061 3938 1120 hostis

2261 1149 2736 1223 exprimitur,qui
2767 1168 2870 1224 pro
2896 1167 2968 1229 eo
2992 1151 3148 1223 quod
3180 1150 3399 1208 multos
3427 1151 3500 1207 ad
3532 1149 3774 1224 culpam
3798 1168 3939 1226 per-

2261 1239 2601 1308 trahit,cum
2632 1242 2845 1295 cuncta
2874 1256 2986 1296 sua
3014 1238 3391 1297 multitudine
3421 1240 3495 1296 ad
3528 1239 3935 1298 inferniclau-

2261 1329 2385 1383 stra
2413 1324 2758 1382 descendit?
2784 1325 3064 1398 Sepulcra
3090 1330 3281 1383 autem
3315 1331 3582 1385 mortuos
3616 1330 3931 1402 tegunt.Et

2261 1415 2396 1488 quis
2417 1414 2570 1471 alius
2586 1414 2784 1471 acrius
2801 1418 3050 1472 mortem
3069 1415 3512 1490 pertulit,quam
3530 1416 3582 1474 is
3593 1417 3933 1491 quiCondi-

2259 1508 2444 1561 torem
2495 1520 2672 1560 suum
2711 1503 3042 1578 despiciens
3097 1505 3273 1562 vitam
3326 1504 3611 1580 reliquit?
3638 1510 3701 1564 et
3738 1523 3927 1581 quem

2259 1592 2529 1650 videlicet
2558 1597 2860 1650 mortuum
2885 1610 3023 1650 eum
3060 1594 3323 1652 humana
3348 1596 3526 1652 corda
3553 1595 3922 1670 suscipiunt,

2258 1683 2310 1756 ej
2320 1700 2388 1739 us
2407 1681 2610 1756 procul
2633 1681 2811 1738 dubio
2831 1681 3401 1755 sepulcraﬁunt.Sed
3415 1683 3476 1740 in
3488 1683 3744 1742 circuitu
3757 1683 3927 1743 illius

2259 1771 2530 1846 sepulcra
2547 1772 2676 1844 ejus
2697 1771 3004 1845 sunt,quia
3017 1772 3075 1828 in
3091 1788 3342 1846 quorum
3365 1789 3428 1830 se
3441 1773 3748 1832 mentibus
3758 1791 3925 1831 nunc

499 1867 595 1924 his
621 1867 839 1924 etenim
871 1864 1158 1937 scriptum
1183 1867 1304 1920 est:
1328 1863 1556 1919 γενηοῶ
1575 1877 1775 1918 eorum
1800 1879 1914 1917 non
1944 1862 2152 1918 moric-
2177 1896 2229 1962 Β
2260 1879 2364 1935 per
2392 1860 2678 1919 desideria
2704 1860 2930 1934 sepelit,
2963 1860 3073 1919 bos
3101 1861 3215 1919 sibi
3246 1862 3623 1937 postmodum
3653 1879 3764 1936 per
3792 1866 3921 1921 tor-

498 1961 680 2025 ίαν-,ει
711 1956 872 2029 ignis
897 1970 1103 2033 eorum
1132 1970 1248 2010 non
1277 1952 1682 2024 emtinguetur
1707 1950 1916 2024 (Marc.
1940 1968 2017 2020 ιιι,
2037 1951 2147 2021 43).

499 2046 637 2114 Qua:
683 2043 860 2101 etiam
913 2040 1203 2115 supplicia
1229 2039 1288 2097 in
1321 2058 1385 2097 se
1417 2040 1704 2098 dimersos
1736 2043 1792 2097 et
1820 2038 1975 2095 ultra
1999 2039 2151 2097 vires

501 2133 788 2200 cruciant,
818 2135 877 2188 et
911 2132 974 2188 in
1021 2131 1108 2188 eis
1150 2131 1280 2187 vita:
1325 2129 1658 2187 subsidium
1715 2128 2185 2202 exstinguentcs‘

501 2225 756 2290 servant,
787 2224 855 2277 ut
891 2221 977 2278 sic
1017 2219 1199 2276 vitam
1254 2219 1544 2276 terminus
1598 2217 1824 2292 puniat,
1857 2221 2150 2291 quatenus

500 2326 734 2385 semper
773 2309 901 2367 sine
946 2308 1197 2366 termino
1244 2307 1539 2364 cruciatus
1587 2307 1778 2375 vivat;
1819 2305 1959 2379 quia
1987 2311 2045 2364 et
2072 2308 2145 2364 ad

499 2399 680 2456 ﬁnem
710 2413 815 2471 per
846 2400 1137 2453 tormenta
1166 2399 1454 2468 properat,
1478 2398 1535 2450 et
1563 2393 1690 2451 sine
1720 2395 1836 2450 line
1869 2393 2146 2452 deﬁciens

499 2488 694 2547 durat.
716 2485 842 2543 Erit
859 2501 997 2559 ergo
1025 2483 1258 2540 miseris
1288 2501 1445 2540 mors
1475 2483 1602 2540 sine
1625 2487 1830 2552 morte,
1856 2483 1992 2540 linis
2021 2485 2147 2541 sine

499 2577 638 2642 ﬂne,
666 2574 928 2632 defectus
977 2573 1103 2630 sine
1148 2573 1379 2630 defectu
1413 2589 1426 2629 :
1461 2573 1603 2646 quia
1629 2576 1688 2629 et
1713 2589 1872 2629 mors
1901 2571 2057 2643 vivit,
2090 2576 2179 2630 et.

499 2664 638 2722 ﬁnis
667 2680 901 2737 semper
955 2661 1181 2736 incipit,
1220 2667 1278 2719 et
1323 2662 1570 2720 deﬁcere
1620 2662 1882 2719 defectus
1938 2662 2141 2719 nescit.

499 2754 656 2811 Mors
683 2751 920 2826 perimit
959 2754 1018 2809 et
1063 2768 1178 2808 non
1222 2750 1563 2824 exstinguit,
1596 2750 1762 2808 dolor
1788 2750 2014 2808 cruciat
2042 2752 2143 2809 sed

496 2841 835 2900 nullatenus
856 2857 1127 2916 pavorem
1150 2840 1341 2913 fugat;
1362 2839 1601 2897 ﬂamma
1614 2840 2034 2907 comburit,sod
2052 2857 2147 2897 ne-

496 2946 797 3006 quaquam
827 2929 1100 2987 tenebras
1130 2927 1459 3000 discutit,et
1473 2927 1571 2985 ille
1599 2927 1753 3002 ignis
1781 2930 1856 2986 ad
1887 2928 2146 2986 consola-

493 3021 711 3081 tionem
734 3037 852 3077 non
870 3018 1112 3089 lucet,et
1129 3021 1325 3076 tamen
1347 3021 1414 3074 ut
1435 3016 1622 3091 magis
1640 3017 2142 3092 torqueataliquid

493 3109 670 3167 lucet.
701 3109 850 3166 Nam
881 3124 1160 3182 sequaces
1207 3123 1474 3180 quosque
1519 3124 1659 3164 suos
1702 3124 1901 3164 secum
1931 3107 1993 3163 in
2023 3111 2141 3164 tor-

493 3202 692 3256 mento
717 3195 949 3270 reprobi
969 3196 1210 3253 ﬂamma
1239 3195 1572 3252 illustrante
1597 3194 1777 3252 visuri
1800 3199 1958 3264 sunt,
1991 3213 2137 3269 quo-

493 3304 626 3347 rum
649 3262 848 3343 amore
867 3284 1273 3358 deliquerunt:
1297 3288 1589 3358 quatenus
1613 3283 1715 3358 qui
1736 3262 2136 3342 eorum-vitam
2162 3262 2213 3332 C

493 3371 806 3433 carnaliter
831 3375 1037 3429 contra
1065 3376 1353 3446 praecepta
1398 3372 1731 3429 Conditoris
1778 3377 2135 3443 amaverant,

491 3462 875 3536 ipsorumque
894 3477 1128 3534 quoque
1148 3460 1468 3518 interiusin
1484 3465 1800 3536 augmento
1824 3479 1942 3518 suae
1965 3463 2136 3518 dam-

493 3549 750 3609 nationis
770 3549 1012 3622 afﬂigat.
1037 3550 1199 3617 Quod
1220 3551 1476 3623 profecto
1495 3549 1806 3624 Evangelia
1824 3555 1968 3607 teste
1984 3551 2141 3607 colli-

490 3638 652 3715 gitur
668 3640 824 3714 (Luc.
854 3642 995 3709 xw),
1027 3638 1085 3694 in
1107 3657 1222 3713 quo
1239 3640 1482 3697 veritate
1511 3642 1819 3698 nuntiante
1839 3641 1999 3698 dives
2020 3641 2135 3709 ille,

491 3746 669 3803 quem
701 3728 948 3803 contigit
967 3729 1039 3786 ad
1065 3716 1266 3786 aeterni
1298 3729 1553 3786 incendii
1578 3733 1865 3786 tormenta
1897 3731 2137 3788 descen-

489 3819 646 3891 dere,
679 3816 940 3893 quinque
968 3818 1215 3875 fratrum
1245 3819 1599 3876 describitur
1625 3819 2001 3878 meminisse:
2035 3821 2136 3894 qui

485 3906 782 3981 Abraham
807 3904 1070 3982 petiit,ut
1100 3908 1381 3966 Lazarum
1410 3908 1479 3964 ad
1513 3925 1717 3966 eorum
1745 3908 2136 3966 eruditionem

488 3995 768 4067 mitteret,
802 4012 875 4052 ne
898 3996 1040 4054 illuc
1068 4014 1168 4054 eos
1216 3998 1568 4070 quandoque
1614 3997 1913 4055 venientes
1968 4015 2140 4072 poena

489 4085 916 4152 cruciaret.Qui
941 4084 1122 4160 igitur
1141 4086 1211 4142 ad
1234 4083 1454 4142 doloris
1471 4083 1560 4141 sui
1577 4086 1883 4143 cumulum
1908 4086 2140 4160 prepin-

488 4189 742 4248 quorum
785 4173 1096 4231 absentum
1147 4172 1436 4242 meminit,
1469 4179 1699 4232 constat
1725 4174 1928 4248 procul
1958 4175 2137 4233 dubio

487 4261 632 4336 quia
658 4278 758 4319 eos
789 4263 860 4319 ad
893 4265 1278 4337 augmentum
1301 4260 1577 4336 supplicii
1597 4265 1776 4336 paulo
1796 4269 1932 4337 post
1949 4265 2140 4338 potuit

487 4352 666 4410 etiam
687 4355 1002 4426 prasentcs
1022 4350 1387 4420 videre.Quid
1406 4355 1604 4409 autem
1626 4353 1842 4410 mirum
1866 4353 1915 4410 si
1937 4371 2136 4411 secum

488 4457 723 4515 quoque
741 4442 1020 4516 reprobos
1040 4439 1250 4514 aspicit
1271 4441 1539 4512 cremari,
1563 4442 1665 4516 qui
1686 4444 1758 4500 ad
1795 4443 2011 4500 doloris
2044 4443 2137 4501 sui

489 4528 795 4586 cumulum
817 4547 954 4586 eum
974 4546 1150 4603 quem
1175 4529 1517 4603 deSpexerat
1539 4531 1595 4587 in
1619 4530 1751 4588 sinu
1771 4532 2015 4590 Abrahae
2038 4535 2139 4590 La-

2260 1955 2457 2007 menta
2485 1950 2790 2025 conjungit
2822 1967 2835 2007 ε
2870 1953 2928 2006 et
2958 1950 3236 2023 quoniam
3281 1969 3437 2008 nunc
3480 1950 3541 2007 in
3574 1951 3923 2026 semetipsis

2257 2040 2488 2114 reprobi
2512 2039 2802 2113 malignos
2823 2038 3068 2112 spiritus
3088 2038 3291 2096 illicita
3314 2041 3709 2114 perpetrando
3729 2041 3925 2099 susci-

2256 2129 2446 2202 piunt,
2478 2133 2620 2185 tunc
2650 2127 2920 2202 sepulcra
2949 2144 3084 2185 cum
3116 2129 3365 2186 mortuis
3393 2129 3710 2187 ardebunt.
3743 2130 3920 2187 Sicut

2257 2218 2330 2274 de
2352 2217 2730 2291 reproborum
2760 2215 3104 2291 corporibus
3134 2217 3421 2291 scriptum
3452 2219 3921 2277 catmum-abit

2253 2324 2385 2364 eum
2433 2307 2588 2380 ignis
2625 2307 2726 2382 qui
2772 2323 2890 2364 non
2940 2307 3320 2363 succenditur
3346 2305 3476 2381 (Job
3497 2324 3591 2377 xx,
3620 2309 3741 2379 26),
3772 2309 3920 2382 quia

2254 2394 2687 2468 Omnipotentis
2706 2395 2963 2467 justitia,
2996 2396 3330 2452 futurorum
3375 2395 3640 2468 praescia,
3673 2396 3750 2453 ab
3783 2396 3917 2472 ipsa

2255 2483 2460 2540 mundi
2481 2483 2705 2558 origine
2726 2483 3003 2558 gehennae
3024 2483 3221 2558 ignem
3244 2483 3479 2554 creavit,
3506 2484 3609 2558 qui
3644 2485 3707 2542 in
3737 2502 3917 2559 paena

2254 2573 2634 2648 reproborum
2655 2589 2784 2629 esse
2803 2571 2985 2629 semel
3006 2571 3309 2646 inciperet,
3323 2573 3425 2629 sed
3447 2573 3717 2630 ardorem
3729 2575 3914 2632 etiam

2252 2662 2380 2720 sine
2399 2661 2576 2737 lignis
2596 2678 2899 2735 nunquam
2923 2660 3461 2719 ﬂniret.Sciendum
3484 2678 3621 2720 vero
3637 2667 3730 2721 est
3749 2665 3914 2738 quod

2251 2768 2458 2810 omnes
2478 2750 2730 2825 reprobi,
2754 2748 2893 2823 quia
2920 2766 2990 2808 ex
3010 2749 3210 2808 anima
3229 2750 3405 2807 simul
3431 2755 3489 2808 et
3506 2767 3683 2809 carne
3702 2768 3913 2826 pecca-

2250 2844 2480 2911 verunt,
2513 2839 2633 2896 illic
2662 2839 2722 2896 in
2750 2838 2951 2897 anima
2980 2839 3194 2913 partim
3233 2843 3293 2896 et
3330 2857 3506 2897 carne
3550 2841 3917 2899 cruciabun—

2251 2933 2370 2987 tur.
2399 2952 2428 2981 ››
2473 2930 2617 2986 Ecce
2674 2945 2804 3002 quis
2853 2933 3087 2986 maneat
3129 2927 3426 2986 damnatis
3477 2946 3648 3003 poma
3688 2945 3913 3005 cogno-

2249 3018 2464 3088 vimus,
2498 3023 2558 3076 et
2607 3019 2936 3076 instruente
2982 3035 3091 3076 nos
3137 3034 3302 3075 sacro
3349 3017 3603 3092 eloquio,
3642 3023 3916 3092 quantus

2248 3107 2311 3164 in
2342 3106 2722 3165 damnatione
2767 3107 2943 3182 ignis,
2988 3111 3211 3181 quanta
3258 3107 3320 3164 in
3367 3106 3504 3182 igne
3548 3108 3907 3176 obscuritas,

2249 3200 2623 3270 quantusque
2674 3195 2734 3252 in
2784 3195 3143 3253 obscuritate
3188 3213 3367 3270 pavor
3410 3196 3511 3266 sit,
3560 3195 3909 3258 nullatenus

2251 3285 2630 3361 ambigimus.
2671 3285 2785 3343 Sed
2836 3284 2978 3359 quid
3034 3286 3275 3358 prodest
3326 3285 3443 3343 ista
3497 3300 3820 3359 pretiosae,
3850 3288 3903 3346 si

2247 3393 2363 3432 non
2412 3375 2716 3449 contingat
2762 3374 3048 3432 evadere?
3077 3375 3227 3432 Tota
3252 3390 3389 3449 ergo
3437 3373 3764 3433 intentione
3788 3392 3902 3433 cu-

2245 3465 2497 3521 randum
2528 3469 2638 3532 est,
2671 3468 2740 3521 ut
2768 3479 2902 3520 cum
2933 3463 3256 3521 vacationis
3286 3467 3521 3538 tempus
3548 3463 3899 3538 accipimus,

2245 3555 2393 3611 bene
2411 3553 2641 3610 vivendi
2662 3552 2857 3609 studio
2878 3551 3168 3610 malorum
3191 3552 3402 3610 ultima
3412 3553 3903 3629 tormentafugia-

2247 3660 2403 3700 mus.
2436 3643 2582 3699 Hinc
2607 3642 2822 3716 quippe
2851 3659 2956 3716 per
2982 3641 3354 3699 Salomonem
3401 3641 3619 3699 dicitur
3648 3658 3663 3698 :
3694 3644 3901 3715 Quod-

2245 3747 2464 3806 cunque
2487 3736 2673 3805 polest
2704 3745 2913 3787 manus
2934 3734 3042 3787 tua
3071 3729 3273 3805 facere
3302 3729 3595 3786 instanter
3620 3742 3899 3801 operare,

2245 3821 2387 3896 quia
2414 3837 2520 3877 nec
2547 3837 2710 3894 opus,
2740 3833 2843 3876 nec
2867 3819 3051 3890 ratio,
3070 3834 3176 3876 nec
3200 3817 3462 3888 scicntia,
3481 3819 3905 3890 mmpientia

2245 3913 2363 3969 erit
2409 3912 2574 3982 apud
2616 3909 2856 3984 inferos,
2886 3925 2997 3984 quo
3025 3914 3092 3965 tu
3117 3923 3404 3982 pmpcras
3424 3907 3642 3981 (Ecck.
3675 3924 3756 3977 ix,
3788 3908 3903 3982 10).

2249 4001 2393 4058 llinc
2411 4000 2592 4057 Isaias
2607 3999 2998 4073 aitzoua’rilc
3025 3998 3329 4055 Dominum
3352 3997 3496 4055 dum
3516 3997 3779 4056 inueniri
3795 4011 3905 4071 po-

2244 4096 2378 4160 test,
2410 4090 2673 4146 invocata
2701 4105 2833 4146 cum
2864 4088 3008 4145 dum
3033 4102 3212 4163 prope
3238 4093 3320 4144 est
3350 4086 3491 4161 (13a.
3524 4103 3615 4155 ιν,
3644 4088 3726 4158 6).
3760 4085 3906 4144 Hinc

2248 4178 2464 4236 Paulus
2495 4177 2638 4234 dicit
2670 4193 2684 4234 :
2719 4182 2858 4235 Ecce
2903 4192 3056 4233 nunc
3101 4181 3327 4250 tempus
3352 4174 3748 4247 acccptabile,
3776 4191 3908 4234 cccc

2244 4284 2398 4325 nunc
2429 4267 2558 4324 dies
2583 4265 2803 4324 salutis
2833 4264 2904 4340 (11
2933 4263 3062 4322 Cor.
3094 4282 3174 4333 v1,
3205 4266 3285 4339 2).
3318 4263 3465 4322 Hinc
3513 4280 3725 4323 rursus
3771 4263 3857 4321 ait
3888 4280 3902 4322 :

2249 4362 2397 4415 Dum
2424 4366 2651 4427 tempus
2683 4354 2978 4425 habemus,
3009 4369 3319 4426 operemur
3361 4353 3573 4412 bonum
3600 4354 3692 4411 ad
3714 4368 3907 4411 om

2246 4445 2406 4520 (Gul.
2436 4462 2516 4514 v1,
2552 4444 2660 4518 10).
2690 4445 2763 4502 Et
2792 4444 2930 4502 item
2963 4443 3251 4517 scriptum
3277 4446 3408 4501 est:
3441 4443 3609 4500 Βραιιί
3653 4458 3905 4518 quorum

2245 4541 2404 4593 lecta
2423 4541 2561 4592 sunt
2583 4539 2835 4608 peccata
2863 4531 3052 4604 (Psal.
3079 4549 3236 4601 xxxx,
3256 4533 3330 4602 1).
3363 4532 3677 4590 Peccautes
3706 4530 3905 4606 itaque

489 4635 692 4675 sarum
720 4617 927 4675 videt?
955 4620 1080 4686 Qua
1103 4636 1172 4674 ex
1202 4637 1261 4675 re
1292 4619 1606 4693 colligitur,
1639 4623 1794 4695 quod
1843 4642 1943 4680 eos
1989 4641 2136 4696 quos
2167 4635 2215 4698 ί)
2248 4623 2402 4681 mala
2424 4624 2578 4680 facta
2596 4621 2768 4679 bonis
2781 4621 3010 4678 actibus
3025 4621 3907 4694 superponimus.Quandoergo

489 4706 819 4765 inordinate
839 4725 997 4764 nunc
1017 4707 1245 4780 reprobi
1267 4708 1918 4784 dilignnt,mirojudicii
1935 4712 2139 4768 ordine

489 4812 692 4856 secum
712 4799 855 4853 tunc
886 4795 946 4852 in
975 4795 1283 4853 tormentis
1306 4795 1608 4867 videbunt,
1643 4802 1706 4856 ut
1735 4816 1966 4872 poenam
1998 4817 2134 4873 pro-

489 4885 630 4960 prie:
662 4883 986 4960 punitionis
1006 4889 1313 4960 exaggeret
1332 4884 1434 4942 illa
1450 4887 1670 4943 auctori
1689 4887 2000 4961 praeposita
2020 4906 2081 4945 ca
2092 4907 2141 4945 r-

495 4974 648 5033 nulis
673 4973 944 5048 cognatio
970 4973 1097 5048 pari
1139 4978 1275 5031 ante
1320 4974 1521 5033 oculos
1564 4974 1785 5033 ultione
1839 4977 2137 5034 damnata.

489 5064 649 5141 Ignis
678 5064 895 5138 itaque,
925 5065 1027 5138 qui
1057 5065 1116 5120 in
1149 5065 1503 5122 obscuritate
1533 5064 2139 5131 cruciat,credendum

488 5154 738 5228 estquia
764 5153 962 5211 lumen
993 5155 1064 5211 ad
1085 5158 1441 5212 tormentum
1469 5156 1840 5224 scrvat,sicut
1856 5157 2139 5214 undarum

491 5245 734 5302 ﬂamma
769 5242 928 5300 lucet
967 5244 1236 5301 obscura.
1266 5245 1432 5301 Tunc
1485 5245 1632 5301 edax
1690 5245 1930 5301 ﬂamma
1980 5263 2137 5302 com-

491 5332 664 5391 buret
737 5350 885 5406 quos
956 5350 1112 5389 nunc
1177 5333 1432 5390 carnalis
1506 5333 1813 5390 delectatio
1881 5333 2134 5407 polluit:

492 5424 632 5478 tunc
681 5422 908 5478 infinite
966 5426 1174 5495 patens
1234 5422 1442 5478 inferni
1501 5422 1847 5478 barathrum
1905 5423 2142 5481 devorat

492 5525 642 5582 quos
672 5527 827 5568 nunc
858 5511 1049 5569 inanis
1091 5510 1264 5568 elatio
1292 5511 1530 5580 exaltat,
1560 5515 1737 5585 atque
1783 5511 2046 5585 quolibet
2071 5531 2141 5571 ex

490 5596 634 5655 vitio
680 5597 777 5657 hic
819 5599 1182 5658 voluntatem
1229 5600 1425 5659 callidi
1482 5600 1808 5673 pervaseris
1865 5618 2140 5660 excreue-

495 5691 654 5763 rant,
685 5692 827 5746 tunc
858 5706 993 5747 cum
1025 5691 1170 5748 duce
1201 5707 1307 5748 suo
1337 5690 1569 5764 reprobi
1598 5691 1671 5748 ad
1696 5694 1989 5748 tormenta
2017 5709 2144 5767 pcr-

2249 4713 2593 4771 abdicamus
2616 4711 2773 4769 mala
2791 4729 2920 4785 qua-
2945 4712 3212 4779 fecimus,
3232 4714 3288 4767 et
3308 4710 3584 4785 eligimus
3603 4711 3757 4768 bona
3775 4727 3904 4784 quae

2247 4801 2731 4876 faciamus.quasi
2761 4805 2997 4874 tegmen
3028 4800 3111 4857 rei
3142 4799 3598 4874 superducimus
3621 4816 3800 4873 quam
3819 4799 3906 4856 vi-

2247 4892 2371 4949 deri
2405 4891 2832 4949 erubescimus.
2865 4889 2974 4957 Qui
3003 4906 3140 4963 ergo
3170 4889 3369 4962 priora
3396 4887 3554 4946 mala
3581 4887 3818 4957 deserit,
3848 4891 3909 4945 et

2248 4983 2403 5039 bona
2423 4979 2718 5054 posterius
2738 4978 2894 5049 facit,
2922 4995 3026 5052 per
3043 4978 3152 5036 hoc
3173 4978 3329 5052 quod
3351 4976 3516 5035 addit
3544 4981 3904 5035 transactam

2249 5069 2574 5142 nequitiam
2604 5068 2879 5142 tegit,cui
2908 5066 3045 5125 boni
3077 5067 3272 5141 operis
3301 5065 3512 5124 merita
3540 5065 3903 5141 superducit.

2248 5158 2518 5226 Quandiu
2569 5157 2725 5214 enim
2776 5156 2964 5216 sancti
3001 5156 3109 5213 viri
3140 5156 3200 5213 in
3230 5156 3341 5214 hac
3370 5156 3567 5214 adhuc
3595 5155 3713 5213 vita
3738 5158 3899 5224 sunt,

2249 5248 2468 5304 habent
2487 5250 2684 5304 tamen
2708 5247 2864 5320 quod
2884 5251 3022 5304 ante
3039 5245 3139 5304 Dei
3159 5245 3362 5303 oculos
3380 5244 3605 5320 operire
3625 5245 3899 5313 debeant,

2250 5336 2392 5411 quia
2420 5337 2659 5395 omnino
2682 5341 2771 5394 est
2800 5334 3267 5410 impossibile,ut
3293 5335 3478 5393 autin
3507 5339 3811 5409 opere,aut
3840 5335 3898 5391 in

2248 5425 2542 5484 locutione
2572 5430 2674 5484 aut
2694 5426 2752 5482 in
2775 5425 3127 5500 cogitatione
3156 5441 3461 5499 nunquam
3492 5422 3898 5498 delinquant.»
