4204 6506
329 503 450 567 89⁸1

331 727 491 802 Quod
515 737 738 804 peccata
783 729 974 785 multis
1017 731 1194 804 modis
1236 739 1632 804 perpetrm-tur,
1672 742 1724 789 ct
1773 735 1978 789 humili

397 803 718 930 mitentia
747 808 1023 867 curentur,
1055 811 1105 858 et
1134 803 1200 858 de
1226 803 1446 876 offensis
1491 808 1742 876 proximo
1787 807 1974 862 dimit-

527 889 595 928 is.

527 889 595 928 τις.

401 997 514 1053 Sed
546 997 850 1053 sciendum
882 1003 972 1054 est
1001 998 1138 1071 quia
1152 999 1342 1055 tribus
1365 999 1552 1054 modis
1575 999 1766 1056 omnis
1792 1000 1974 1074 culpa:

327 1086 656 1159 nequitiam
687 1091 1116 1160 perpetramus,
1148 1089 1524 1161 suggestione
1549 1087 1792 1161 scilicet,
1815 1090 1974 1146 dele-

327 1175 601 1244 ctatione,
634 1191 948 1232 consensu.
983 1176 1242 1232 Primum
1277 1177 1472 1250 itaque
1503 1194 1608 1250 per
1637 1178 1977 1250 bostem,se-

326 1265 590 1321 cundum
618 1281 752 1320 vero
783 1281 888 1337 per
915 1265 1418 1336 carnem,tertium
1433 1284 1536 1339 per
1556 1267 1831 1339 spiritum
1854 1285 1978 1340 per-

327 1358 610 1428 petratur.
647 1353 960 1409 Insidiator
1002 1353 1159 1410 enim
1210 1372 1386 1428 prava
1433 1356 1718 1428 suggerit,
1750 1373 1882 1411 caro
1915 1373 1976 1412 se

327 1442 700 1499 delectationi
731 1441 990 1513 subjicit,
1025 1447 1201 1514 atque
1233 1444 1304 1499 ad
1355 1449 1682 1500 extremum
1733 1445 1976 1517 spiritus

329 1533 518 1588 victus
562 1531 934 1587 delectationi
980 1532 1293 1588 Consentit.
1347 1534 1732 1606 Suggestione
1778 1535 1978 1608 itaque

326 1625 632 1695 peccatum
663 1621 1062 1693 agnoscimus,
1089 1621 1473 1678 delectatione
1503 1611 1976 1692 vincimur,'con-

325 1728 507 1768 sensu
537 1709 714 1766 etiam
747 1708 1021 1784 ligamur.
1054 1711 1125 1766 Et
1155 1714 1406 1784 quatuor
1435 1712 1626 1769 modis
1673 1717 1975 1786 peccatum

321 1799 761 1873 perpetraturin
782 1800 1236 1872 corde,quatuor
1249 1816 1352 1856 con
1363 1803 1764 1858 summaturin
1777 1819 1972 1874 opere.

325 1889 388 1946 In
401 1889 575 1945 corde
585 1889 1974 1961 namquesuggestione,delectatione,consensu,

322 1975 770 2081 et‘del'ernsionis
793 1977 1039 2078 audacia
1088 1983 1476 2050 perpetretur,
1511 1984 1568 2035 et
1611 1981 1764 2052 quod
1816 1980 1972 2036 omni
2008 2017 2055 2081 Β

321 2065 500 2138 culpa
519 2065 588 2122 ﬁt
615 2064 1062 2138 gravius,etiam
1092 2067 1164 2122 de
1195 2068 1509 2124 commisso
1539 2068 1678 2124 vitio
1711 2069 1975 2142 superbi-

319 2155 595 2210 tur.Nam
617 2153 888 2226 quamvis
910 2155 982 2210 de
1000 2153 1212 2211 virtute
1233 2155 1394 2212 nasci
1415 2155 1588 2212 elatio
1611 2156 1812 2226 soleat,
1839 2175 1976 2213 non-

321 2259 632 2316 nunquam
647 2246 841 2299 tamen
858 2242 1042 2298 stulta
1054 2259 1222 2299 mens
1236 2245 1308 2300 de
1329 2249 1660 2317 perpetrata
1685 2263 1748 2302 se
1768 2247 1975 2319 nequi-

322 2331 672 2388 tiaexaltat:
701 2332 855 2388 unde
868 2331 1010 2387 dicit
1032 2331 1314 2404 propheta
1337 2351 1350 2388 :
1375 2333 1668 2390 Occurrent
1699 2334 1977 2391 (immania

322 2421 708 2478 onocentauris
719 2422 949 2489 (Isa.xx,
961 2437 1077 2490 xw,
1094 2420 1202 2492 14).
1217 2421 1550 2490 (Moralium.
1564 2421 1666 2479 lib.
1681 2441 1780 2490 vn,
1797 2439 1847 2478 c.
1865 2423 1972 2496 12).

323 2534 353 2561 α
389 2507 541 2576 Quid
567 2525 702 2564 vero
733 2512 1191 2565 onocentaurum
1224 2509 1459 2565 nomine
1501 2509 1614 2566 nisi
1662 2514 1722 2566 et
1763 2509 1974 2565 lubrici

321 2599 659 2672 ﬁgurantur
676 2601 734 2653 et
754 2597 920 2653 elati?
932 2597 1126 2652 Graeco
1150 2597 1363 2670 quippe
1383 2599 1612 2672 eloquio
1638 2608 1746 2663 ὄνος
1773 2600 1976 2654 asinus

321 2685 627 2754 dicitur,et
655 2684 1044 2758 appellatione
1075 2685 1225 2742 asini
1248 2685 1480 2742 luxuria
1510 2705 1612 2760 per
1629 2687 1971 2760 prophetam

323 2775 691 2847 designatur,
705 2775 806 2848 qui
834 2773 934 2830 ait:
955 2776 1019 2836 Ut
1035 2791 1225 2830 carnes
1253 2777 1539 2830 asinorum
1567 2793 1757 2832 carnes
1787 2793 1976 2832 eorum

322 2864 539 2938 (Ezech.
585 2881 748 2929 xxm,
792 2864 905 2936 20).
966 2862 1144 2918 Tauri
1205 2868 1400 2919 autem
1451 2865 1730 2920 vocabulo
1786 2864 1975 2920 cervix

321 2952 612 3026 superbiae
660 2953 1117 3018 demonstratur,
1169 2953 1321 3007 sicut
1365 2969 1502 3008 voce
1550 2953 1854 3009 Dominica
1903 2954 1974 3008 de

317 3041 544 3099 Judeais
561 3041 962 3114 superbientib
972 3057 1040 3096 us
1062 3057 1164 3113 per
1177 3040 1548 3097 Psalmistam
1567 3041 1798 3097 dicitur:
1812 3043 1976 3098 Tauri

310 3133 555 3203 pingues
603 3130 926 3186 obsederunt
970 3146 1056 3186 me
1085 3130 1257 3199 (Psal.
1289 3148 1404 3197 xxx,
1445 3130 1552 3202 13).
1586 3130 1971 3186 Onocentauri

318 3236 463 3294 ergo
495 3217 760 3291 sunt,qui
792 3218 1040 3290 subjecti
1062 3217 1304 3274 luxuria:
1334 3219 1508 3288 vitiis,
1529 3219 1662 3274 inde
1693 3218 1970 3275 cervicem

317 3306 744 3381 erigunt,undo
773 3305 1074 3362 humiliari
1104 3307 1470 3362 debuerunt:
1504 3307 1601 3378 qui
1633 3309 1828 3362 carnis
1851 3325 1972 3362 sua;

1509 512 1611 572 DE
1654 511 2042 572 CAVENDIS
2085 511 2344 585 VlTllS,
2390 512 2560 572 ETC.

2004 647 2058 712 Α
2088 645 2188 702 sed
2216 661 2348 700 cum
2380 661 2473 700 res
2502 645 2678 716 exigit
2707 647 2772 700 ut
2799 643 2957 717 loqui
2988 646 3128 718 quid
3158 645 3471 720 dupliciter
3497 651 3726 726 debeat,

2083 733 2252 805 quasi
2274 734 2594 806 postposito
2622 737 2836 789 terrore
2858 734 3417 807 superbim,rcmissa
3435 739 3728 798 locutione

2084 823 2402 891 blanditur,
2439 828 2496 879 et
2525 840 2660 879 cum
2693 824 2982 896 superbus
3011 825 3192 879 videri
3225 825 3480 895 desierit,
3513 829 3728 902 duplex

2082 912 2231 966 efﬁci
2257 929 2369 966 non
2405 911 2792 984 pertimescit:
2827 912 2924 984 qui
2957 917 3100 984 quot
3127 913 3282 968 vitiis
3313 915 3726 975 decedentibus

2083 1003 2140 1054 et
2165 1001 2615 1056 succedentibus
2648 1001 2954 1074 premitur,
2988 1006 3072 1056 tot
3103 1001 3378 1074 malignis
3420 1005 3727 1077 spiritibus

2083 1091 2212 1160 ejus
2242 1091 2477 1146 animus
2504 1091 2669 1163 quasi
2695 1091 2971 1147 euntibus
2984 1107 3050 1146 ac
3067 1091 3450 1148 redeuntibus
3469 1094 3730 1152 devasta-

2083 1182 2197 1234 tur.
2235 1201 2261 1228 ››
2293 1180 2364 1234 Et
2394 1179 2492 1252 qui
2527 1184 2738 1235 cuncta
2767 1179 2943 1236 simul
2977 1180 3034 1234 in
3067 1181 3272 1236 effectu
3303 1181 3732 1254 explet,euneta

2085 1286 2212 1342 quae
2263 1274 2475 1326 nocent
2520 1270 2578 1325 in
2630 1274 2824 1326 mente
2867 1269 3080 1326 tacitus
3128 1273 3302 1326 tenet.
3338 1273 3524 1328 Tanto
3553 1273 3734 1347 igitur
3788 1321 3792 1326 .

2085 1358 2316 1414 aretiori
2343 1375 2520 1414 manu
2545 1359 2895 1431 poenitentiae
2917 1359 3378 1430 meustergenda
3397 1366 3731 1434 est.quanto

2085 1461 2148 1501 se
2178 1461 2282 1518 per
2309 1463 2661 1502 consensum
2689 1445 2975 1518 conspicit
3003 1444 3302 1504 sordidius
3337 1449 3729 1522 inquinatam.

2086 1535 2368 1600 Quoniam
2404 1535 2596 1590 omnis
2629 1536 2954 1608 eulpa,quae
2985 1535 3082 1590 hic
3113 1535 3597 1610 perdisciplinam
3622 1555 3735 1612 pm-

2087 1623 2343 1678 nitentia:
2374 1641 2488 1680 non
2521 1625 2877 1696 reprimitur,
2893 1625 3170 1699 gehennae
3203 1625 3438 1698 ignibus
3471 1627 3728 1683 ferietur.
3807 1621 3811 1625 ’

2087 1712 2250 1768 Unde
2281 1731 2384 1786 per
2414 1713 2784 1770 Salomonem
2811 1713 3050 1769 dicitur:
3073 1713 3134 1768 Si
3163 1713 3464 1770 ascenderit
3491 1731 3656 1789 super
3683 1725 3734 1774 te

2083 1805 2311 1874 spiritus
2338 1812 2651 1875 potestatem
2678 1804 2944 1868 habentis,
2977 1801 3152 1858 locum
3189 1809 3346 1858 tuum
3389 1820 3458 1860 ne
3506 1804 3730 1862 dimise-

2088 1893 2167 1946 ris
2195 1892 2390 1959 (Eccle.
2419 1909 2473 1959 x,
2509 1893 2583 1958 4).
2615 1893 2694 1946 Ac
2724 1890 2772 1947 si
2807 1895 3005 1964 aperte
3056 1891 3212 1946 dicat
3245 1908 3258 1947 :
3289 1891 3348 1948 Si
3381 1895 3730 1950 tentatorem

2087 1979 2361 2052 spiritum
2392 1985 2593 2036 contra
2624 1985 2678 2035 te
2711 1978 3018 2052 praevalere
3045 1979 3398 2048 consideras,
3431 1981 3732 2038 humilita-

2085 2072 2202 2124 tem
2233 2069 2582 2140 paenitentiae
2596 2085 2708 2123 non
2730 2067 3112 2140 relinquas,et
3130 2067 3321 2123 verbis
3344 2069 3750 2148 sequentibus;

2085 2157 2341 2212 ostendit
2370 2157 2570 2212 dicens
2605 2173 2619 2213 :
2655 2158 2797 2224 Quia
2825 2159 3036 2212 curatio
3065 2171 3275 2212 cessare
3315 2157 3484 2228 faciet
3513 2165 3734 2230 peccata

2082 2247 2331 2300 maxima
2382 2245 2565 2316 (ibid).
2601 2245 2910 2316 (Moralium
2952 2244 3052 2299 lib.
3089 2262 3166 2310 ιχ,
3198 2261 3324 2316 cap.
3361 2243 3470 2312 19).
3507 2267 3536 2296 «
3580 2245 3732 2312 Quid

2083 2337 2176 2388 est
2221 2334 2378 2389 enim
2427 2332 2582 2388 aliud
2634 2333 2942 2388 humilitas
2988 2331 3253 2397 lamenti,
3285 2331 3400 2387 nisi
3440 2333 3732 2389 medicina

2085 2422 2344 2493 peccati?
2375 2422 2454 2477 De
2481 2439 2599 2494 qua
2629 2421 2961 2477 humilitate
2992 2420 3231 2476 lamenti
3279 2419 3565 2493 scriptum
3593 2425 3684 2478 est
3715 2437 3730 2477 -_

2083 2511 2146 2565 Si
2175 2512 2314 2566 lotus
2340 2513 2496 2582 fuero
2541 2512 2704 2582 quasi
2747 2511 2907 2582 aquis
2952 2510 3100 2564 nivis
3147 2510 3264 2577 (Job
3295 2525 3371 2576 rx,
3403 2511 3514 2575 30).
3547 2511 3725 2582 Aqua

2083 2598 2238 2654 enim
2274 2599 2422 2654 nivis
2453 2603 2594 2656 sunt
2623 2598 2879 2654 lamenta
2907 2596 3278 2652 humilitatis:
3311 2615 3440 2670 quae
3471 2599 3729 2671 profecto

2084 2687 2564 2760 hnmilitas,qnia
2593 2692 2726 2742 ante
2755 2685 3001 2742 districti
3026 2685 3249 2758 judieis
3278 2687 3480 2743 oculos
3509 2688 3732 2744 caeteris

2081 2775 2398 2831 virtutibus
2411 2776 2938 2848 praeeminet,quasi
2955 2775 3264 2847 permagni
3277 2776 3467 2831 meriti
3479 2776 3731 2834 colorem

2083 2866 2309 2920 candet.
2331 2866 2478 2920 Sunt
2511 2881 2762 2936 namque
2789 2863 3054 2918 nonnulli
3087 2863 3187 2935 qui
3219 2863 3728 2936 lamentahabent,

2082 2954 2184 3008 sed
2216 2952 2604 3008 humilitatem
2636 2969 2748 3006 non
2782 2952 3021 3018 habent,
3054 2952 3151 3024 qui
3187 2951 3386 3008 afﬂicti
3415 2951 3723 3026 plangunt,

2083 3043 2182 3098 sed
2217 3046 2409 3098 tamen
2444 3042 2499 3096 in
2535 3041 2680 3114 ipsis
2712 3039 3060 3109 ﬂetibus,vel
3093 3043 3296 3096 contra
3324 3041 3724 3114 proximorum

2079 3131 2258 3186 vitam
2293 3129 2758 3203 superbiunt,vel
2791 3134 2995 3185 contra
3015 3127 3442 3186 ordinationem
3463 3129 3732 3186 Condito.

2082 3220 2162 3274 ris
2191 3219 2517 3291 eriguntur.
2551 3219 2616 3274 lli
2651 3218 2930 3274 nimirum
2963 3234 3148 3290 aquas
3174 3217 3411 3284 habent,
3443 3218 3545 3274 sed
3577 3218 3727 3276 nivis

2083 3326 2267 3381 aquas
2316 3326 2429 3363 non
2479 3308 2714 3376 habent,
2747 3311 2804 3361 et
2847 3307 3054 3362 mundi
3098 3323 3226 3362 esse
3273 3311 3560 3380 nequunt,
3593 3307 3736 3380 quia

315 3394 724 3469 voluptatibus
755 3395 1093 3462 servientes,
1127 3395 1371 3466 expulsa
1399 3394 1568 3468 longe
1609 3396 1977 3462 verecundia,
2011 3385 2054 3450 C
2082 3387 2431 3452 humilitatis
2461 3396 2694 3452 ﬂetibus
2727 3395 2966 3451 minime
2993 3395 3279 3452 lavantur.
3311 3395 3495 3468 Aquis
3535 3401 3732 3452 autem

320 3502 442 3540 non
475 3483 670 3540 solum
702 3501 764 3540 se
795 3484 1060 3540 amittere
1081 3483 1488 3540 rectitudinem
1511 3501 1626 3540 non
1647 3485 1974 3553 dolent,sed

317 3573 519 3631 adhuc
551 3573 728 3630 etiam
771 3573 843 3628 de
889 3589 1062 3645 opere
1101 3573 1464 3628 confusionis
1512 3575 1788 3646 gaudent.
1821 3575 1974 3630 Ono-

317 3662 622 3720 centauris
651 3664 848 3718 autem
881 3661 1170 3717 daamonia
1199 3667 1532 3732 occurrunt,
1567 3664 1706 3735 quia
1735 3663 1978 3737 maligni

319 3749 573 3823 spiritus
620 3749 787 3807 valde
831 3749 917 3806 eis
965 3751 1036 3806 ad
1085 3755 1285 3806 votum
1336 3747 1694 3820 deserviunt,
1725 3769 1875 3824 quos
1906 3753 1977 3808 de

318 3837 422 3895 his
450 3840 705 3911 gaudere
730 3837 1122 3910 conspiciunt,
1152 3839 1222 3894 de
1254 3839 1470 3910 quibus
1500 3841 1710 3896 deﬂere
1761 3841 1974 3897 debue-

318 3931 486 3984 runt.
521 3949 552 3980 ››
583 3927 898 3996 (Moralium
927 3927 1030 3982 lib.
1067 3945 1142 3995 ιν,
1177 3945 1228 3984 c.
1259 3930 1372 3996 25).
1403 3953 1431 3979 «
1465 3930 1534 3984 Et
1571 3929 1780 3985 iisdem
1831 3947 1974 4001 qua-

315 4022 456 4074 tuor
485 4015 679 4072 modis
705 4021 1009 4089 peccatum
1039 4021 1486 4073 consummatur
1511 4019 1568 4073 in
1601 4035 1792 4089 opere.
1810 4018 1976 4074 Prius

316 4121 579 4178 namque
635 4105 828 4162 latens
886 4104 1062 4178 culpa
1117 4105 1330 4177 agitur,
1393 4107 1769 4178 postmodum
1842 4124 1974 4162 vero

313 4193 500 4251 etiam
527 4198 664 4250 ante
693 4193 897 4250 oculos
928 4193 1236 4249 hominum
1260 4193 1386 4250 sine
1409 4194 1750 4252 confusione
1779 4200 1976 4252 reatus

314 4282 604 4356 aperitur,
635 4281 848 4338 dehinc
876 4285 936 4338 et
976 4282 1035 4337 in
1083 4283 1569 4339 consuetudinem
1615 4283 1872 4354 ducitur,
1900 4285 1974 4339 ad

313 4373 648 4428 extremum
682 4388 915 4444 quoque
935 4370 1024 4427 vel
1049 4369 1208 4427 falsae
1238 4370 1360 4444 spei
1392 4372 1853 4442 seductionibus,
1884 4372 1974 4429 vel

314 4459 719 4519 obstinatione
749 4460 978 4517 misere
1009 4460 1432 4533 desperationis
1462 4461 1846 4528 enutritur,ac
1875 4478 1976 4534 per

314 4549 435 4608 hoc
462 4553 524 4604 et
554 4547 716 4609 nulla
744 4548 918 4622 culpa
947 4548 1292 4614 devincitur,
1327 4565 1460 4604 cum
1497 4548 1610 4604 alia
1639 4566 1740 4621 per
1769 4549 1972 4604 aliam-

310 4641 712 4714 perpetretur.
744 4639 894 4696 Nam
925 4655 1077 4710 stepe
1109 4637 1261 4693 furto
1295 4637 1706 4709 negotiationis
1745 4636 1975 4694 fallacia

303 4727 676 4802 jungitur,et
705 4732 857 4801 saepe
889 4725 1129 4784 fallacia).
1150 4726 1389 4800 perjurii
1411 4726 1969 4784 reatuscumulatur.
2003 4750 2052 4816 Β

312 4817 491 4875 Unde
519 4816 807 4890 scriptum
844 4822 934 4874 est
965 4834 978 4872 :
1031 4817 1248 4881 Vadent,
1297 4824 1349 4872 et
1385 4817 1603 4872 venient
1646 4832 1808 4889 super
1848 4833 1974 4873 eum

308 4905 618 4963 horribiles
646 4907 770 4976 (Job
799 4924 892 4975 xx,
929 4906 1040 4976 15),
1070 4905 1130 4960 id
1161 4909 1250 4960 est
1297 4921 1476 4976 super
1507 4903 1679 4960 talem
1721 4923 1974 4978 peccan-

309 5001 443 5052 tem
471 4995 704 5067 vadent,
735 4999 794 5052 et
820 4994 1054 5051 venient
1083 4993 1324 5066 maligni
1357 4992 1620 5066 spiritus,
1653 4994 1827 5051 certis
1871 4995 1972 5068 qui

314 5086 556 5157 busque
573 5084 730 5140 vitiis
751 5085 1159 5157 obsequentes,
1181 5082 1318 5156 quia
1344 5083 1596 5155 perversi
1627 5087 1880 5139 mentem
1915 5090 1973 5140 et

311 5173 370 5230 si
404 5171 524 5229 alia
551 5171 970 5242 deserunt,alia
996 5171 1135 5228 vitia
1163 5175 1471 5244 occupant.
1493 5193 1520 5220 ››
1535 5172 1845 5245 (Moralium
1866 5172 1967 5230 lib.

312 5263 600 5332 xv,c.16).
629 5285 657 5312 «
692 5263 854 5336 Saepe
883 5277 1138 5334 namque
1163 5260 1362 5316 videas
1392 5259 1662 5333 iniquum
1694 5261 1754 5317 in
1786 5266 1971 5319 terre-

313 5370 402 5409 na
429 5355 719 5424 potestate
749 5352 1135 5408 constitutum
1167 5350 1326 5424 gravi
1366 5350 1557 5406 furore
1599 5353 1970 5421 commoveri,

312 5439 614 5516 quidquid
645 5441 736 5498 ira
765 5441 1127 5516 suggesserit
1156 5439 1413 5512 exsequi,
1438 5443 1494 5496 et
1523 5456 1656 5495 cum
1691 5440 1850 5496 furor
1879 5442 1974 5496 ab-

313 5529 622 5598 scesserit,
644 5546 780 5586 mox
808 5531 936 5602 ejus
967 5534 1226 5586 mentem
1257 5527 1490 5584 luxuria
1517 5529 1799 5595 devastat,
1836 5547 1971 5586 cum

313 5617 564 5676 luxuria
609 5619 680 5675 ad
728 5622 965 5692 tempus
1013 5618 1440 5685 intermittitur,
1479 5617 1654 5673 elatio
1702 5619 1971 5689 protinus

314 5706 497 5782 quasi
523 5707 597 5764 de
622 5709 983 5766 continentia
999 5708 1059 5764 in
1079 5709 1208 5780 ejus
1225 5705 1576 5780 cogitatione
1596 5706 1968 5778 subrogatur,

313 5801 506 5875 atque
530 5801 600 5857 ut
628 5815 664 5860 α
693 5798 916 5860 εωιθνὶε
937 5799 1216 5858 timeatur
1233 5794 1456 5873 appetit
1471 5793 1653 5852 videri
1669 5796 1968 5873 terribilis,

2086 3487 2236 3542 nivis
2267 3503 2300 3540 a
2330 3485 2504 3558 culpa
2535 3503 2596 3541 se
2626 3484 2844 3540 laverat
2864 3485 2962 3557 qui
2994 3484 3353 3539 confidenter
3375 3483 3736 3542 dicebat:Cor

2085 3577 2377 3631 contritum
2406 3583 2458 3630 et
2488 3575 2843 3629 humiliatum
2873 3574 3012 3629 Deus
3058 3589 3170 3628 non
3213 3575 3424 3646 spernit
3467 3573 3642 3646 (Psal.
3677 3591 3730 3644 L,

2089 3665 2196 3731 19).
2226 3663 2330 3728 Qui
2355 3661 2510 3716 enim
2542 3661 2816 3717 lamentis
2847 3659 3209 3733 afﬂiguntur,
3235 3659 3336 3715 sed
3365 3675 3735 3715 murmuran-

2085 3753 2157 3806 do
2189 3750 2433 3806 rebelles
2481 3755 2638 3813 sunt,
2669 3753 2925 3804 mentem
2975 3747 3213 3820 quidem
3257 3751 3584 3814 conterunt,
3626 3749 3729 3803 sed

2086 3839 2382 3895 humiliari
2415 3842 2866 3894 contemnunt.»
2899 3838 3474 3907 (Pastor.m,cap.25).
3505 3857 3533 3885 ι(
3564 3836 3732 3892 Unde

2084 3947 2188 4002 per
2230 3928 2572 4000 prophetam
2603 3926 2916 3982 Jcremiam
2948 3926 3181 3991 dicitur,
3215 3941 3352 3980 cum
3392 3924 3730 3980 Judaeorum

2083 4017 2316 4090 singula
2363 4015 2575 4071 delicta
2623 4019 3056 4088 pensarentur:
3110 4014 3414 4069 Diuisione:
3461 4029 3733 4084 aquarum

2083 4107 2315 4162 (traducit
2339 4105 2526 4160 oculus
2549 4119 2700 4159 meus
2731 4103 2949 4175 (Thren.
2978 4119 3066 4168 In,
3103 4101 3210 4174 49).
3246 4099 3473 4156 Divisae
3512 4101 3732 4174 quippe

2083 4213 2152 4250 ex
2175 4193 2363 4249 oculis
2384 4195 2570 4266 aquas
2588 4191 3196 4264 deducimus,quando
3218 4189 3470 4263 peccatis
3483 4189 3732 4262 singulis

2083 4283 2424 4356 dispartitas
2453 4282 2742 4354 lacrymas
2772 4281 3002 4336 damus.
3041 4281 3240 4352 Neque
3271 4279 3428 4335 enim
3479 4297 3597 4334 uno
3633 4295 3730 4336 eo-

2083 4373 2332 4444 demque
2361 4377 2620 4443 tempore
2650 4387 2811 4442 aeque
2842 4385 3009 4424 mens
3037 4369 3109 4424 de
3139 4367 3414 4424 omnibus
3445 4367 3728 4426 doletzsed

2083 4461 2222 4516 dum
2259 4477 2414 4515 nunc
2439 4459 2803 4531 hujus,nunc
2835 4457 2993 4512 illius
3015 4456 3200 4530 culpae
3231 4455 3517 4512 memoria
3538 4457 3733 4514 acrius

2081 4548 2363 4622 tangitur,
2397 4547 2572 4603 simul
2603 4547 2674 4601 de
2703 4545 2980 4601 omnibus
3029 4545 3087 4600 in
3137 4542 3389 4618 singulis
3438 4548 3734 4600 commota

2081 4641 2420 4710 purgatur.»
2450 4635 2761 4705 (Moralium
2790 4633 2890 4690 lib.
2927 4635 3221 4702 u,c.26).«
3257 4633 3501 4690 Rixatur
3530 4647 3732 4713 secum

2082 4729 2153 4782 de
2183 4726 2276 4782 his
2307 4743 2434 4796 quae
2453 4724 2604 4780 male
2633 4723 2822 4796 egisse
2843 4740 2906 4779 se
2931 4722 3152 4790 recolit,
3180 4721 3736 4794 etsibimetipsidis-

2083 4816 2274 4890 plicet,
2307 4832 2442 4870 cum
2474 4813 2524 4870 ei
2561 4813 2656 4868 ille
2686 4811 2914 4886 placere
2936 4813 3062 4884 jam
3095 4812 3332 4884 cmperit
3379 4811 3479 4882 qui
3528 4809 3728 4866 omnia

2081 4903 2314 4961 creavit.
2351 4901 2742 4975 Reprehendit
2773 4918 2835 4957 se
2863 4902 2935 4956 de
2965 4899 3442 4973 cogitationibus,
3475 4897 3730 4970 insequi-

2083 4999 2178 5049 tur
2205 4995 2276 5048 de
2306 4991 2580 5057 verbis,et
2610 4990 2778 5063 punit
2808 4990 2997 5044 flendo
3019 4990 3088 5044 de
3121 4986 3461 5043 factisﬂinc
3485 4985 3640 5040 enim
3665 4985 3727 5042 in

2079 5081 2421 5156 Apocalypsi
2453 5097 2587 5136 voce
2619 5077 2882 5151 angelica
2911 5078 3142 5132 dicitur:
3177 5077 3370 5131 Beatus
3396 5075 3494 5146 qui
3512 5073 3724 5145 vigilat,

2079 5182 2130 5230 et
2158 5171 2388 5229 custodit
2416 5171 2732 5226 vestimenta
2757 5185 2878 5234 sua,
2910 5184 2981 5222 ne
3025 5165 3204 5220 nudus
3253 5165 3497 5220 ambulet
3539 5171 3592 5218 et
3642 5164 3728 5220 υἰο

2079 5263 2241 5318 deant
2281 5259 2644 5332 tupitudinem
2687 5258 2806 5328 ejus
2854 5256 3034 5326 (Apoc.
3083 5272 3200 5320 xvr,
3234 5255 3342 5321 15).
3395 5251 3726 5324 Turpitudo

2083 5352 2239 5408 enim
2271 5352 2470 5404 nostra
2500 5362 2655 5401 nunc
2684 5344 2960 5414 cernitur,
2993 5360 3128 5398 cum
3158 5342 3275 5397 vita
3303 5339 3729 5414 reprehensibi-

2083 5441 2175 5507 lis,
2207 5443 2340 5494 ante
2377 5439 2676 5508 justorum
2729 5433 2926 5489 oculos
2976 5433 3034 5486 in
3069 5430 3316 5503 judicio,
3351 5446 3726 5502 nequaquam

2082 5525 2496 5600 subsequentis
2526 5523 2661 5580 boni
2689 5525 2880 5595 operis
2910 5521 3166 5594 tegmine
3193 5519 3437 5576 velatur.
3474 5541 3504 5570 »

2152 5619 2263 5675 Sed
2294 5614 2394 5688 qui
2424 5613 2496 5668 ad
2543 5612 2794 5683 tegenda
2822 5627 2930 5666 sua
2960 5614 3196 5682 peccata
3225 5626 3331 5682 per
3366 5609 3522 5665 bona
3549 5625 3727 5683 opera

2081 5709 2322 5767 solerter
2349 5700 2873 5773 invigilat,neecsse
2901 5704 2991 5755 est
3019 5705 3083 5754 ut
3099 5717 3170 5755 ea
3197 5716 3324 5772 quae
3354 5698 3414 5754 in
3444 5714 3579 5755 eum
3599 5715 3728 5773 peo-

2081 5801 2291 5859 cantur
2317 5789 2602 5871 proximis
2631 5805 2663 5846 e
2694 5788 2866 5848 corde
2885 5787 3502 5866 dimittat,quiavitam
3513 5788 3724 5850 anima
