4204 6474
306 403 419 465 901

1482 404 1584 466 DE
1627 399 2014 467 CAVENDIS
2060 400 2316 477 VITlIS,
2365 404 2536 467 ETC.

3599 412 3764 473 902-

303 536 429 610 gari
457 537 683 608 volunt,
714 542 888 610 atque
918 541 983 592 ut
1014 537 1094 592 ita
1124 537 1370 593 dixerim
1403 542 1673 608 quaerunt
1705 541 1768 592 ut
1799 553 1950 607 quae-
1977 536 2035 602 Α
2064 541 2209 590 natae
2240 537 2524 592 castitatis
2557 539 2733 594 etiam
2760 540 2888 596 vitae
2913 545 3137 598 aeternae
3168 560 3387 616 pascua
3407 543 3710 617 largiatur,

306 629 534 680 rantur.
560 625 675 682 Hos
706 642 842 698 ergo
874 626 1172 698 adjutores
1201 628 1408 681 nostrae
1431 625 1708 681 orationis
1731 642 1953 697 quaera-

305 730 463 784 mus,
504 714 613 770 hos
660 717 1016 786 protectores
1064 715 1244 770 nostri
1293 719 1490 770 reatus
1538 713 1952 770 inveniamus:

307 801 447 874 quia
490 819 562 857 ne
612 801 818 874 punire
867 806 1199 874 peccatores
1249 803 1473 868 debeat,
1509 801 1698 873 rogari
1747 800 1871 854 vult
1902 803 1958 869 et

303 890 432 962 ipse
464 888 836 961 quijudicat,
871 889 1025 944 unde
1057 892 1112 943 et
1143 893 1262 944 tam
1306 887 1479 960 longo
1517 893 1776 959 tempore
1799 903 1954 940 com-

307 977 572 1034 minatur
602 978 771 1043 iram,
804 981 862 1032 et
894 982 1089 1033 tamen
1138 975 1594 1032 misericorditer
1639 979 1954 1047 exspectat.

305 1066 400 1122 Sic
432 1072 626 1122 autem
655 1082 761 1120 nos
796 1065 1195 1121 misericordia
1225 1067 1352 1136 ejus
1399 1065 1668 1130 refoveat,
1704 1069 1768 1118 ut
1798 1063 1958 1118 nullo

309 1156 483 1211 modo
508 1154 866 1228 negligentes
889 1156 1123 1210 reddat:
1144 1153 1226 1208 sic
1251 1158 1486 1226 peccata
1508 1159 1704 1209 nostra
1727 1157 1958 1224 pertur-

308 1245 468 1312 bent,
498 1249 566 1300 ut
596 1261 762 1299 mens
798 1243 854 1299 in
887 1243 1351 1316 desperationem
1385 1259 1498 1296 non
1523 1245 1761 1313 proruat
1785 1258 1797 1295 :
1824 1241 1962 1312 quia

308 1338 368 1389 et
396 1333 443 1388 si
476 1337 898 1406 praesumentes
930 1333 1271 1399 metuimus,
1306 1336 1364 1386 et
1396 1334 1724 1385 metuentes
1762 1347 1958 1402 spera-

307 1439 467 1491 mus,
499 1426 783 1478 aeternum
815 1437 1060 1494 regnum
1091 1419 1265 1476 citius
1297 1419 1564 1490 adepturi
1596 1435 1824 1486 sumus,
1863 1417 1962 1474 ubi

307 1516 447 1567 sunt
476 1509 796 1583 hymnidici
831 1508 1173 1582 angelorum
1205 1508 1387 1574 chori,
1417 1507 1666 1564 societas
1690 1524 1960 1580 superno-

309 1618 442 1655 rum
469 1598 900 1668 civium,dulcis
927 1597 1269 1655 solemnitas
1291 1616 1324 1654 a
1345 1595 1830 1670 peregrinationis
1853 1596 1962 1652 hu-

299 1692 404 1761 jus
437 1687 592 1745 tristi
625 1688 822 1745 labore
853 1687 1246 1744 redeuntium.
1281 1687 1366 1743 Ibi
1396 1685 1619 1759 providi
1651 1685 1964 1758 propheta-

307 1795 442 1834 rum
489 1777 672 1845 chori,
726 1777 806 1833 ibi
849 1778 1034 1848 judex
1092 1773 1490 1848 apostolorum
1553 1791 1855 1844 numerus,
1885 1773 1962 1828 ibi

309 1865 835 1923 innumerabilium
869 1869 1193 1938 martyrum
1234 1864 1417 1920 victor
1464 1863 1769 1942 exercitus,
1806 1867 1966 1918 tanto

308 1954 429 2012 illic
457 1953 662 2022 laetior,
688 1958 908 2027 quanto
932 1953 1026 2008 hic
1049 1953 1255 2008 durius
1280 1951 1554 2008 afflictus.
1573 1953 1656 2008 lbi
1679 1953 1967 2007 confesso~

308 2061 444 2101 rum
476 2044 812 2100 constantia
840 2043 1064 2115 praemii
1096 2042 1187 2098 sui
1230 2041 1599 2114 perceptione
1648 2041 1964 2096 consolata.

309 2133 395 2190 lbi
429 2132 628 2189 ﬁdeles
654 2131 938 2204 viri,quos
957 2129 1296 2186 avirilitatis
1321 2148 1437 2185 suae
1470 2131 1674 2185 robore
1700 2129 1970 2201 voluptas

306 2221 508 2280 saeculi
537 2219 800 2277 emollire
835 2237 948 2276 non
972 2218 1276 2293 potuit.1bi
1298 2223 1511 2274 sancta
1535 2217 1966 2290 mulieres,quae

307 2328 446 2367 cum
480 2309 692 2366 saeculo
723 2313 780 2365 et
813 2326 1016 2365 sexum
1066 2308 1350 2364 vicerunt.
1387 2307 1470 2362 Ibi
1520 2295 1710 2380 pueri,
1745 2306 1844 2378 qui
1877 2305 1970 2361 hic

310 2417 500 2457 annos
523 2415 663 2455 suos
688 2397 950 2454 moribus
975 2397 1463 2453 transcenderunt
1489 2413 1501 2450 :
1527 2396 1606 2450 ibi
1622 2411 1971 2466 senes,quos

309 2489 406 2546 hic
428 2493 568 2545 aetas
589 2487 807 2544 debiles
825 2485 1358 2552 reddidit,etvirtus
1374 2485 1566 2556 operis
1579 2502 1695 2539 non
1712 2483 1967 2555 reliquit.

310 2582 656 2646 Quaeramus
672 2593 808 2650 ergo
827 2576 948 2631 haec
967 2575 1270 2648 pascua,in
1285 2574 1501 2646 quibus
1516 2590 1650 2628 cum
1676 2577 1971 2628 tantorum

306 2659 533 2725 lcivium
565 2667 934 2723 solemnitate
956 2666 1340 2738 gaudeamus.
1365 2664 1498 2736 Ipsa
1521 2681 1628 2718 nos
1653 2662 1971 2717 laetantium

317 2757 606 2814 festivitas
638 2755 863 2821 invitet,
897 2758 953 2810 et
983 2754 1031 2809 si
1065 2740 1196 2826 quis
1238 2757 1507 2808 nostrum
1555 2752 1972 2807 conscientiam

313 2847 494 2902 habet
525 2845 800 2911 avaritiae,
820 2843 1111 2909 elationis,
1129 2859 1286 2897 vanae
1309 2840 1972 2914 gloriae,indignationis,

311 2933 654 3002 iracundiae,
686 2932 775 2988 vel
807 2931 1056 2998 invidiae,
1081 2936 1494 2986 caeterorumve
1520 2929 1785 2985 vitiorum
1809 2929 1978 2984 sorde

313 3023 626 3097 pollutam,
661 3021 815 3078 sicut
847 3020 1058 3076 mulier
1088 3021 1382 3075 Cananaea
1415 3018 1594 3074 tiliam
1642 3018 1817 3073 habet
1847 3034 1982 3090 pro-

331 3115 485 3168 fecto
533 3110 686 3166 male
718 3128 752 3166 a
780 3110 1066 3165 daemonio
1115 3113 1399 3176 vexatam,
1445 3124 1548 3180 pro
1598 3109 1766 3179 cujus
1814 3126 1981 3164 sana-

299 3202 494 3257 ‘tione
520 3199 766 3274 supplex
791 3200 862 3255 ad
896 3197 1210 3255 Dominum
1250 3201 1446 3251 currat
1477 3213 1490 3250 :
1524 3197 1662 3268 quia
1704 3195 1983 3252 nimirum

2067 624 2120 677 id
2155 627 2242 678 est
2273 631 2629 697 peccatorem
2655 646 2995 684 conversum
3020 650 3054 685 a
3074 633 3167 689 via
3188 651 3296 688 sua
3316 633 3712 704 malajustnm

2067 712 2251 789 facere
2308 715 2600 786 dignetur,
2638 733 2811 789 quem
2873 719 3080 774 merito
3131 721 3292 774 bonae
3343 722 3590 777 actionis
3643 723 3716 778 ad

2067 818 2310 872 regnum
2343 804 2574 860 caeleste
2606 807 2906 877 perducat.
2931 807 3262 880 Vidensque
3287 809 3570 864 Dominus
3592 815 3717 866 tan-

2066 893 2193 943 tum
2225 891 2357 946 fidei
2393 897 2602 947 nostrae
2637 895 2924 962 ardorem,
2960 899 3082 950 tam
3115 896 3468 967 pertinacem
3513 899 3718 954 orandi

2068 981 2579 1049 perseverantiam,
2613 984 2847 1038 tandem
2883 984 3279 1052 miserebitur,
3306 988 3363 1040 et
3383 985 3551 1040 nobis
3575 1004 3719 1058 quo-

2070 1084 2182 1138 que
2215 1068 2365 1122 sicut
2410 1069 2679 1124 volumus
2733 1071 2855 1125 fieri
2904 1073 3202 1136 concedet,
3233 1076 3296 1126 ut
3325 1071 3596 1128 videlicet
3625 1090 3720 1128 ex-

2070 1154 2257 1227 pulsis
2279 1157 2620 1213 vitiosarum
2638 1159 2994 1215 tumultibus
3012 1159 3723 1231 cogitationum,dimissis

2070 1249 2438 1316 peccatorum
2464 1248 2793 1315 nexibus,et
2814 1265 2961 1319 pura
2984 1247 3152 1303 nobis
3177 1248 3461 1304 serenitas
3485 1249 3719 1318 mentis,

2071 1337 2127 1388 et
2157 1333 2430 1405 perfectio
2483 1335 2618 1391 boni
2669 1337 3097 1411 redintegretur
3143 1337 3354 1410 operis.
3391 1338 3457 1394 Hi
3502 1338 3719 1410 itaque,

2072 1422 2171 1494 qui
2203 1423 2274 1477 de
2302 1423 2462 1479 nullo
2491 1442 2596 1481 suo
2617 1443 2788 1499 opere
2811 1426 3212 1493 conﬁdunt,ad
3237 1429 3574 1482 sanctorum
3598 1444 3725 1499 pro-

2071 1511 2382 1568 tectionem
2414 1518 2679 1584 currunt,
2715 1519 2889 1587 atque
2918 1516 2988 1570 ad
3021 1532 3187 1571 sacra
3231 1532 3434 1571 eorum
3483 1532 3725 1588 corpora

2075 1600 2307 1657 fletibus
2341 1601 2639 1674 insistunt,
2677 1603 2992 1676 promereri
3016 1621 3078 1660 se
3097 1603 3327 1661 veniam
3356 1605 3440 1660 eis
3472 1604 3724 1661 interce-

2075 1691 2348 1747 dentibus
2382 1693 2785 1765 deprecantur.
2820 1693 2967 1759 Quid
2999 1711 3134 1766 ergo
3167 1693 3265 1748 isti
3295 1693 3354 1748 in
3389 1694 3497 1749 hac
3537 1693 3724 1749 humi-

2075 1779 2235 1834 litate
2267 1781 2506 1849 faciunt,
2542 1781 2652 1836 nisi
2689 1781 2825 1854 quia
2856 1783 3019 1837 bonae
3052 1781 3297 1838 actionis
3319 1782 3581 1839 velamen
3606 1801 3721 1838 non

2076 1868 2358 1923 habentes
2388 1867 2609 1940 lapides
2637 1871 3086 1942 amplexantur?

2151 1958 2322 2024 (Hom.
2355 1959 2422 2011 37
2454 1961 2512 2012 in.
2536 1959 2764 2031 Evang.)
2799 1983 2826 2009 ‹‹
2861 1960 2972 2014 Sed
3005 1977 3112 2015 nos
3144 1965 3497 2032 peccatores,
3524 1959 3724 2016 multis

2078 2046 2133 2096 et
2166 2043 2434 2099 maximis
2467 2045 2706 2100 involuti
2739 2045 3012 2118 peccatis,
3047 2041 3262 2118 quibus
3293 2047 3565 2120 lacrymis
3597 2065 3725 2120 spe-

2078 2148 2205 2185 rare
2236 2132 2464 2187 veniam
2491 2134 2976 2206 debemus,quiin
3000 2133 3098 2190 illo
3116 2137 3418 2191 tremendo
3439 2136 3724 2201 examine,

2079 2236 2212 2275 cum
2239 2238 2370 2294 rege
2393 2226 2591 2276 nostro
2615 2239 2682 2276 ex
2705 2239 2869 2294 aequo
2891 2224 2960 2277 ad
2979 2223 3274 2293 judicium
3298 2241 3412 2280 non
3435 2225 3727 2292 venimus,

2088 2326 2241 2380 quos
2268 2309 2546 2364 nimirum
2571 2309 2824 2365 conditio
2846 2311 3208 2366 infirmitatis
3228 2316 3284 2367 et
3305 2329 3482 2367 causa
3503 2312 3731 2367 inferio-

2085 2415 2178 2452 res
2207 2398 2481 2452 exhibet?
2510 2399 2620 2453 Sed
2653 2399 2899 2454 fortasse
2945 2400 3071 2470 jam
3121 2400 3258 2454 mali
3289 2401 3480 2472 operis
3522 2399 3728 2473 culpas

2083 2487 2587 2558 abscidimus,jam
2607 2505 2783 2559 prava
2797 2505 3042 2560 quaeque
3060 2489 3314 2544 exterius
3328 2489 3724 2545 declinamus:

2085 2575 2349 2646 nunquid
2363 2577 2433 2629 ad
2450 2575 2802 2631 reddendam
2823 2577 3107 2632 rationem
3127 2577 3496 2649 cogitationis
3518 2582 3728 2633 nostrae

2084 2664 2454 2719 sufficimus?
2485 2664 2628 2719 Nam
2661 2681 2795 2719 cum
2844 2665 3048 2737 viginti
3103 2665 3365 2721 millibus
3415 2666 3607 2722 venire
3656 2667 3728 2722 ad

2085 2752 2303 2807 bellum
2358 2771 2453 2807 rex
2510 2754 2566 2807 in
2628 2753 2932 2826 Evangelio
2993 2754 3208 2808 dicitur
3257 2757 3405 2823 (Luc.
3460 2773 3571 2817 xlv.
3614 2757 3725 2824 31),

2086 2848 2286 2896 contra
2313 2859 2487 2914 quem
2520 2843 2761 2897 minime
2793 2842 3010 2897 sufficit
3053 2842 3148 2897 ille
3197 2844 3296 2915 qui
3347 2861 3481 2899 cum
3529 2844 3728 2899 decem

2088 2929 2350 2984 millibus
2379 2929 2762 2998 venit,decem
2795 2929 2977 2985 millia
3005 2931 3220 3002 quippe
3237 2931 3308 2985 ad
3325 2931 3526 3004 viginti
3546 2930 3731 2987 millia

2089 3017 2367 3090 simplum
2391 3019 2461 3073 ad
2483 3019 2729 3092 duplum
2753 3023 3024 3086 sunt,nos
3041 3023 3234 3074 autem
3258 3019 3306 3075 si
3330 3020 3581 3075 multum
3605 3037 3733 3093 pro-

2090 3108 2354 3176 ficimus;
2388 3109 2480 3163 vix
2509 3107 2790 3164 exteriora
2816 3111 3014 3163 nostra
3056 3125 3230 3181 opera
3278 3110 3337 3163 in
3385 3109 3731 3165 rectitudine

2091 3214 2409 3252 servamus.
2445 3197 2588 3252 Nam
2619 3201 2675 3251 et
2705 3197 2753 3252 si
2774 3198 2899 3268 jam
2949 3197 3180 3252 luxuria
3226 3197 3418 3253 carnis
3471 3197 3733 3253 abscissa

328 3273 750 3363 cogitationem
771 3305 876 3343 suo
895 3288 1066 3343 corde
1084 3285 1446 3358 progenitam
1467 3284 1754 3339 diabolica
1776 3285 1984 3341 tolerat
2013 3273 2056 3339 C
2094 3291 2202 3352 est,
2235 3292 2426 3341 tamen
2457 3287 2647 3341 adhuc
2670 3304 2703 3340 a
2724 3287 2894 3340 corde
2916 3286 3180 3342 funditus
3203 3286 3465 3342 abscissa
3485 3302 3600 3340 non
3621 3289 3729 3340 est.

311 3385 441 3435 arte
463 3379 881 3446 dementatam,
897 3377 1068 3447 cujus
1087 3374 1553 3430 emendationem
1586 3390 1619 3428 a
1649 3373 1742 3444 pio
1773 3375 1980 3429 Condi-

309 3473 442 3523 tore
460 3467 700 3533 crebris,
719 3465 837 3522 imo
856 3464 1175 3530 continuis,
1194 3464 1400 3519 debeat
1426 3462 1687 3534 ﬂagitare
1710 3461 1980 3519 lamentis

305 3571 387 3612 ‘ac
419 3555 716 3628 precibus.
747 3554 808 3610 Si
840 3554 971 3626 quis
1001 3555 1155 3609 bona
1186 3570 1313 3624 quae
1343 3551 1527 3625 gessit
1549 3551 1695 3607 forte
1715 3553 1976 3624 perjurii,

306 3639 1559 3716 furti,blasphemiae,detractionis,rixae,vel
1580 3640 1758 3695 etiam
1783 3658 1980 3713 corpo-

312 3725 460 3789 ralis
511 3731 925 3798 immunditiaa,
959 3736 1373 3787 caeterorumve
1420 3729 1763 3800 hujusmodi
1817 3735 1978 3801 peste

311 3820 772 3885 fcedavit.tiliam
807 3819 984 3875 habet
1013 3818 1307 3874 immundi
1341 3817 1585 3889 spiritus
1609 3819 1778 3873 furiis
1800 3819 1977 3891 agita-

310 3917 459 3978 tam,
493 3911 635 3982 quia
664 3908 928 3965 videlicet
959 3907 1270 3975 actionem,
1290 3924 1465 3978 quam
1489 3907 1633 3962 bene
1655 3906 1973 3963 laborando

312 4000 600 4066 ediderat,
642 3999 772 4070 jam
821 3997 1038 4053 diaboli
1091 3996 1395 4052 fraudibus
1441 3994 1619 4050 stulte
1671 3995 1972 4052 serviendo

310 4087 671 4161 disperdidit
704 4103 716 4142 :
750 4086 996 4158 ideoque
1048 4101 1283 4141 necesse
1332 4089 1441 4152 est,
1478 4083 1612 4139 talis
1651 4087 1715 4139 ut
1747 4089 1970 4141 reatum

310 4193 494 4233 suum
521 4175 875 4247 cognoverit,
910 4191 1044 4229 mox
1071 4175 1144 4230 ad
1176 4188 1376 4245 preces
1405 4170 1810 4246 lacrymasque
1843 4190 1973 4229 con-

309 4262 525 4337 fugiat,
561 4269 899 4320 sanctorum
942 4263 1145 4318 creber
1188 4261 1636 4318 intercessiones
1667 4265 1723 4317 ct
1752 4263 1969 4318 auxilia

309 4358 566 4427 quaerat,
601 4353 699 4425 qui
733 4370 835 4425 pro
880 4351 1086 4407 animae
1136 4352 1264 4422 ejus
1313 4351 1502 4406 salute
1552 4355 1823 4423 rogantes
1856 4351 1968 4407 Do-

287 4442 480 4499 'mino
513 4441 712 4498 dicant
745 4458 758 4496 :
795 4441 1126 4508 Precamur,
1161 4439 1405 4494 Domine
1436 4439 1742 4494 miserator
1771 4445 1828 4495 et
1859 4440 1970 4494 mi-

307 4530 587 4600 sericors,
603 4528 922 4601 patiens,et
943 4528 1140 4584 multae
1165 4527 1816 4593 miserationis,dimitte
1840 4547 1967 4586 eam

2093 3375 2191 3431 Ille
2222 3380 2415 3431 autem
2447 3376 2544 3448 qui
2566 3375 2938 3446 judicaturus
2959 3376 3115 3431 venit
3138 3375 3441 3443 exteriora,
3468 3375 3644 3431 simul
3675 3379 3733 3431 et

2091 3465 2366 3520 interiora
2371 3465 2394 3536 j
2407 3465 2780 3533 udicat,facta
2795 3465 3011 3537 pariter
3021 3469 3076 3519 et
3089 3463 3467 3537 cogitationes
3489 3469 3730 3536 pensat:

2089 3570 2222 3608 cum
2257 3553 2434 3626 duplo
2468 3570 2602 3626 ergo
2633 3554 2887 3609 exercitu
2919 3556 3119 3608 contra
3149 3553 3430 3625 simplum
3450 3553 3732 3626 venit,qui

2088 3643 2310 3710 nos,vix
2339 3643 2399 3698 in
2431 3643 2552 3698 solo
2582 3660 2752 3715 opere
2782 3646 3156 3715 praeparatos,
3182 3641 3359 3697 simul
3392 3643 3462 3696 de
3484 3659 3655 3714 opere
3677 3646 3734 3697 et

2086 3731 2430 3804 cogitatione
2463 3732 2874 3798 discutit.Quid
2903 3748 3038 3803 ergo
3069 3731 3362 3803 agendum
3384 3731 3732 3798 est,fratres,

2086 3821 2196 3876 nisi
2232 3827 2296 3875 ut
2320 3822 2460 3875 dum
2492 3839 2622 3875 cum
2666 3819 2878 3892 simplo
2929 3819 3183 3875 exercitu
3233 3823 3437 3875 contra
3483 3817 3730 3891 duplum

2083 3909 2242 3965 illius
2273 3910 2540 3965 sufficere
2572 3926 2683 3964 non
2717 3909 2888 3980 posse
2918 3907 3336 3980 conspicimus,
3369 3907 3508 3962 dum
3541 3907 3730 3962 adhuc

2081 3998 2251 4072 longe
2280 4003 2368 4054 est
2398 3998 2744 4072 legationem
2781 3997 3111 4062 mittamus,
3134 4001 3190 4051 et
3221 4013 3493 4069 rogemus
3513 4011 3581 4050 ea
3601 4011 3728 4067 quae

2082 4089 2241 4160 pacis
2274 4089 2455 4144 sunt?
2481 4088 2672 4159 Longe
2697 4086 2852 4141 enim
2876 4085 3216 4157 dicitur,qui
3241 4085 3430 4140 adhuc
3454 4083 3727 4157 perjudi-

2082 4177 2236 4232 cium
2267 4194 2522 4249 praesens
2556 4193 2668 4230 non
2694 4175 2937 4230 videtur.
2951 4175 3256 4230 Mittamus
3286 4175 3354 4230 ad
3389 4173 3545 4228 hunc
3578 4172 3732 4246 lega-

2078 4266 2298 4322 tionem
2338 4265 2625 4338 lacrymas
2672 4268 2922 4332 nostras,
2957 4264 3264 4318 mittamus
3315 4261 3727 4318 misericordiae

2080 4373 2273 4428 opera,
2309 4359 2634 4410 mactemus
2660 4353 2717 4407 in
2759 4369 2860 4407 ara
2902 4352 3030 4422 ejus
3082 4352 3304 4407 hostias
3355 4349 3725 4424 placationis,

2080 4461 2502 4517 cognoscamus
2533 4460 2639 4498 nos
2667 4459 2802 4496 cum
2836 4457 2902 4496 eo
2933 4439 3230 4512 injudicio
3255 4457 3368 4496 non
3393 4456 3562 4513 posse
3586 4456 3727 4495 eon-

2079 4536 2331 4601 tendere,
2366 4549 2678 4606 pensemus
2707 4531 2979 4586 virtutem
3008 4531 3135 4600 ejus
3168 4529 3729 4601 fortitudinis,roge-

308 4619 459 4694 quia
485 4618 700 4700 clamat
728 4623 860 4692 post
890 4635 1016 4686 nos,
1051 4616 1280 4673 dimitte
1311 4620 1534 4671 reatum
1566 4622 1624 4671 et
1654 4617 1806 4706 dona
1834 4635 1965 4690 gra-
1998 4641 2047 4706 D
2079 4641 2212 4679 mus
2243 4641 2310 4679 ea
2342 4639 2466 4694 qum
2499 4620 2656 4694 pacis
2688 4624 2846 4676 sunt.
2881 4620 3010 4675 Haec
3031 4624 3120 4675 est
3140 4623 3341 4675 nostra
3359 4617 3725 4691 legatio,quaa

307 4710 484 4779 tiam,
519 4708 620 4780 qui
652 4711 920 4764 nostrum
970 4707 1178 4763 intimo
1230 4705 1438 4761 atl‘ectu
1489 4705 1696 4777 quaerit
1746 4723 1967 4778 pronus

308 4797 687 4870 suffragium.
722 4798 969 4854 Necesse
995 4801 1083 4853 est
1113 4795 1446 4852 submissus
1489 4795 1820 4852 humilitate
1850 4815 1966 4853 non

307 4905 379 4946 se
402 4888 533 4960 jam
566 4887 761 4943 ovium
793 4887 1213 4952 Israelitarum,
1249 4885 1306 4940 id
1339 4889 1426 4940 est
1455 4886 1809 4940 mundarum
1830 4903 1968 4942 con-

309 4976 500 5035 sortio
532 4975 777 5049 dignum
801 4976 1029 5047 judicet
1058 4976 1413 5044 animarum,
1446 4975 1546 5030 sed
1595 4976 1789 5047 potius
1828 4977 1966 5032 Cain

308 5065 806 5138 comparandum,
831 5069 887 5121 et
917 5063 1251 5120 coelestibus
1295 5063 1605 5136 indignum
1655 5065 1970 5122 arbitretur

307 5171 449 5212 esse
481 5155 846 5224 muneribus,
873 5171 978 5210 nec
1000 5159 1198 5211 tamen
1231 5154 1596 5226 desperando
1629 5171 1663 5209 a
1693 5156 1969 5228 precandi

309 5243 586 5318 quiescat
617 5244 918 5300 instantia.
944 5243 1055 5300 Sed
1087 5243 1145 5298 in
1174 5242 1354 5298 dubia
1373 5246 1566 5298 mente
1589 5244 1658 5298 de
1678 5244 1972 5318 largitoris

308 5333 542 5391 summi
573 5333 833 5390 bonitate
865 5333 1140 5402 confidat,
1175 5331 1315 5404 quia
1347 5331 1448 5404 qui
1480 5333 1549 5387 de
1579 5332 1802 5390 latrone
1833 5353 1968 5391 con-

307 5423 624 5494 fessorem,
657 5423 727 5478 de
757 5425 1126 5495 persecutore
1161 5419 1523 5493 Apostolum,
1559 5421 1628 5476 de
1658 5422 1970 5493 publicano

307 5509 773 5583 Evangelistam,
833 5512 903 5567 de
962 5509 1258 5582 lapidibus
1327 5508 1517 5582 potuit
1574 5509 1760 5565 facere
1818 5512 1970 5568 ﬁlios

307 5598 585 5668 Abrahae,
617 5598 742 5672 ipse
771 5599 945 5656 etiam
975 5616 1178 5656 canem
1220 5598 1801 5670 impudentissimum
1832 5619 1970 5657 con-

311 5693 543 5750 vertere
574 5688 897 5750 Israelitam
945 5689 1148 5766 possit
1180 5688 1240 5746 in
1287 5705 1472 5759 ovem,
1506 5687 1598 5746 cui
1631 5691 1836 5748 merito
1868 5695 1968 5752 do-

2079 4730 2272 4786 regem
2333 4711 2656 4779 venientem
2717 4710 2928 4782 placat.
2981 4709 3244 4775 Pensate,
3281 4709 3506 4772 fratres,
3541 4722 3721 4778 quam

2076 4803 2394 4875 benignum
2428 4801 2522 4868 sit,
2559 4801 2711 4872 quod
2745 4799 2794 4855 is
2828 4799 2925 4872 qui
2960 4816 3065 4854 suo
3088 4799 3339 4853 adventu
3364 4795 3514 4851 valet
3534 4795 3723 4867 oppri-

2079 4909 2234 4948 mere
2264 4891 2456 4946 tardat
2486 4891 2699 4944 venire.
2735 4889 3038 4943 Mittamus
3070 4888 3141 4941 ad
3174 4886 3422 4950 hunc,ut
3443 4884 3722 4952 diximus,

2077 4981 2424 5054 legationem
2443 4986 2704 5035 nostram
2728 4974 3479 5044 flendo,tribuendo,sacras
3499 4972 3722 5028 hostias

2077 5071 2390 5125 oti‘erendo.
2434 5067 2820 5141 Singulariter
2875 5081 3128 5136 namque
3173 5063 3244 5117 ad
3295 5061 3724 5117 absolutionem

2080 5164 2337 5215 nostram
2352 5156 2565 5214 oblatio
2579 5175 2712 5211 cum
2733 5153 3004 5227 lacrymis
3029 5156 3084 5206 et
3105 5151 3461 5223 benignitate
3483 5149 3720 5216 mentis,

2082 5249 2229 5305 sacri
2263 5248 2463 5304 altaris
2509 5246 2702 5301 hostia
2753 5244 3108 5315 suffragatur
3140 5258 3151 5296 :
3186 5239 3324 5312 quia
3355 5240 3406 5295 is
3438 5239 3536 5311 qui
3571 5239 3629 5294 in
3661 5255 3724 5294 se

2081 5355 2392 5411 resurgens
2425 5355 2458 5392 a
2488 5335 2735 5390 mortuis
2767 5335 2893 5404 jam
2941 5348 3054 5386 non
3104 5329 3369 5396 moritur,
3401 5328 3591 5383 adhuc
3623 5344 3726 5400 per

2080 5429 2230 5484 hanc
2260 5427 2318 5481 in
2351 5443 2456 5480 suo
2481 5423 2756 5496 mysterio
2777 5439 2878 5494 pro
2900 5419 3068 5475 nobis
3089 5418 3304 5474 iterum
3328 5416 3722 5489 patitur.Nam

2080 5517 2310 5590 quoties
2339 5515 2387 5570 ei
2422 5513 2674 5568 hostiam
2708 5529 2825 5566 suae
2859 5507 3150 5583 passionis
3196 5507 3518 5573 offerimus,
3549 5505 3724 5572 toties

2081 5606 2248 5662 nobis
2282 5605 2353 5660 ad
2399 5600 2828 5659 absolutionem
2879 5601 3136 5653 nostram
3183 5596 3514 5670 passionem
3563 5594 3723 5652 illius

2082 5712 2440 5774 reparamus.
2475 5690 2710 5760 Multos,
2753 5693 2816 5746 ut
2864 5685 3131 5758 arbitror,
3180 5691 3461 5757 vestrum,
3514 5685 3726 5744 fratres
