  <div class='ocr_page' id='page_1' title='image "/cluster/home/n/w/nwhite01/storage/ocr_20150623/125/umn.31951002477418t/495.png"; bbox 0 0 4204 6466; ppageno 0'>
   <div class='ocr_carea' id='block_1_1' title="bbox 521 365 639 432">
    <p class='ocr_par' dir='ltr' id='par_1_1' title="bbox 521 365 639 432">
     <span class='ocr_line' id='line_1_1' title="bbox 521 365 639 432; baseline 0 -4"><span class='ocrx_word' id='word_1_1' title='bbox 521 365 639 432; x_wconf 83' lang='lat'><strong>903</strong></span> 
     </span>
    </p>
   </div>
   <div class='ocr_carea' id='block_1_2' title="bbox 1295 352 3148 424">
    <p class='ocr_par' dir='ltr' id='par_1_2' title="bbox 1295 352 3148 424">
     <span class='ocr_line' id='line_1_2' title="bbox 1295 352 3148 424; baseline -0.005 0"><span class='ocrx_word' id='word_1_2' title='bbox 1295 358 1682 424; x_wconf 79' lang='lat' dir='ltr'><strong>HINCMARI</strong></span> <span class='ocrx_word' id='word_1_3' title='bbox 1725 357 1971 422; x_wconf 80' lang='lat' dir='ltr'><strong>RHEM.</strong></span> <span class='ocrx_word' id='word_1_4' title='bbox 2021 352 2381 420; x_wconf 67' lang='lat' dir='ltr'><strong>ARCBiEP.</strong></span> <span class='ocrx_word' id='word_1_5' title='bbox 2431 356 2841 422; x_wconf 74' lang='lat' dir='ltr'><strong>OPUSGULA</strong></span> <span class='ocrx_word' id='word_1_6' title='bbox 2884 355 3148 418; x_wconf 81' lang='lat' dir='ltr'><strong>VARIA.</strong></span> 
     </span>
    </p>
   </div>
   <div class='ocr_carea' id='block_1_3' title="bbox 517 487 3940 569">
    <p class='ocr_par' dir='ltr' id='par_1_3' title="bbox 517 487 3940 569">
     <span class='ocr_line' id='line_1_3' title="bbox 517 487 3940 569; baseline -0.005 -11"><span class='ocrx_word' id='word_1_7' title='bbox 517 496 872 566; x_wconf 86' lang='lat' dir='ltr'><strong>oharissimi,</strong></span> <span class='ocrx_word' id='word_1_8' title='bbox 904 496 1150 569; x_wconf 88' lang='lat' dir='ltr'><strong>contigit</strong></span> <span class='ocrx_word' id='word_1_9' title='bbox 1179 513 1352 554; x_wconf 87' lang='lat' dir='ltr'><strong>nosse</strong></span> <span class='ocrx_word' id='word_1_10' title='bbox 1383 497 1491 552; x_wconf 88' lang='lat' dir='ltr'><strong>hoc</strong></span> <span class='ocrx_word' id='word_1_11' title='bbox 1522 497 1675 569; x_wconf 90' lang='lat' dir='ltr'><strong>quod</strong></span> <span class='ocrx_word' id='word_1_12' title='bbox 1708 494 1835 550; x_wconf 89' lang='lat' dir='ltr'><strong>volo</strong></span> <span class='ocrx_word' id='word_1_13' title='bbox 1857 495 1926 550; x_wconf 88' lang='lat' dir='ltr'><strong>ad</strong></span> <span class='ocrx_word' id='word_1_14' title='bbox 1955 509 2168 553; x_wconf 77' lang='lat' dir='ltr'><strong>meme;</strong></span> <span class='ocrx_word' id='word_1_15' title='bbox 2196 495 2251 560; x_wconf 77' lang='grc' dir='ltr'>Α</span> <span class='ocrx_word' id='word_1_16' title='bbox 2282 491 2584 554; x_wconf 88' lang='lat' dir='ltr'><strong>debemus,</strong></span> <span class='ocrx_word' id='word_1_17' title='bbox 2618 491 2760 563; x_wconf 91' lang='lat' dir='ltr'><strong>quid</strong></span> <span class='ocrx_word' id='word_1_18' title='bbox 2791 489 3075 546; x_wconf 83' lang='lat' dir='ltr'><strong>Dominus</strong></span> <span class='ocrx_word' id='word_1_19' title='bbox 3107 491 3341 557; x_wconf 85' lang='lat' dir='ltr'><strong>faceret,</strong></span> <span class='ocrx_word' id='word_1_20' title='bbox 3369 489 3420 545; x_wconf 89' lang='lat' dir='ltr'><strong>si</strong></span> <span class='ocrx_word' id='word_1_21' title='bbox 3451 488 3593 545; x_wconf 80' lang='lat' dir='ltr'><strong>rixis</strong></span> <span class='ocrx_word' id='word_1_22' title='bbox 3634 487 3940 544; x_wconf 62' lang='lat' dir='ltr'><strong>dissidem-</strong></span> 
     </span>
    </p>
   </div>
   <div class='ocr_carea' id='block_1_4' title="bbox 515 581 2165 655">
    <p class='ocr_par' dir='ltr' id='par_1_4' title="bbox 515 581 2165 655">
     <span class='ocr_line' id='line_1_4' title="bbox 515 581 2165 655; baseline -0.003 -13"><span class='ocrx_word' id='word_1_23' title='bbox 515 588 664 644; x_wconf 89' lang='lat' dir='ltr'><strong>riam</strong></span> <span class='ocrx_word' id='word_1_24' title='bbox 684 591 938 643; x_wconf 89' lang='lat' dir='ltr'><strong>vestram</strong></span> <span class='ocrx_word' id='word_1_25' title='bbox 963 584 1256 640; x_wconf 89' lang='lat' dir='ltr'><strong>narrando</strong></span> <span class='ocrx_word' id='word_1_26' title='bbox 1280 584 1696 640; x_wconf 89' lang='lat' dir='ltr'><strong>revocare.Non</strong></span> <span class='ocrx_word' id='word_1_27' title='bbox 1719 581 2165 655; x_wconf 86' lang='lat' dir='ltr'><strong>longeanostris</strong></span> 
     </span>
    </p>
   </div>
   <div class='ocr_carea' id='block_1_5' title="bbox 513 671 2164 748">
    <p class='ocr_par' dir='ltr' id='par_1_5' title="bbox 513 671 2164 748">
     <span class='ocr_line' id='line_1_5' title="bbox 513 671 2164 748; baseline -0.004 -16"><span class='ocrx_word' id='word_1_28' title='bbox 513 675 876 748; x_wconf 85' lang='lat' dir='ltr'><strong>temporibus</strong></span> <span class='ocrx_word' id='word_1_29' title='bbox 899 675 1117 732; x_wconf 88' lang='lat' dir='ltr'><strong>factum</strong></span> <span class='ocrx_word' id='word_1_30' title='bbox 1143 674 1345 740; x_wconf 88' lang='lat' dir='ltr'><strong>fertur,</strong></span> <span class='ocrx_word' id='word_1_31' title='bbox 1361 675 1515 746; x_wconf 90' lang='lat' dir='ltr'><strong>quod</strong></span> <span class='ocrx_word' id='word_1_32' title='bbox 1537 673 1776 747; x_wconf 88' lang='lat' dir='ltr'><strong>quidam</strong></span> <span class='ocrx_word' id='word_1_33' title='bbox 1801 673 1874 727; x_wconf 87' lang='lat' dir='ltr'><strong>ab</strong></span> <span class='ocrx_word' id='word_1_34' title='bbox 1894 671 2164 726; x_wconf 76' lang='lat' dir='ltr'><strong>hostibus</strong></span> 
     </span>
    </p>
   </div>
   <div class='ocr_carea' id='block_1_6' title="bbox 513 759 2162 836">
    <p class='ocr_par' dir='ltr' id='par_1_6' title="bbox 513 759 2162 836">
     <span class='ocr_line' id='line_1_6' title="bbox 513 759 2162 836; baseline -0.005 -14"><span class='ocrx_word' id='word_1_35' title='bbox 513 770 721 836; x_wconf 89' lang='lat' dir='ltr'><strong>captus</strong></span> <span class='ocrx_word' id='word_1_36' title='bbox 751 763 922 836; x_wconf 90' lang='lat' dir='ltr'><strong>longe</strong></span> <span class='ocrx_word' id='word_1_37' title='bbox 945 763 1250 819; x_wconf 88' lang='lat' dir='ltr'><strong>traductus</strong></span> <span class='ocrx_word' id='word_1_38' title='bbox 1269 767 1643 835; x_wconf 88' lang='lat' dir='ltr'><strong>est.Cumque</strong></span> <span class='ocrx_word' id='word_1_39' title='bbox 1666 761 1768 816; x_wconf 91' lang='lat' dir='ltr'><strong>diu</strong></span> <span class='ocrx_word' id='word_1_40' title='bbox 1793 763 2085 816; x_wconf 91' lang='lat' dir='ltr'><strong>teneretur</strong></span> <span class='ocrx_word' id='word_1_41' title='bbox 2104 759 2162 814; x_wconf 90' lang='lat' dir='ltr'><strong>in</strong></span> 
     </span>
    </p>
   </div>
   <div class='ocr_carea' id='block_1_7' title="bbox 511 848 2164 922">
    <p class='ocr_par' dir='ltr' id='par_1_7' title="bbox 511 848 2164 922">
     <span class='ocr_line' id='line_1_7' title="bbox 511 848 2164 922; baseline -0.004 -12"><span class='ocrx_word' id='word_1_42' title='bbox 511 853 782 920; x_wconf 83' lang='lat' dir='ltr'><strong>vinculis,</strong></span> <span class='ocrx_word' id='word_1_43' title='bbox 815 869 950 908; x_wconf 90' lang='lat' dir='ltr'><strong>eum</strong></span> <span class='ocrx_word' id='word_1_44' title='bbox 983 869 1128 907; x_wconf 85' lang='lat' dir='ltr'><strong>uxor</strong></span> <span class='ocrx_word' id='word_1_45' title='bbox 1157 869 1283 918; x_wconf 90' lang='lat' dir='ltr'><strong>sua,</strong></span> <span class='ocrx_word' id='word_1_46' title='bbox 1318 869 1452 908; x_wconf 90' lang='lat' dir='ltr'><strong>cum</strong></span> <span class='ocrx_word' id='word_1_47' title='bbox 1484 870 1551 907; x_wconf 85' lang='lat' dir='ltr'><strong>ex</strong></span> <span class='ocrx_word' id='word_1_48' title='bbox 1582 852 1786 906; x_wconf 90' lang='lat' dir='ltr'><strong>eadem</strong></span> <span class='ocrx_word' id='word_1_49' title='bbox 1830 848 2164 922; x_wconf 82' lang='lat' dir='ltr'><strong>captivitate</strong></span> 
     </span>
    </p>
   </div>
   <div class='ocr_carea' id='block_1_8' title="bbox 515 939 2164 1015">
    <p class='ocr_par' dir='ltr' id='par_1_8' title="bbox 515 939 2164 1015">
     <span class='ocr_line' id='line_1_8' title="bbox 515 939 2164 1015; baseline -0.004 -16"><span class='ocrx_word' id='word_1_50' title='bbox 515 961 630 1000; x_wconf 91' lang='lat' dir='ltr'><strong>non</strong></span> <span class='ocrx_word' id='word_1_51' title='bbox 663 941 964 1015; x_wconf 88' lang='lat' dir='ltr'><strong>reciperet,</strong></span> <span class='ocrx_word' id='word_1_52' title='bbox 994 943 1347 997; x_wconf 82' lang='lat' dir='ltr'><strong>exstinctum</strong></span> <span class='ocrx_word' id='word_1_53' title='bbox 1383 941 1624 1012; x_wconf 89' lang='lat' dir='ltr'><strong>putavit.</strong></span> <span class='ocrx_word' id='word_1_54' title='bbox 1661 941 1766 995; x_wconf 92' lang='lat' dir='ltr'><strong>Pro</strong></span> <span class='ocrx_word' id='word_1_55' title='bbox 1798 939 2053 1012; x_wconf 87' lang='lat' dir='ltr'><strong>quojam</strong></span> <span class='ocrx_word' id='word_1_56' title='bbox 2075 955 2164 993; x_wconf 89' lang='lat' dir='ltr'><strong>ve-</strong></span> 
     </span>
    </p>
   </div>
   <div class='ocr_carea' id='block_1_9' title="bbox 511 1027 2164 1100">
    <p class='ocr_par' dir='ltr' id='par_1_9' title="bbox 511 1027 2164 1100">
     <span class='ocr_line' id='line_1_9' title="bbox 511 1027 2164 1100; baseline -0.005 -12"><span class='ocrx_word' id='word_1_57' title='bbox 511 1033 601 1088; x_wconf 90' lang='lat' dir='ltr'><strong>lut</strong></span> <span class='ocrx_word' id='word_1_58' title='bbox 630 1035 858 1087; x_wconf 90' lang='lat' dir='ltr'><strong>mortuo</strong></span> <span class='ocrx_word' id='word_1_59' title='bbox 887 1030 1109 1086; x_wconf 83' lang='lat' dir='ltr'><strong>hostias</strong></span> <span class='ocrx_word' id='word_1_60' title='bbox 1141 1029 1608 1085; x_wconf 83' lang='lat' dir='ltr'><strong>hebdomadibus</strong></span> <span class='ocrx_word' id='word_1_61' title='bbox 1639 1028 1892 1100; x_wconf 86' lang='lat' dir='ltr'><strong>singulis</strong></span> <span class='ocrx_word' id='word_1_62' title='bbox 1919 1027 2164 1082; x_wconf 80' lang='lat' dir='ltr'><strong>curabat</strong></span> 
     </span>
    </p>
   </div>
   <div class='ocr_carea' id='block_1_10' title="bbox 510 1113 2164 1191">
    <p class='ocr_par' dir='ltr' id='par_1_10' title="bbox 510 1113 2164 1191">
     <span class='ocr_line' id='line_1_10' title="bbox 510 1113 2164 1191; baseline -0.005 -13"><span class='ocrx_word' id='word_1_63' title='bbox 510 1121 736 1178; x_wconf 79' lang='lat' dir='ltr'><strong>otl‘erre.</strong></span> <span class='ocrx_word' id='word_1_64' title='bbox 768 1119 950 1191; x_wconf 85' lang='lat' dir='ltr'><strong>Cujus</strong></span> <span class='ocrx_word' id='word_1_65' title='bbox 981 1119 1152 1174; x_wconf 85' lang='lat' dir='ltr'><strong>toties</strong></span> <span class='ocrx_word' id='word_1_66' title='bbox 1183 1117 1414 1173; x_wconf 88' lang='lat' dir='ltr'><strong>vincula</strong></span> <span class='ocrx_word' id='word_1_67' title='bbox 1443 1117 1818 1173; x_wconf 80' lang='lat' dir='ltr'><strong>solvebantur</strong></span> <span class='ocrx_word' id='word_1_68' title='bbox 1847 1117 1907 1171; x_wconf 92' lang='lat' dir='ltr'><strong>in</strong></span> <span class='ocrx_word' id='word_1_69' title='bbox 1930 1113 2164 1186; x_wconf 87' lang='lat' dir='ltr'><strong>captivi-</strong></span> 
     </span>
    </p>
   </div>
   <div class='ocr_carea' id='block_1_11' title="bbox 510 1203 2159 1281">
    <p class='ocr_par' dir='ltr' id='par_1_11' title="bbox 510 1203 2159 1281">
     <span class='ocr_line' id='line_1_11' title="bbox 510 1203 2159 1281; baseline -0.005 -15"><span class='ocrx_word' id='word_1_70' title='bbox 510 1214 648 1277; x_wconf 87' lang='lat' dir='ltr'><strong>tate,</strong></span> <span class='ocrx_word' id='word_1_71' title='bbox 681 1209 910 1281; x_wconf 90' lang='lat' dir='ltr'><strong>quoties</strong></span> <span class='ocrx_word' id='word_1_72' title='bbox 941 1207 1013 1263; x_wconf 90' lang='lat' dir='ltr'><strong>ab</strong></span> <span class='ocrx_word' id='word_1_73' title='bbox 1046 1207 1175 1278; x_wconf 87' lang='lat' dir='ltr'><strong>ejus</strong></span> <span class='ocrx_word' id='word_1_74' title='bbox 1205 1207 1452 1278; x_wconf 79' lang='lat' dir='ltr'><strong>conjuge</strong></span> <span class='ocrx_word' id='word_1_75' title='bbox 1483 1206 1689 1261; x_wconf 66' lang='lat' dir='ltr'><strong>oblatae</strong></span> <span class='ocrx_word' id='word_1_76' title='bbox 1728 1204 1976 1260; x_wconf 84' lang='lat' dir='ltr'><strong>fuissent</strong></span> <span class='ocrx_word' id='word_1_77' title='bbox 2025 1203 2159 1259; x_wconf 84' lang='lat' dir='ltr'><strong>bos-</strong></span> 
     </span>
    </p>
   </div>
   <div class='ocr_carea' id='block_1_12' title="bbox 513 1292 2162 1371">
    <p class='ocr_par' dir='ltr' id='par_1_12' title="bbox 513 1292 2162 1371">
     <span class='ocr_line' id='line_1_12' title="bbox 513 1292 2162 1371; baseline -0.004 -17"><span class='ocrx_word' id='word_1_78' title='bbox 513 1299 605 1355; x_wconf 74' lang='lat' dir='ltr'><strong>tia:</strong></span> <span class='ocrx_word' id='word_1_79' title='bbox 639 1315 742 1371; x_wconf 88' lang='lat' dir='ltr'><strong>pro</strong></span> <span class='ocrx_word' id='word_1_80' title='bbox 771 1297 982 1352; x_wconf 73' lang='lat' dir='ltr'><strong>animai</strong></span> <span class='ocrx_word' id='word_1_81' title='bbox 1011 1295 1140 1366; x_wconf 89' lang='lat' dir='ltr'><strong>ejus</strong></span> <span class='ocrx_word' id='word_1_82' title='bbox 1193 1293 1580 1350; x_wconf 88' lang='lat' dir='ltr'><strong>absolutione.</strong></span> <span class='ocrx_word' id='word_1_83' title='bbox 1611 1294 1758 1350; x_wconf 89' lang='lat' dir='ltr'><strong>Nam</strong></span> <span class='ocrx_word' id='word_1_84' title='bbox 1809 1292 1980 1365; x_wconf 88' lang='lat' dir='ltr'><strong>longo</strong></span> <span class='ocrx_word' id='word_1_85' title='bbox 2031 1295 2162 1365; x_wconf 89' lang='lat' dir='ltr'><strong>post</strong></span> 
     </span>
    </p>
   </div>
   <div class='ocr_carea' id='block_1_13' title="bbox 510 1381 2161 1459">
    <p class='ocr_par' dir='ltr' id='par_1_13' title="bbox 510 1381 2161 1459">
     <span class='ocr_line' id='line_1_13' title="bbox 510 1381 2161 1459; baseline -0.005 -16"><span class='ocrx_word' id='word_1_86' title='bbox 510 1393 771 1459; x_wconf 90' lang='lat' dir='ltr'><strong>tempore</strong></span> <span class='ocrx_word' id='word_1_87' title='bbox 828 1402 1114 1450; x_wconf 85' lang='lat' dir='ltr'><strong>reversus,</strong></span> <span class='ocrx_word' id='word_1_88' title='bbox 1157 1383 1458 1438; x_wconf 87' lang='lat' dir='ltr'><strong>admirans</strong></span> <span class='ocrx_word' id='word_1_89' title='bbox 1505 1382 1673 1440; x_wconf 81' lang='lat' dir='ltr'><strong>valde</strong></span> <span class='ocrx_word' id='word_1_90' title='bbox 1717 1400 1836 1438; x_wconf 63' lang='lat' dir='ltr'><strong>sua;</strong></span> <span class='ocrx_word' id='word_1_91' title='bbox 1884 1381 2161 1436; x_wconf 84' lang='lat' dir='ltr'>indicavit</span> 
     </span>
    </p>
   </div>
   <div class='ocr_carea' id='block_1_14' title="bbox 513 1469 2159 1546">
    <p class='ocr_par' dir='ltr' id='par_1_14' title="bbox 513 1469 2159 1546">
     <span class='ocr_line' id='line_1_14' title="bbox 513 1469 2159 1546; baseline -0.004 -16"><span class='ocrx_word' id='word_1_92' title='bbox 513 1475 674 1530; x_wconf 78' lang='lat' dir='ltr'><strong>uxori</strong></span> <span class='ocrx_word' id='word_1_93' title='bbox 693 1475 848 1546; x_wconf 85' lang='lat' dir='ltr'><strong>quod</strong></span> <span class='ocrx_word' id='word_1_94' title='bbox 868 1475 902 1530; x_wconf 94' lang='lat' dir='ltr'><strong>d</strong></span> <span class='ocrx_word' id='word_1_95' title='bbox 914 1474 1078 1529; x_wconf 84' lang='lat' dir='ltr'><strong>iebus</strong></span> <span class='ocrx_word' id='word_1_96' title='bbox 1094 1472 1267 1528; x_wconf 83' lang='lat' dir='ltr'><strong>certis</strong></span> <span class='ocrx_word' id='word_1_97' title='bbox 1287 1472 1612 1527; x_wconf 83' lang='lat' dir='ltr'><strong>bebdomad</strong></span> <span class='ocrx_word' id='word_1_98' title='bbox 1625 1472 1755 1527; x_wconf 88' lang='lat' dir='ltr'><strong>ibus</strong></span> <span class='ocrx_word' id='word_1_99' title='bbox 1767 1469 2019 1542; x_wconf 85' lang='lat' dir='ltr'><strong>singulis</strong></span> <span class='ocrx_word' id='word_1_100' title='bbox 2031 1471 2159 1540; x_wconf 85' lang='lat' dir='ltr'><strong>ejus</strong></span> 
     </span>
    </p>
   </div>
   <div class='ocr_carea' id='block_1_15' title="bbox 508 1557 2160 1631">
    <p class='ocr_par' dir='ltr' id='par_1_15' title="bbox 508 1557 2160 1631">
     <span class='ocr_line' id='line_1_15' title="bbox 508 1557 2160 1631; baseline -0.004 -12"><span class='ocrx_word' id='word_1_101' title='bbox 508 1563 743 1619; x_wconf 85' lang='lat' dir='ltr'><strong>vincula</strong></span> <span class='ocrx_word' id='word_1_102' title='bbox 770 1561 1161 1618; x_wconf 88' lang='lat' dir='ltr'><strong>solvebantur.</strong></span> <span class='ocrx_word' id='word_1_103' title='bbox 1197 1567 1355 1626; x_wconf 76' lang='lat' dir='ltr'><strong>Quos</strong></span> <span class='ocrx_word' id='word_1_104' title='bbox 1385 1560 1511 1614; x_wconf 82' lang='lat' dir='ltr'><strong>dies</strong></span> <span class='ocrx_word' id='word_1_105' title='bbox 1541 1561 1671 1629; x_wconf 83' lang='lat' dir='ltr'><strong>ejus</strong></span> <span class='ocrx_word' id='word_1_106' title='bbox 1706 1577 1848 1614; x_wconf 81' lang='lat' dir='ltr'><strong>uxor</strong></span> <span class='ocrx_word' id='word_1_107' title='bbox 1867 1563 2042 1631; x_wconf 90' lang='lat' dir='ltr'><strong>atque</strong></span> <span class='ocrx_word' id='word_1_108' title='bbox 2063 1557 2160 1613; x_wconf 87' lang='lat' dir='ltr'><strong>bo-</strong></span> 
     </span>
    </p>
   </div>
   <div class='ocr_carea' id='block_1_16' title="bbox 510 1646 2157 1720">
    <p class='ocr_par' dir='ltr' id='par_1_16' title="bbox 510 1646 2157 1720">
     <span class='ocr_line' id='line_1_16' title="bbox 510 1646 2157 1720; baseline -0.002 -14"><span class='ocrx_word' id='word_1_109' title='bbox 510 1669 606 1706; x_wconf 87' lang='lat' dir='ltr'><strong>ras</strong></span> <span class='ocrx_word' id='word_1_110' title='bbox 632 1649 968 1715; x_wconf 78' lang='lat' dir='ltr'><strong>discutiens,</strong></span> <span class='ocrx_word' id='word_1_111' title='bbox 985 1655 1122 1704; x_wconf 86' lang='lat' dir='ltr'><strong>tunc</strong></span> <span class='ocrx_word' id='word_1_112' title='bbox 1145 1667 1278 1703; x_wconf 84' lang='lat' dir='ltr'><strong>eum</strong></span> <span class='ocrx_word' id='word_1_113' title='bbox 1304 1647 1636 1720; x_wconf 79' lang='lat' dir='ltr'><strong>recognovit</strong></span> <span class='ocrx_word' id='word_1_114' title='bbox 1656 1646 2157 1714; x_wconf 87' lang='lat' dir='ltr'><strong>absolutum,cum</strong></span> 
     </span>
    </p>
   </div>
   <div class='ocr_carea' id='block_1_17' title="bbox 509 1735 2152 1810">
    <p class='ocr_par' dir='ltr' id='par_1_17' title="bbox 509 1735 2152 1810">
     <span class='ocr_line' id='line_1_17' title="bbox 509 1735 2152 1810; baseline -0.001 -18"><span class='ocrx_word' id='word_1_115' title='bbox 509 1755 613 1810; x_wconf 85' lang='lat' dir='ltr'><strong>pro</strong></span> <span class='ocrx_word' id='word_1_116' title='bbox 642 1755 708 1794; x_wconf 93' lang='lat' dir='ltr'><strong>eo</strong></span> <span class='ocrx_word' id='word_1_117' title='bbox 739 1737 1094 1793; x_wconf 79' lang='lat' dir='ltr'><strong>sacrificium</strong></span> <span class='ocrx_word' id='word_1_118' title='bbox 1129 1735 1476 1791; x_wconf 83' lang='lat' dir='ltr'><strong>meminerat</strong></span> <span class='ocrx_word' id='word_1_119' title='bbox 1505 1735 1786 1792; x_wconf 85' lang='lat' dir='ltr'><strong>oblatum.</strong></span> <span class='ocrx_word' id='word_1_120' title='bbox 1822 1735 1967 1792; x_wconf 86' lang='lat' dir='ltr'><strong>Hinc</strong></span> <span class='ocrx_word' id='word_1_121' title='bbox 1995 1751 2152 1808; x_wconf 88' lang='lat' dir='ltr'><strong>ergo,</strong></span> 
     </span>
    </p>
   </div>
   <div class='ocr_carea' id='block_1_18' title="bbox 510 1823 2154 1893">
    <p class='ocr_par' dir='ltr' id='par_1_18' title="bbox 510 1823 2154 1893">
     <span class='ocr_line' id='line_1_18' title="bbox 510 1823 2154 1893; baseline -0.002 -11"><span class='ocrx_word' id='word_1_122' title='bbox 510 1829 718 1882; x_wconf 82' lang='lat' dir='ltr'><strong>fratres</strong></span> <span class='ocrx_word' id='word_1_123' title='bbox 748 1825 1102 1893; x_wconf 88' lang='lat' dir='ltr'><strong>charissimi,</strong></span> <span class='ocrx_word' id='word_1_124' title='bbox 1135 1825 1272 1881; x_wconf 89' lang='lat' dir='ltr'><strong>hinc</strong></span> <span class='ocrx_word' id='word_1_125' title='bbox 1303 1830 1460 1880; x_wconf 88' lang='lat' dir='ltr'><strong>certa</strong></span> <span class='ocrx_word' id='word_1_126' title='bbox 1490 1825 1955 1880; x_wconf 81' lang='lat' dir='ltr'><strong>consideratione</strong></span> <span class='ocrx_word' id='word_1_127' title='bbox 1993 1823 2154 1879; x_wconf 89' lang='lat' dir='ltr'><strong>colli-</strong></span> 
     </span>
    </p>
   </div>
   <div class='ocr_carea' id='block_1_19' title="bbox 508 1913 2164 1988">
    <p class='ocr_par' dir='ltr' id='par_1_19' title="bbox 508 1913 2164 1988">
     <span class='ocr_line' id='line_1_19' title="bbox 508 1913 2164 1988; baseline -0.002 -16"><span class='ocrx_word' id='word_1_128' title='bbox 508 1915 646 1988; x_wconf 92' lang='lat' dir='ltr'><strong>gite,</strong></span> <span class='ocrx_word' id='word_1_129' title='bbox 681 1914 876 1971; x_wconf 89' lang='lat' dir='ltr'><strong>oblata</strong></span> <span class='ocrx_word' id='word_1_130' title='bbox 905 1932 939 1970; x_wconf 90' lang='lat' dir='ltr'><strong>a</strong></span> <span class='ocrx_word' id='word_1_131' title='bbox 971 1915 1140 1970; x_wconf 85' lang='lat' dir='ltr'><strong>nobis</strong></span> <span class='ocrx_word' id='word_1_132' title='bbox 1171 1914 1365 1970; x_wconf 91' lang='lat' dir='ltr'><strong>bostia</strong></span> <span class='ocrx_word' id='word_1_133' title='bbox 1393 1931 1562 1969; x_wconf 88' lang='lat' dir='ltr'><strong>sacra</strong></span> <span class='ocrx_word' id='word_1_134' title='bbox 1591 1919 1879 1986; x_wconf 90' lang='lat' dir='ltr'><strong>quantum</strong></span> <span class='ocrx_word' id='word_1_135' title='bbox 1903 1913 1963 1968; x_wconf 91' lang='lat' dir='ltr'><strong>in</strong></span> <span class='ocrx_word' id='word_1_136' title='bbox 1994 1913 2164 1969; x_wconf 90' lang='lat' dir='ltr'><strong>nobis</strong></span> 
     </span>
    </p>
   </div>
   <div class='ocr_carea' id='block_1_20' title="bbox 508 2001 2162 2076">
    <p class='ocr_par' dir='ltr' id='par_1_20' title="bbox 508 2001 2162 2076">
     <span class='ocr_line' id='line_1_20' title="bbox 508 2001 2162 2076; baseline -0.001 -16"><span class='ocrx_word' id='word_1_137' title='bbox 508 2003 732 2060; x_wconf 86' lang='lat' dir='ltr'><strong>solvere</strong></span> <span class='ocrx_word' id='word_1_138' title='bbox 761 2003 949 2060; x_wconf 81' lang='lat' dir='ltr'><strong>valeat</strong></span> <span class='ocrx_word' id='word_1_139' title='bbox 977 2003 1291 2076; x_wconf 85' lang='lat' dir='ltr'><strong>ligaturam</strong></span> <span class='ocrx_word' id='word_1_140' title='bbox 1323 2003 1538 2069; x_wconf 85' lang='lat' dir='ltr'><strong>cordis,</strong></span> <span class='ocrx_word' id='word_1_141' title='bbox 1571 2003 1620 2058; x_wconf 90' lang='lat' dir='ltr'>si</span> <span class='ocrx_word' id='word_1_142' title='bbox 1651 2003 1848 2058; x_wconf 88' lang='lat' dir='ltr'><strong>oblata</strong></span> <span class='ocrx_word' id='word_1_143' title='bbox 1877 2003 1950 2058; x_wconf 91' lang='lat' dir='ltr'><strong>ab</strong></span> <span class='ocrx_word' id='word_1_144' title='bbox 1982 2001 2162 2058; x_wconf 87' lang='lat' dir='ltr'><strong>altero</strong></span> 
     </span>
    </p>
   </div>
   <div class='ocr_carea' id='block_1_21' title="bbox 508 2090 2164 2164">
    <p class='ocr_par' dir='ltr' id='par_1_21' title="bbox 508 2090 2164 2164">
     <span class='ocr_line' id='line_1_21' title="bbox 508 2090 2164 2164; baseline -0.002 -16"><span class='ocrx_word' id='word_1_145' title='bbox 508 2093 699 2164; x_wconf 91' lang='lat' dir='ltr'><strong>potuit</strong></span> <span class='ocrx_word' id='word_1_146' title='bbox 729 2093 788 2148; x_wconf 91' lang='lat' dir='ltr'><strong>in</strong></span> <span class='ocrx_word' id='word_1_147' title='bbox 818 2093 999 2148; x_wconf 74' lang='lat' dir='ltr'><strong>altero</strong></span> <span class='ocrx_word' id='word_1_148' title='bbox 1031 2090 1249 2147; x_wconf 89' lang='lat' dir='ltr'><strong>solvere</strong></span> <span class='ocrx_word' id='word_1_149' title='bbox 1269 2091 1504 2147; x_wconf 90' lang='lat' dir='ltr'><strong>vincula</strong></span> <span class='ocrx_word' id='word_1_150' title='bbox 1524 2091 1839 2164; x_wconf 79' lang='lat' dir='ltr'><strong>corporis.»</strong></span> <span class='ocrx_word' id='word_1_151' title='bbox 1864 2092 1949 2158; x_wconf 85' lang='lat' dir='ltr'><strong>(In</strong></span> <span class='ocrx_word' id='word_1_152' title='bbox 1973 2091 2164 2146; x_wconf 74' lang='lat' dir='ltr'><strong>eadem</strong></span> 
     </span>
    </p>
   </div>
   <div class='ocr_carea' id='block_1_22' title="bbox 508 2179 2165 2252">
    <p class='ocr_par' dir='ltr' id='par_1_22' title="bbox 508 2179 2165 2252">
     <span class='ocr_line' id='line_1_22' title="bbox 508 2179 2165 2252; baseline -0.002 -16"><span class='ocrx_word' id='word_1_153' title='bbox 508 2180 762 2246; x_wconf 85' lang='lat' dir='ltr'><strong>homilia,</strong></span> <span class='ocrx_word' id='word_1_154' title='bbox 793 2182 892 2235; x_wconf 80' lang='lat' dir='ltr'><strong>sub</strong></span> <span class='ocrx_word' id='word_1_155' title='bbox 921 2182 1108 2251; x_wconf 70' lang='lat' dir='ltr'><strong>ﬂama)</strong></span> <span class='ocrx_word' id='word_1_156' title='bbox 1135 2196 1146 2235; x_wconf 92' lang='lat'>:</span> <span class='ocrx_word' id='word_1_157' title='bbox 1173 2203 1200 2230; x_wconf 88' lang='grc'><strong>‹‹</strong></span> <span class='ocrx_word' id='word_1_158' title='bbox 1229 2180 1544 2252; x_wconf 78' lang='lat' dir='ltr'><strong>Relinquat</strong></span> <span class='ocrx_word' id='word_1_159' title='bbox 1563 2197 1699 2251; x_wconf 84' lang='lat' dir='ltr'><strong>ergo</strong></span> <span class='ocrx_word' id='word_1_160' title='bbox 1723 2179 1922 2234; x_wconf 88' lang='lat' dir='ltr'><strong>omnia</strong></span> <span class='ocrx_word' id='word_1_161' title='bbox 1945 2179 2044 2250; x_wconf 88' lang='lat' dir='ltr'><strong>qui</strong></span> <span class='ocrx_word' id='word_1_162' title='bbox 2069 2196 2165 2250; x_wconf 86' lang='lat' dir='ltr'><strong>po-</strong></span> 
     </span>
    </p>
   </div>
   <div class='ocr_carea' id='block_1_23' title="bbox 511 2268 2161 2342">
    <p class='ocr_par' dir='ltr' id='par_1_23' title="bbox 511 2268 2161 2342">
     <span class='ocr_line' id='line_1_23' title="bbox 511 2268 2161 2342; baseline -0.002 -16"><span class='ocrx_word' id='word_1_163' title='bbox 511 2277 624 2327; x_wconf 89' lang='lat' dir='ltr'><strong>test</strong></span> <span class='ocrx_word' id='word_1_164' title='bbox 657 2288 670 2326; x_wconf 90' lang='lat'><strong>:</strong></span> <span class='ocrx_word' id='word_1_165' title='bbox 705 2269 805 2342; x_wconf 86' lang='lat' dir='ltr'><strong>qui</strong></span> <span class='ocrx_word' id='word_1_166' title='bbox 836 2273 1032 2325; x_wconf 88' lang='lat' dir='ltr'><strong>autem</strong></span> <span class='ocrx_word' id='word_1_167' title='bbox 1064 2268 1389 2340; x_wconf 87' lang='lat' dir='ltr'><strong>relinquere</strong></span> <span class='ocrx_word' id='word_1_168' title='bbox 1419 2286 1532 2324; x_wconf 91' lang='lat' dir='ltr'><strong>non</strong></span> <span class='ocrx_word' id='word_1_169' title='bbox 1568 2273 1776 2340; x_wconf 85' lang='lat' dir='ltr'><strong>potest,</strong></span> <span class='ocrx_word' id='word_1_170' title='bbox 1803 2285 1937 2323; x_wconf 91' lang='lat' dir='ltr'><strong>cum</strong></span> <span class='ocrx_word' id='word_1_171' title='bbox 1969 2269 2161 2323; x_wconf 89' lang='lat' dir='ltr'><strong>adhuc</strong></span> 
     </span>
    </p>
   </div>
   <div class='ocr_carea' id='block_1_24' title="bbox 509 2355 2164 2430">
    <p class='ocr_par' dir='ltr' id='par_1_24' title="bbox 509 2355 2164 2430">
     <span class='ocr_line' id='line_1_24' title="bbox 509 2355 2164 2430; baseline -0.002 -14"><span class='ocrx_word' id='word_1_172' title='bbox 509 2377 609 2416; x_wconf 82' lang='lat' dir='ltr'><strong>rex</strong></span> <span class='ocrx_word' id='word_1_173' title='bbox 639 2358 809 2430; x_wconf 87' lang='lat' dir='ltr'><strong>longe</strong></span> <span class='ocrx_word' id='word_1_174' title='bbox 839 2361 947 2426; x_wconf 86' lang='lat' dir='ltr'><strong>est,</strong></span> <span class='ocrx_word' id='word_1_175' title='bbox 979 2357 1330 2430; x_wconf 82' lang='lat' dir='ltr'><strong>legationem</strong></span> <span class='ocrx_word' id='word_1_176' title='bbox 1357 2357 1572 2425; x_wconf 87' lang='lat' dir='ltr'><strong>mittat,</strong></span> <span class='ocrx_word' id='word_1_177' title='bbox 1600 2355 2164 2429; x_wconf 79' lang='lat' dir='ltr'><strong>lacrymarum,elee-</strong></span> 
     </span>
    </p>
   </div>
   <div class='ocr_carea' id='block_1_25' title="bbox 509 2445 2158 2520">
    <p class='ocr_par' dir='ltr' id='par_1_25' title="bbox 509 2445 2158 2520">
     <span class='ocr_line' id='line_1_25' title="bbox 509 2445 2158 2520; baseline -0.002 -16"><span class='ocrx_word' id='word_1_178' title='bbox 509 2463 910 2520; x_wconf 78' lang='lat' dir='ltr'><strong>mosynarum,</strong></span> <span class='ocrx_word' id='word_1_179' title='bbox 945 2445 1272 2500; x_wconf 89' lang='lat' dir='ltr'><strong>hostiarum</strong></span> <span class='ocrx_word' id='word_1_180' title='bbox 1307 2462 1553 2501; x_wconf 89' lang='lat' dir='ltr'><strong>munera</strong></span> <span class='ocrx_word' id='word_1_181' title='bbox 1580 2445 1802 2501; x_wconf 85' lang='lat' dir='ltr'><strong>otferat.</strong></span> <span class='ocrx_word' id='word_1_182' title='bbox 1837 2445 1975 2500; x_wconf 86' lang='lat' dir='ltr'><strong>Vult</strong></span> <span class='ocrx_word' id='word_1_183' title='bbox 2004 2445 2158 2501; x_wconf 90' lang='lat' dir='ltr'><strong>enim</strong></span> 
     </span>
    </p>
   </div>
   <div class='ocr_carea' id='block_1_26' title="bbox 512 2533 2162 2611">
    <p class='ocr_par' dir='ltr' id='par_1_26' title="bbox 512 2533 2162 2611">
     <span class='ocr_line' id='line_1_26' title="bbox 512 2533 2162 2611; baseline -0.003 -18"><span class='ocrx_word' id='word_1_184' title='bbox 512 2535 730 2611; x_wconf 89' lang='lat' dir='ltr'><strong>placari</strong></span> <span class='ocrx_word' id='word_1_185' title='bbox 765 2533 1052 2608; x_wconf 82' lang='lat' dir='ltr'><strong>precibus,</strong></span> <span class='ocrx_word' id='word_1_186' title='bbox 1087 2534 1185 2606; x_wconf 90' lang='lat' dir='ltr'><strong>qui</strong></span> <span class='ocrx_word' id='word_1_187' title='bbox 1219 2533 1332 2588; x_wconf 88' lang='lat' dir='ltr'><strong>scit</strong></span> <span class='ocrx_word' id='word_1_188' title='bbox 1361 2533 1500 2605; x_wconf 87' lang='lat' dir='ltr'><strong>quia</strong></span> <span class='ocrx_word' id='word_1_189' title='bbox 1546 2534 1759 2606; x_wconf 88' lang='lat' dir='ltr'><strong>portari</strong></span> <span class='ocrx_word' id='word_1_190' title='bbox 1813 2553 1928 2590; x_wconf 91' lang='lat' dir='ltr'><strong>non</strong></span> <span class='ocrx_word' id='word_1_191' title='bbox 1978 2533 2162 2607; x_wconf 86' lang='lat' dir='ltr'><strong>possit</strong></span> 
     </span>
    </p>
   </div>
   <div class='ocr_carea' id='block_1_27' title="bbox 510 2622 2158 2696">
    <p class='ocr_par' dir='ltr' id='par_1_27' title="bbox 510 2622 2158 2696">
     <span class='ocr_line' id='line_1_27' title="bbox 510 2622 2158 2696; baseline -0.001 -15"><span class='ocrx_word' id='word_1_192' title='bbox 510 2625 884 2692; x_wconf 88' lang='lat' dir='ltr'><strong>iratus.Quod</strong></span> <span class='ocrx_word' id='word_1_193' title='bbox 917 2622 1109 2679; x_wconf 89' lang='lat' dir='ltr'><strong>adhuc</strong></span> <span class='ocrx_word' id='word_1_194' title='bbox 1140 2639 1364 2678; x_wconf 90' lang='lat' dir='ltr'><strong>moram</strong></span> <span class='ocrx_word' id='word_1_195' title='bbox 1396 2623 1534 2678; x_wconf 87' lang='lat' dir='ltr'><strong>facit</strong></span> <span class='ocrx_word' id='word_1_196' title='bbox 1557 2624 1772 2690; x_wconf 84' lang='lat' dir='ltr'><strong>venire,</strong></span> <span class='ocrx_word' id='word_1_197' title='bbox 1808 2624 2158 2696; x_wconf 82' lang='lat' dir='ltr'><strong>legationem</strong></span> 
     </span>
    </p>
   </div>
   <div class='ocr_carea' id='block_1_28' title="bbox 512 2712 2161 2788">
    <p class='ocr_par' dir='ltr' id='par_1_28' title="bbox 512 2712 2161 2788">
     <span class='ocr_line' id='line_1_28' title="bbox 512 2712 2161 2788; baseline -0.002 -17"><span class='ocrx_word' id='word_1_198' title='bbox 512 2713 672 2788; x_wconf 79' lang='lat' dir='ltr'><strong>pacis</strong></span> <span class='ocrx_word' id='word_1_199' title='bbox 694 2712 1378 2782; x_wconf 77' lang='lat' dir='ltr'><strong>sustinet.V&quot;enissetjam</strong></span> <span class='ocrx_word' id='word_1_200' title='bbox 1393 2713 1636 2784; x_wconf 90' lang='lat' dir='ltr'><strong>jamque</strong></span> <span class='ocrx_word' id='word_1_201' title='bbox 1659 2713 1707 2768; x_wconf 91' lang='lat' dir='ltr'><strong>si</strong></span> <span class='ocrx_word' id='word_1_202' title='bbox 1724 2712 2161 2778; x_wconf 88' lang='lat' dir='ltr'><strong>vellet,cunctos</strong></span> 
     </span>
    </p>
   </div>
   <div class='ocr_carea' id='block_1_29' title="bbox 513 2799 2161 2874">
    <p class='ocr_par' dir='ltr' id='par_1_29' title="bbox 513 2799 2161 2874">
     <span class='ocr_line' id='line_1_29' title="bbox 513 2799 2161 2874; baseline -0.002 -15"><span class='ocrx_word' id='word_1_203' title='bbox 513 2819 652 2860; x_wconf 90' lang='lat' dir='ltr'><strong>suos</strong></span> <span class='ocrx_word' id='word_1_204' title='bbox 683 2799 1044 2859; x_wconf 84' lang='lat' dir='ltr'><strong>adversarios</strong></span> <span class='ocrx_word' id='word_1_205' title='bbox 1077 2799 1562 2858; x_wconf 89' lang='lat' dir='ltr'><strong>trucidasset.Sed</strong></span> <span class='ocrx_word' id='word_1_206' title='bbox 1585 2807 1642 2856; x_wconf 91' lang='lat' dir='ltr'><strong>et</strong></span> <span class='ocrx_word' id='word_1_207' title='bbox 1672 2819 1849 2874; x_wconf 87' lang='lat' dir='ltr'><strong>quam</strong></span> <span class='ocrx_word' id='word_1_208' title='bbox 1883 2801 2161 2857; x_wconf 88' lang='lat' dir='ltr'><strong>terribilis</strong></span> 
     </span>
    </p>
   </div>
   <div class='ocr_carea' id='block_1_30' title="bbox 509 2887 2162 2963">
    <p class='ocr_par' dir='ltr' id='par_1_30' title="bbox 509 2887 2162 2963">
     <span class='ocr_line' id='line_1_30' title="bbox 509 2887 2162 2963; baseline -0.002 -14"><span class='ocrx_word' id='word_1_209' title='bbox 509 2891 702 2950; x_wconf 88' lang='lat' dir='ltr'><strong>veniet</strong></span> <span class='ocrx_word' id='word_1_210' title='bbox 731 2889 1035 2958; x_wconf 87' lang='lat' dir='ltr'><strong>indicat,et</strong></span> <span class='ocrx_word' id='word_1_211' title='bbox 1063 2895 1256 2946; x_wconf 89' lang='lat' dir='ltr'><strong>tamen</strong></span> <span class='ocrx_word' id='word_1_212' title='bbox 1287 2890 1360 2944; x_wconf 91' lang='lat' dir='ltr'><strong>ad</strong></span> <span class='ocrx_word' id='word_1_213' title='bbox 1390 2887 1738 2946; x_wconf 89' lang='lat' dir='ltr'><strong>veniendum</strong></span> <span class='ocrx_word' id='word_1_214' title='bbox 1774 2891 1988 2957; x_wconf 86' lang='lat' dir='ltr'><strong>tardat,</strong></span> <span class='ocrx_word' id='word_1_215' title='bbox 2021 2890 2162 2963; x_wconf 86' lang='lat' dir='ltr'><strong>quia</strong></span> 
     </span>
    </p>
   </div>
   <div class='ocr_carea' id='block_1_31' title="bbox 514 2979 2159 3052">
    <p class='ocr_par' dir='ltr' id='par_1_31' title="bbox 514 2979 2159 3052">
     <span class='ocr_line' id='line_1_31' title="bbox 514 2979 2159 3052; baseline 0 -16"><span class='ocrx_word' id='word_1_216' title='bbox 514 2997 631 3038; x_wconf 91' lang='lat' dir='ltr'><strong>non</strong></span> <span class='ocrx_word' id='word_1_217' title='bbox 661 2979 786 3036; x_wconf 87' lang='lat' dir='ltr'><strong>vult</strong></span> <span class='ocrx_word' id='word_1_218' title='bbox 814 2979 1070 3036; x_wconf 87' lang='lat' dir='ltr'><strong>invenire</strong></span> <span class='ocrx_word' id='word_1_219' title='bbox 1099 2996 1248 3052; x_wconf 91' lang='lat' dir='ltr'><strong>quos</strong></span> <span class='ocrx_word' id='word_1_220' title='bbox 1279 2979 1568 3051; x_wconf 90' lang='lat' dir='ltr'><strong>puniat,et</strong></span> <span class='ocrx_word' id='word_1_221' title='bbox 1597 2981 1696 3052; x_wconf 92' lang='lat' dir='ltr'><strong>qui</strong></span> <span class='ocrx_word' id='word_1_222' title='bbox 1729 2996 1834 3052; x_wconf 89' lang='lat' dir='ltr'><strong>per</strong></span> <span class='ocrx_word' id='word_1_223' title='bbox 1865 2980 2012 3036; x_wconf 90' lang='lat' dir='ltr'><strong>iram</strong></span> <span class='ocrx_word' id='word_1_224' title='bbox 2044 2997 2159 3036; x_wconf 92' lang='lat' dir='ltr'><strong>non</strong></span> 
     </span>
    </p>
   </div>
   <div class='ocr_carea' id='block_1_32' title="bbox 515 3067 2159 3143">
    <p class='ocr_par' dir='ltr' id='par_1_32' title="bbox 515 3067 2159 3143">
     <span class='ocr_line' id='line_1_32' title="bbox 515 3067 2159 3143; baseline -0.001 -17"><span class='ocrx_word' id='word_1_225' title='bbox 515 3073 704 3143; x_wconf 86' lang='lat' dir='ltr'><strong>potest</strong></span> <span class='ocrx_word' id='word_1_226' title='bbox 734 3069 890 3135; x_wconf 88' lang='lat' dir='ltr'><strong>ferri,</strong></span> <span class='ocrx_word' id='word_1_227' title='bbox 923 3085 1026 3141; x_wconf 90' lang='lat' dir='ltr'><strong>per</strong></span> <span class='ocrx_word' id='word_1_228' title='bbox 1075 3067 1381 3141; x_wconf 72' lang='lat' dir='ltr'><strong>postulata:</strong></span> <span class='ocrx_word' id='word_1_229' title='bbox 1430 3069 1593 3141; x_wconf 89' lang='lat' dir='ltr'><strong>pacis</strong></span> <span class='ocrx_word' id='word_1_230' title='bbox 1639 3067 1764 3124; x_wconf 89' lang='lat' dir='ltr'><strong>vult</strong></span> <span class='ocrx_word' id='word_1_231' title='bbox 1810 3069 2159 3142; x_wconf 83' lang='lat' dir='ltr'><strong>legationem</strong></span> 
     </span>
    </p>
   </div>
   <div class='ocr_carea' id='block_1_33' title="bbox 514 3157 2160 3232">
    <p class='ocr_par' dir='ltr' id='par_1_33' title="bbox 514 3157 2160 3232">
     <span class='ocr_line' id='line_1_33' title="bbox 514 3157 2160 3232; baseline 0 -18"><span class='ocrx_word' id='word_1_232' title='bbox 514 3158 750 3232; x_wconf 86' lang='lat' dir='ltr'><strong>placari.</strong></span> <span class='ocrx_word' id='word_1_233' title='bbox 785 3159 994 3214; x_wconf 90' lang='lat' dir='ltr'><strong>Lavate</strong></span> <span class='ocrx_word' id='word_1_234' title='bbox 1040 3175 1200 3231; x_wconf 87' lang='lat' dir='ltr'><strong>ergo,</strong></span> <span class='ocrx_word' id='word_1_235' title='bbox 1246 3158 1452 3213; x_wconf 85' lang='lat' dir='ltr'><strong>fratres</strong></span> <span class='ocrx_word' id='word_1_236' title='bbox 1500 3157 1854 3224; x_wconf 89' lang='lat' dir='ltr'><strong>cbarissimi,</strong></span> <span class='ocrx_word' id='word_1_237' title='bbox 1887 3158 2160 3230; x_wconf 79' lang='lat' dir='ltr'><strong>lacrymis</strong></span> 
     </span>
    </p>
   </div>
   <div class='ocr_carea' id='block_1_34' title="bbox 2277 573 3938 652">
    <p class='ocr_par' dir='ltr' id='par_1_34' title="bbox 2277 573 3938 652">
     <span class='ocr_line' id='line_1_34' title="bbox 2277 573 3938 652; baseline -0.002 -16"><span class='ocrx_word' id='word_1_238' title='bbox 2277 585 2386 652; x_wconf 84' lang='lat' dir='ltr'><strong>tes,</strong></span> <span class='ocrx_word' id='word_1_239' title='bbox 2433 580 2483 636; x_wconf 91' lang='lat' dir='ltr'><strong>si</strong></span> <span class='ocrx_word' id='word_1_240' title='bbox 2544 579 2757 635; x_wconf 86' lang='lat' dir='ltr'><strong>fabulis</strong></span> <span class='ocrx_word' id='word_1_241' title='bbox 2814 583 3108 648; x_wconf 87' lang='lat' dir='ltr'><strong>vacantes,</strong></span> <span class='ocrx_word' id='word_1_242' title='bbox 3164 577 3215 634; x_wconf 89' lang='lat' dir='ltr'><strong>si</strong></span> <span class='ocrx_word' id='word_1_243' title='bbox 3270 577 3392 634; x_wconf 90' lang='lat' dir='ltr'><strong>risu</strong></span> <span class='ocrx_word' id='word_1_244' title='bbox 3449 575 3796 642; x_wconf 88' lang='lat' dir='ltr'><strong>dissolutos,</strong></span> <span class='ocrx_word' id='word_1_245' title='bbox 3849 573 3938 632; x_wconf 82' lang='lat' dir='ltr'><strong>vel</strong></span> 
     </span>
    </p>
   </div>
   <div class='ocr_carea' id='block_1_35' title="bbox 2273 663 3942 742">
    <p class='ocr_par' dir='ltr' id='par_1_35' title="bbox 2273 663 3942 742">
     <span class='ocr_line' id='line_1_35' title="bbox 2273 663 3942 742; baseline -0.003 -18"><span class='ocrx_word' id='word_1_246' title='bbox 2273 669 2388 724; x_wconf 89' lang='lat' dir='ltr'><strong>alio</strong></span> <span class='ocrx_word' id='word_1_247' title='bbox 2420 669 2680 742; x_wconf 84' lang='lat' dir='ltr'><strong>quolibet</strong></span> <span class='ocrx_word' id='word_1_248' title='bbox 2709 667 2925 724; x_wconf 90' lang='lat' dir='ltr'><strong>scelere</strong></span> <span class='ocrx_word' id='word_1_249' title='bbox 2955 667 3234 739; x_wconf 88' lang='lat' dir='ltr'><strong>reperiret</strong></span> <span class='ocrx_word' id='word_1_250' title='bbox 3265 665 3538 733; x_wconf 88' lang='lat' dir='ltr'><strong>irretitos,</strong></span> <span class='ocrx_word' id='word_1_251' title='bbox 3571 663 3692 737; x_wconf 72' lang='lat' dir='ltr'><strong>qui.</strong></span> <span class='ocrx_word' id='word_1_252' title='bbox 3705 663 3942 720; x_wconf 76' lang='lat' dir='ltr'><strong>hostias</strong></span> 
     </span>
    </p>
   </div>
   <div class='ocr_carea' id='block_1_36' title="bbox 2273 752 3944 832">
    <p class='ocr_par' dir='ltr' id='par_1_36' title="bbox 2273 752 3944 832">
     <span class='ocr_line' id='line_1_36' title="bbox 2273 752 3944 832; baseline -0.004 -18"><span class='ocrx_word' id='word_1_253' title='bbox 2273 777 2402 832; x_wconf 81' lang='lat' dir='ltr'><strong>quae</strong></span> <span class='ocrx_word' id='word_1_254' title='bbox 2441 759 2554 814; x_wconf 89' lang='lat' dir='ltr'><strong>sibi</strong></span> <span class='ocrx_word' id='word_1_255' title='bbox 2607 757 3056 813; x_wconf 87' lang='lat' dir='ltr'><strong>immolarentur</strong></span> <span class='ocrx_word' id='word_1_256' title='bbox 3099 761 3360 812; x_wconf 83' lang='lat' dir='ltr'><strong>ementes</strong></span> <span class='ocrx_word' id='word_1_257' title='bbox 3405 756 3464 812; x_wconf 92' lang='lat' dir='ltr'><strong>in</strong></span> <span class='ocrx_word' id='word_1_258' title='bbox 3515 752 3738 828; x_wconf 85' lang='lat' dir='ltr'><strong>templo</strong></span> <span class='ocrx_word' id='word_1_259' title='bbox 3787 753 3944 809; x_wconf 77' lang='lat' dir='ltr'><strong>vidit</strong></span> 
     </span>
    </p>
   </div>
   <div class='ocr_carea' id='block_1_37' title="bbox 2273 841 3946 902">
    <p class='ocr_par' dir='ltr' id='par_1_37' title="bbox 2273 841 3946 902">
     <span class='ocr_line' id='line_1_37' title="bbox 2273 841 3946 902; baseline -0.002 -1"><span class='ocrx_word' id='word_1_260' title='bbox 2273 851 2332 901; x_wconf 89' lang='lat' dir='ltr'><strong>et</strong></span> <span class='ocrx_word' id='word_1_261' title='bbox 2360 845 2665 902; x_wconf 88' lang='lat' dir='ltr'><strong>eliminare</strong></span> <span class='ocrx_word' id='word_1_262' title='bbox 2699 844 3015 901; x_wconf 87' lang='lat' dir='ltr'><strong>festinavit.</strong></span> <span class='ocrx_word' id='word_1_263' title='bbox 3044 845 3154 900; x_wconf 88' lang='lat' dir='ltr'><strong>Sed</strong></span> <span class='ocrx_word' id='word_1_264' title='bbox 3186 848 3244 900; x_wconf 92' lang='lat' dir='ltr'><strong>et</strong></span> <span class='ocrx_word' id='word_1_265' title='bbox 3273 861 3382 898; x_wconf 91' lang='lat' dir='ltr'><strong>nos</strong></span> <span class='ocrx_word' id='word_1_266' title='bbox 3412 842 3738 898; x_wconf 85' lang='lat' dir='ltr'><strong>recolentes</strong></span> <span class='ocrx_word' id='word_1_267' title='bbox 3787 841 3946 898; x_wconf 82' lang='lat' dir='ltr'><strong>scri-</strong></span> 
     </span>
    </p>
   </div>
   <div class='ocr_carea' id='block_1_38' title="bbox 2273 933 3946 1008">
    <p class='ocr_par' dir='ltr' id='par_1_38' title="bbox 2273 933 3946 1008">
     <span class='ocr_line' id='line_1_38' title="bbox 2273 933 3946 1008; baseline -0.003 -18"><span class='ocrx_word' id='word_1_268' title='bbox 2273 940 2436 1008; x_wconf 89' lang='lat' dir='ltr'><strong>ptum</strong></span> <span class='ocrx_word' id='word_1_269' title='bbox 2476 953 2489 990; x_wconf 94' lang='lat'>:</span> <span class='ocrx_word' id='word_1_270' title='bbox 2521 937 2680 991; x_wconf 78' lang='lat' dir='ltr'><strong>Zelus</strong></span> <span class='ocrx_word' id='word_1_271' title='bbox 2710 935 2902 990; x_wconf 84' lang='lat' dir='ltr'><strong>domus</strong></span> <span class='ocrx_word' id='word_1_272' title='bbox 2940 943 3052 991; x_wconf 71' lang='lat' dir='ltr'><strong>tua:</strong></span> <span class='ocrx_word' id='word_1_273' title='bbox 3098 933 3328 989; x_wconf 78' lang='lat' dir='ltr'><strong>ronwdit</strong></span> <span class='ocrx_word' id='word_1_274' title='bbox 3375 949 3462 988; x_wconf 85' lang='lat' dir='ltr'><strong>me</strong></span> <span class='ocrx_word' id='word_1_275' title='bbox 3508 933 3683 1005; x_wconf 84' lang='lat' dir='ltr'><strong>(Joan.</strong></span> <span class='ocrx_word' id='word_1_276' title='bbox 3721 949 3786 998; x_wconf 83' lang='grc' dir='ltr'><strong>ιι,</strong></span> <span class='ocrx_word' id='word_1_277' title='bbox 3824 934 3946 1000; x_wconf 71' lang='lat' dir='ltr'><strong>t7),</strong></span> 
     </span>
    </p>
   </div>
   <div class='ocr_carea' id='block_1_39' title="bbox 2270 1022 3946 1094">
    <p class='ocr_par' dir='ltr' id='par_1_39' title="bbox 2270 1022 3946 1094">
     <span class='ocr_line' id='line_1_39' title="bbox 2270 1022 3946 1094; baseline -0.002 -15"><span class='ocrx_word' id='word_1_278' title='bbox 2270 1024 2458 1079; x_wconf 88' lang='lat' dir='ltr'><strong>zelare</strong></span> <span class='ocrx_word' id='word_1_279' title='bbox 2487 1025 2770 1079; x_wconf 87' lang='lat' dir='ltr'><strong>debemus</strong></span> <span class='ocrx_word' id='word_1_280' title='bbox 2821 1025 3065 1079; x_wconf 90' lang='lat' dir='ltr'><strong>domum</strong></span> <span class='ocrx_word' id='word_1_281' title='bbox 3111 1022 3234 1090; x_wconf 91' lang='lat' dir='ltr'><strong>Dei,</strong></span> <span class='ocrx_word' id='word_1_282' title='bbox 3265 1026 3344 1090; x_wconf 86' lang='lat' dir='ltr'><strong>et,</strong></span> <span class='ocrx_word' id='word_1_283' title='bbox 3375 1025 3664 1094; x_wconf 89' lang='lat' dir='ltr'><strong>quantum</strong></span> <span class='ocrx_word' id='word_1_284' title='bbox 3719 1038 3946 1094; x_wconf 80' lang='lat' dir='ltr'><strong>possu-</strong></span> 
     </span>
    </p>
   </div>
   <div class='ocr_carea' id='block_1_40' title="bbox 2273 1109 3943 1185">
    <p class='ocr_par' dir='ltr' id='par_1_40' title="bbox 2273 1109 3943 1185">
     <span class='ocr_line' id='line_1_40' title="bbox 2273 1109 3943 1185; baseline -0.001 -18"><span class='ocrx_word' id='word_1_285' title='bbox 2273 1130 2430 1181; x_wconf 89' lang='lat' dir='ltr'><strong>mus,</strong></span> <span class='ocrx_word' id='word_1_286' title='bbox 2460 1130 2533 1168; x_wconf 90' lang='lat' dir='ltr'><strong>ne</strong></span> <span class='ocrx_word' id='word_1_287' title='bbox 2563 1113 2706 1185; x_wconf 90' lang='lat' dir='ltr'><strong>quid</strong></span> <span class='ocrx_word' id='word_1_288' title='bbox 2752 1112 2811 1167; x_wconf 90' lang='lat' dir='ltr'><strong>in</strong></span> <span class='ocrx_word' id='word_1_289' title='bbox 2864 1129 2945 1167; x_wconf 81' lang='lat' dir='ltr'><strong>ea.</strong></span> <span class='ocrx_word' id='word_1_290' title='bbox 2981 1128 3225 1185; x_wconf 90' lang='lat' dir='ltr'><strong>pravum</strong></span> <span class='ocrx_word' id='word_1_291' title='bbox 3273 1115 3508 1184; x_wconf 82' lang='lat' dir='ltr'><strong>geratur</strong></span> <span class='ocrx_word' id='word_1_292' title='bbox 3555 1109 3943 1166; x_wconf 77' lang='lat' dir='ltr'><strong>insistemus.</strong></span> 
     </span>
    </p>
   </div>
   <div class='ocr_carea' id='block_1_41' title="bbox 2269 1199 3948 1273">
    <p class='ocr_par' dir='ltr' id='par_1_41' title="bbox 2269 1199 3948 1273">
     <span class='ocr_line' id='line_1_41' title="bbox 2269 1199 3948 1273; baseline 0 -18"><span class='ocrx_word' id='word_1_293' title='bbox 2269 1202 2329 1256; x_wconf 91' lang='lat' dir='ltr'><strong>Si</strong></span> <span class='ocrx_word' id='word_1_294' title='bbox 2363 1201 2682 1257; x_wconf 84' lang='lat' dir='ltr'><strong>viderimus</strong></span> <span class='ocrx_word' id='word_1_295' title='bbox 2714 1202 2953 1258; x_wconf 80' lang='lat' dir='ltr'><strong>fratrem</strong></span> <span class='ocrx_word' id='word_1_296' title='bbox 2983 1200 3085 1272; x_wconf 92' lang='lat' dir='ltr'><strong>qui</strong></span> <span class='ocrx_word' id='word_1_297' title='bbox 3113 1201 3186 1256; x_wconf 90' lang='lat' dir='ltr'><strong>ad</strong></span> <span class='ocrx_word' id='word_1_298' title='bbox 3225 1201 3471 1256; x_wconf 90' lang='lat' dir='ltr'><strong>domum</strong></span> <span class='ocrx_word' id='word_1_299' title='bbox 3521 1199 3621 1256; x_wconf 92' lang='lat' dir='ltr'><strong>Dei</strong></span> <span class='ocrx_word' id='word_1_300' title='bbox 3675 1201 3948 1273; x_wconf 77' lang='lat' dir='ltr'><strong>pertinet</strong></span> 
     </span>
    </p>
   </div>
   <div class='ocr_carea' id='block_1_42' title="bbox 2269 1288 3943 1362">
    <p class='ocr_par' dir='ltr' id='par_1_42' title="bbox 2269 1288 3943 1362">
     <span class='ocr_line' id='line_1_42' title="bbox 2269 1288 3943 1362; baseline 0.001 -18"><span class='ocrx_word' id='word_1_301' title='bbox 2269 1289 2546 1362; x_wconf 85' lang='lat' dir='ltr'><strong>superbia</strong></span> <span class='ocrx_word' id='word_1_302' title='bbox 2575 1290 2893 1357; x_wconf 90' lang='lat' dir='ltr'><strong>tumidum,</strong></span> <span class='ocrx_word' id='word_1_303' title='bbox 2926 1289 2974 1345; x_wconf 91' lang='lat' dir='ltr'><strong>si</strong></span> <span class='ocrx_word' id='word_1_304' title='bbox 3007 1288 3468 1346; x_wconf 85' lang='lat' dir='ltr'><strong>detractionibus</strong></span> <span class='ocrx_word' id='word_1_305' title='bbox 3513 1295 3851 1355; x_wconf 85' lang='lat' dir='ltr'><strong>assuetum,</strong></span> <span class='ocrx_word' id='word_1_306' title='bbox 3889 1289 3943 1346; x_wconf 72' lang='lat' dir='ltr'><strong>ei</strong></span> 
     </span>
    </p>
   </div>
   <div class='ocr_carea' id='block_1_43' title="bbox 2267 1377 3940 1446">
    <p class='ocr_par' dir='ltr' id='par_1_43' title="bbox 2267 1377 3940 1446">
     <span class='ocr_line' id='line_1_43' title="bbox 2267 1377 3940 1446; baseline 0.001 -14"><span class='ocrx_word' id='word_1_307' title='bbox 2267 1377 2532 1432; x_wconf 87' lang='lat' dir='ltr'><strong>ebrietati</strong></span> <span class='ocrx_word' id='word_1_308' title='bbox 2575 1377 2943 1446; x_wconf 78' lang='lat' dir='ltr'><strong>servientem,</strong></span> <span class='ocrx_word' id='word_1_309' title='bbox 2979 1378 3027 1434; x_wconf 89' lang='lat' dir='ltr'><strong>si</strong></span> <span class='ocrx_word' id='word_1_310' title='bbox 3061 1377 3292 1434; x_wconf 84' lang='lat' dir='ltr'><strong>luxuria</strong></span> <span class='ocrx_word' id='word_1_311' title='bbox 3337 1383 3701 1446; x_wconf 89' lang='lat' dir='ltr'><strong>enervatum,</strong></span> <span class='ocrx_word' id='word_1_312' title='bbox 3731 1379 3784 1434; x_wconf 90' lang='lat' dir='ltr'><strong>si</strong></span> <span class='ocrx_word' id='word_1_313' title='bbox 3818 1378 3940 1434; x_wconf 77' lang='lat' dir='ltr'><strong>ira—-</strong></span> 
     </span>
    </p>
   </div>
   <div class='ocr_carea' id='block_1_44' title="bbox 2268 1467 3936 1539">
    <p class='ocr_par' dir='ltr' id='par_1_44' title="bbox 2268 1467 3936 1539">
     <span class='ocr_line' id='line_1_44' title="bbox 2268 1467 3936 1539; baseline 0.001 -18"><span class='ocrx_word' id='word_1_314' title='bbox 2268 1467 2483 1521; x_wconf 85' lang='lat' dir='ltr'><strong>cundia</strong></span> <span class='ocrx_word' id='word_1_315' title='bbox 2510 1467 2834 1533; x_wconf 85' lang='lat' dir='ltr'><strong>turbidum,</strong></span> <span class='ocrx_word' id='word_1_316' title='bbox 2859 1467 2906 1522; x_wconf 82' lang='lat' dir='ltr'>si</span> <span class='ocrx_word' id='word_1_317' title='bbox 2939 1467 3051 1522; x_wconf 88' lang='lat' dir='ltr'><strong>alio</strong></span> <span class='ocrx_word' id='word_1_318' title='bbox 3071 1467 3346 1539; x_wconf 90' lang='lat' dir='ltr'><strong>cuiquam</strong></span> <span class='ocrx_word' id='word_1_319' title='bbox 3370 1467 3508 1523; x_wconf 89' lang='lat' dir='ltr'><strong>vitio</strong></span> <span class='ocrx_word' id='word_1_320' title='bbox 3530 1467 3936 1535; x_wconf 87' lang='lat' dir='ltr'><strong>substratum,</strong></span> 
     </span>
    </p>
   </div>
   <div class='ocr_carea' id='block_1_45' title="bbox 2266 1555 3928 1629">
    <p class='ocr_par' dir='ltr' id='par_1_45' title="bbox 2266 1555 3928 1629">
     <span class='ocr_line' id='line_1_45' title="bbox 2266 1555 3928 1629; baseline 0.001 -18"><span class='ocrx_word' id='word_1_321' title='bbox 2266 1556 2613 1611; x_wconf 85' lang='lat' dir='ltr'><strong>studeamus</strong></span> <span class='ocrx_word' id='word_1_322' title='bbox 2647 1555 2703 1610; x_wconf 93' lang='lat' dir='ltr'><strong>in</strong></span> <span class='ocrx_word' id='word_1_323' title='bbox 2737 1561 3025 1628; x_wconf 89' lang='lat' dir='ltr'><strong>quantum</strong></span> <span class='ocrx_word' id='word_1_324' title='bbox 3055 1555 3300 1611; x_wconf 89' lang='lat' dir='ltr'><strong>facultas</strong></span> <span class='ocrx_word' id='word_1_325' title='bbox 3322 1557 3583 1629; x_wconf 88' lang='lat' dir='ltr'><strong>suppetit</strong></span> <span class='ocrx_word' id='word_1_326' title='bbox 3602 1555 3928 1629; x_wconf 80' lang='lat' dir='ltr'><strong>castigare,</strong></span> 
     </span>
    </p>
   </div>
   <div class='ocr_carea' id='block_1_46' title="bbox 2266 1643 3940 1718">
    <p class='ocr_par' dir='ltr' id='par_1_46' title="bbox 2266 1643 3940 1718">
     <span class='ocr_line' id='line_1_46' title="bbox 2266 1643 3940 1718; baseline 0.002 -20"><span class='ocrx_word' id='word_1_327' title='bbox 2266 1643 2490 1716; x_wconf 87' lang='lat' dir='ltr'><strong>polluta</strong></span> <span class='ocrx_word' id='word_1_328' title='bbox 2520 1661 2586 1699; x_wconf 90' lang='lat' dir='ltr'><strong>ac</strong></span> <span class='ocrx_word' id='word_1_329' title='bbox 2619 1661 2886 1717; x_wconf 87' lang='lat' dir='ltr'><strong>perversa</strong></span> <span class='ocrx_word' id='word_1_330' title='bbox 2909 1646 3196 1718; x_wconf 86' lang='lat' dir='ltr'><strong>corrigere</strong></span> <span class='ocrx_word' id='word_1_331' title='bbox 3221 1661 3234 1700; x_wconf 92' lang='lat'>:</span> <span class='ocrx_word' id='word_1_332' title='bbox 3259 1649 3320 1700; x_wconf 89' lang='lat' dir='ltr'><strong>et</strong></span> <span class='ocrx_word' id='word_1_333' title='bbox 3339 1646 3389 1701; x_wconf 93' lang='lat' dir='ltr'>si</span> <span class='ocrx_word' id='word_1_334' title='bbox 3417 1662 3592 1718; x_wconf 88' lang='lat' dir='ltr'><strong>quem</strong></span> <span class='ocrx_word' id='word_1_335' title='bbox 3613 1645 3688 1702; x_wconf 90' lang='lat' dir='ltr'><strong>de</strong></span> <span class='ocrx_word' id='word_1_336' title='bbox 3711 1645 3940 1702; x_wconf 85' lang='lat' dir='ltr'><strong>talibus</strong></span> 
     </span>
    </p>
   </div>
   <div class='ocr_carea' id='block_1_47' title="bbox 2266 1733 3944 1806">
    <p class='ocr_par' dir='ltr' id='par_1_47' title="bbox 2266 1733 3944 1806">
     <span class='ocr_line' id='line_1_47' title="bbox 2266 1733 3944 1806; baseline 0.002 -18"><span class='ocrx_word' id='word_1_337' title='bbox 2266 1734 2580 1789; x_wconf 89' lang='lat' dir='ltr'><strong>emendare</strong></span> <span class='ocrx_word' id='word_1_338' title='bbox 2614 1733 3068 1806; x_wconf 83' lang='lat' dir='ltr'><strong>nequimus,non</strong></span> <span class='ocrx_word' id='word_1_339' title='bbox 3101 1733 3229 1789; x_wconf 88' lang='lat' dir='ltr'><strong>sine</strong></span> <span class='ocrx_word' id='word_1_340' title='bbox 3259 1734 3543 1790; x_wconf 87' lang='lat' dir='ltr'><strong>acerrimo</strong></span> <span class='ocrx_word' id='word_1_341' title='bbox 3565 1735 3790 1792; x_wconf 88' lang='lat' dir='ltr'><strong>mentis</strong></span> <span class='ocrx_word' id='word_1_342' title='bbox 3809 1752 3944 1792; x_wconf 75' lang='lat' dir='ltr'><strong>sus-</strong></span> 
     </span>
    </p>
   </div>
   <div class='ocr_carea' id='block_1_48' title="bbox 2268 1821 3934 1895">
    <p class='ocr_par' dir='ltr' id='par_1_48' title="bbox 2268 1821 3934 1895">
     <span class='ocr_line' id='line_1_48' title="bbox 2268 1821 3934 1895; baseline 0 -17"><span class='ocrx_word' id='word_1_343' title='bbox 2268 1822 2452 1878; x_wconf 84' lang='lat' dir='ltr'><strong>tinere</strong></span> <span class='ocrx_word' id='word_1_344' title='bbox 2481 1821 2699 1888; x_wconf 89' lang='lat' dir='ltr'><strong>dolore,</strong></span> <span class='ocrx_word' id='word_1_345' title='bbox 2727 1827 2784 1876; x_wconf 91' lang='lat' dir='ltr'><strong>et</strong></span> <span class='ocrx_word' id='word_1_346' title='bbox 2814 1823 3066 1878; x_wconf 86' lang='lat' dir='ltr'><strong>maxime</strong></span> <span class='ocrx_word' id='word_1_347' title='bbox 3109 1823 3166 1878; x_wconf 88' lang='lat' dir='ltr'><strong>in</strong></span> <span class='ocrx_word' id='word_1_348' title='bbox 3219 1823 3348 1895; x_wconf 89' lang='lat' dir='ltr'><strong>ipsa</strong></span> <span class='ocrx_word' id='word_1_349' title='bbox 3395 1824 3570 1879; x_wconf 92' lang='lat' dir='ltr'><strong>domo</strong></span> <span class='ocrx_word' id='word_1_350' title='bbox 3615 1823 3934 1890; x_wconf 85' lang='lat' dir='ltr'><strong>orationis,</strong></span> 
     </span>
    </p>
   </div>
   <div class='ocr_carea' id='block_1_49' title="bbox 2273 1910 3939 1985">
    <p class='ocr_par' dir='ltr' id='par_1_49' title="bbox 2273 1910 3939 1985">
     <span class='ocr_line' id='line_1_49' title="bbox 2273 1910 3939 1985; baseline 0.002 -19"><span class='ocrx_word' id='word_1_351' title='bbox 2273 1912 2371 1967; x_wconf 90' lang='lat' dir='ltr'><strong>ubi</strong></span> <span class='ocrx_word' id='word_1_352' title='bbox 2405 1910 2634 1967; x_wconf 89' lang='lat' dir='ltr'><strong>Domini</strong></span> <span class='ocrx_word' id='word_1_353' title='bbox 2661 1916 3040 1967; x_wconf 88' lang='lat' dir='ltr'><strong>consecratur</strong></span> <span class='ocrx_word' id='word_1_354' title='bbox 3060 1912 3400 1984; x_wconf 88' lang='lat' dir='ltr'><strong>eorpus,ubi</strong></span> <span class='ocrx_word' id='word_1_355' title='bbox 3423 1911 3771 1985; x_wconf 84' lang='lat' dir='ltr'><strong>angelorum</strong></span> <span class='ocrx_word' id='word_1_356' title='bbox 3793 1927 3939 1984; x_wconf 62' lang='lat' dir='ltr'><strong>pra-</strong></span> 
     </span>
    </p>
   </div>
   <div class='ocr_carea' id='block_1_50' title="bbox 2273 2001 3942 2076">
    <p class='ocr_par' dir='ltr' id='par_1_50' title="bbox 2273 2001 3942 2076">
     <span class='ocr_line' id='line_1_50' title="bbox 2273 2001 3942 2076; baseline 0.002 -20"><span class='ocrx_word' id='word_1_357' title='bbox 2273 2001 2462 2056; x_wconf 89' lang='lat' dir='ltr'><strong>sentia</strong></span> <span class='ocrx_word' id='word_1_358' title='bbox 2490 2019 2722 2076; x_wconf 85' lang='lat' dir='ltr'><strong>semper</strong></span> <span class='ocrx_word' id='word_1_359' title='bbox 2750 2001 2955 2057; x_wconf 89' lang='lat' dir='ltr'><strong>adesse</strong></span> <span class='ocrx_word' id='word_1_360' title='bbox 2986 2018 3100 2057; x_wconf 91' lang='lat' dir='ltr'><strong>non</strong></span> <span class='ocrx_word' id='word_1_361' title='bbox 3132 2001 3456 2072; x_wconf 86' lang='lat' dir='ltr'><strong>dubitatur,</strong></span> <span class='ocrx_word' id='word_1_362' title='bbox 3491 2017 3564 2057; x_wconf 90' lang='lat' dir='ltr'><strong>ne</strong></span> <span class='ocrx_word' id='word_1_363' title='bbox 3593 2001 3738 2073; x_wconf 90' lang='lat' dir='ltr'><strong>quid</strong></span> <span class='ocrx_word' id='word_1_364' title='bbox 3775 2003 3942 2075; x_wconf 76' lang='lat' dir='ltr'><strong>inep-</strong></span> 
     </span>
    </p>
   </div>
   <div class='ocr_carea' id='block_1_51' title="bbox 2273 2090 3937 2162">
    <p class='ocr_par' dir='ltr' id='par_1_51' title="bbox 2273 2090 3937 2162">
     <span class='ocr_line' id='line_1_51' title="bbox 2273 2090 3937 2162; baseline 0.002 -19"><span class='ocrx_word' id='word_1_365' title='bbox 2273 2094 2398 2144; x_wconf 89' lang='lat' dir='ltr'><strong>tum</strong></span> <span class='ocrx_word' id='word_1_366' title='bbox 2431 2091 2550 2158; x_wconf 82' lang='lat' dir='ltr'><strong>ﬁat,</strong></span> <span class='ocrx_word' id='word_1_367' title='bbox 2585 2107 2656 2146; x_wconf 89' lang='lat' dir='ltr'><strong>ne</strong></span> <span class='ocrx_word' id='word_1_368' title='bbox 2684 2090 2840 2162; x_wconf 82' lang='lat' dir='ltr'><strong>quid-</strong></span> <span class='ocrx_word' id='word_1_369' title='bbox 2858 2090 3011 2162; x_wconf 88' lang='lat' dir='ltr'><strong>quod</strong></span> <span class='ocrx_word' id='word_1_370' title='bbox 3059 2095 3322 2145; x_wconf 87' lang='lat' dir='ltr'><strong>nostram</strong></span> <span class='ocrx_word' id='word_1_371' title='bbox 3375 2090 3766 2146; x_wconf 84' lang='lat' dir='ltr'><strong>fraternamve</strong></span> <span class='ocrx_word' id='word_1_372' title='bbox 3793 2106 3937 2146; x_wconf 77' lang='lat' dir='ltr'><strong>ora-</strong></span> 
     </span>
    </p>
   </div>
   <div class='ocr_carea' id='block_1_52' title="bbox 2273 2177 3937 2252">
    <p class='ocr_par' dir='ltr' id='par_1_52' title="bbox 2273 2177 3937 2252">
     <span class='ocr_line' id='line_1_52' title="bbox 2273 2177 3937 2252; baseline 0.001 -19"><span class='ocrx_word' id='word_1_373' title='bbox 2273 2177 2488 2234; x_wconf 80' lang='lat' dir='ltr'><strong>tionem</strong></span> <span class='ocrx_word' id='word_1_374' title='bbox 2519 2179 2819 2252; x_wconf 88' lang='lat' dir='ltr'><strong>impediat,</strong></span> <span class='ocrx_word' id='word_1_375' title='bbox 2841 2179 2982 2235; x_wconf 90' lang='lat' dir='ltr'><strong>totis</strong></span> <span class='ocrx_word' id='word_1_376' title='bbox 3011 2178 3231 2234; x_wconf 89' lang='lat' dir='ltr'><strong>viribus</strong></span> <span class='ocrx_word' id='word_1_377' title='bbox 3263 2179 3669 2252; x_wconf 75' lang='lat' dir='ltr'><strong>agamus.H:nc</strong></span> <span class='ocrx_word' id='word_1_378' title='bbox 3691 2183 3937 2252; x_wconf 79' lang='lat' dir='ltr'><strong>propter</strong></span> 
     </span>
    </p>
   </div>
   <div class='ocr_carea' id='block_1_53' title="bbox 2272 2266 3931 2341">
    <p class='ocr_par' dir='ltr' id='par_1_53' title="bbox 2272 2266 3931 2341">
     <span class='ocr_line' id='line_1_53' title="bbox 2272 2266 3931 2341; baseline 0.002 -20"><span class='ocrx_word' id='word_1_379' title='bbox 2272 2266 2403 2322; x_wconf 91' lang='lat' dir='ltr'><strong>illos</strong></span> <span class='ocrx_word' id='word_1_380' title='bbox 2441 2267 2697 2324; x_wconf 84' lang='lat' dir='ltr'><strong>diximus</strong></span> <span class='ocrx_word' id='word_1_381' title='bbox 2745 2269 2866 2340; x_wconf 91' lang='lat' dir='ltr'><strong>qui,</strong></span> <span class='ocrx_word' id='word_1_382' title='bbox 2899 2267 3207 2324; x_wconf 88' lang='lat' dir='ltr'><strong>ecclesiam</strong></span> <span class='ocrx_word' id='word_1_383' title='bbox 3261 2268 3530 2341; x_wconf 88' lang='lat' dir='ltr'><strong>ingressi,</strong></span> <span class='ocrx_word' id='word_1_384' title='bbox 3564 2285 3682 2326; x_wconf 90' lang='lat' dir='ltr'><strong>non</strong></span> <span class='ocrx_word' id='word_1_385' title='bbox 3729 2268 3931 2325; x_wconf 84' lang='lat' dir='ltr'><strong>solum</strong></span> 
     </span>
    </p>
   </div>
   <div class='ocr_carea' id='block_1_54' title="bbox 2272 2355 3932 2431">
    <p class='ocr_par' dir='ltr' id='par_1_54' title="bbox 2272 2355 3932 2431">
     <span class='ocr_line' id='line_1_54' title="bbox 2272 2355 3932 2431; baseline 0.004 -22"><span class='ocrx_word' id='word_1_386' title='bbox 2272 2355 2655 2412; x_wconf 88' lang='lat' dir='ltr'><strong>intentionem</strong></span> <span class='ocrx_word' id='word_1_387' title='bbox 2688 2357 2892 2412; x_wconf 89' lang='lat' dir='ltr'><strong>orandi</strong></span> <span class='ocrx_word' id='word_1_388' title='bbox 2928 2355 3256 2430; x_wconf 84' lang='lat' dir='ltr'><strong>negligant,</strong></span> <span class='ocrx_word' id='word_1_389' title='bbox 3280 2373 3481 2413; x_wconf 90' lang='lat' dir='ltr'><strong>verum</strong></span> <span class='ocrx_word' id='word_1_390' title='bbox 3511 2357 3690 2414; x_wconf 89' lang='lat' dir='ltr'><strong>etiam</strong></span> <span class='ocrx_word' id='word_1_391' title='bbox 3721 2375 3795 2414; x_wconf 87' lang='lat' dir='ltr'><strong>ea</strong></span> <span class='ocrx_word' id='word_1_392' title='bbox 3823 2376 3932 2431; x_wconf 84' lang='lat' dir='ltr'><strong>pro</strong></span> 
     </span>
    </p>
   </div>
   <div class='ocr_carea' id='block_1_55' title="bbox 2269 2445 3930 2520">
    <p class='ocr_par' dir='ltr' id='par_1_55' title="bbox 2269 2445 3930 2520">
     <span class='ocr_line' id='line_1_55' title="bbox 2269 2445 3930 2520; baseline 0.003 -22"><span class='ocrx_word' id='word_1_393' title='bbox 2269 2445 2486 2516; x_wconf 87' lang='lat' dir='ltr'><strong>quibus</strong></span> <span class='ocrx_word' id='word_1_394' title='bbox 2509 2461 2675 2501; x_wconf 87' lang='lat' dir='ltr'><strong>orare</strong></span> <span class='ocrx_word' id='word_1_395' title='bbox 2695 2445 3015 2501; x_wconf 86' lang='lat' dir='ltr'><strong>debuerant</strong></span> <span class='ocrx_word' id='word_1_396' title='bbox 3037 2446 3587 2519; x_wconf 88' lang='lat' dir='ltr'><strong>augent,insuperet</strong></span> <span class='ocrx_word' id='word_1_397' title='bbox 3609 2452 3930 2520; x_wconf 78' lang='lat' dir='ltr'><strong>arguentes</strong></span> 
     </span>
    </p>
   </div>
   <div class='ocr_carea' id='block_1_56' title="bbox 2270 2533 3926 2608">
    <p class='ocr_par' dir='ltr' id='par_1_56' title="bbox 2270 2533 3926 2608">
     <span class='ocr_line' id='line_1_56' title="bbox 2270 2533 3926 2608; baseline 0.003 -21"><span class='ocrx_word' id='word_1_398' title='bbox 2270 2549 2332 2588; x_wconf 92' lang='lat' dir='ltr'><strong>se</strong></span> <span class='ocrx_word' id='word_1_399' title='bbox 2367 2551 2466 2606; x_wconf 87' lang='lat' dir='ltr'><strong>pro</strong></span> <span class='ocrx_word' id='word_1_400' title='bbox 2497 2533 2838 2606; x_wconf 88' lang='lat' dir='ltr'><strong>hujusmodi</strong></span> <span class='ocrx_word' id='word_1_401' title='bbox 2871 2533 3124 2590; x_wconf 85' lang='lat' dir='ltr'><strong>stultitia</strong></span> <span class='ocrx_word' id='word_1_402' title='bbox 3152 2534 3420 2590; x_wconf 85' lang='lat' dir='ltr'><strong>convitiis</strong></span> <span class='ocrx_word' id='word_1_403' title='bbox 3451 2535 3724 2608; x_wconf 89' lang='lat' dir='ltr'><strong>odiisque</strong></span> <span class='ocrx_word' id='word_1_404' title='bbox 3769 2537 3926 2593; x_wconf 80' lang='lat' dir='ltr'><strong>inse-</strong></span> 
     </span>
    </p>
   </div>
   <div class='ocr_carea' id='block_1_57' title="bbox 2267 2621 3934 2698">
    <p class='ocr_par' dir='ltr' id='par_1_57' title="bbox 2267 2621 3934 2698">
     <span class='ocr_line' id='line_1_57' title="bbox 2267 2621 3934 2698; baseline 0.002 -21"><span class='ocrx_word' id='word_1_405' title='bbox 2267 2623 2840 2694; x_wconf 88' lang='lat' dir='ltr'><strong>quuntur,addentes</strong></span> <span class='ocrx_word' id='word_1_406' title='bbox 2861 2621 3129 2678; x_wconf 70' lang='lat' dir='ltr'><strong>vidi-licet</strong></span> <span class='ocrx_word' id='word_1_407' title='bbox 3149 2623 3735 2696; x_wconf 79' lang='lat' dir='ltr'><strong>peccatis,pcccataet</strong></span> <span class='ocrx_word' id='word_1_408' title='bbox 3753 2624 3934 2698; x_wconf 80' lang='lat' dir='ltr'><strong>quasi</strong></span> 
     </span>
    </p>
   </div>
   <div class='ocr_carea' id='block_1_58' title="bbox 2270 2710 3933 2786">
    <p class='ocr_par' dir='ltr' id='par_1_58' title="bbox 2270 2710 3933 2786">
     <span class='ocr_line' id='line_1_58' title="bbox 2270 2710 3933 2786; baseline 0.002 -19"><span class='ocrx_word' id='word_1_409' title='bbox 2270 2711 2378 2767; x_wconf 88' lang='lat' dir='ltr'><strong>sibi</strong></span> <span class='ocrx_word' id='word_1_410' title='bbox 2395 2713 2592 2767; x_wconf 88' lang='lat' dir='ltr'><strong>funem</strong></span> <span class='ocrx_word' id='word_1_411' title='bbox 2607 2710 3017 2783; x_wconf 83' lang='lat' dir='ltr'><strong>longissimum</strong></span> <span class='ocrx_word' id='word_1_412' title='bbox 3033 2711 3268 2766; x_wconf 90' lang='lat' dir='ltr'><strong>incauta</strong></span> <span class='ocrx_word' id='word_1_413' title='bbox 3279 2729 3480 2768; x_wconf 89' lang='lat' dir='ltr'><strong>eorum</strong></span> <span class='ocrx_word' id='word_1_414' title='bbox 3496 2713 3933 2786; x_wconf 84' lang='lat' dir='ltr'><strong>augmentatio-</strong></span> 
     </span>
    </p>
   </div>
   <div class='ocr_carea' id='block_1_59' title="bbox 2271 2799 3930 2873">
    <p class='ocr_par' dir='ltr' id='par_1_59' title="bbox 2271 2799 3930 2873">
     <span class='ocr_line' id='line_1_59' title="bbox 2271 2799 3930 2873; baseline 0.003 -19"><span class='ocrx_word' id='word_1_415' title='bbox 2271 2817 2344 2855; x_wconf 90' lang='lat' dir='ltr'><strong>ne</strong></span> <span class='ocrx_word' id='word_1_416' title='bbox 2367 2804 2759 2868; x_wconf 80' lang='lat' dir='ltr'><strong>texentes,nec</strong></span> <span class='ocrx_word' id='word_1_417' title='bbox 2787 2799 3062 2856; x_wconf 89' lang='lat' dir='ltr'><strong>timentes</strong></span> <span class='ocrx_word' id='word_1_418' title='bbox 3091 2818 3161 2856; x_wconf 86' lang='lat' dir='ltr'><strong>ex</strong></span> <span class='ocrx_word' id='word_1_419' title='bbox 3190 2817 3258 2858; x_wconf 91' lang='lat' dir='ltr'><strong>eo</strong></span> <span class='ocrx_word' id='word_1_420' title='bbox 3287 2801 3776 2873; x_wconf 87' lang='lat' dir='ltr'><strong>districtijudicis</strong></span> <span class='ocrx_word' id='word_1_421' title='bbox 3791 2820 3930 2859; x_wconf 74' lang='lat' dir='ltr'><strong>exa-</strong></span> 
     </span>
    </p>
   </div>
   <div class='ocr_carea' id='block_1_60' title="bbox 2269 2888 3930 2963">
    <p class='ocr_par' dir='ltr' id='par_1_60' title="bbox 2269 2888 3930 2963">
     <span class='ocr_line' id='line_1_60' title="bbox 2269 2888 3930 2963; baseline 0.002 -19"><span class='ocrx_word' id='word_1_422' title='bbox 2269 2888 2590 2944; x_wconf 89' lang='lat' dir='ltr'><strong>minatione</strong></span> <span class='ocrx_word' id='word_1_423' title='bbox 2619 2889 2908 2946; x_wconf 89' lang='lat' dir='ltr'><strong>damnari.</strong></span> <span class='ocrx_word' id='word_1_424' title='bbox 2937 2889 3051 2945; x_wconf 92' lang='lat' dir='ltr'><strong>Nec</strong></span> <span class='ocrx_word' id='word_1_425' title='bbox 3073 2888 3218 2944; x_wconf 88' lang='lat' dir='ltr'><strong>latet</strong></span> <span class='ocrx_word' id='word_1_426' title='bbox 3235 2890 3438 2946; x_wconf 91' lang='lat' dir='ltr'><strong>crebro</strong></span> <span class='ocrx_word' id='word_1_427' title='bbox 3458 2890 3698 2963; x_wconf 85' lang='lat' dir='ltr'><strong>angelos</strong></span> <span class='ocrx_word' id='word_1_428' title='bbox 3717 2889 3930 2948; x_wconf 80' lang='lat' dir='ltr'><strong>electis</strong></span> 
     </span>
    </p>
   </div>
   <div class='ocr_carea' id='block_1_61' title="bbox 2255 2964 3933 3051">
    <p class='ocr_par' dir='ltr' id='par_1_61' title="bbox 2255 2964 3933 3051">
     <span class='ocr_line' id='line_1_61' title="bbox 2255 2964 3933 3051; baseline 0.003 -20"><span class='ocrx_word' id='word_1_429' title='bbox 2255 2976 2546 3038; x_wconf 75' lang='lat' dir='ltr'><strong>invisibili</strong></span> <span class='ocrx_word' id='word_1_430' title='bbox 2567 2964 2772 3034; x_wconf 82' lang='lat' dir='ltr'><strong>adesse</strong></span> <span class='ocrx_word' id='word_1_431' title='bbox 2789 2978 3301 3051; x_wconf 66' lang='lat' dir='ltr'><strong>prmsentiamteos</strong></span> <span class='ocrx_word' id='word_1_432' title='bbox 3315 2978 3400 3036; x_wconf 89' lang='lat' dir='ltr'><strong>vel</strong></span> <span class='ocrx_word' id='word_1_433' title='bbox 3419 2979 3492 3035; x_wconf 88' lang='lat' dir='ltr'><strong>ab</strong></span> <span class='ocrx_word' id='word_1_434' title='bbox 3513 2979 3704 3036; x_wconf 88' lang='lat' dir='ltr'><strong>hostis</strong></span> <span class='ocrx_word' id='word_1_435' title='bbox 3726 2979 3933 3036; x_wconf 77' lang='lat' dir='ltr'><strong>callidi</strong></span> 
     </span>
    </p>
   </div>
   <div class='ocr_carea' id='block_1_62' title="bbox 2270 3065 3930 3142">
    <p class='ocr_par' dir='ltr' id='par_1_62' title="bbox 2270 3065 3930 3142">
     <span class='ocr_line' id='line_1_62' title="bbox 2270 3065 3930 3142; baseline 0.004 -22"><span class='ocrx_word' id='word_1_436' title='bbox 2270 3065 2586 3121; x_wconf 85' lang='lat' dir='ltr'><strong>defendant</strong></span> <span class='ocrx_word' id='word_1_437' title='bbox 2607 3066 2950 3134; x_wconf 88' lang='lat' dir='ltr'><strong>insidiis,vel</strong></span> <span class='ocrx_word' id='word_1_438' title='bbox 2967 3067 3206 3139; x_wconf 88' lang='lat' dir='ltr'><strong>majoris</strong></span> <span class='ocrx_word' id='word_1_439' title='bbox 3222 3067 3474 3124; x_wconf 77' lang='lat' dir='ltr'><strong>cmlestis</strong></span> <span class='ocrx_word' id='word_1_440' title='bbox 3487 3067 3763 3126; x_wconf 84' lang='lat' dir='ltr'><strong>desiderii</strong></span> <span class='ocrx_word' id='word_1_441' title='bbox 3791 3085 3930 3142; x_wconf 74' lang='lat' dir='ltr'><strong>gra-</strong></span> 
     </span>
    </p>
   </div>
   <div class='ocr_carea' id='block_1_63' title="bbox 2271 3153 3934 3229">
    <p class='ocr_par' dir='ltr' id='par_1_63' title="bbox 2271 3153 3934 3229">
     <span class='ocr_line' id='line_1_63' title="bbox 2271 3153 3934 3229; baseline 0.004 -21"><span class='ocrx_word' id='word_1_442' title='bbox 2271 3153 2350 3209; x_wconf 88' lang='lat' dir='ltr'><strong>tia</strong></span> <span class='ocrx_word' id='word_1_443' title='bbox 2369 3153 2980 3228; x_wconf 88' lang='lat' dir='ltr'><strong>sustollant,Apostolo</strong></span> <span class='ocrx_word' id='word_1_444' title='bbox 3010 3155 3454 3229; x_wconf 87' lang='lat' dir='ltr'><strong>attestante,qui</strong></span> <span class='ocrx_word' id='word_1_445' title='bbox 3479 3155 3800 3214; x_wconf 64' lang='lat' dir='ltr'><strong>aitzﬂonne</strong></span> <span class='ocrx_word' id='word_1_446' title='bbox 3816 3175 3934 3214; x_wconf 75' lang='lat' dir='ltr'><strong>om-</strong></span> 
     </span>
    </p>
   </div>
   <div class='ocr_carea' id='block_1_64' title="bbox 514 3232 3932 3320">
    <p class='ocr_par' dir='ltr' id='par_1_64' title="bbox 514 3232 3932 3320">
     <span class='ocr_line' id='line_1_64' title="bbox 514 3232 3932 3320; baseline 0.001 -18"><span class='ocrx_word' id='word_1_447' title='bbox 514 3246 772 3303; x_wconf 89' lang='lat' dir='ltr'><strong>maculas</strong></span> <span class='ocrx_word' id='word_1_448' title='bbox 825 3251 1219 3318; x_wconf 88' lang='lat' dir='ltr'><strong>peccatorum,</strong></span> <span class='ocrx_word' id='word_1_449' title='bbox 1271 3245 1654 3318; x_wconf 82' lang='lat' dir='ltr'><strong>elecmosynis</strong></span> <span class='ocrx_word' id='word_1_450' title='bbox 1711 3247 1938 3320; x_wconf 86' lang='lat' dir='ltr'><strong>tergite,</strong></span> <span class='ocrx_word' id='word_1_451' title='bbox 1972 3247 2156 3303; x_wconf 87' lang='lat' dir='ltr'><strong>sacris</strong></span> <span class='ocrx_word' id='word_1_452' title='bbox 2186 3232 2230 3299; x_wconf 80' lang='lat' dir='ltr'>C</span> <span class='ocrx_word' id='word_1_453' title='bbox 2267 3259 2360 3299; x_wconf 84' lang='lat' dir='ltr'><strong>nes</strong></span> <span class='ocrx_word' id='word_1_454' title='bbox 2379 3252 2508 3299; x_wconf 84' lang='lat' dir='ltr'><strong>sunt</strong></span> <span class='ocrx_word' id='word_1_455' title='bbox 2532 3243 2990 3300; x_wconf 82' lang='lat' dir='ltr'><strong>administratorii</strong></span> <span class='ocrx_word' id='word_1_456' title='bbox 3006 3245 3254 3317; x_wconf 75' lang='lat' dir='ltr'><strong>spiritus,</strong></span> <span class='ocrx_word' id='word_1_457' title='bbox 3279 3247 3339 3300; x_wconf 82' lang='lat' dir='ltr'><strong>in</strong></span> <span class='ocrx_word' id='word_1_458' title='bbox 3367 3247 3742 3304; x_wconf 75' lang='lat' dir='ltr'><strong>ministerium</strong></span> <span class='ocrx_word' id='word_1_459' title='bbox 3763 3250 3932 3304; x_wconf 81' lang='lat' dir='ltr'><strong>missi</strong></span> 
     </span>
    </p>
   </div>
   <div class='ocr_carea' id='block_1_65' title="bbox 513 3335 2160 3407">
    <p class='ocr_par' dir='ltr' id='par_1_65' title="bbox 513 3335 2160 3407">
     <span class='ocr_line' id='line_1_65' title="bbox 513 3335 2160 3407; baseline 0 -16"><span class='ocrx_word' id='word_1_460' title='bbox 513 3335 726 3391; x_wconf 87' lang='lat' dir='ltr'><strong>hostiis</strong></span> <span class='ocrx_word' id='word_1_461' title='bbox 751 3335 1033 3407; x_wconf 81' lang='lat' dir='ltr'><strong>expiato.»</strong></span> <span class='ocrx_word' id='word_1_462' title='bbox 1055 3335 1744 3406; x_wconf 81' lang='lat' dir='ltr'><strong>(Dialogor.lib.1v,c.58.)</strong></span> <span class='ocrx_word' id='word_1_463' title='bbox 1777 3361 1802 3386; x_wconf 86' lang='lat'><strong>«</strong></span> <span class='ocrx_word' id='word_1_464' title='bbox 1841 3337 1968 3391; x_wconf 67' lang='lat' dir='ltr'><strong>llaec</strong></span> <span class='ocrx_word' id='word_1_465' title='bbox 2000 3353 2160 3391; x_wconf 79' lang='lat' dir='ltr'><strong>nam—</strong></span> 
     </span>
    </p>
   </div>
   <div class='ocr_carea' id='block_1_66' title="bbox 513 3423 2157 3497">
    <p class='ocr_par' dir='ltr' id='par_1_66' title="bbox 513 3423 2157 3497">
     <span class='ocr_line' id='line_1_66' title="bbox 513 3423 2157 3497; baseline 0.001 -17"><span class='ocrx_word' id='word_1_466' title='bbox 513 3442 627 3497; x_wconf 89' lang='lat' dir='ltr'><strong>que</strong></span> <span class='ocrx_word' id='word_1_467' title='bbox 656 3423 1034 3497; x_wconf 84' lang='lat' dir='ltr'><strong>singulariter</strong></span> <span class='ocrx_word' id='word_1_468' title='bbox 1063 3425 1297 3480; x_wconf 87' lang='lat' dir='ltr'><strong>victima</strong></span> <span class='ocrx_word' id='word_1_469' title='bbox 1313 3427 1385 3480; x_wconf 91' lang='lat' dir='ltr'><strong>ab</strong></span> <span class='ocrx_word' id='word_1_470' title='bbox 1405 3430 1616 3480; x_wconf 63' lang='lat' dir='ltr'><strong>interno</strong></span> <span class='ocrx_word' id='word_1_471' title='bbox 1638 3425 1873 3480; x_wconf 87' lang='lat' dir='ltr'><strong>interitu</strong></span> <span class='ocrx_word' id='word_1_472' title='bbox 1897 3425 2157 3481; x_wconf 89' lang='lat' dir='ltr'><strong>animam</strong></span> 
     </span>
    </p>
   </div>
   <div class='ocr_carea' id='block_1_67' title="bbox 515 3513 2160 3588">
    <p class='ocr_par' dir='ltr' id='par_1_67' title="bbox 515 3513 2160 3588">
     <span class='ocr_line' id='line_1_67' title="bbox 515 3513 2160 3588; baseline 0.001 -18"><span class='ocrx_word' id='word_1_473' title='bbox 515 3513 724 3582; x_wconf 89' lang='lat' dir='ltr'><strong>salvat,</strong></span> <span class='ocrx_word' id='word_1_474' title='bbox 753 3531 882 3586; x_wconf 68' lang='lat' dir='ltr'><strong>qua:</strong></span> <span class='ocrx_word' id='word_1_475' title='bbox 911 3513 1070 3570; x_wconf 88' lang='lat' dir='ltr'><strong>illam</strong></span> <span class='ocrx_word' id='word_1_476' title='bbox 1102 3518 1346 3570; x_wconf 87' lang='lat' dir='ltr'><strong>mortem</strong></span> <span class='ocrx_word' id='word_1_477' title='bbox 1381 3515 1550 3572; x_wconf 91' lang='lat' dir='ltr'><strong>nobis</strong></span> <span class='ocrx_word' id='word_1_478' title='bbox 1571 3514 1866 3588; x_wconf 88' lang='lat' dir='ltr'><strong>Unigeniti</strong></span> <span class='ocrx_word' id='word_1_479' title='bbox 1888 3533 1990 3587; x_wconf 91' lang='lat' dir='ltr'><strong>per</strong></span> <span class='ocrx_word' id='word_1_480' title='bbox 2009 3533 2160 3588; x_wconf 79' lang='lat' dir='ltr'><strong>mys-</strong></span> 
     </span>
    </p>
   </div>
   <div class='ocr_carea' id='block_1_68' title="bbox 524 3601 2158 3674">
    <p class='ocr_par' dir='ltr' id='par_1_68' title="bbox 524 3601 2158 3674">
     <span class='ocr_line' id='line_1_68' title="bbox 524 3601 2158 3674; baseline 0.001 -18"><span class='ocrx_word' id='word_1_481' title='bbox 524 3601 741 3658; x_wconf 89' lang='lat' dir='ltr'><strong>terium</strong></span> <span class='ocrx_word' id='word_1_482' title='bbox 796 3605 1044 3674; x_wconf 88' lang='lat' dir='ltr'><strong>reparat.</strong></span> <span class='ocrx_word' id='word_1_483' title='bbox 1090 3601 1197 3668; x_wconf 89' lang='lat' dir='ltr'>Qui</span> <span class='ocrx_word' id='word_1_484' title='bbox 1244 3601 1380 3657; x_wconf 88' lang='lat' dir='ltr'><strong>licet</strong></span> <span class='ocrx_word' id='word_1_485' title='bbox 1409 3618 1655 3674; x_wconf 86' lang='lat' dir='ltr'><strong>surgens</strong></span> <span class='ocrx_word' id='word_1_486' title='bbox 1683 3619 1717 3656; x_wconf 89' lang='lat' dir='ltr'><strong>a</strong></span> <span class='ocrx_word' id='word_1_487' title='bbox 1745 3602 1992 3658; x_wconf 90' lang='lat' dir='ltr'><strong>mortuis</strong></span> <span class='ocrx_word' id='word_1_488' title='bbox 2030 3603 2158 3674; x_wconf 89' lang='lat' dir='ltr'><strong>jam</strong></span> 
     </span>
    </p>
   </div>
   <div class='ocr_carea' id='block_1_69' title="bbox 517 3689 2158 3759">
    <p class='ocr_par' dir='ltr' id='par_1_69' title="bbox 517 3689 2158 3759">
     <span class='ocr_line' id='line_1_69' title="bbox 517 3689 2158 3759; baseline 0 -13"><span class='ocrx_word' id='word_1_489' title='bbox 517 3708 634 3747; x_wconf 91' lang='lat' dir='ltr'><strong>non</strong></span> <span class='ocrx_word' id='word_1_490' title='bbox 665 3689 934 3754; x_wconf 88' lang='lat' dir='ltr'><strong>moritur,</strong></span> <span class='ocrx_word' id='word_1_491' title='bbox 967 3695 1024 3747; x_wconf 90' lang='lat' dir='ltr'><strong>et</strong></span> <span class='ocrx_word' id='word_1_492' title='bbox 1069 3707 1226 3746; x_wconf 91' lang='lat' dir='ltr'><strong>mors</strong></span> <span class='ocrx_word' id='word_1_493' title='bbox 1269 3689 1320 3746; x_wconf 89' lang='lat' dir='ltr'><strong>ei</strong></span> <span class='ocrx_word' id='word_1_494' title='bbox 1373 3689 1528 3746; x_wconf 88' lang='lat' dir='ltr'><strong>ultra</strong></span> <span class='ocrx_word' id='word_1_495' title='bbox 1573 3707 1687 3745; x_wconf 91' lang='lat' dir='ltr'><strong>non</strong></span> <span class='ocrx_word' id='word_1_496' title='bbox 1736 3691 2158 3759; x_wconf 88' lang='lat' dir='ltr'><strong>dominabitur,</strong></span> 
     </span>
    </p>
   </div>
   <div class='ocr_carea' id='block_1_70' title="bbox 513 3777 2160 3852">
    <p class='ocr_par' dir='ltr' id='par_1_70' title="bbox 513 3777 2160 3852">
     <span class='ocr_line' id='line_1_70' title="bbox 513 3777 2160 3852; baseline -0.001 -16"><span class='ocrx_word' id='word_1_497' title='bbox 513 3783 709 3836; x_wconf 88' lang='lat' dir='ltr'><strong>tamen</strong></span> <span class='ocrx_word' id='word_1_498' title='bbox 739 3778 800 3834; x_wconf 92' lang='lat' dir='ltr'><strong>in</strong></span> <span class='ocrx_word' id='word_1_499' title='bbox 833 3795 893 3835; x_wconf 91' lang='lat' dir='ltr'><strong>se</strong></span> <span class='ocrx_word' id='word_1_500' title='bbox 923 3777 1050 3851; x_wconf 90' lang='lat' dir='ltr'><strong>ipso</strong></span> <span class='ocrx_word' id='word_1_501' title='bbox 1080 3779 1488 3834; x_wconf 87' lang='lat' dir='ltr'><strong>immortaliter</strong></span> <span class='ocrx_word' id='word_1_502' title='bbox 1519 3779 1844 3852; x_wconf 85' lang='lat' dir='ltr'><strong>vivens,pro</strong></span> <span class='ocrx_word' id='word_1_503' title='bbox 1873 3780 2040 3834; x_wconf 88' lang='lat' dir='ltr'><strong>nobis</strong></span> <span class='ocrx_word' id='word_1_504' title='bbox 2061 3779 2160 3836; x_wconf 83' lang='lat' dir='ltr'><strong>ite-</strong></span> 
     </span>
    </p>
   </div>
   <div class='ocr_carea' id='block_1_71' title="bbox 511 3867 2154 3940">
    <p class='ocr_par' dir='ltr' id='par_1_71' title="bbox 511 3867 2154 3940">
     <span class='ocr_line' id='line_1_71' title="bbox 511 3867 2154 3940; baseline 0.001 -16"><span class='ocrx_word' id='word_1_505' title='bbox 511 3885 643 3924; x_wconf 84' lang='lat' dir='ltr'><strong>rum</strong></span> <span class='ocrx_word' id='word_1_506' title='bbox 672 3867 730 3923; x_wconf 92' lang='lat' dir='ltr'><strong>in</strong></span> <span class='ocrx_word' id='word_1_507' title='bbox 761 3867 869 3923; x_wconf 87' lang='lat' dir='ltr'><strong>hoc</strong></span> <span class='ocrx_word' id='word_1_508' title='bbox 901 3869 1176 3940; x_wconf 75' lang='lat' dir='ltr'><strong>mysterio</strong></span> <span class='ocrx_word' id='word_1_509' title='bbox 1216 3885 1392 3924; x_wconf 64' lang='lat' dir='ltr'><strong>sacrae</strong></span> <span class='ocrx_word' id='word_1_510' title='bbox 1419 3867 1750 3923; x_wconf 86' lang='lat' dir='ltr'><strong>-oblationis</strong></span> <span class='ocrx_word' id='word_1_511' title='bbox 1798 3867 2154 3925; x_wconf 88' lang='lat' dir='ltr'><strong>immolatur.</strong></span> 
     </span>
    </p>
   </div>
   <div class='ocr_carea' id='block_1_72' title="bbox 510 3955 2155 4030">
    <p class='ocr_par' dir='ltr' id='par_1_72' title="bbox 510 3955 2155 4030">
     <span class='ocr_line' id='line_1_72' title="bbox 510 3955 2155 4030; baseline -0.001 -16"><span class='ocrx_word' id='word_1_512' title='bbox 510 3957 652 4030; x_wconf 86' lang='lat' dir='ltr'><strong>Ejus</strong></span> <span class='ocrx_word' id='word_1_513' title='bbox 683 3957 898 4030; x_wconf 88' lang='lat' dir='ltr'><strong>quippe</strong></span> <span class='ocrx_word' id='word_1_514' title='bbox 929 3955 1009 4012; x_wconf 90' lang='lat' dir='ltr'><strong>ibi</strong></span> <span class='ocrx_word' id='word_1_515' title='bbox 1039 3973 1252 4029; x_wconf 89' lang='lat' dir='ltr'><strong>corpus</strong></span> <span class='ocrx_word' id='word_1_516' title='bbox 1282 3956 1556 4024; x_wconf 88' lang='lat' dir='ltr'><strong>sumitur,</strong></span> <span class='ocrx_word' id='word_1_517' title='bbox 1571 3957 1699 4028; x_wconf 89' lang='lat' dir='ltr'><strong>ejus</strong></span> <span class='ocrx_word' id='word_1_518' title='bbox 1719 3974 1853 4012; x_wconf 90' lang='lat' dir='ltr'><strong>caro</strong></span> <span class='ocrx_word' id='word_1_519' title='bbox 1879 3957 1934 4012; x_wconf 92' lang='lat' dir='ltr'><strong>in</strong></span> <span class='ocrx_word' id='word_1_520' title='bbox 1957 3957 2155 4030; x_wconf 87' lang='lat' dir='ltr'><strong>populi</strong></span> 
     </span>
    </p>
   </div>
   <div class='ocr_carea' id='block_1_73' title="bbox 509 4045 2155 4119">
    <p class='ocr_par' dir='ltr' id='par_1_73' title="bbox 509 4045 2155 4119">
     <span class='ocr_line' id='line_1_73' title="bbox 509 4045 2155 4119; baseline -0.001 -16"><span class='ocrx_word' id='word_1_521' title='bbox 509 4046 759 4103; x_wconf 89' lang='lat' dir='ltr'><strong>salutem</strong></span> <span class='ocrx_word' id='word_1_522' title='bbox 791 4045 1193 4119; x_wconf 86' lang='lat' dir='ltr'><strong>partitur,ejus</strong></span> <span class='ocrx_word' id='word_1_523' title='bbox 1224 4045 1465 4117; x_wconf 83' lang='lat' dir='ltr'><strong>sanguis</strong></span> <span class='ocrx_word' id='word_1_524' title='bbox 1497 4062 1611 4100; x_wconf 92' lang='lat' dir='ltr'><strong>non</strong></span> <span class='ocrx_word' id='word_1_525' title='bbox 1635 4045 1693 4100; x_wconf 91' lang='lat' dir='ltr'><strong>in</strong></span> <span class='ocrx_word' id='word_1_526' title='bbox 1719 4063 1928 4102; x_wconf 86' lang='lat' dir='ltr'><strong>manus</strong></span> <span class='ocrx_word' id='word_1_527' title='bbox 1951 4047 2155 4102; x_wconf 82' lang='lat' dir='ltr'><strong>intide-</strong></span> 
     </span>
    </p>
   </div>
   <div class='ocr_carea' id='block_1_74' title="bbox 511 4134 2156 4208">
    <p class='ocr_par' dir='ltr' id='par_1_74' title="bbox 511 4134 2156 4208">
     <span class='ocr_line' id='line_1_74' title="bbox 511 4134 2156 4208; baseline 0.001 -19"><span class='ocrx_word' id='word_1_528' title='bbox 511 4134 679 4202; x_wconf 90' lang='lat' dir='ltr'><strong>lium,</strong></span> <span class='ocrx_word' id='word_1_529' title='bbox 713 4135 816 4191; x_wconf 89' lang='lat' dir='ltr'><strong>sed</strong></span> <span class='ocrx_word' id='word_1_530' title='bbox 848 4134 906 4190; x_wconf 87' lang='lat' dir='ltr'><strong>in</strong></span> <span class='ocrx_word' id='word_1_531' title='bbox 929 4153 1031 4192; x_wconf 91' lang='lat' dir='ltr'><strong>ora</strong></span> <span class='ocrx_word' id='word_1_532' title='bbox 1060 4134 1321 4190; x_wconf 82' lang='lat' dir='ltr'><strong>fidelium</strong></span> <span class='ocrx_word' id='word_1_533' title='bbox 1357 4134 1642 4190; x_wconf 86' lang='lat' dir='ltr'><strong>funditur.</strong></span> <span class='ocrx_word' id='word_1_534' title='bbox 1681 4135 1822 4191; x_wconf 90' lang='lat' dir='ltr'><strong>llinc</strong></span> <span class='ocrx_word' id='word_1_535' title='bbox 1851 4152 1988 4206; x_wconf 87' lang='lat' dir='ltr'><strong>ergo</strong></span> <span class='ocrx_word' id='word_1_536' title='bbox 2015 4153 2156 4208; x_wconf 90' lang='lat' dir='ltr'><strong>pen-</strong></span> 
     </span>
    </p>
   </div>
   <div class='ocr_carea' id='block_1_75' title="bbox 510 4221 2157 4296">
    <p class='ocr_par' dir='ltr' id='par_1_75' title="bbox 510 4221 2157 4296">
     <span class='ocr_line' id='line_1_75' title="bbox 510 4221 2157 4296; baseline -0.001 -15"><span class='ocrx_word' id='word_1_537' title='bbox 510 4240 710 4281; x_wconf 89' lang='lat' dir='ltr'><strong>semus</strong></span> <span class='ocrx_word' id='word_1_538' title='bbox 736 4222 908 4296; x_wconf 90' lang='lat' dir='ltr'><strong>quale</strong></span> <span class='ocrx_word' id='word_1_539' title='bbox 932 4223 1008 4279; x_wconf 89' lang='lat' dir='ltr'><strong>sit</strong></span> <span class='ocrx_word' id='word_1_540' title='bbox 1039 4221 1419 4286; x_wconf 80' lang='lat' dir='ltr'><strong>sacrificium,</strong></span> <span class='ocrx_word' id='word_1_541' title='bbox 1450 4223 1603 4294; x_wconf 89' lang='lat' dir='ltr'><strong>quod</strong></span> <span class='ocrx_word' id='word_1_542' title='bbox 1637 4239 1742 4295; x_wconf 88' lang='lat' dir='ltr'><strong>pro</strong></span> <span class='ocrx_word' id='word_1_543' title='bbox 1789 4223 2157 4280; x_wconf 86' lang='lat' dir='ltr'><strong>absolutione</strong></span> 
     </span>
    </p>
   </div>
   <div class='ocr_carea' id='block_1_76' title="bbox 509 4309 2153 4385">
    <p class='ocr_par' dir='ltr' id='par_1_76' title="bbox 509 4309 2153 4385">
     <span class='ocr_line' id='line_1_76' title="bbox 509 4309 2153 4385; baseline -0.001 -16"><span class='ocrx_word' id='word_1_544' title='bbox 509 4318 710 4370; x_wconf 88' lang='lat' dir='ltr'><strong>nostra</strong></span> <span class='ocrx_word' id='word_1_545' title='bbox 739 4311 1073 4385; x_wconf 89' lang='lat' dir='ltr'><strong>passionem</strong></span> <span class='ocrx_word' id='word_1_546' title='bbox 1100 4309 1384 4382; x_wconf 87' lang='lat' dir='ltr'><strong>unigeniti</strong></span> <span class='ocrx_word' id='word_1_547' title='bbox 1417 4310 1547 4367; x_wconf 83' lang='lat' dir='ltr'><strong>Filii</strong></span> <span class='ocrx_word' id='word_1_548' title='bbox 1592 4328 1826 4385; x_wconf 88' lang='lat' dir='ltr'><strong>semper</strong></span> <span class='ocrx_word' id='word_1_549' title='bbox 1868 4313 2153 4369; x_wconf 88' lang='lat' dir='ltr'><strong>imitatur.</strong></span> 
     </span>
    </p>
   </div>
   <div class='ocr_carea' id='block_1_77' title="bbox 508 4399 2159 4476">
    <p class='ocr_par' dir='ltr' id='par_1_77' title="bbox 508 4399 2159 4476">
     <span class='ocr_line' id='line_1_77' title="bbox 508 4399 2159 4476; baseline 0.001 -18"><span class='ocrx_word' id='word_1_550' title='bbox 508 4403 650 4470; x_wconf 86' lang='lat' dir='ltr'><strong>Quis</strong></span> <span class='ocrx_word' id='word_1_551' title='bbox 676 4401 837 4458; x_wconf 91' lang='lat' dir='ltr'><strong>enim</strong></span> <span class='ocrx_word' id='word_1_552' title='bbox 865 4399 1129 4456; x_wconf 87' lang='lat' dir='ltr'><strong>ﬁdelium</strong></span> <span class='ocrx_word' id='word_1_553' title='bbox 1158 4399 1372 4456; x_wconf 88' lang='lat' dir='ltr'><strong>habere</strong></span> <span class='ocrx_word' id='word_1_554' title='bbox 1403 4399 1651 4456; x_wconf 92' lang='lat' dir='ltr'><strong>dubium</strong></span> <span class='ocrx_word' id='word_1_555' title='bbox 1696 4402 1902 4474; x_wconf 90' lang='lat' dir='ltr'><strong>possit,</strong></span> <span class='ocrx_word' id='word_1_556' title='bbox 1936 4402 1996 4458; x_wconf 90' lang='lat' dir='ltr'><strong>in</strong></span> <span class='ocrx_word' id='word_1_557' title='bbox 2029 4402 2159 4476; x_wconf 89' lang='lat' dir='ltr'><strong>ipsa</strong></span> 
     </span>
    </p>
   </div>
   <div class='ocr_carea' id='block_1_78' title="bbox 509 4488 2156 4564">
    <p class='ocr_par' dir='ltr' id='par_1_78' title="bbox 509 4488 2156 4564">
     <span class='ocr_line' id='line_1_78' title="bbox 509 4488 2156 4564; baseline 0.001 -18"><span class='ocrx_word' id='word_1_558' title='bbox 509 4489 929 4548; x_wconf 89' lang='lat' dir='ltr'><strong>immolationis</strong></span> <span class='ocrx_word' id='word_1_559' title='bbox 958 4489 1099 4544; x_wconf 86' lang='lat' dir='ltr'><strong>hora</strong></span> <span class='ocrx_word' id='word_1_560' title='bbox 1128 4489 1198 4544; x_wconf 92' lang='lat' dir='ltr'><strong>ad</strong></span> <span class='ocrx_word' id='word_1_561' title='bbox 1233 4488 1554 4545; x_wconf 87' lang='lat' dir='ltr'><strong>sacerdotis</strong></span> <span class='ocrx_word' id='word_1_562' title='bbox 1585 4507 1783 4546; x_wconf 90' lang='lat' dir='ltr'><strong>vocem</strong></span> <span class='ocrx_word' id='word_1_563' title='bbox 1813 4490 1990 4547; x_wconf 82' lang='lat' dir='ltr'><strong>caelos</strong></span> <span class='ocrx_word' id='word_1_564' title='bbox 2021 4507 2156 4564; x_wconf 89' lang='lat' dir='ltr'><strong>ape-</strong></span> 
     </span>
    </p>
   </div>
   <div class='ocr_carea' id='block_1_79' title="bbox 2265 3333 3922 3407">
    <p class='ocr_par' dir='ltr' id='par_1_79' title="bbox 2265 3333 3922 3407">
     <span class='ocr_line' id='line_1_79' title="bbox 2265 3333 3922 3407; baseline 0.004 -21"><span class='ocrx_word' id='word_1_565' title='bbox 2265 3340 2484 3404; x_wconf 84' lang='lat' dir='ltr'><strong>proptcr</strong></span> <span class='ocrx_word' id='word_1_566' title='bbox 2510 3348 2597 3388; x_wconf 85' lang='lat' dir='ltr'><strong>cos</strong></span> <span class='ocrx_word' id='word_1_567' title='bbox 2636 3334 2733 3405; x_wconf 82' lang='lat' dir='ltr'><strong>qui</strong></span> <span class='ocrx_word' id='word_1_568' title='bbox 2778 3333 3146 3390; x_wconf 67' lang='lat' dir='ltr'><strong>haereditatem</strong></span> <span class='ocrx_word' id='word_1_569' title='bbox 3195 3335 3422 3406; x_wconf 73' lang='lat' dir='ltr'><strong>capiunt</strong></span> <span class='ocrx_word' id='word_1_570' title='bbox 3463 3335 3662 3390; x_wconf 74' lang='lat' dir='ltr'><strong>salutis</strong></span> <span class='ocrx_word' id='word_1_571' title='bbox 3684 3338 3709 3390; x_wconf 69' lang='grc' dir='ltr'><strong>Ρ</strong></span> <span class='ocrx_word' id='word_1_572' title='bbox 3738 3336 3922 3407; x_wconf 74' lang='lat' dir='ltr'><strong>(Hebr.</strong></span> 
     </span>
    </p>
   </div>
   <div class='ocr_carea' id='block_1_80' title="bbox 2271 3421 3926 3496">
    <p class='ocr_par' dir='ltr' id='par_1_80' title="bbox 2271 3421 3926 3496">
     <span class='ocr_line' id='line_1_80' title="bbox 2271 3421 3926 3496; baseline 0.005 -20"><span class='ocrx_word' id='word_1_573' title='bbox 2271 3439 2308 3488; x_wconf 82' lang='grc' dir='ltr'><strong>ι,</strong></span> <span class='ocrx_word' id='word_1_574' title='bbox 2347 3423 2457 3490; x_wconf 62' lang='lat' dir='ltr'><strong>li.)</strong></span> <span class='ocrx_word' id='word_1_575' title='bbox 2488 3421 2737 3477; x_wconf 81' lang='lat' dir='ltr'><strong>Maxime</strong></span> <span class='ocrx_word' id='word_1_576' title='bbox 2767 3427 2962 3477; x_wconf 89' lang='lat' dir='ltr'><strong>tamen</strong></span> <span class='ocrx_word' id='word_1_577' title='bbox 2985 3421 3231 3495; x_wconf 87' lang='lat' dir='ltr'><strong>angelici</strong></span> <span class='ocrx_word' id='word_1_578' title='bbox 3255 3422 3424 3478; x_wconf 90' lang='lat' dir='ltr'><strong>nobis</strong></span> <span class='ocrx_word' id='word_1_579' title='bbox 3446 3422 3692 3496; x_wconf 88' lang='lat' dir='ltr'><strong>spiritus</strong></span> <span class='ocrx_word' id='word_1_580' title='bbox 3714 3425 3926 3484; x_wconf 76' lang='lat' dir='ltr'><strong>adesse</strong></span> 
     </span>
    </p>
   </div>
   <div class='ocr_carea' id='block_1_81' title="bbox 2268 3510 3928 3586">
    <p class='ocr_par' dir='ltr' id='par_1_81' title="bbox 2268 3510 3928 3586">
     <span class='ocr_line' id='line_1_81' title="bbox 2268 3510 3928 3586; baseline 0.004 -22"><span class='ocrx_word' id='word_1_581' title='bbox 2268 3510 2542 3565; x_wconf 88' lang='lat' dir='ltr'><strong>credendi</strong></span> <span class='ocrx_word' id='word_1_582' title='bbox 2572 3515 2873 3579; x_wconf 90' lang='lat' dir='ltr'><strong>sunt,cum</strong></span> <span class='ocrx_word' id='word_1_583' title='bbox 2907 3510 3120 3568; x_wconf 88' lang='lat' dir='ltr'><strong>divinis</strong></span> <span class='ocrx_word' id='word_1_584' title='bbox 3150 3510 3483 3584; x_wconf 87' lang='lat' dir='ltr'><strong>specialiter</strong></span> <span class='ocrx_word' id='word_1_585' title='bbox 3512 3513 3928 3586; x_wconf 82' lang='lat' dir='ltr'><strong>mancipamur</strong></span> 
     </span>
    </p>
   </div>
   <div class='ocr_carea' id='block_1_82' title="bbox 2268 3599 3926 3674">
    <p class='ocr_par' dir='ltr' id='par_1_82' title="bbox 2268 3599 3926 3674">
     <span class='ocr_line' id='line_1_82' title="bbox 2268 3599 3926 3674; baseline 0.004 -21"><span class='ocrx_word' id='word_1_586' title='bbox 2268 3599 2586 3671; x_wconf 87' lang='lat' dir='ltr'><strong>obsequiis,</strong></span> <span class='ocrx_word' id='word_1_587' title='bbox 2619 3599 2677 3655; x_wconf 91' lang='lat' dir='ltr'><strong>id</strong></span> <span class='ocrx_word' id='word_1_588' title='bbox 2711 3605 2822 3670; x_wconf 90' lang='lat' dir='ltr'><strong>est,</strong></span> <span class='ocrx_word' id='word_1_589' title='bbox 2848 3617 2983 3656; x_wconf 92' lang='lat' dir='ltr'><strong>cum</strong></span> <span class='ocrx_word' id='word_1_590' title='bbox 3005 3599 3311 3657; x_wconf 89' lang='lat' dir='ltr'><strong>ecclesiam</strong></span> <span class='ocrx_word' id='word_1_591' title='bbox 3337 3601 3701 3674; x_wconf 80' lang='lat' dir='ltr'><strong>ingressi,vel</strong></span> <span class='ocrx_word' id='word_1_592' title='bbox 3727 3601 3926 3660; x_wconf 86' lang='lat' dir='ltr'><strong>lectio-</strong></span> 
     </span>
    </p>
   </div>
   <div class='ocr_carea' id='block_1_83' title="bbox 2269 3687 3924 3766">
    <p class='ocr_par' dir='ltr' id='par_1_83' title="bbox 2269 3687 3924 3766">
     <span class='ocr_line' id='line_1_83' title="bbox 2269 3687 3924 3766; baseline 0.005 -24"><span class='ocrx_word' id='word_1_593' title='bbox 2269 3687 2444 3743; x_wconf 87' lang='lat' dir='ltr'><strong>nibus</strong></span> <span class='ocrx_word' id='word_1_594' title='bbox 2473 3689 2656 3744; x_wconf 87' lang='lat' dir='ltr'><strong>saeris</strong></span> <span class='ocrx_word' id='word_1_595' title='bbox 2686 3705 2888 3744; x_wconf 87' lang='lat' dir='ltr'><strong>aurem</strong></span> <span class='ocrx_word' id='word_1_596' title='bbox 2935 3691 3408 3760; x_wconf 88' lang='lat' dir='ltr'><strong>accomodamus,</strong></span> <span class='ocrx_word' id='word_1_597' title='bbox 3441 3691 3528 3748; x_wconf 91' lang='lat' dir='ltr'><strong>vel</strong></span> <span class='ocrx_word' id='word_1_598' title='bbox 3579 3691 3924 3766; x_wconf 69' lang='lat' dir='ltr'><strong>psalmodia</strong></span> 
     </span>
    </p>
   </div>
   <div class='ocr_carea' id='block_1_84' title="bbox 2268 3771 3926 3853">
    <p class='ocr_par' dir='ltr' id='par_1_84' title="bbox 2268 3771 3926 3853">
     <span class='ocr_line' id='line_1_84' title="bbox 2268 3771 3926 3853; baseline 0.005 -20"><span class='ocrx_word' id='word_1_599' title='bbox 2268 3795 2504 3850; x_wconf 87' lang='lat' dir='ltr'><strong>operam</strong></span> <span class='ocrx_word' id='word_1_600' title='bbox 2535 3779 2770 3846; x_wconf 88' lang='lat' dir='ltr'><strong>damus,</strong></span> <span class='ocrx_word' id='word_1_601' title='bbox 2801 3779 2891 3834; x_wconf 89' lang='lat' dir='ltr'><strong>vel</strong></span> <span class='ocrx_word' id='word_1_602' title='bbox 2921 3780 3168 3836; x_wconf 86' lang='lat' dir='ltr'><strong>orationi</strong></span> <span class='ocrx_word' id='word_1_603' title='bbox 3209 3771 3638 3853; x_wconf 86' lang='lat' dir='ltr'><strong>incumbimus,</strong></span> <span class='ocrx_word' id='word_1_604' title='bbox 3669 3783 3926 3840; x_wconf 76' lang='lat' dir='ltr'><strong>maxime</strong></span> 
     </span>
    </p>
   </div>
   <div class='ocr_carea' id='block_1_85' title="bbox 2267 3867 3924 3930">
    <p class='ocr_par' dir='ltr' id='par_1_85' title="bbox 2267 3867 3924 3930">
     <span class='ocr_line' id='line_1_85' title="bbox 2267 3867 3924 3930; baseline 0.005 -9"><span class='ocrx_word' id='word_1_605' title='bbox 2267 3871 2464 3922; x_wconf 86' lang='lat' dir='ltr'><strong>autem</strong></span> <span class='ocrx_word' id='word_1_606' title='bbox 2497 3884 2630 3922; x_wconf 89' lang='lat' dir='ltr'><strong>cum</strong></span> <span class='ocrx_word' id='word_1_607' title='bbox 2667 3868 2986 3924; x_wconf 87' lang='lat' dir='ltr'><strong>missarum</strong></span> <span class='ocrx_word' id='word_1_608' title='bbox 3019 3867 3307 3926; x_wconf 89' lang='lat' dir='ltr'><strong>solemnia</strong></span> <span class='ocrx_word' id='word_1_609' title='bbox 3335 3870 3701 3929; x_wconf 81' lang='lat' dir='ltr'><strong>celebramus</strong></span> <span class='ocrx_word' id='word_1_610' title='bbox 3727 3889 3741 3927; x_wconf 90' lang='lat'><strong>:</strong></span> <span class='ocrx_word' id='word_1_611' title='bbox 3766 3871 3924 3930; x_wconf 75' lang='lat' dir='ltr'><strong>unde</strong></span> 
     </span>
    </p>
   </div>
   <div class='ocr_carea' id='block_1_86' title="bbox 2267 3956 3924 4028">
    <p class='ocr_par' dir='ltr' id='par_1_86' title="bbox 2267 3956 3924 4028">
     <span class='ocr_line' id='line_1_86' title="bbox 2267 3956 3924 4028; baseline 0.004 -17"><span class='ocrx_word' id='word_1_612' title='bbox 2267 3959 2326 4011; x_wconf 91' lang='lat' dir='ltr'><strong>et</strong></span> <span class='ocrx_word' id='word_1_613' title='bbox 2353 3956 2628 4012; x_wconf 88' lang='lat' dir='ltr'><strong>admonet</strong></span> <span class='ocrx_word' id='word_1_614' title='bbox 2665 3957 2975 4028; x_wconf 89' lang='lat' dir='ltr'><strong>Apostolus</strong></span> <span class='ocrx_word' id='word_1_615' title='bbox 3009 3975 3022 4014; x_wconf 91' lang='lat'>:</span> <span class='ocrx_word' id='word_1_616' title='bbox 3057 3957 3253 4015; x_wconf 67' lang='lat' dir='ltr'><strong>Mulier</strong></span> <span class='ocrx_word' id='word_1_617' title='bbox 3299 3961 3360 4015; x_wconf 88' lang='lat' dir='ltr'><strong>in</strong></span> <span class='ocrx_word' id='word_1_618' title='bbox 3403 3961 3630 4016; x_wconf 77' lang='lat' dir='ltr'><strong>ecclesia</strong></span> <span class='ocrx_word' id='word_1_619' title='bbox 3673 3962 3924 4018; x_wconf 56' lang='lat' dir='ltr'><strong>velans“</strong></span> 
     </span>
    </p>
   </div>
   <div class='ocr_carea' id='block_1_87' title="bbox 2265 4047 3916 4120">
    <p class='ocr_par' dir='ltr' id='par_1_87' title="bbox 2265 4047 3916 4120">
     <span class='ocr_line' id='line_1_87' title="bbox 2265 4047 3916 4120; baseline 0.003 -18"><span class='ocrx_word' id='word_1_620' title='bbox 2265 4062 2430 4118; x_wconf 80' lang='lat' dir='ltr'><strong>super</strong></span> <span class='ocrx_word' id='word_1_621' title='bbox 2474 4054 2636 4118; x_wconf 86' lang='lat' dir='ltr'><strong>caput</strong></span> <span class='ocrx_word' id='word_1_622' title='bbox 2680 4047 2876 4103; x_wconf 80' lang='lat' dir='ltr'><strong>habere</strong></span> <span class='ocrx_word' id='word_1_623' title='bbox 2917 4055 3139 4120; x_wconf 76' lang='lat' dir='ltr'><strong>propter</strong></span> <span class='ocrx_word' id='word_1_624' title='bbox 3183 4050 3405 4120; x_wconf 79' lang='lat' dir='ltr'><strong>angelos</strong></span> <span class='ocrx_word' id='word_1_625' title='bbox 3451 4049 3498 4118; x_wconf 89' lang='grc' dir='ltr'><strong>(ι</strong></span> <span class='ocrx_word' id='word_1_626' title='bbox 3540 4050 3662 4114; x_wconf 76' lang='lat' dir='ltr'><strong>Cor.</strong></span> <span class='ocrx_word' id='word_1_627' title='bbox 3693 4068 3774 4120; x_wconf 75' lang='grc' dir='ltr'><strong>ιι,</strong></span> <span class='ocrx_word' id='word_1_628' title='bbox 3809 4053 3916 4120; x_wconf 83' lang='grc'><strong>10),</strong></span> 
     </span>
    </p>
   </div>
   <div class='ocr_carea' id='block_1_88' title="bbox 2265 4134 3922 4210">
    <p class='ocr_par' dir='ltr' id='par_1_88' title="bbox 2265 4134 3922 4210">
     <span class='ocr_line' id='line_1_88' title="bbox 2265 4134 3922 4210; baseline 0.004 -21"><span class='ocrx_word' id='word_1_629' title='bbox 2265 4138 2323 4189; x_wconf 89' lang='lat' dir='ltr'><strong>et</strong></span> <span class='ocrx_word' id='word_1_630' title='bbox 2352 4134 2636 4206; x_wconf 90' lang='lat' dir='ltr'><strong>propheta</strong></span> <span class='ocrx_word' id='word_1_631' title='bbox 2664 4134 2748 4190; x_wconf 88' lang='lat' dir='ltr'><strong>ait</strong></span> <span class='ocrx_word' id='word_1_632' title='bbox 2771 4151 2784 4190; x_wconf 90' lang='lat'><strong>:</strong></span> <span class='ocrx_word' id='word_1_633' title='bbox 2810 4134 2873 4190; x_wconf 87' lang='lat' dir='ltr'><strong>In</strong></span> <span class='ocrx_word' id='word_1_634' title='bbox 2892 4145 3175 4209; x_wconf 76' lang='lat' dir='ltr'><strong>conspectu</strong></span> <span class='ocrx_word' id='word_1_635' title='bbox 3206 4138 3525 4209; x_wconf 76' lang='lat' dir='ltr'><strong>angelorum</strong></span> <span class='ocrx_word' id='word_1_636' title='bbox 3547 4140 3788 4210; x_wconf 69' lang='lat' dir='ltr'><strong>psallam</strong></span> <span class='ocrx_word' id='word_1_637' title='bbox 3816 4141 3922 4197; x_wconf 75' lang='lat' dir='ltr'><strong>tibi</strong></span> 
     </span>
    </p>
   </div>
   <div class='ocr_carea' id='block_1_89' title="bbox 2265 4224 3917 4302">
    <p class='ocr_par' dir='ltr' id='par_1_89' title="bbox 2265 4224 3917 4302">
     <span class='ocr_line' id='line_1_89' title="bbox 2265 4224 3917 4302; baseline 0.005 -24"><span class='ocrx_word' id='word_1_638' title='bbox 2265 4224 2436 4292; x_wconf 79' lang='lat' dir='ltr'><strong>(Psal.</strong></span> <span class='ocrx_word' id='word_1_639' title='bbox 2468 4241 2714 4291; x_wconf 82' lang='lat' dir='ltr'><strong>cxxxvn,</strong></span> <span class='ocrx_word' id='word_1_640' title='bbox 2751 4225 2824 4292; x_wconf 80' lang='grc'><strong>1).</strong></span> <span class='ocrx_word' id='word_1_641' title='bbox 2858 4225 2974 4281; x_wconf 87' lang='lat' dir='ltr'><strong>Nec</strong></span> <span class='ocrx_word' id='word_1_642' title='bbox 3021 4225 3276 4282; x_wconf 86' lang='lat' dir='ltr'><strong>dubitari</strong></span> <span class='ocrx_word' id='word_1_643' title='bbox 3327 4225 3485 4293; x_wconf 90' lang='lat' dir='ltr'><strong>licet,</strong></span> <span class='ocrx_word' id='word_1_644' title='bbox 3509 4228 3608 4283; x_wconf 91' lang='lat' dir='ltr'><strong>ubi</strong></span> <span class='ocrx_word' id='word_1_645' title='bbox 3655 4229 3917 4302; x_wconf 83' lang='lat' dir='ltr'><strong>corporis</strong></span> 
     </span>
    </p>
   </div>
   <div class='ocr_carea' id='block_1_90' title="bbox 2265 4309 3915 4390">
    <p class='ocr_par' dir='ltr' id='par_1_90' title="bbox 2265 4309 3915 4390">
     <span class='ocr_line' id='line_1_90' title="bbox 2265 4309 3915 4390; baseline 0.005 -25"><span class='ocrx_word' id='word_1_646' title='bbox 2265 4315 2324 4365; x_wconf 92' lang='lat' dir='ltr'><strong>et</strong></span> <span class='ocrx_word' id='word_1_647' title='bbox 2353 4309 2657 4384; x_wconf 88' lang='lat' dir='ltr'><strong>sanguinis</strong></span> <span class='ocrx_word' id='word_1_648' title='bbox 2703 4311 2991 4367; x_wconf 90' lang='lat' dir='ltr'><strong>Dominici</strong></span> <span class='ocrx_word' id='word_1_649' title='bbox 3043 4313 3321 4386; x_wconf 84' lang='lat' dir='ltr'><strong>mysteria</strong></span> <span class='ocrx_word' id='word_1_650' title='bbox 3367 4319 3680 4387; x_wconf 83' lang='lat' dir='ltr'><strong>geruntur,</strong></span> <span class='ocrx_word' id='word_1_651' title='bbox 3709 4333 3915 4390; x_wconf 78' lang='lat' dir='ltr'><strong>super-</strong></span> 
     </span>
    </p>
   </div>
   <div class='ocr_carea' id='block_1_91' title="bbox 2266 4399 3912 4477">
    <p class='ocr_par' dir='ltr' id='par_1_91' title="bbox 2266 4399 3912 4477">
     <span class='ocr_line' id='line_1_91' title="bbox 2266 4399 3912 4477; baseline 0.006 -23"><span class='ocrx_word' id='word_1_652' title='bbox 2266 4417 2476 4455; x_wconf 89' lang='lat' dir='ltr'><strong>norum</strong></span> <span class='ocrx_word' id='word_1_653' title='bbox 2520 4399 2734 4456; x_wconf 91' lang='lat' dir='ltr'><strong>civium</strong></span> <span class='ocrx_word' id='word_1_654' title='bbox 2783 4401 2989 4458; x_wconf 83' lang='lat' dir='ltr'><strong>adesse</strong></span> <span class='ocrx_word' id='word_1_655' title='bbox 3037 4408 3378 4470; x_wconf 86' lang='lat' dir='ltr'><strong>conventus,</strong></span> <span class='ocrx_word' id='word_1_656' title='bbox 3407 4403 3510 4477; x_wconf 85' lang='lat' dir='ltr'><strong>qui</strong></span> <span class='ocrx_word' id='word_1_657' title='bbox 3563 4420 3912 4463; x_wconf 82' lang='lat' dir='ltr'><strong>monumen-</strong></span> 
     </span>
    </p>
   </div>
   <div class='ocr_carea' id='block_1_92' title="bbox 2265 4489 3910 4565">
    <p class='ocr_par' dir='ltr' id='par_1_92' title="bbox 2265 4489 3910 4565">
     <span class='ocr_line' id='line_1_92' title="bbox 2265 4489 3910 4565; baseline 0.005 -21"><span class='ocrx_word' id='word_1_658' title='bbox 2265 4493 2393 4544; x_wconf 91' lang='lat' dir='ltr'><strong>tum</strong></span> <span class='ocrx_word' id='word_1_659' title='bbox 2421 4504 2538 4560; x_wconf 91' lang='lat' dir='ltr'><strong>quo</strong></span> <span class='ocrx_word' id='word_1_660' title='bbox 2567 4505 2780 4560; x_wconf 87' lang='lat' dir='ltr'><strong>corpus</strong></span> <span class='ocrx_word' id='word_1_661' title='bbox 2810 4489 3006 4562; x_wconf 91' lang='lat' dir='ltr'><strong>ipsum</strong></span> <span class='ocrx_word' id='word_1_662' title='bbox 3035 4492 3367 4549; x_wconf 89' lang='lat' dir='ltr'><strong>venerabile</strong></span> <span class='ocrx_word' id='word_1_663' title='bbox 3395 4493 3658 4565; x_wconf 86' lang='lat' dir='ltr'><strong>positum</strong></span> <span class='ocrx_word' id='word_1_664' title='bbox 3697 4495 3910 4564; x_wconf 77' lang='lat' dir='ltr'><strong>fuerat,</strong></span> 
     </span>
    </p>
   </div>
   <div class='ocr_carea' id='block_1_93' title="bbox 509 4577 3909 4670">
    <p class='ocr_par' dir='ltr' id='par_1_93' title="bbox 509 4577 3909 4670">
     <span class='ocr_line' id='line_1_93' title="bbox 509 4577 3909 4670; baseline 0.001 -32"><span class='ocrx_word' id='word_1_665' title='bbox 509 4579 634 4649; x_wconf 85' lang='lat' dir='ltr'><strong>riri,</strong></span> <span class='ocrx_word' id='word_1_666' title='bbox 658 4579 727 4636; x_wconf 81' lang='lat' dir='ltr'><strong>in</strong></span> <span class='ocrx_word' id='word_1_667' title='bbox 759 4577 857 4634; x_wconf 94' lang='lat' dir='ltr'><strong>illo</strong></span> <span class='ocrx_word' id='word_1_668' title='bbox 886 4579 1025 4670; x_wconf 86' lang='lat' dir='ltr'><strong>Jesu</strong></span> <span class='ocrx_word' id='word_1_669' title='bbox 1047 4577 1258 4670; x_wconf 82' lang='lat' dir='ltr'><strong>Christi</strong></span> <span class='ocrx_word' id='word_1_670' title='bbox 1285 4579 1560 4670; x_wconf 78' lang='lat' dir='ltr'><strong>mysterio</strong></span> <span class='ocrx_word' id='word_1_671' title='bbox 1585 4579 1924 4652; x_wconf 83' lang='lat' dir='ltr'><strong>angelorum</strong></span> <span class='ocrx_word' id='word_1_672' title='bbox 1947 4581 2157 4636; x_wconf 88' lang='lat' dir='ltr'><strong>choros</strong></span> <span class='ocrx_word' id='word_1_673' title='bbox 2185 4605 2234 4670; x_wconf 68' lang='grc' dir='ltr'><strong>Β</strong></span> <span class='ocrx_word' id='word_1_674' title='bbox 2263 4582 2322 4633; x_wconf 90' lang='lat' dir='ltr'><strong>et</strong></span> <span class='ocrx_word' id='word_1_675' title='bbox 2351 4578 2506 4633; x_wconf 91' lang='lat' dir='ltr'><strong>unde</strong></span> <span class='ocrx_word' id='word_1_676' title='bbox 2537 4579 2892 4651; x_wconf 88' lang='lat' dir='ltr'><strong>resurgendo</strong></span> <span class='ocrx_word' id='word_1_677' title='bbox 2931 4580 3313 4652; x_wconf 88' lang='lat' dir='ltr'><strong>abscesserat,</strong></span> <span class='ocrx_word' id='word_1_678' title='bbox 3346 4587 3469 4639; x_wconf 89' lang='lat' dir='ltr'><strong>tam</strong></span> <span class='ocrx_word' id='word_1_679' title='bbox 3516 4582 3742 4641; x_wconf 83' lang='lat' dir='ltr'><strong>sedulis</strong></span> <span class='ocrx_word' id='word_1_680' title='bbox 3787 4601 3909 4642; x_wconf 79' lang='lat' dir='ltr'><strong>ser-</strong></span> 
     </span>
    </p>
   </div>
   <div class='ocr_carea' id='block_1_94' title="bbox 511 4665 2154 4743">
    <p class='ocr_par' dir='ltr' id='par_1_94' title="bbox 511 4665 2154 4743">
     <span class='ocr_line' id='line_1_94' title="bbox 511 4665 2154 4743; baseline -0.002 -18"><span class='ocrx_word' id='word_1_681' title='bbox 511 4666 992 4736; x_wconf 88' lang='lat' dir='ltr'><strong>adesse,summis</strong></span> <span class='ocrx_word' id='word_1_682' title='bbox 1006 4665 1123 4720; x_wconf 91' lang='lat' dir='ltr'><strong>ima</strong></span> <span class='ocrx_word' id='word_1_683' title='bbox 1135 4665 2154 4743; x_wconf 85' lang='lat' dir='ltr'><strong>sociari,terrenaccelestibusjungi,</strong></span> 
     </span>
    </p>
   </div>
   <div class='ocr_carea' id='block_1_95' title="bbox 511 4755 2157 4829">
    <p class='ocr_par' dir='ltr' id='par_1_95' title="bbox 511 4755 2157 4829">
     <span class='ocr_line' id='line_1_95' title="bbox 511 4755 2157 4829; baseline 0.001 -15"><span class='ocrx_word' id='word_1_684' title='bbox 511 4774 698 4815; x_wconf 91' lang='lat' dir='ltr'><strong>unum</strong></span> <span class='ocrx_word' id='word_1_685' title='bbox 729 4757 1023 4829; x_wconf 89' lang='lat' dir='ltr'><strong>quoddam</strong></span> <span class='ocrx_word' id='word_1_686' title='bbox 1055 4773 1124 4810; x_wconf 83' lang='lat' dir='ltr'><strong>ex</strong></span> <span class='ocrx_word' id='word_1_687' title='bbox 1161 4755 1488 4811; x_wconf 89' lang='lat' dir='ltr'><strong>visibilibus</strong></span> <span class='ocrx_word' id='word_1_688' title='bbox 1539 4761 1715 4829; x_wconf 90' lang='lat' dir='ltr'><strong>atque</strong></span> <span class='ocrx_word' id='word_1_689' title='bbox 1763 4758 2157 4815; x_wconf 87' lang='lat' dir='ltr'><strong>invisibilibus</strong></span> 
     </span>
    </p>
   </div>
   <div class='ocr_carea' id='block_1_96' title="bbox 513 4845 739 4904">
    <p class='ocr_par' dir='ltr' id='par_1_96' title="bbox 513 4845 739 4904">
     <span class='ocr_line' id='line_1_96' title="bbox 513 4845 739 4904; baseline -0.009 -1"><span class='ocrx_word' id='word_1_690' title='bbox 513 4847 638 4904; x_wconf 82' lang='lat' dir='ltr'><strong>fieri</strong></span> <span class='ocrx_word' id='word_1_691' title='bbox 652 4845 680 4902; x_wconf 63' lang='lat'><strong>7</strong></span> <span class='ocrx_word' id='word_1_692' title='bbox 711 4869 739 4897; x_wconf 84' lang='lat'><em>»</em></span> 
     </span>
    </p>
   </div>
   <div class='ocr_carea' id='block_1_97' title="bbox 584 4933 2157 5008">
    <p class='ocr_par' dir='ltr' id='par_1_97' title="bbox 584 4933 2157 5008">
     <span class='ocr_line' id='line_1_97' title="bbox 584 4933 2157 5008; baseline 0.001 -16"><span class='ocrx_word' id='word_1_693' title='bbox 584 4935 747 4992; x_wconf 91' lang='lat' dir='ltr'><strong>Unde</strong></span> <span class='ocrx_word' id='word_1_694' title='bbox 792 4951 1143 5008; x_wconf 86' lang='lat' dir='ltr'><strong>magnopere</strong></span> <span class='ocrx_word' id='word_1_695' title='bbox 1189 4933 1358 4990; x_wconf 91' lang='lat' dir='ltr'><strong>nobis</strong></span> <span class='ocrx_word' id='word_1_696' title='bbox 1413 4938 1502 4990; x_wconf 88' lang='lat' dir='ltr'><strong>est</strong></span> <span class='ocrx_word' id='word_1_697' title='bbox 1557 4935 1976 4991; x_wconf 89' lang='lat' dir='ltr'><strong>attendendum</strong></span> <span class='ocrx_word' id='word_1_698' title='bbox 2021 4954 2157 4993; x_wconf 91' lang='lat' dir='ltr'><strong>cum</strong></span> 
     </span>
    </p>
   </div>
   <div class='ocr_carea' id='block_1_98' title="bbox 513 5024 2158 5099">
    <p class='ocr_par' dir='ltr' id='par_1_98' title="bbox 513 5024 2158 5099">
     <span class='ocr_line' id='line_1_98' title="bbox 513 5024 2158 5099; baseline -0.001 -17"><span class='ocrx_word' id='word_1_699' title='bbox 513 5029 736 5099; x_wconf 89' lang='lat' dir='ltr'><strong>quanta</strong></span> <span class='ocrx_word' id='word_1_700' title='bbox 765 5024 1103 5090; x_wconf 87' lang='lat' dir='ltr'><strong>reverentia,</strong></span> <span class='ocrx_word' id='word_1_701' title='bbox 1136 5029 1354 5080; x_wconf 89' lang='lat' dir='ltr'><strong>etcum</strong></span> <span class='ocrx_word' id='word_1_702' title='bbox 1403 5029 1623 5096; x_wconf 88' lang='lat' dir='ltr'><strong>quanto</strong></span> <span class='ocrx_word' id='word_1_703' title='bbox 1672 5024 1880 5080; x_wconf 87' lang='lat' dir='ltr'><strong>timore</strong></span> <span class='ocrx_word' id='word_1_704' title='bbox 1928 5043 1995 5081; x_wconf 90' lang='lat' dir='ltr'><strong>ac</strong></span> <span class='ocrx_word' id='word_1_705' title='bbox 2043 5031 2158 5082; x_wconf 88' lang='lat' dir='ltr'><strong>tre-</strong></span> 
     </span>
    </p>
   </div>
   <div class='ocr_carea' id='block_1_99' title="bbox 516 5113 2158 5186">
    <p class='ocr_par' dir='ltr' id='par_1_99' title="bbox 516 5113 2158 5186">
     <span class='ocr_line' id='line_1_99' title="bbox 516 5113 2158 5186; baseline 0.001 -16"><span class='ocrx_word' id='word_1_706' title='bbox 516 5113 916 5181; x_wconf 89' lang='lat' dir='ltr'><strong>more,divinis</strong></span> <span class='ocrx_word' id='word_1_707' title='bbox 949 5113 1240 5186; x_wconf 73' lang='lat' dir='ltr'><strong>mysteriis</strong></span> <span class='ocrx_word' id='word_1_708' title='bbox 1274 5113 1552 5169; x_wconf 90' lang='lat' dir='ltr'><strong>debemus</strong></span> <span class='ocrx_word' id='word_1_709' title='bbox 1581 5113 1873 5182; x_wconf 88' lang='lat' dir='ltr'><strong>assistere,</strong></span> <span class='ocrx_word' id='word_1_710' title='bbox 1898 5132 1964 5170; x_wconf 90' lang='lat' dir='ltr'><strong>ac</strong></span> <span class='ocrx_word' id='word_1_711' title='bbox 1994 5115 2158 5171; x_wconf 91' lang='lat' dir='ltr'><strong>solli-</strong></span> 
     </span>
    </p>
   </div>
   <div class='ocr_carea' id='block_1_100' title="bbox 515 5201 2158 5275">
    <p class='ocr_par' dir='ltr' id='par_1_100' title="bbox 515 5201 2158 5275">
     <span class='ocr_line' id='line_1_100' title="bbox 515 5201 2158 5275; baseline -0.001 -16"><span class='ocrx_word' id='word_1_712' title='bbox 515 5202 626 5260; x_wconf 88' lang='lat' dir='ltr'><strong>cite</strong></span> <span class='ocrx_word' id='word_1_713' title='bbox 655 5204 984 5270; x_wconf 87' lang='lat' dir='ltr'><strong>observare,</strong></span> <span class='ocrx_word' id='word_1_714' title='bbox 1019 5218 1088 5258; x_wconf 90' lang='lat' dir='ltr'><strong>ne</strong></span> <span class='ocrx_word' id='word_1_715' title='bbox 1137 5202 1277 5274; x_wconf 87' lang='lat' dir='ltr'><strong>quid</strong></span> <span class='ocrx_word' id='word_1_716' title='bbox 1323 5201 1585 5274; x_wconf 91' lang='lat' dir='ltr'><strong>ineptum</strong></span> <span class='ocrx_word' id='word_1_717' title='bbox 1617 5201 1831 5256; x_wconf 90' lang='lat' dir='ltr'><strong>ibidem</strong></span> <span class='ocrx_word' id='word_1_718' title='bbox 1863 5219 2158 5275; x_wconf 86' lang='lat' dir='ltr'><strong>geramus,</strong></span> 
     </span>
    </p>
   </div>
   <div class='ocr_carea' id='block_1_101' title="bbox 516 5287 2162 5361">
    <p class='ocr_par' dir='ltr' id='par_1_101' title="bbox 516 5287 2162 5361">
     <span class='ocr_line' id='line_1_101' title="bbox 516 5287 2162 5361; baseline -0.002 -14"><span class='ocrx_word' id='word_1_719' title='bbox 516 5308 589 5347; x_wconf 89' lang='lat' dir='ltr'><strong>ne</strong></span> <span class='ocrx_word' id='word_1_720' title='bbox 617 5308 752 5347; x_wconf 91' lang='lat' dir='ltr'><strong>cum</strong></span> <span class='ocrx_word' id='word_1_721' title='bbox 781 5289 1094 5346; x_wconf 88' lang='lat' dir='ltr'><strong>Corinthiis</strong></span> <span class='ocrx_word' id='word_1_722' title='bbox 1125 5289 1196 5344; x_wconf 90' lang='lat' dir='ltr'><strong>ab</strong></span> <span class='ocrx_word' id='word_1_723' title='bbox 1227 5287 1499 5360; x_wconf 85' lang='lat' dir='ltr'><strong>Apostolo</strong></span> <span class='ocrx_word' id='word_1_724' title='bbox 1531 5287 1878 5344; x_wconf 89' lang='lat' dir='ltr'><strong>audiamus:</strong></span> <span class='ocrx_word' id='word_1_725' title='bbox 1903 5289 2162 5361; x_wconf 75' lang='lat' dir='ltr'><strong>Nunquid</strong></span> 
     </span>
    </p>
   </div>
   <div class='ocr_carea' id='block_1_102' title="bbox 515 5375 2163 5450">
    <p class='ocr_par' dir='ltr' id='par_1_102' title="bbox 515 5375 2163 5450">
     <span class='ocr_line' id='line_1_102' title="bbox 515 5375 2163 5450; baseline -0.001 -14"><span class='ocrx_word' id='word_1_726' title='bbox 515 5380 696 5437; x_wconf 86' lang='lat' dir='ltr'><strong>domos</strong></span> <span class='ocrx_word' id='word_1_727' title='bbox 723 5398 834 5437; x_wconf 83' lang='lat' dir='ltr'><strong>non</strong></span> <span class='ocrx_word' id='word_1_728' title='bbox 864 5379 1071 5435; x_wconf 78' lang='lat' dir='ltr'><strong>habetis</strong></span> <span class='ocrx_word' id='word_1_729' title='bbox 1097 5377 1166 5434; x_wconf 80' lang='lat' dir='ltr'><strong>ad</strong></span> <span class='ocrx_word' id='word_1_730' title='bbox 1199 5378 1425 5449; x_wconf 88' lang='lat' dir='ltr'><strong>agenda</strong></span> <span class='ocrx_word' id='word_1_731' title='bbox 1455 5376 1541 5432; x_wconf 90' lang='lat' dir='ltr'><strong>vel</strong></span> <span class='ocrx_word' id='word_1_732' title='bbox 1573 5375 1866 5448; x_wconf 89' lang='lat' dir='ltr'><strong>loquenda</strong></span> <span class='ocrx_word' id='word_1_733' title='bbox 1879 5383 2163 5450; x_wconf 89' lang='lat' dir='ltr'><strong>tempora-</strong></span> 
     </span>
    </p>
   </div>
   <div class='ocr_carea' id='block_1_103' title="bbox 517 5466 2160 5540">
    <p class='ocr_par' dir='ltr' id='par_1_103' title="bbox 517 5466 2160 5540">
     <span class='ocr_line' id='line_1_103' title="bbox 517 5466 2160 5540; baseline 0 -16"><span class='ocrx_word' id='word_1_734' title='bbox 517 5466 620 5540; x_wconf 85' lang='lat' dir='ltr'><strong>lia,</strong></span> <span class='ocrx_word' id='word_1_735' title='bbox 651 5477 744 5525; x_wconf 86' lang='lat' dir='ltr'><strong>aut</strong></span> <span class='ocrx_word' id='word_1_736' title='bbox 789 5468 1084 5524; x_wconf 61' lang='lat' dir='ltr'><strong>Ecclesium</strong></span> <span class='ocrx_word' id='word_1_737' title='bbox 1131 5468 1228 5523; x_wconf 86' lang='lat' dir='ltr'><strong>Dci</strong></span> <span class='ocrx_word' id='word_1_738' title='bbox 1271 5467 1614 5522; x_wconf 71' lang='lat' dir='ltr'><strong>contemnitis</strong></span> <span class='ocrx_word' id='word_1_739' title='bbox 1645 5467 1693 5537; x_wconf 86' lang='grc' dir='ltr'><strong>(Ι</strong></span> <span class='ocrx_word' id='word_1_740' title='bbox 1719 5466 1838 5521; x_wconf 81' lang='lat' dir='ltr'><strong>Cor.</strong></span> <span class='ocrx_word' id='word_1_741' title='bbox 1873 5484 1950 5534; x_wconf 80' lang='lat' dir='ltr'><strong>x1,</strong></span> <span class='ocrx_word' id='word_1_742' title='bbox 1983 5469 2071 5539; x_wconf 72' lang='lat'><strong>23)</strong></span> <span class='ocrx_word' id='word_1_743' title='bbox 2101 5473 2160 5524; x_wconf 84' lang='lat' dir='ltr'><strong>et</strong></span> 
     </span>
    </p>
   </div>
   <div class='ocr_carea' id='block_1_104' title="bbox 521 5554 2164 5630">
    <p class='ocr_par' dir='ltr' id='par_1_104' title="bbox 521 5554 2164 5630">
     <span class='ocr_line' id='line_1_104' title="bbox 521 5554 2164 5630; baseline 0 -15"><span class='ocrx_word' id='word_1_744' title='bbox 521 5556 663 5615; x_wconf 87' lang='lat' dir='ltr'><strong>adeo</strong></span> <span class='ocrx_word' id='word_1_745' title='bbox 694 5574 827 5613; x_wconf 92' lang='lat' dir='ltr'><strong>cum</strong></span> <span class='ocrx_word' id='word_1_746' title='bbox 859 5557 1075 5614; x_wconf 76' lang='lat' dir='ltr'><strong>Judzuis</strong></span> <span class='ocrx_word' id='word_1_747' title='bbox 1107 5557 1358 5613; x_wconf 70' lang='lat' dir='ltr'><strong>:Dilcrtus</strong></span> <span class='ocrx_word' id='word_1_748' title='bbox 1385 5572 1536 5611; x_wconf 64' lang='lat' dir='ltr'><strong>meus</strong></span> <span class='ocrx_word' id='word_1_749' title='bbox 1569 5557 1626 5610; x_wconf 90' lang='lat' dir='ltr'><strong>in</strong></span> <span class='ocrx_word' id='word_1_750' title='bbox 1672 5554 1827 5611; x_wconf 83' lang='lat' dir='ltr'><strong>domo</strong></span> <span class='ocrx_word' id='word_1_751' title='bbox 1872 5573 1993 5612; x_wconf 85' lang='lat' dir='ltr'><strong>mea</strong></span> <span class='ocrx_word' id='word_1_752' title='bbox 2033 5560 2164 5630; x_wconf 78' lang='lat' dir='ltr'><strong>fecit</strong></span> 
     </span>
    </p>
   </div>
   <div class='ocr_carea' id='block_1_105' title="bbox 517 5643 2161 5722">
    <p class='ocr_par' dir='ltr' id='par_1_105' title="bbox 517 5643 2161 5722">
     <span class='ocr_line' id='line_1_105' title="bbox 517 5643 2161 5722; baseline 0.003 -20"><span class='ocrx_word' id='word_1_753' title='bbox 517 5645 715 5716; x_wconf 53' lang='lat' dir='ltr'><strong>uetera</strong></span> <span class='ocrx_word' id='word_1_754' title='bbox 745 5647 921 5705; x_wconf 84' lang='lat' dir='ltr'><strong>multa</strong></span> <span class='ocrx_word' id='word_1_755' title='bbox 949 5648 1080 5722; x_wconf 84' lang='lat' dir='ltr'><strong>(Jer.</strong></span> <span class='ocrx_word' id='word_1_756' title='bbox 1114 5664 1192 5714; x_wconf 71' lang='grc' dir='ltr'><strong>χι,</strong></span> <span class='ocrx_word' id='word_1_757' title='bbox 1229 5645 1334 5720; x_wconf 78' lang='grc'><strong>15).</strong></span> <span class='ocrx_word' id='word_1_758' title='bbox 1367 5645 1442 5702; x_wconf 85' lang='lat' dir='ltr'><strong>Et</strong></span> <span class='ocrx_word' id='word_1_759' title='bbox 1489 5643 1735 5702; x_wconf 89' lang='lat' dir='ltr'><strong>sollicite</strong></span> <span class='ocrx_word' id='word_1_760' title='bbox 1793 5645 2161 5708; x_wconf 89' lang='lat' dir='ltr'><strong>considerare</strong></span> 
     </span>
    </p>
   </div>
   <div class='ocr_carea' id='block_1_106' title="bbox 2265 4667 3914 4744">
    <p class='ocr_par' dir='ltr' id='par_1_106' title="bbox 2265 4667 3914 4744">
     <span class='ocr_line' id='line_1_106' title="bbox 2265 4667 3914 4744; baseline 0.005 -21"><span class='ocrx_word' id='word_1_761' title='bbox 2265 4672 2402 4724; x_wconf 91' lang='lat' dir='ltr'><strong>vant</strong></span> <span class='ocrx_word' id='word_1_762' title='bbox 2457 4667 2737 4723; x_wconf 82' lang='lat' dir='ltr'><strong>excubiis.</strong></span> <span class='ocrx_word' id='word_1_763' title='bbox 2788 4667 2951 4724; x_wconf 90' lang='lat' dir='ltr'><strong>Unde</strong></span> <span class='ocrx_word' id='word_1_764' title='bbox 3006 4668 3248 4726; x_wconf 88' lang='lat' dir='ltr'><strong>solerter</strong></span> <span class='ocrx_word' id='word_1_765' title='bbox 3295 4672 3654 4728; x_wconf 87' lang='lat' dir='ltr'><strong>studendum</strong></span> <span class='ocrx_word' id='word_1_766' title='bbox 3701 4678 3811 4744; x_wconf 85' lang='lat' dir='ltr'><strong>est,</strong></span> <span class='ocrx_word' id='word_1_767' title='bbox 3844 4679 3914 4732; x_wconf 73' lang='lat' dir='ltr'><strong>ut</strong></span> 
     </span>
    </p>
   </div>
   <div class='ocr_carea' id='block_1_107' title="bbox 2267 4755 3912 4833">
    <p class='ocr_par' dir='ltr' id='par_1_107' title="bbox 2267 4755 3912 4833">
     <span class='ocr_line' id='line_1_107' title="bbox 2267 4755 3912 4833; baseline 0.004 -20"><span class='ocrx_word' id='word_1_768' title='bbox 2267 4773 2400 4813; x_wconf 91' lang='lat' dir='ltr'><strong>cum</strong></span> <span class='ocrx_word' id='word_1_769' title='bbox 2424 4755 2728 4812; x_wconf 89' lang='lat' dir='ltr'><strong>ecclesiam</strong></span> <span class='ocrx_word' id='word_1_770' title='bbox 2749 4755 2836 4813; x_wconf 90' lang='lat' dir='ltr'><strong>vel</strong></span> <span class='ocrx_word' id='word_1_771' title='bbox 2857 4757 2930 4813; x_wconf 91' lang='lat' dir='ltr'><strong>ad</strong></span> <span class='ocrx_word' id='word_1_772' title='bbox 2951 4758 3157 4814; x_wconf 74' lang='lat' dir='ltr'><strong>divinae</strong></span> <span class='ocrx_word' id='word_1_773' title='bbox 3179 4758 3368 4816; x_wconf 87' lang='lat' dir='ltr'><strong>laudis</strong></span> <span class='ocrx_word' id='word_1_774' title='bbox 3389 4760 3589 4817; x_wconf 86' lang='lat' dir='ltr'><strong>debita</strong></span> <span class='ocrx_word' id='word_1_775' title='bbox 3609 4761 3912 4833; x_wconf 77' lang='lat' dir='ltr'><strong>solvenda,</strong></span> 
     </span>
    </p>
   </div>
   <div class='ocr_carea' id='block_1_108' title="bbox 2265 4844 3916 4926">
    <p class='ocr_par' dir='ltr' id='par_1_108' title="bbox 2265 4844 3916 4926">
     <span class='ocr_line' id='line_1_108' title="bbox 2265 4844 3916 4926; baseline 0.006 -27"><span class='ocrx_word' id='word_1_776' title='bbox 2265 4844 2352 4900; x_wconf 90' lang='lat' dir='ltr'><strong>vel</strong></span> <span class='ocrx_word' id='word_1_777' title='bbox 2384 4845 2610 4918; x_wconf 87' lang='lat' dir='ltr'><strong>agenda</strong></span> <span class='ocrx_word' id='word_1_778' title='bbox 2640 4846 2958 4902; x_wconf 90' lang='lat' dir='ltr'><strong>missarum</strong></span> <span class='ocrx_word' id='word_1_779' title='bbox 3003 4847 3290 4904; x_wconf 90' lang='lat' dir='ltr'><strong>solemnia</strong></span> <span class='ocrx_word' id='word_1_780' title='bbox 3335 4850 3650 4917; x_wconf 82' lang='lat' dir='ltr'><strong>intramus,</strong></span> <span class='ocrx_word' id='word_1_781' title='bbox 3681 4867 3916 4926; x_wconf 81' lang='lat' dir='ltr'><strong>semper</strong></span> 
     </span>
    </p>
   </div>
   <div class='ocr_carea' id='block_1_109' title="bbox 2265 4933 3912 5007">
    <p class='ocr_par' dir='ltr' id='par_1_109' title="bbox 2265 4933 3912 5007">
     <span class='ocr_line' id='line_1_109' title="bbox 2265 4933 3912 5007; baseline 0.005 -18"><span class='ocrx_word' id='word_1_782' title='bbox 2265 4933 2538 5006; x_wconf 66' lang='lat' dir='ltr'><strong>angelicae</strong></span> <span class='ocrx_word' id='word_1_783' title='bbox 2568 4935 2886 5007; x_wconf 80' lang='lat' dir='ltr'><strong>praesentiae</strong></span> <span class='ocrx_word' id='word_1_784' title='bbox 2918 4953 3228 5005; x_wconf 87' lang='lat' dir='ltr'><strong>memores,</strong></span> <span class='ocrx_word' id='word_1_785' title='bbox 3255 4954 3390 4994; x_wconf 91' lang='lat' dir='ltr'><strong>cum</strong></span> <span class='ocrx_word' id='word_1_786' title='bbox 3417 4938 3626 4995; x_wconf 88' lang='lat' dir='ltr'><strong>timore</strong></span> <span class='ocrx_word' id='word_1_787' title='bbox 3653 4946 3712 4996; x_wconf 87' lang='lat' dir='ltr'><strong>et</strong></span> <span class='ocrx_word' id='word_1_788' title='bbox 3742 4957 3912 4998; x_wconf 53' lang='lat' dir='ltr'><strong>vene.</strong></span> 
     </span>
    </p>
   </div>
   <div class='ocr_carea' id='block_1_110' title="bbox 2267 5023 3910 5099">
    <p class='ocr_par' dir='ltr' id='par_1_110' title="bbox 2267 5023 3910 5099">
     <span class='ocr_line' id='line_1_110' title="bbox 2267 5023 3910 5099; baseline 0.005 -21"><span class='ocrx_word' id='word_1_789' title='bbox 2267 5023 2488 5078; x_wconf 88' lang='lat' dir='ltr'><strong>ratione</strong></span> <span class='ocrx_word' id='word_1_790' title='bbox 2517 5025 2870 5097; x_wconf 87' lang='lat' dir='ltr'><strong>competenti</strong></span> <span class='ocrx_word' id='word_1_791' title='bbox 2907 5024 3132 5081; x_wconf 67' lang='lat' dir='ltr'><strong>caeleste</strong></span> <span class='ocrx_word' id='word_1_792' title='bbox 3177 5027 3579 5099; x_wconf 87' lang='lat' dir='ltr'><strong>eompleamus</strong></span> <span class='ocrx_word' id='word_1_793' title='bbox 3623 5029 3910 5097; x_wconf 76' lang='lat' dir='ltr'><strong>omnium,</strong></span> 
     </span>
    </p>
   </div>
   <div class='ocr_carea' id='block_1_111' title="bbox 2266 5112 3914 5192">
    <p class='ocr_par' dir='ltr' id='par_1_111' title="bbox 2266 5112 3914 5192">
     <span class='ocr_line' id='line_1_111' title="bbox 2266 5112 3914 5192; baseline 0.005 -27"><span class='ocrx_word' id='word_1_794' title='bbox 2266 5112 2326 5166; x_wconf 91' lang='lat' dir='ltr'><strong>in</strong></span> <span class='ocrx_word' id='word_1_795' title='bbox 2357 5112 2687 5184; x_wconf 84' lang='lat' dir='ltr'><strong>exemplum</strong></span> <span class='ocrx_word' id='word_1_796' title='bbox 2719 5114 3068 5170; x_wconf 87' lang='lat' dir='ltr'><strong>feminarum</strong></span> <span class='ocrx_word' id='word_1_797' title='bbox 3100 5115 3215 5171; x_wconf 92' lang='lat' dir='ltr'><strong>Deo</strong></span> <span class='ocrx_word' id='word_1_798' title='bbox 3247 5116 3609 5186; x_wconf 89' lang='lat' dir='ltr'><strong>devotarum,</strong></span> <span class='ocrx_word' id='word_1_799' title='bbox 3641 5135 3768 5190; x_wconf 71' lang='lat' dir='ltr'><strong>que</strong></span> <span class='ocrx_word' id='word_1_800' title='bbox 3807 5136 3914 5192; x_wconf 56' lang='lat' dir='ltr'><strong>ap.</strong></span> 
     </span>
    </p>
   </div>
   <div class='ocr_carea' id='block_1_112' title="bbox 2270 5199 3915 5279">
    <p class='ocr_par' dir='ltr' id='par_1_112' title="bbox 2270 5199 3915 5279">
     <span class='ocr_line' id='line_1_112' title="bbox 2270 5199 3915 5279; baseline 0.005 -23"><span class='ocrx_word' id='word_1_801' title='bbox 2270 5199 2610 5273; x_wconf 85' lang='lat' dir='ltr'><strong>parentibus</strong></span> <span class='ocrx_word' id='word_1_802' title='bbox 2635 5203 2706 5257; x_wconf 91' lang='lat' dir='ltr'><strong>ad</strong></span> <span class='ocrx_word' id='word_1_803' title='bbox 2730 5208 3181 5259; x_wconf 88' lang='lat' dir='ltr'><strong>monumentum</strong></span> <span class='ocrx_word' id='word_1_804' title='bbox 3204 5205 3428 5279; x_wconf 88' lang='lat' dir='ltr'><strong>angelis</strong></span> <span class='ocrx_word' id='word_1_805' title='bbox 3448 5208 3697 5263; x_wconf 73' lang='lat' dir='ltr'><strong>timuisse</strong></span> <span class='ocrx_word' id='word_1_806' title='bbox 3711 5224 3779 5264; x_wconf 81' lang='lat' dir='ltr'><strong>ac</strong></span> <span class='ocrx_word' id='word_1_807' title='bbox 3797 5209 3915 5264; x_wconf 76' lang='lat' dir='ltr'><strong>vul-</strong></span> 
     </span>
    </p>
   </div>
   <div class='ocr_carea' id='block_1_113' title="bbox 2269 5289 3907 5365">
    <p class='ocr_par' dir='ltr' id='par_1_113' title="bbox 2269 5289 3907 5365">
     <span class='ocr_line' id='line_1_113' title="bbox 2269 5289 3907 5365; baseline 0.006 -21"><span class='ocrx_word' id='word_1_808' title='bbox 2269 5298 2386 5345; x_wconf 85' lang='lat' dir='ltr'><strong>tum</strong></span> <span class='ocrx_word' id='word_1_809' title='bbox 2431 5289 2730 5346; x_wconf 72' lang='lat' dir='ltr'><strong>declinasse</strong></span> <span class='ocrx_word' id='word_1_810' title='bbox 2776 5300 3080 5348; x_wconf 80' lang='lat' dir='ltr'><strong>narrantur</strong></span> <span class='ocrx_word' id='word_1_811' title='bbox 3130 5295 3189 5349; x_wconf 86' lang='lat' dir='ltr'><strong>in</strong></span> <span class='ocrx_word' id='word_1_812' title='bbox 3235 5303 3439 5350; x_wconf 74' lang='lat' dir='ltr'><strong>terram</strong></span> <span class='ocrx_word' id='word_1_813' title='bbox 3464 5297 3615 5365; x_wconf 76' lang='lat' dir='ltr'><strong>(Luc.</strong></span> <span class='ocrx_word' id='word_1_814' title='bbox 3646 5311 3802 5364; x_wconf 69' lang='grc' dir='ltr'><strong>ων,</strong></span> <span class='ocrx_word' id='word_1_815' title='bbox 3829 5298 3907 5364; x_wconf 87' lang='grc'><strong>5).</strong></span> 
     </span>
    </p>
   </div>
   <div class='ocr_carea' id='block_1_114' title="bbox 2269 5379 3916 5457">
    <p class='ocr_par' dir='ltr' id='par_1_114' title="bbox 2269 5379 3916 5457">
     <span class='ocr_line' id='line_1_114' title="bbox 2269 5379 3916 5457; baseline 0.005 -23"><span class='ocrx_word' id='word_1_816' title='bbox 2269 5379 2378 5435; x_wconf 90' lang='lat' dir='ltr'><strong>Sed</strong></span> <span class='ocrx_word' id='word_1_817' title='bbox 2410 5384 2468 5434; x_wconf 89' lang='lat' dir='ltr'><strong>et</strong></span> <span class='ocrx_word' id='word_1_818' title='bbox 2493 5380 2662 5436; x_wconf 88' lang='lat' dir='ltr'><strong>nobis</strong></span> <span class='ocrx_word' id='word_1_819' title='bbox 2692 5381 2950 5453; x_wconf 85' lang='lat' dir='ltr'><strong>typicum</strong></span> <span class='ocrx_word' id='word_1_820' title='bbox 2984 5383 3244 5454; x_wconf 69' lang='lat' dir='ltr'><strong>prazbent</strong></span> <span class='ocrx_word' id='word_1_821' title='bbox 3270 5383 3628 5457; x_wconf 83' lang='lat' dir='ltr'><strong>exemplum,</strong></span> <span class='ocrx_word' id='word_1_822' title='bbox 3649 5389 3716 5441; x_wconf 84' lang='lat' dir='ltr'><strong>ut</strong></span> <span class='ocrx_word' id='word_1_823' title='bbox 3733 5385 3784 5441; x_wconf 90' lang='lat' dir='ltr'><strong>si</strong></span> <span class='ocrx_word' id='word_1_824' title='bbox 3806 5386 3916 5442; x_wconf 85' lang='lat' dir='ltr'><strong>Do-</strong></span> 
     </span>
    </p>
   </div>
   <div class='ocr_carea' id='block_1_115' title="bbox 2268 5468 3910 5548">
    <p class='ocr_par' dir='ltr' id='par_1_115' title="bbox 2268 5468 3910 5548">
     <span class='ocr_line' id='line_1_115' title="bbox 2268 5468 3910 5548; baseline 0.004 -25"><span class='ocrx_word' id='word_1_825' title='bbox 2268 5468 2496 5524; x_wconf 90' lang='lat' dir='ltr'><strong>minum</strong></span> <span class='ocrx_word' id='word_1_826' title='bbox 2525 5468 2802 5537; x_wconf 86' lang='lat' dir='ltr'><strong>invenire,</strong></span> <span class='ocrx_word' id='word_1_827' title='bbox 2833 5469 2885 5526; x_wconf 92' lang='lat' dir='ltr'><strong>si</strong></span> <span class='ocrx_word' id='word_1_828' title='bbox 2929 5470 3270 5542; x_wconf 87' lang='lat' dir='ltr'><strong>angelorum</strong></span> <span class='ocrx_word' id='word_1_829' title='bbox 3318 5472 3722 5531; x_wconf 85' lang='lat' dir='ltr'><strong>desideramus</strong></span> <span class='ocrx_word' id='word_1_830' title='bbox 3765 5491 3910 5548; x_wconf 65' lang='lat' dir='ltr'><strong>pra-</strong></span> 
     </span>
    </p>
   </div>
   <div class='ocr_carea' id='block_1_116' title="bbox 2268 5558 3913 5636">
    <p class='ocr_par' dir='ltr' id='par_1_116' title="bbox 2268 5558 3913 5636">
     <span class='ocr_line' id='line_1_116' title="bbox 2268 5558 3913 5636; baseline 0.004 -21"><span class='ocrx_word' id='word_1_831' title='bbox 2268 5559 2457 5615; x_wconf 87' lang='lat' dir='ltr'><strong>sentia</strong></span> <span class='ocrx_word' id='word_1_832' title='bbox 2483 5558 2816 5626; x_wconf 87' lang='lat' dir='ltr'><strong>eonfortari,</strong></span> <span class='ocrx_word' id='word_1_833' title='bbox 2847 5559 3198 5632; x_wconf 90' lang='lat' dir='ltr'><strong>abjiciamus</strong></span> <span class='ocrx_word' id='word_1_834' title='bbox 3227 5578 3406 5636; x_wconf 87' lang='lat' dir='ltr'><strong>opera</strong></span> <span class='ocrx_word' id='word_1_835' title='bbox 3431 5563 3828 5631; x_wconf 83' lang='lat' dir='ltr'><strong>tenebrarum,</strong></span> <span class='ocrx_word' id='word_1_836' title='bbox 3849 5567 3913 5621; x_wconf 78' lang='lat' dir='ltr'><strong>et</strong></span> 
     </span>
    </p>
   </div>
   <div class='ocr_carea' id='block_1_117' title="bbox 2267 5645 3916 5720">
    <p class='ocr_par' dir='ltr' id='par_1_117' title="bbox 2267 5645 3916 5720">
     <span class='ocr_line' id='line_1_117' title="bbox 2267 5645 3916 5720; baseline 0.002 -14"><span class='ocrx_word' id='word_1_837' title='bbox 2267 5649 2588 5706; x_wconf 86' lang='lat' dir='ltr'><strong>induamur</strong></span> <span class='ocrx_word' id='word_1_838' title='bbox 2615 5663 2779 5706; x_wconf 86' lang='lat' dir='ltr'><strong>arma</strong></span> <span class='ocrx_word' id='word_1_839' title='bbox 2805 5645 2975 5720; x_wconf 87' lang='lat' dir='ltr'><strong>lueis,</strong></span> <span class='ocrx_word' id='word_1_840' title='bbox 3001 5648 3154 5709; x_wconf 87' lang='lat' dir='ltr'><strong>sicut</strong></span> <span class='ocrx_word' id='word_1_841' title='bbox 3173 5650 3233 5709; x_wconf 89' lang='lat' dir='ltr'><strong>in</strong></span> <span class='ocrx_word' id='word_1_842' title='bbox 3263 5651 3360 5712; x_wconf 86' lang='lat' dir='ltr'><strong>die</strong></span> <span class='ocrx_word' id='word_1_843' title='bbox 3377 5652 3626 5716; x_wconf 81' lang='lat' dir='ltr'><strong>honeste</strong></span> <span class='ocrx_word' id='word_1_844' title='bbox 3651 5651 3916 5717; x_wconf 73' lang='lat' dir='ltr'><strong>ambulo-</strong></span> 
     </span>
    </p>
   </div>
  </div>
