4204 6464
322 402 442 466 909
1124 446 1130 453 -
1500 416 1601 476 DE
1645 414 2026 478 CAVENDIS
2070 416 2328 491 VITIIS,
2375 419 2546 480 ETC.
3609 434 3729 494 9am

318 539 474 631 enim
498 541 647 631 ualet
677 541 1008 612 deprecatio
1025 545 1177 615 justi
1202 547 1440 603 assidua
1471 550 1620 620 (Jac.
1650 566 1707 620 v,
1734 550 1858 618 16);
1911 554 1968 605 et
1994 551 2050 616 Α
2080 551 2137 606 in
2169 550 2577 624 virginibus,et
2599 553 2812 621 viduis,
2841 562 2899 612 eL
2928 560 3381 631 continentibus,
3416 566 3517 621 sed
3546 567 3723 623 etiam

318 627 654 724 sicutidem
687 632 970 703 praemisit
990 651 1002 689 :
1021 637 1226 694 Oratio
1241 638 1376 708 ﬁdei
1393 641 1630 695 salvabit
1654 640 1969 711 inﬁrmum,
2080 640 2321 696 castitas
2351 645 2441 696 est
2464 643 2790 715 conjugalis
2821 645 2879 699 in
2912 645 3169 718 legitime
3198 627 3526 724 conju'gatis
3555 660 3613 710 et
3641 656 3722 711 le-

317 727 376 775 et
403 719 675 777 allevabit
701 737 833 777 eum
865 724 1220 794 Dominus,et
1246 728 1297 782 si
1325 728 1381 783 in
1412 729 1661 797 peccatis
1681 730 1755 784 sit
1778 729 1968 783 dimit-
2077 729 2287 800 gitima
2331 731 2470 800 jura
2526 732 2783 804 conjugii
2853 719 3350 795 conservantibus.
3377 719 3717 809 v(Pastoral.

316 816 513 865 tentur
540 810 595 864 ei
622 810 805 879 (ibid.,
861 812 967 885 l5).
1018 814 1089 869 Et
1135 815 1275 887 quia
1320 817 1698 889 supervacuis
1747 817 1965 889 cogita-
2076 822 2227 889 part.
2261 836 2344 886 111,
2380 836 2507 891 cap.
2538 821 2651 888 28).
2703 844 2731 871 «
2775 823 3000 888 Quibus
3043 829 3239 881 tamen
3288 829 3435 884 scire
3484 848 3720 888 necesse

315 896 575 954 tionibus
607 898 680 954 ad
712 899 1004 973 inlegrum
1034 919 1228 960 carere
1262 921 1377 960 non
1420 905 1700 974 valemus,
1749 905 1860 962 has
1903 906 1965 962 in
2073 910 2163 961 est
2194 906 2333 978 quia
2362 908 2746 980 suscipiendae
2792 911 2974 983 prolis
3023 930 3202 969 causa
3248 915 3537 974 habentur
3585 937 3719 976 con-

320 989 606 1056 quantum
639 1002 956 1058 possumus
976 988 1339 1047 immissione
1360 992 1645 1049 bonarum
1665 993 1791 1066 cogi
1801 998 1853 1048 ta
1865 994 1965 1049 tio-
2063 994 2276 1065 juncti,
2311 1000 2369 1052 et
2397 1013 2531 1052 cum
2562 998 2956 1056 immoderata:
2983 1003 3379 1059 commistioui
3401 1007 3717 1065 servientes

320 1091 485 1143 num,
518 1078 575 1129 et
604 1075 855 1131 maxime
903 1078 1192 1151 frequenti
1241 1081 1675 1153 Scripturarum
1726 1083 1965 1139 medita—
2070 1085 2508 1157 propagationis
2536 1087 2850 1144 articulum
2881 1089 2940 1145 in
2974 1108 3149 1147 usum
3179 1093 3544 1151 transferunt
3563 1097 3717 1152 volu-

314 1163 473 1220 tione
494 1164 957 1255 fugemusjuxta
974 1168 1306 1241 exemplum
1330 1170 1651 1226 Psalmistai
1667 1171 1763 1243 qui
1789 1171 1955 1251 dicit:
2069 1175 2273 1245 ptatis,
2305 1176 2667 1246 perpendant
2695 1178 2849 1249 quod
2881 1177 3111 1235 libidini
3142 1181 3458 1239 servientes
3498 1185 3712 1255 nimiae,

309 1253 606 1323 Quomodo
633 1255 817 1310 dilexi
837 1256 1014 1325 legem
1037 1259 1486 1328 tuam,Domine!
1524 1269 1645 1317 tota
1674 1261 1768 1316 die
1782 1261 1957 1316 medi-
2067 1262 2127 1317 in
2157 1261 2284 1335 ipso
2315 1264 2587 1337 coniugio
2613 1266 2871 1339 conjugii
2910 1268 3049 1338 jura
3086 1272 3531 1328 transcendunt.
3551 1253 3714 1331 Unde

308 1343 454 1432 talio
480 1359 610 1399 mea
637 1352 723 1400 est
752 1347 933 1414 (Psal.
964 1360 1157 1414 cxvm,
1189 1348 1302 1414 97).
1336 1349 1609 1405 Petamus
1637 1366 1954 1422 supernam
2066 1368 2300 1408 necesse
2331 1356 2438 1421 est,
2473 1358 2538 1408 ut
2567 1354 2786 1410 crebris
2816 1356 3200 1427 orationibus,
3252 1363 3310 1415 et
3353 1360 3711 1432 quotidianis

305 1430 700 1502 elementiam,
734 1435 889 1506 quod
938 1440 1028 1491 est
1077 1453 1209 1492 vere
1258 1438 1317 1492 in
1368 1439 1603 1494 nomine
1640 1438 1953 1494 Salvatoris
2062 1440 2466 1512 eleemosynis,
2500 1441 2727 1498 deleant
2758 1445 2912 1515 quod
2963 1444 3271 1516 pulchram
3319 1430 3542 1521 copulae
3586 1468 3712 1524 spe-

303 1524 519 1593 petere,
554 1526 619 1577 ut
649 1539 749 1579 cor
778 1527 1046 1581 nostrum
1096 1525 1283 1599 rigore
1332 1527 1599 1582 odiorum
1630 1528 1947 1601 constringi

304 1626 420 1666 non
448 1611 769 1683 permittat,
802 1614 900 1668 sed
933 1614 1181 1687 gratiam
1214 1616 1383 1670 nobis
1414 1633 1572 1688 purae
1620 1615 1951 1672 dilectionis

301 1699 574 1755 infundat
606 1716 618 1756 :
653 1705 720 1756 ut
749 1700 1113 1758 infidelitatis
1144 1720 1251 1760 nos
1298 1704 1536 1761 interire
1563 1705 1801 1760 venenis
1832 1722 1947 1760 non

299 1784 478 1841 sinat.
511 1787 615 1841 sed
647 1788 1051 1844 fortitudinem
1082 1790 1216 1845 fidei
1247 1796 1451 1847 contra
1496 1792 1681 1848 hostis
1721 1793 1944 1865 antiqui

295 1878 661 1931 teutamenta
691 1878 1002 1946 concedat;
1037 1883 1101 1933 ut
1131 1896 1238 1934 nos
1269 1880 1670 1952 desperatione
1718 1881 1942 1937 futuro-

297 1980 431 2019 rum
466 1968 616 2020 retro
647 1966 932 2038 respicere
962 1984 1076 2022 non
1109 1968 1425 2039 permittat,
1477 1971 1576 2024 sed
1625 1986 1788 2042 spem
1839 1986 1944 2025 cm-

293 2051 533 2108 lestium
547 2054 966 2129 bonorum,'per
980 2073 1157 2128 quam
1180 2057 1489 2129 praesentia
1506 2058 1748 2114 adversa
1767 2058 1945 2113 simul

293 2143 353 2196 et
400 2158 678 2215 prospera
724 2149 1094 2201 contemnere
1140 2146 1458 2219 possimus,
1492 2146 1946 2203 misericorditer

288 2230 535 2288 tribuat.
570 2232 772 2289 Cordis
821 2250 1054 2307 quoque
1102 2235 1271 2290 nobis
1320 2235 1673 2292 munditiam
1721 2240 1778 2291 et
1806 2235 1943 2291 boni

288 2319 485 2392 operis
507 2321 828 2378 efficaciam
860 2326 1111 2395 praestet.
1140 2324 1387 2379 Multum
1411 2329 1609 2380 autem
1627 2326 1798 2396 juvat
1819 2342 1941 2381 ora-

285 2408 468 2464 tionis
499 2410 746 2483 puritas,
792 2411 842 2467 si
872 2412 932 2466 in
960 2412 1119 2467 omni
1152 2411 1276 2469 loco
1306 2413 1393 2468 vel
1420 2417 1679 2486 tempore
1726 2430 1833 2469 nos
1864 2414 1936 2469 ab

283 2497 520 2554 actibus
548 2503 948 2572 temperemus
983 2500 1223 2569 illicitis,
1257 2501 1305 2557 si
1336 2518 1567 2574 semper
1611 2503 1684 2557 ab
1734 2501 1936 2558 otiosis

282 2588 879 2645 sermocinationibus
909 2590 1173 2646 auditum
1216 2591 1434 2663 pariter
1475 2590 1831 2664 castigemus
1878 2595 1937 2647 et

280 2675 630 2750 linguam,si
659 2678 718 2734 in
749 2677 876 2753 lege
904 2678 1136 2735 Domini
1184 2680 1485 2736 ambulare
1514 2685 1571 2735 et
1598 2680 1936 2736 testimonia

278 2766 415 2837 ejus
445 2784 860 2825 assuescamus
891 2772 1013 2825 toto
1046 2769 1217 2825 corde
1265 2785 1512 2825 servare.
1563 2771 1933 2841 Quaecunque

277 2855 441 2913 enim
473 2857 689 2930 saapius
720 2873 910 2930 agere,
943 2857 1032 2914 vel
1069 2857 1252 2930 loqui,
1287 2862 1390 2913 aut
1419 2858 1620 2914 audire
1649 2858 1929 2927 solemus,

276 2945 487 3001 eadem
522 2962 760 3003 necesse
790 2950 881 3003 est
910 2946 1145 3020 saepius,
1179 2948 1251 3003 ad
1284 2947 1543 3003 animam
1576 2947 1746 3020 quasi
1792 2948 1929 3004 soli-

273 3035 401 3089 tam
460 3035 876 3109 propriamque
925 3040 1226 3092 recurrant
1282 3038 1353 3092 ad
1403 3037 1622 3092 sedem.
1655 3037 1820 3093 Sicut
1857 3038 1928 3092 ad

270 3121 585 3179 volutabra
633 3125 812 3197 porci,
847 3123 1130 3181 columbae
1180 3129 1376 3181 autem
1424 3143 1573 3198 pura
1599 3131 1657 3181 et
1685 3125 1931 3198 limpida

272 3210 472 3269 solent
527 3213 897 3287 frequentare
952 3214 1192 3283 ﬂuenta,
1252 3215 1333 3270 ita
1392 3215 1770 3289 cogitationes
1822 3217 1929 3271 im-

2062 1529 2209 1584 ciem
2242 1530 2513 1585 admistis
2541 1530 2940 1602 voluptatibus
2970 1535 3207 1590 foedant.
3257 1536 3403 1592 Hinc
3433 1543 3523 1594 est
3551 1542 3708 1612 quod

2059 1617 2281 1689 peritus
2316 1618 2612 1675 medicinae
2639 1620 2889 1676 ccelestls
2918 1622 3373 1695 Apostolus,non
3408 1630 3529 1682 tam
3560 1645 3708 1693 sana

2055 1705 2331 1774 instituit,
2364 1724 2541 1779 quam
2587 1708 2839 1767 inﬁrmis
2887 1709 3311 1768 medicamenta
3356 1718 3706 1773 monstravit

2056 1795 2256 1850 dicens
2285 1812 2298 1851 :
2323 1797 2402 1851 De
2427 1797 2630 1869 quibus
2651 1799 2968 1868 scripsistis
2987 1800 3149 1866 mihi,
3159 1803 3366 1857 bonum
3388 1813 3472 1859 est
3488 1806 3706 1863 homini

2052 1878 2354 1939 mulierem
2371 1901 2482 1940 non
2506 1893 2775 1956 tangere:
2788 1896 3029 1956 propter
3046 1889 3485 1958 fornicationem
3507 1902 3703 1949 autem

2055 1973 2437 2045 unusquisque
2447 1989 2612 2030 suam
2624 1991 2865 2031 uxorem
2879 1979 3163 2047 habeal,et
3174 1994 3525 2051 unaqquue
3532 1998 3705 2037 suum

2052 2063 2241 2118 virum
2272 2066 2477 2118 habeat
2506 2066 2557 2131 (ι
2583 2066 2829 2131 Cor.vu,
2865 2066 2938 2133 1).
2973 2064 3080 2130 Qui
3110 2067 3268 2121 enim
3300 2067 3704 2125 fornicationis

2054 2154 2275 2205 metum
2308 2151 2611 2222 praemisit,
2641 2152 2896 2222 profecto
2927 2169 3040 2209 non
3074 2154 3369 2211 stantibus
3417 2161 3706 2229 precepts

2051 2238 2328 2306 contulit;
2363 2240 2461 2293 sed
2498 2255 2568 2294 ue
2598 2240 2844 2296 fortasse
2874 2241 2934 2296 in
2965 2245 3179 2298 terram
3214 2247 3468 2311 ruerent,
3483 2243 3700 2301 lectum

2049 2325 2396 2381 cadentibus
2417 2326 2865 2382 extendit.Uude
2881 2328 3072 2383 adhuc
3093 2328 3532 2387 infirmantibus
3552 2333 3698 2388 sub-

2048 2414 2135 2469 dit
2171 2430 2184 2469 :
2220 2415 2403 2472 Uxori
2430 2415 2519 2469 vir
2546 2415 2798 2471 debitum
2828 2417 3060 2484 reddat,
3108 2418 3377 2475 similiter
3414 2428 3609 2477 autem
3639 2432 3697 2478 et

2045 2519 2199 2559 uxor
2225 2503 2351 2560 viro
2378 2504 2563 2572 (ibid,
2595 2505 2674 2573 6).
2722 2505 2944 2570 Quibus
2994 2506 3135 2561 dum
3167 2506 3224 2561 in
3258 2524 3472 2580 magna
3516 2509 3693 2567 hone-

2045 2597 2196 2649 state
2226 2592 2481 2665 conjugii
2514 2592 2733 2665 aliquid
2766 2594 2838 2648 de
2861 2594 3157 2666 voluptate
3211 2595 3543 2669 largiretur,
3585 2600 3687 2656 ad-

2035 2683 2260 2754 junxit:
2278 2687 2405 2738 Hoc
2425 2691 2619 2737 autem
2645 2683 2773 2739 dico
2800 2685 3109 2757 secundum
3132 2684 3687 2757 indulgentiam,non
3741 2730 3753 2738 .

2041 2773 2351 2828 secundum
2394 2770 2722 2839 imperium.
2768 2770 2950 2843 Culpa
2982 2752 3197 2844 quippe
3244 2790 3372 2830 esse
3420 2776 3688 2834 innuitur

2041 2861 2197 2933 quod
2228 2859 2516 2933 indulgeri
2549 2858 2919 2932 perhibetur;
2968 2862 3067 2916 sed
3120 2878 3247 2933 quae
3297 2867 3458 2919 tanto
3509 2864 3684 2921 citius

2041 2949 2351 3019 relaxatur,
2366 2952 2584 3021 quanto
2616 2964 2730 3002 non
2762 2965 2863 3020 per
2890 2948 3042 3005 hanc
3073 2949 3342 3006 illicitum
3373 2953 3515 3023 quid
3545 2937 3702 3026 age--

2038 3043 2156 3105 tur,
2189 3037 2239 3094 si
2269 3038 2377 3093 hoc
2408 3038 2565 3109 quod
2594 3040 2684 3091 est
2712 3035 2938 3092 licitum
2971 3038 3080 3094 srb
3130 3040 3529 3097 moderamine
3566 3060 3683 3099 non

2036 3131 2285 3183 tenetur.
2316 3126 2505 3198 (Ibid.)
2537 3125 2702 3181 Unde
2729 3141 2860 3180 cum
2889 3126 3005 3181 Deo
3028 3127 3358 3199 deprecatio
3394 3129 3680 3201 funditur,

2039 3232 2411 3288 nequaquam
2446 3214 2582 3270 talis
2610 3215 2929 3287 conjugum
2958 3214 3079 3270 vita
3099 3216 3432 3272 damnatur.
3455 3218 3537 3273 De
3566 3235 3685 3292 qua

272 3302 514 3357 mundae
543 3286 837 3375 impuram
869 3310 1122 3360 mentem
1156 3286 1519 3376 perturbant,
1548 3308 1604 3360 et
1633 3304 1927 3377 spiritales
1956 3286 1999 3353 (ἶ
2039 3286 2442 3377 deprecatione
2462 3319 2694 3376 quoque
2712 3286 2924 3359 Paulus
2941 3304 3216 3360 admonet
3235 3305 3434 3361 dicens
3458 3324 3472 3362 :
3497 3286 3684 3365 Nolite

270 3390 661 3463 cogitationes
710 3398 935 3449 castam
982 3390 1239 3457 mentem
1288 3394 1674 3449 sanctificant.
1708 3396 1777 3449 Et
1823 3410 1924 3449 cu-

270 3478 496 3535 stodito
527 3481 724 3550 corde,
756 3482 927 3552 juxta
973 3483 1130 3554 quod
1177 3481 1482 3554 Scriptura
1525 3482 1669 3537 dicit
1701 3483 1927 3557 τοιηηί

266 3568 536 3625 custodia
564 3585 733 3626 serva
752 3585 856 3628 cor
883 3577 1069 3642 tuum,
1089 3571 1358 3643 quoniam
1386 3587 1462 3626 ea:
1495 3572 1620 3641 ipso
1642 3573 1758 3628 vita
1782 3588 1924 3644 pro-

265 3658 691 3729 cedit,necesse
709 3664 799 3715 est
811 3677 918 3716 nos
939 3661 1115 3716 etiam
1137 3677 1379 3732 corpora
1392 3659 1449 3714 in
1464 3660 1924 3717 sanctificatione

265 3752 330 3804 et
361 3747 654 3805 munditia
682 3750 996 3806 custodire.
1028 3749 1331 3806 Custodito
1361 3766 1614 3821 namque
1651 3754 1707 3805 et
1756 3767 1925 3805 mun-

266 3836 412 3893 dato
441 3854 475 3894 a
505 3837 665 3893 ﬂuxu
697 3836 938 3893 luxuriae
962 3854 1234 3915 ocorpore,
1282 3855 1520 3909 necesse
1550 3844 1638 3893 est
1676 3844 1741 3893 ut
1771 3840 1923 3894 bona

265 3941 450 3999 opera
461 3927 1081 3998 subsequantur,sicut
1098 3927 1384 3983 Dominus
1404 3928 1916 3999 praecepitdicens:

259 4015 398 4072 Sint
430 4016 609 4071 lumbi
633 4017 817 4073 vestri
844 4017 1143 4085 praeiucti
1181 4025 1237 4071 et
1288 4016 1536 4072 lacernae
1563 4018 1831 4073 ardentes
1861 4017 1921 4074 in

258 4100 536 4162 manibus
583 4106 790 4161 vestris
835 4106 993 4174 (Luc.
1046 4123 1148 4170 xu,
1199 4105 1308 4178 35).
1361 4105 1552 4178 (Hom.
1588 4105 1699 4179 13.]
1734 4128 1761 4157 α
1792 4106 1919 4162 Duo

260 4198 471 4250 autem
501 4199 641 4251 sunt
670 4211 797 4267 quas
819 4194 1189 4266 jubentur,et
1216 4194 1451 4250 lumbos
1472 4194 1839 4268 restringere,
1863 4200 1921 4251 et

256 4282 543 4340 lucernas
572 4287 860 4352 tenere,ut
888 4287 946 4340 et
973 4283 1267 4339 munditia
1294 4283 1371 4340 sit
1401 4284 1687 4339 castitatis
1717 4285 1776 4339 in
1799 4302 1917 4340 cor-

254 4389 427 4446 pore,
461 4375 519 4429 et
546 4371 745 4428 lumen
776 4372 1036 4429 veritatis
1060 4372 1120 4428 in
1153 4373 1504 4445 operatione.
1548 4373 1918 4446 ltedemptori

254 4460 484 4519 etenim
516 4466 715 4519 nostro
741 4479 925 4518 unum
943 4461 1070 4519 sine
1091 4462 1271 4519 altero
1294 4461 1520 4534 placere
1546 4479 1915 4534 nequaquam

252 4553 479 4624 potest,
498 4551 548 4607 si
580 4555 682 4606 aut
710 4551 761 4606 is
790 4549 890 4623 qui
924 4551 1075 4607 bona
1096 4549 1434 4623 agit,adhuc
1457 4549 1697 4604 luxuriae
1729 4550 1915 4621 inqui-

2028 3394 2315 3465 fraudare
2346 3393 2722 3463 iuvicem,nisi
2739 3393 2894 3463 forte
2922 3410 2998 3448 ea:
3025 3408 3301 3451 consensu
3327 3396 3405 3451 ad
3435 3404 3678 3466 tempus,

2032 3493 2097 3540 ut
2125 3484 2335 3540 vacetis
2363 3483 2668 3552 orationi(l
2686 3484 3057 3551 Cor.vu,5).»
3083 3486 3380 3550 Quatenus
3404 3487 3680 3544 mundio-

2033 3589 2124 3628 res
2155 3576 2212 3628 et
2235 3572 2407 3628 corde
2436 3576 2494 3627 et
2523 3588 2780 3644 corpore,
2811 3570 2994 3627 abluti
3018 3573 3196 3628 etiam
3234 3590 3406 3629 carne
3429 3579 3488 3631 et
3506 3576 3680 3632 vesti-

2030 3661 2143 3718 bus
2172 3677 2344 3733 aqua,
2373 3661 2446 3716 ad
2478 3659 2948 3715 communionem
2980 3661 3240 3733 corporis
3286 3666 3343 3718 et
3371 3664 3679 3736 sanguinis

2030 3750 2261 3806 Domini
2292 3749 2627 3819 veniant,ne
2659 3749 2784 3821 ipsa
2814 3749 3242 3805 inaestimabilis
3267 3752 3528 3822 mysterii
3560 3769 3680 3808 ma-

2028 3838 2335 3911 gnitudine
2354 3837 2838 3908 graventur.Nam
2857 3842 2913 3892 et
2933 3837 3217 3893 Dominus
3237 3837 3296 3892 in
3320 3839 3460 3894 Sina
3479 3844 3678 3897 monte

2028 3927 2343 4000 locuturus:
2361 3928 2431 3983 ad
2456 3925 2934 3998 populum,prius
2951 3926 3223 3981 eumdem
3245 3927 3525 3999 populum
3549 3929 3678 3986 abs-

2030 4019 2211 4073 tinere
2234 4034 2269 4073 a
2288 4015 2633 4072 mulieribus
2658 4014 2918 4087 praecipit
2937 4017 3141 4085 (Exod.
3163 4020 3304 4087 XIX),
3323 4020 3383 4072 et
3402 4017 3474 4072 ad
3496 4018 3677 4074 David

2028 4108 2099 4163 de
2131 4106 2328 4179 pueris
2358 4105 2484 4160 suis
2514 4121 2547 4159 ει
2576 4104 2875 4159 sacerdote
2925 4103 3159 4176 dicitur,
3212 4110 3276 4160 ut
3323 4105 3375 4161 si
3424 4104 3680 4162 mulieri-

2029 4197 2139 4251 bus
2170 4194 2376 4251 mundi
2408 4197 2623 4261 essent,
2660 4209 2840 4265 panes
2890 4192 3302 4264 propositionis
3351 4194 3679 4267 acciperent

2026 4289 2076 4352 (I
2109 4290 2242 4355 Reg.
2268 4299 2385 4349 XXI,
2418 4285 2472 4351 4)
2508 4299 2520 4336 :
2556 4299 2704 4354 quos
2733 4280 2971 4337 omnino
3017 4299 3134 4337 non
3179 4282 3529 4355 acciperent,
3562 4284 3676 4341 nisi

2026 4374 2191 4447 prius
2222 4372 2477 4427 mundos
2499 4388 2627 4427 esse
2648 4371 2825 4427 David
2850 4388 2883 4425 a
2900 4370 3248 4426 mulieribus
3270 4372 3678 4429 fateatur.0m-

2026 4480 2130 4518 nes
2162 4466 2358 4518 autem
2380 4461 2440 4515 in
2473 4459 3130 4530 cemmunionc,mundo
3161 4460 3332 4515 corde
3361 4465 3418 4517 et
3437 4478 3676 4534 corpore

2024 4550 2331 4623 purificato
2356 4549 2540 4605 sacris
2561 4547 2854 4621 mysteriis
2875 4548 3482 4616 assistentes,necesse
3503 4554 3591 4607 est
3611 4554 3677 4606 ut

252 4644 545 4696 namenta
574 4656 691 4696 non
713 4639 1056 4707 deserit,aut
1074 4639 1125 4696 is
1146 4638 1245 4711 qui
1269 4639 1535 4694 castitate
1556 4638 1914 4711 praeminet,
1948 4656 1993 4720 Ι)
2024 4640 2415 4712 nosmetipsos
2445 4639 2561 4694 Deo
2612 4638 2669 4691 in
2717 4636 2909 4693 cordis
2949 4637 3297 4694 contritione
3326 4643 3670 4709 mactemus,

251 4728 517 4785 necdum
567 4745 631 4784 se
675 4744 780 4801 per
826 4728 980 4784 bona
1022 4744 1199 4799 opera
1255 4731 1498 4783 exercet.
1532 4728 1648 4782 Nec
1678 4728 1917 4784 castitas
2026 4729 2164 4801 quia
2193 4730 2293 4801 qui
2327 4728 2620 4800 passionis
2650 4727 2964 4782 Dominicae
2986 4726 3264 4800 mysteria
3286 4727 3670 4794 celebramus,

250 4833 402 4890 ergo
433 4833 657 4894 magna
676 4821 764 4874 est
794 4817 920 4873 sine
950 4818 1102 4873 bono
1129 4834 1322 4890 opere,
1355 4834 1461 4873 nec
1510 4834 1658 4890 opus
1694 4818 1914 4873 bonum

248 4910 353 4964 est
381 4906 604 4979 aliquid
633 4907 761 4963 sine
791 4906 1078 4963 castitate.
1108 4928 1137 4958 »
1170 4907 1316 4975 Quid
1367 4907 1522 4963 enim
1556 4906 1639 4961 illi
1680 4908 1917 4979 prodest

247 4994 365 5069 qui
397 5012 459 5051 se
492 4995 722 5052 diabolo
743 5001 800 5051 et
830 5014 938 5052 sua
968 4996 1147 5052 donat
1170 4997 1307 5063 Deo,
1341 5014 1473 5051 cum
1507 4996 1797 5068 Spiritura
1827 4997 1913 5052 di-

248 5089 358 5142 cat
389 5102 403 5139 :
436 5085 718 5143 Miserere
744 5086 956 5143 anima!
985 5094 1097 5142 tuae
1124 5087 1355 5155 placens
1389 5085 1544 5140 Deo?
1566 5087 1758 5153 (Eccli.
1783 5103 1912 5152 xxx,

244 5177 377 5245 24.)
390 5174 800 5231 Misericordia:
830 5174 987 5232 enim
1018 5192 1196 5247 opera
1224 5174 1474 5247 quisque
1506 5191 1539 5229 a
1568 5191 1630 5230 se
1661 5173 1914 5247 incipere

245 5263 454 5333 debet,
488 5268 555 5320 ut
586 5263 749 5337 prius
780 5281 843 5321 se
874 5264 989 5321 Deo
1039 5268 1098 5321 et
1147 5268 1350 5336 postea
1377 5281 1485 5319 sua
1508 5264 1762 5319 Domino
1811 5262 1914 5318 tri-

246 5354 425 5421 buat,
468 5353 641 5425 juxta
682 5354 838 5427 quod
889 5353 1193 5426 Scriptura
1244 5352 1509 5425 przecipit
1551 5369 1563 5406 :
1598 5353 1829 5408 Declina
1875 5369 1913 5408 a

242 5443 414 5511 malo
444 5451 501 5499 et
529 5444 626 5514 [ac
654 5445 885 5512 bonum,
914 5452 972 5499 et
1001 5452 1136 5500 tunc
1182 5442 1527 5499 inhabitabis
1553 5443 1612 5497 in
1641 5443 1914 5498 sacculum

241 5532 455 5590 saeculi
506 5533 565 5589 ιη
618 5534 788 5591 domo
838 5534 1086 5605 Domini,
1119 5533 1179 5588 in
1235 5531 1649 5603 longitudinem
1683 5532 1912 5586 dierum

241 5624 440 5695 (Psal.
473 5639 666 5692 xxxw,
692 5626 807 5693 27).

324 5711 397 5779 Et.
428 5711 732 5777 Sciendum
756 5712 927 5772 nobis
941 5712 1195 5790 est,quia
1210 5729 1326 5770 non
1348 5709 1540 5771 solum
1564 5714 1653 5769 est
1671 5710 1911 5769 castitas

2026 4819 2309 4874 debemus
2340 4817 2555 4872 imitari
2590 4817 2742 4887 quod
2777 4815 3031 4888 agimus.
3068 4817 3231 4871 Tunc
3260 4832 3395 4888 ergo
3419 4831 3547 4871 vere
3567 4833 3671 4887 pro

2025 4907 2194 4962 nobis
2226 4906 2418 4961 hostia
2448 4907 2577 4974 erit,
2602 4922 2734 4960 cum
2769 4922 2874 4960 nos
2905 4905 3064 4976 ipsos
3093 4904 3345 4959 hostiam
3376 4904 3596 4959 fecerit.

2095 4997 2264 5065 (Dial.
2301 4995 2402 5051 lib.
2457 5012 2535 5064 IV,
2579 5012 2628 5048 c.
2679 4994 2795 5061 59.)
2832 5017 2857 5042 «
2893 4993 3003 5048 Sed
3035 4993 3185 5047 inter
3211 4993 3333 5047 haec
3364 4992 3670 5048 sciendum

2023 5090 2131 5155 est,
2160 5084 2300 5156 quia
2325 5083 2423 5139 ille
2454 5089 2605 5137 recte
2637 5082 2727 5137 sui
2767 5080 2962 5136 delicti
2993 5081 3217 5135 veniam
3260 5079 3535 5153 postulat,
3570 5081 3671 5153 qui

2026 5175 2192 5246 prius
2222 5174 2332 5228 hoc
2363 5173 2517 5245 quod
2551 5172 2609 5227 in
2642 5171 2769 5243 ipso
2802 5169 3162 5241 delinquitur
3192 5169 3428 5225 relaxat.
3454 5170 3672 5226 Munus

2024 5263 2181 5318 enim
2212 5280 2327 5318 non
2360 5262 2662 5333 accipitur,
2697 5259 2810 5314 nisi
2857 5262 2990 5314 ante
3040 5258 3332 5314 discordia
3370 5259 3441 5314 ab
3472 5260 3670 5317 animo

2023 5351 2294 5423 pellatur,
2317 5351 2543 5406 dicente
2572 5349 2825 5405 Veritate
2849 5365 2862 5403 :
2884 5348 2947 5402 Si
2967 5345 3145 5421 offers
3174 5364 3382 5404 munus
3412 5357 3572 5405 tuum
3595 5350 3673 5406 ad

2020 5443 2289 5507 altare,et
2312 5440 2391 5495 ibi
2418 5437 2758 5495 recordatus
2773 5438 2897 5507 [uer
2913 5436 2961 5491 is
2985 5436 3120 5509 quia
3131 5438 3328 5507 frater
3345 5446 3475 5494 tuus
3503 5440 3672 5496 habet

2022 5530 2242 5603 aliquid
2269 5529 2575 5585 adversum
2604 5537 2679 5595 te,
2714 5527 2973 5599 relinque
3002 5527 3083 5582 ibi
3109 5542 3317 5584 munus
3341 5535 3504 5585 tuum
3536 5537 3671 5586 ante

2018 5622 2291 5687 altare,et
2320 5618 2463 5679 vade
2490 5617 2656 5688 prius
2685 5616 3055 5672 reconciliari
3072 5616 3264 5688 fratri
3292 5626 3391 5675 tuo
3436 5629 3493 5675 et
3537 5628 3673 5676 tunc

2017 5710 2244 5769 veniens
2289 5708 2495 5787 offeres
2541 5722 2749 5765 munus
2795 5710 3018 5778 (Matth.
3067 5722 3125 5780 ν,
3164 5707 3277 5780 23).
3329 5709 3453 5777 Qua
3498 5709 3558 5770 iu
3608 5725 3670 5768 re
