4204 6474
353 515 474 586 913

1531 523 1636 586 DE
1676 523 2064 587 CAVENDIS
2105 521 2362 601 Vl'l‘liS,
2409 521 2580 586 ETG.

3643 523 3764 586 9M

349 649 583 716 damus.
601 653 790 714 Homo
818 671 1073 730 namque
1102 655 1162 712 in
1183 654 1451 714 libertate
1471 657 1720 731 propriae
1744 656 2004 715 voiunta-
2029 655 2088 724 Α
2115 657 2266 726 (Luc.
2301 675 2338 726 ι,
2369 657 2480 730 43).
2521 658 2592 714 Et
2639 657 2768 730 ipsa
2813 656 2976 729 virgo
3027 655 3363 729 concipiens
3407 653 3554 714 dixit
3586 671 3600 714 :
3631 655 3764 715 Ecce

350 745 429 804 tis
459 747 532 804 ad
565 745 746 820 vitam
780 746 1072 811 conditus,
1106 751 1312 820 sponte
1356 765 1466 804 sua
1502 747 1733 804 diabolo
1763 764 2005 804 consen-

349 834 524 905 tiens,
556 834 750 891 factus
775 837 866 891 est
892 833 1121 891 debitor
1163 835 1389 892 mortis.
1422 834 1679 892 Deienda
1716 851 1854 908 ergo
1884 839 2008 891 erat

348 921 488 981 talis
520 912 714 996 culpa,
745 923 846 980 sed
878 923 993 980 nisi
1023 939 1128 998 per
1157 923 1512 981 sacriﬁcium
1543 923 1719 980 deleri
1752 941 1868 980 non
1900 941 2005 996 po—

345 1009 518 1083 forat,
541 1014 600 1070 et
620 1027 727 1087 pro
757 1011 999 1070 homine
1015 1013 1288 1070 videlicet
1316 1017 1614 1086 peccatore
1635 1017 1692 1070 et
1713 1013 2002 1081 rationali,

348 1101 473 1158 nisi
497 1100 799 1159 rationalis
829 1102 1046 1172 hostia,
1067 1102 1126 1159 id
1163 1103 1478 1172 est-homo,
1503 1107 1561 1160 et
1592 1102 1717 1160 sine
1746 1107 2002 1176 peccato,

348 1190 454 1265 qui
483 1191 555 1248 de
585 1191 826 1248 homine
850 1190 1176 1264 assumpsit
1203 1196 1474 1248 naturam
1507 1209 1620 1246 non
1651 1191 1907 1264 culpam,
1932 1193 2006 1247 ad

348 1279 833 1338 mundationem
873 1279 1068 1338 oti‘erri
1113 1298 1228 1337 non
1278 1280 1486 1354 potuit.
1513 1281 1672 1337 Fecit
1718 1297 1854 1352 ergo
1904 1297 2006 1352 pro

349 1367 522 1427 nobis
553 1369 910 1426 sacrificium
933 1385 1146 1443 corpus
1173 1386 1372 1437 suum,
1393 1369 1658 1426 exhibuit
1680 1387 1782 1442 pro
1813 1387 2007 1442 pecca-

240 1520 260 1535 η
347 1455 579 1516 toribus
607 1457 910 1516 victimam
943 1457 1070 1514 sine
1115 1463 1371 1532 peccato,
1395 1475 1521 1532 quae
1552 1462 1610 1515 et
1639 1458 2006 1514 humanitate

346 1547 520 1617 mori,
547 1551 604 1604 et
635 1546 988 1620 injustitiam
1011 1548 1298 1604 mundare
1331 1547 1634 1622 potuisset.
1666 1546 1825 1602 Finis
1857 1547 2006 1602 scili-

345 1640 458 1710 cet,
493 1647 610 1692 non
661 1636 762 1710 qui
809 1637 1124 1705 consumit,
1159 1638 1258 1693 sed
1313 1637 1412 1710 qui
1466 1637 1707 1708 perfecit
1753 1651 1909 1705 cum,
1943 1636 2003 1692 in

344 1733 522 1782 eam
553 1724 846 1799 apparuit,
869 1729 928 1782 et
967 1726 1154 1782 factus
1205 1726 1478 1782 sacerdos
1509 1726 1570 1780 in
1599 1729 1882 1780 eternum
1914 1742 2002 1782 se-

341 1809 613 1872 cundum
643 1814 911 1871 ordinem
943 1813 1395 1881 Melchisedech,
1417 1818 1558 1870 tunc
1590 1831 1800 1870 novum
1834 1819 2005 1869 testa-

343 1903 637 1971 mentum,
662 1903 820 1977 quod
871 1903 1040 1960 nobis
1073 1903 1144 1960 de
1174 1919 1322 1976 pane
1351 1907 1410 1960 et
1438 1901 1570 1960 vino
1603 1920 1758 1976 aqua
1803 1905 2000 1970 misto,

343 1992 483 2066 ipso
503 1978 870 2050 sacrificante
893 1996 953 2050 et
979 1991 1306 2049 vivificante
1325 1997 1498 2065 atque
1519 1992 1914 2060 benedicente,
1941 1992 2000 2048 in

341 2087 484 2139 Vero
503 2089 744 2156 corpore
757 2083 822 2138 et
843 2081 1128 2156 sanguine
1150 2099 1257 2138 suo
1279 2081 1623 2154 mysterium
1645 2082 1998 2149 fidei,donec

345 2171 723 2246 Specieten'us
737 2170 929 2228 veniat
948 2170 1208 2242 tradidit,
1233 2170 1539 2228 manifeste
1560 2171 1838 2244 perficiet,
1863 2187 1996 2226 cum

345 2261 548 2336 aperte
574 2257 957 2334 diligentibus
996 2277 1078 2330 se,
1112 2259 1214 2332 qui
1259 2261 1584 2316 secundum
1632 2259 1996 2332 propositum

339 2349 546 2421 vocati
565 2352 707 2406 sunt
736 2348 944 2420 sancti,
977 2365 1080 2423 per
1127 2350 1475 2423 patefactam
1524 2349 1848 2420 majestatis
1879 2365 1996 2406 sua:

343 2433 603 2516 speciem
631 2439 1222 2513 ostendet,quomodo
1241 2438 1354 2512 ipsi
1376 2439 1638 2512 gignenti
1662 2455 1776 2494 non
1809 2438 1999 2510 impar

339 2524 590 2602 nitatur,
634 2531 694 2585 et
743 2528 1034 2604 quomodo
1081 2527 1388 2600 utriusque
1437 2527 1712 2599 Spiritus,
1765 2525 1998 2600 utrique

339 2621 672 2676 constemus
707 2633 774 2674 ac
822 2615 1362 2684 consubstantialis,
1397 2614 1575 2672 simul
1624 2616 1696 2672 ab
1750 2619 1998 2686 utroque

338 2707 621 2788 procedat
651 2723 666 2763 :
697 2706 993 2784 quomodo
1024 2705 1076 2763 is
1119 2705 1221 2778 qui
1270 2705 1509 2762 oriendo
1539 2723 1574 2760 a
1606 2704 1774 2760 Patre
1801 2708 1910 2770 est,
1945 2703 1994 2758 ei

337 2790 414 2856 de
444 2808 559 2872 quo
589 2795 782 2853 oritur
800 2795 1170 2868 subsequens
1197 2811 1312 2850 non
1344 2799 1433 2850 est
1456 2810 1470 2848 :
1495 2794 1787 2866 quomodo
1817 2792 1867 2848 is
1893 2793 1993 2864 qui

339 2887 714 2962 proscissione
742 2885 1104 2958 producitur,
1136 2901 1173 2940 a
1203 2883 1632 2958 proferentibus
1671 2899 1787 2938 non
1827 2881 1994 2954 praei-

337 2970 460 3045 tur.
481 2971 783 3044 Quomodo
806 2977 863 3031 et
884 2989 1070 3029 unum
1096 2971 1464 3028 divisibiliter
1481 2970 1596 3026 tria
1619 2971 1758 3040 sint,
1774 2975 1832 3025 et
1854 2968 2000 3025 indi-

339 3059 651 3122 tisibiiiter
668 3062 782 3118 tria
802 3077 986 3118 unum
1013 3079 1030 3118 :
1051 3061 1152 3118 sed
1175 3059 1604 3116 humanitatem
1624 3075 1770 3114 verae
1803 3059 1998 3115 carnis

341 3153 616 3222 animata:
639 3151 905 3209 rationali
929 3151 1148 3222 anima,
1171 3167 1289 3206 una
1311 3165 1510 3205 secum
1533 3149 1606 3204 de
1627 3147 1847 3221 Spiritu
1871 3164 2000 3204 san-

341 3238 528 3300 c‘toet
565 3239 736 3298 beata
782 3241 966 3298 Maria
1012 3255 1246 3314 semper
1291 3237 1548 3312 Virgine,
1569 3237 1630 3293 in
1675 3236 1998 3293 visceribus

321 3331 482 3406 .ejus
508 3327 580 3388 de
609 3341 783 3388 carne
812 3331 1000 3404 ipsius
1022 3331 1384 3401 conceptam,
1409 3330 1468 3383 et
1493 3343 1627 3382 mox
1651 3329 1916 3382 sanetam
1938 3326 1998 3380 in

345 3415 648 3478 civitatem
681 3400 1068 3492 assumptum,
1101 3400 1220 3474 suae
1260 3433 1540 3490 personae,
1574 3415 1676 3488 qui
1707 3414 1834 3472 sine
1881 3414 2000 3470 ullo
2031 3400 2075 3467 C

346 3500 528 3566 initio
569 3504 860 3582 perfectus
911 3505 1091 3576 Deus,
1139 3505 1486 3580 Unigenitus
1533 3503 1772 3578 aequalis
1822 3503 1998 3572 Patri,

347 3593 649 3673 perfectus
675 3597 852 3655 homo
879 3594 943 3652 in
972 3595 1089 3654 ﬁne
1127 3594 1474 3653 saeculorum
1511 3597 1686 3650 natus
1715 3597 1824 3660 est,
1846 3608 2002 3648 unus

347 3681 645 3757 Christus,
674 3701 848 3742 verus
895 3685 1079 3743 Filius
1126 3681 1250 3751 Dei,
1293 3699 1396 3756 per
1447 3687 1679 3760 uterum
1737 3682 2002 3754 ejusdem

347 3770 632 3849 Virginis,
656 3787 785 3849 quae
805 3771 1019 3832 ancilla
1047 3778 1139 3832 est
1171 3771 1360 3848 ipsius
1388 3771 1647 3828 hominis
1679 3789 1782 3844 per
1803 3769 2006 3826 divini-

347 3867 558 3936 tatem,
580 3868 640 3922 et
666 3868 855 3921 mater
872 3862 1045 3920 Verbi
1066 3879 1170 3936 per
1206 3876 1439 3918 carnem
1464 3861 1672 3929 (Morel.
1707 3860 1810 3915 lib.
1840 3875 2000 3928 xvm,

347 3970 403 4011 ε.
448 3948 636 4026 2⁸ηεα
671 3952 776 4010 Cui
829 3955 894 4008 ut
940 3953 1230 4024 scriptum
1282 3955 1372 4006 est
1403 3966 1416 4004 :
1449 3950 1568 4005 Non
1624 3948 2006 4020 adzequabitur

348 4043 636 4118 rapusz
653 4043 720 4099 de
743 4042 1020 4114 ΑΞιῙιὶορία
1039 4041 1155 4106 (Job
1174 4055 1371 4106 xxvm,
1399 4039 1504 4111 19).
1529 4038 1814 4104 Quoniam
1845 4037 2005 4092 aliud

347 4136 444 4190 est
491 4135 662 4188 natos
712 4129 982 4188 homines
1034 4129 1288 4204 gratiam
1345 4127 1674 4199 adOptionis
1721 4125 2002 4198 accipere,

349 4219 521 4280 aliud
549 4230 732 4279 unum
777 4219 1160 4295 singulariter
1185 4235 1289 4292 per
1316 4215 1635 4274 divinitatis
1684 4215 2006 4288 potentiam

350 4305 551 4366 Deum
575 4309 643 4365 ei:
671 4307 800 4382 ipso
840 4311 1123 4382 conceptu
1169 4305 1603 4379 prodisseznec
1653 4303 1870 4376 (aquari
1900 4320 2006 4376 po-

349 4386 474 4452 test
502 4382 704 4470 gloriae
728 4393 1026 4470 Unigeniti
1061 4391 1276 4450 habita:
1324 4407 1428 4466 per
1471 4396 1744 4448 naturam
1773 4392 1846 4448 ab
1877 4390 2010 4447 aliis

353 4488 599 4558 accepta
617 4490 728 4558 per
745 4483 1017 4563 gratiam.
1039 4479 1323 4539 Mediator
1341 4481 1558 4554 quippe
1579 4479 1680 4536 Dei
1709 4484 1884 4552 atque
1912 4479 2010 4536 ho-

351 4571 596 4630 minum
612 4572 790 4629 homo
809 4571 1080 4628 Ghristns
1101 4571 1295 4640 Jesus,
1317 4587 1432 4626 non
1455 4573 1543 4626 est
1563 4567 1708 4624 alter
1725 4567 1785 4623 in
1808 4568 2012 4624 huma-

351 4661 562 4730 nitate,
585 4661 736 4718 alter
760 4661 822 4718 in
853 4661 1068 4718 deitate
1089 4676 1103 4716 :
1127 4659 1267 4732 quia
1299 4675 1412 4715 non
1453 4673 1638 4730 purus
1668 4656 1842 4713 homo
1873 4673 2008 4714 con-

2112 749 2321 806 aucilla
2368 749 2608 820 Domini,
2637 749 2736 822 ﬁat
2789 747 2934 804 mihi
2987 747 3285 804 secundum
3335 749 3559 812 verbum
3605 754 3764 824 tum

2115 839 2302 909 (ibid,
2321 841 2432 906 38).
2459 839 2528 894 Et
2548 839 2816 909 quamvis
2847 837 2972 909 ipse
3000 835 3159 895 aliud
3189 852 3258 892 ex
3290 836 3473 903 Patre,
3504 835 3664 897 aliud
3694 853 3764 893 ex

2112 927 2374 1000 Virgine,
2405 928 2506 983 sed
2539 927 2664 1000 ipse
2692 931 2782 983 est
2819 931 3069 982 aeternus
3119 941 3188 980 cx
3233 924 3420 991 Patre,
3453 924 3580 996 ipse
3607 929 3760 981 tem-

2114 1017 2332 1090 poralis
2360 1034 2429 1072 ex
2456 1021 2662 1084 matre,
2695 1017 2821 1088 ipse
2853 1015 2950 1088 qui
2986 1015 3140 1082 fecit,
3165 1013 3288 1085 ipse
3310 1012 3407 1084 qui
3443 1013 3632 1070 factus
3652 1017 3760 1082 est,

2114 1105 2239 1178 ipse
2273 1105 2574 1178 speciosus
2605 1121 2719 1176 prae
2750 1104 2889 1160 filiis
2911 1103 3218 1160 hominum
3250 1117 3354 1174 per
3377 1099 3762 1169 divinitatem,

2117 1199 2174 1250 et
2204 1195 2327 1267 ipse
2349 1195 2421 1250 de
2459 1211 2575 1265 quo
2596 1193 2816 1248 dictum
2839 1197 2926 1249 est
2951 1211 2963 1248 :
2992 1192 3236 1248 Vidimus
3272 1206 3416 1256 eum,
3441 1197 3630 1246 etnon
3650 1199 3770 1246 erat

2114 1291 2376 1356 aspectus,
2407 1291 2458 1340 et
2486 1300 2597 1338 non
2631 1291 2708 1338 est
2751 1284 2804 1338 ei
2843 1284 3064 1354 species,
3083 1296 3256 1352 neque
3300 1279 3459 1336 decor
3484 1279 3612 1348 (Im.
3645 1294 3764 1345 Lm,

2113 1377 2195 1442 2),
2219 1390 2322 1446 per
2342 1373 2790 1429 humanitatem.
2818 1373 2946 1444 ipsc
2972 1375 3105 1426 ante
3131 1368 3341 1424 saecula
3361 1368 3432 1424 de
3453 1367 3620 1423 Patre
3639 1366 3766 1423 sine

2115 1467 2320 1528 matre,
2349 1462 2471 1534 ipse
2503 1463 2560 1516 in
2590 1463 2702 1518 fine
2722 1459 3068 1517 saeculorum
3091 1459 3163 1514 de
3192 1461 3377 1513 matre
3404 1455 3530 1513 sine
3551 1459 3760 1529 patre:

2113 1551 2239 1624 ipse
2269 1551 2588 1608 conditoris
2610 1549 2916 1622 templum,
2939 1549 3064 1623 ipse
3085 1547 3352 1604 conditor
3370 1543 3578 1618 templi
3601 1562 3614 1600 :
3639 1544 3766 1616 i‘pse

2113 1645 2316 1696 auctor
2348 1639 2560 1712 operis,
2585 1640 2710 1712 ipse
2739 1656 2888 1712 opus
2918 1637 3174 1694 auctoris
3199 1653 3212 1692 :
3237 1649 3482 1692 manens
3511 1647 3666 1690 unus
3697 1645 3767 1688 ex

2115 1733 2362 1800 utraque
2388 1733 2445 1784 et
2465 1729 2524 1783 in
2543 1732 2789 1800 utraque
2807 1730 3036 1798 natura,
3049 1743 3155 1781 nec
3175 1729 3516 1780 naturarum
3535 1721 3766 1794 copuia-

2116 1819 2274 1874 tione
2295 1817 2594 1884 confusus,
2621 1834 2726 1872 nec
2749 1821 3091 1872 naturarum
3115 1813 3488 1870 distinctione
3507 1810 3764 1886 gemina-

2113 1911 2230 1963 tus.
2257 1930 2285 1958 »
2312 1909 2376 1963 in
2409 1911 2622 1963 natura
2651 1905 2972 1962 divinitatis
3003 1903 3245 1977 aequalis
3267 1908 3325 1960 et
3351 1905 3672 1958 coaeternus
3693 1913 3760 1956 ac

2113 1995 2633 2054 consubstantiaiis
2665 1994 2816 2052 Patri
2849 1999 2907 2050 et
2937 1993 3176 2068 Spiritui
3207 1995 3438 2060 sancto;
3458 1991 3517 2046 in
3549 1987 3762 2046 natura

2107 2086 2500 2142 humanitatis
2527 2085 2851 2141 minoratus
2876 2083 3050 2157 paulo
3083 2083 3280 2138 minus
3311 2081 3383 2136 ab
3415 2077 3673 2152 angelis:
3699 2078 3759 2132 in

2109 2193 2225 2248 qua
2247 2175 2604 2247 resurgendo
2627 2191 2662 2230 a
2680 2173 2928 2230 mortuis
2945 2172 3130 2246 gloria
3145 2176 3200 2227 et
3215 2171 3432 2227 honore
3447 2170 3760 2224 coronatas

2108 2267 2216 2330 est,
2241 2268 2300 2318 et
2323 2263 2679 2318 constitutus
2701 2279 2879 2335 super
2907 2260 3107 2318 omnia
3135 2275 3312 2332 opera
3339 2269 3629 2312 manuum
3651 2253 3760 2310 Pd-

2107 2353 2238 2423 tris,
2253 2357 2308 2408 ct
2327 2353 2462 2407 data
2481 2357 2568 2408 est
2590 2351 2640 2406 ei
2663 2351 2856 2406 omnis
2887 2353 3143 2422 potestas
3173 2348 3230 2402 in
3255 2345 3398 2401 coelo
3417 2349 3476 2400 et
3504 2343 3563 2398 in
3584 2345 3763 2411 terra,
3785 2399 3797 2419 ,

2107 2447 2166 2498 et
2193 2440 2550 2498 clariﬁcatus
2582 2445 2670 2496 est
2715 2439 2979 2495 claritate
3018 2437 3136 2504 illa,
3161 2453 3343 2507 quam
3368 2432 3430 2488 in
3461 2431 3763 2488 divinitate

2109 2531 2320 2586 habuit
2349 2531 2501 2602 apud
2539 2530 2765 2584 Patrem
2807 2527 3149 2599 priusquam
3193 2523 3450 2579 mundus
3482 2521 3662 2584 fieret,
3695 2523 3762 2574 uti

2107 2619 2317 2674 iisdem
2350 2618 2728 2674 dilectoribus
2759 2616 2885 2672 suis
2915 2613 3106 2686 palam
3131 2612 3481 2678 ostenderet,
3506 2623 3645 2664 cum
3663 2607 3760 2664 abi-

2109 2713 2307 2780 sorpta
2336 2711 2490 2762 esset
2519 2724 2677 2762 mors
2710 2706 2768 2760 in
2798 2703 3057 2770 victoria,
3083 2701 3327 2757 mortale
3355 2699 3464 2754 hoc
3488 2701 3756 2753 nostrum

2108 2797 2350 2852 induere
2381 2795 2879 2851 immortalitatem
2913 2795 2985 2848 ad
3012 2808 3181 2848 suam
3215 2786 3510 2845 felioitati’s
3539 2785 3756 2858 sempi-

2106 2889 2283 2940 ternae
2307 2884 2748 2941 beatitudinem.
2773 2883 2912 2954 Ejus
2942 2879 3321 2937 beatitudinis
3354 2873 3644 2953 perpetuate
3667 2874 3756 2930 fe-

2107 2974 2390 3030 licitatem
2421 2973 2591 3029 anxie
2631 2971 2994 3045 suspirantes
3024 2974 3082 3026 et
3111 2967 3472 3032 anhelantes,
3507 2962 3754 3037 ingemi~

2107 3064 2330 3119 scimus
2362 3063 2581 3137 gravati
2615 3063 2672 3117 in
2704 3063 2815 3117 hoc
2857 3057 3250 3126 tabernaculo,
3283 3055 3568 3111 habentes
3597 3052 3756 3108 hunc

2106 3152 2240 3208 fidei
2275 3157 2332 3208 et
2363 3151 2486 3224 spei
2517 3169 2584 3207 ac
2616 3149 2942 3206 dilectionis
2973 3148 3318 3204 thesaurum
3351 3143 3413 3199 in
3431 3139 3758 3198 vasisﬁ'cti-

2107 3241 2283 3298 libus.
2309 3241 2473 3298 Unde
2502 3239 2673 3296 nobis
2719 3257 2822 3312 per
2871 3239 3220 3310 Prophetam
3272 3229 3756 3289 dicitur:€onstt-

2107 3333 2240 3387 tuite
2267 3331 2412 3386 diem
2430 3331 2725 3386 solemnem
2755 3330 2815 3384 in
2844 3323 3469 3398 confrequentationibus
3491 3329 3660 3392 usque
3687 3316 3758 3374 ad

2109 3437 2279 3476 conm
2308 3421 2508 3475 altaris
2529 3418 2700 3488 (Psal.
2737 3434 2900 3483 cxvii,
2921 3418 3035 3485 27).
3060 3413 3194 3469 Dies
3216 3408 3502 3467 solemnis
3525 3409 3616 3464 est
3642 3405 3756 3462 Βδε-

2110 3508 2270 3564 mino
2301 3505 2673 3579 compunctio
2715 3505 2908 3561 cordis
2957 3501 3162 3558 nostri.
3196 3499 3307 3556 Sed
3359 3502 3500 3554 tunc
3528 3495 3588 3551 in
3619 3511 3754 3551 con-

2111 3595 2676 3669 frequentatiouibus
2696 3595 2822 3650 dies
2843 3590 3120 3648 solemnis
3138 3587 3674 3652 constituitur,cum
3696 3583 3758 3638 in

2111 3686 2402 3758 iacrymas
2432 3683 2648 3740 amoris
2678 3685 2807 3754 ejus
2841 3679 3076 3737 assidue
3107 3694 3272 3734 mens
3303 3674 3566 3732 solvitur.
3592 3673 3665 3727 At
3685 3685 3758 3727 ne

2113 3774 2448 3841 morientes,
2474 3773 2520 3828 si
2549 3789 2662 3826 non
2685 3769 2976 3826 diceretur
3004 3765 3265 3840 quandiu
3295 3763 3412 3819 ista
3439 3758 3626 3817 acturi
3657 3773 3757 3815 su-

2112 3880 2268 3932 mus,
2292 3861 2668 3918 tribulatione
2693 3859 3078 3923 afﬂccrcmur,
3102 3854 3258 3909 illico
3279 3849 3596 3908 terminum
3619 3862 3756 3920 quo-

2113 3968 2300 4024 usque
2323 3950 2446 4006 [ἴοι-ἰ
2477 3949 2684 4004 debeat
2716 3945 3022 4018 subjungit
3050 3943 3270 4010 dicens,
3293 3955 3464 4013 usque
3489 3937 3561 3994 ad
3589 3945 3759 4024 om

2113 4023 2327 4096 altaris.
2351 4041 2540 4094 Cornu
2572 4036 2786 4108 quippe
2817 4034 3020 4090 altaris
3057 4037 3147 4088 cst
3176 4029 3448 4086 exultatio
3489 4023 3759 4083 sacriﬁcii

2114 4127 2426 4196 interioris,
2453 4127 2550 4182 ubi
2576 4144 2709 4182 eum
2731 4124 3088 4189 venerimus,
3109 4122 3234 4194 jam
3261 4117 3423 4174 nulla
3443 4113 3760 4172 necessitas

2115 4218 2228 4274 erit
2259 4221 2322 4272 ut
2351 4216 2671 4273 solemnem
2703 4214 2858 4270 diem
2883 4211 3129 4268 Domino
3151 4211 3220 4265 de
3253 4211 3455 4263 nostra
3476 4204 3761 4261 lamenttb

2113 4306 2269 4364 tione
2299 4305 2603 4362 faciamus.
2627 4305 2711 4359 Ad
2735 4303 2890 4376 quod
2918 4301 3099 4358 altare
3147 4295 3440 4354 interioris
3489 4289 3763 4350 sacrificii

2117 4413 2232 4452 non
2257 4393 2480 4452 accedit
2501 4393 2612 4450 nisi
2637 4391 2946 4465 justus,ad
2971 4389 3127 4462 quod
3159 4387 3255 4442 ille
3283 4383 3550 4458 pervenit
3565 4381 3667 4455 qui
3689 4379 3763 4437 ad

2117 4485 2273 4540 istud
2298 4500 2552 4556 prmsens
2573 4487 2629 4538 et
2645 4481 2870 4536 visibile
2891 4478 3112 4535 accedit
3131 4475 3318 4550 gratia
3345 4472 3450 4530 Dei
3469 4471 3763 4546 justiﬁes-

2117 4578 2236 4640 tus,
2257 4577 2314 4628 et
2343 4571 2462 4627 illic
2494 4571 2746 4626 inveniet
2766 4569 2946 4625 vitam
2977 4584 3170 4636 suam,
3193 4565 3296 4638 qui
3325 4563 3399 4620 ad
3421 4561 3578 4619 istud
3601 4571 3764 4618 acce-

2119 4663 2262 4718 dens
2285 4661 2621 4718 discreverit
2641 4675 2880 4716 causam
2915 4673 3105 4724 suam,
3120 4655 3277 4712 unde
3297 4653 3673 4725 dispensatur
3689 4648 3767 4704 vi-

352 4754 571 4824 ceptus
615 4752 794 4824 atque
839 4749 1052 4820 editus,
1091 4752 1225 4839 post
1271 4761 1372 4820 per
1419 4747 1694 4839 meritum
1727 4750 1811 4839 ut
1856 4747 2011 4839 Deus
2043 4775 2090 4839 ι)
2119 4751 2299 4808 ctima
2324 4749 2751 4821 salutaris,qua
2780 4747 3034 4804 deletum
3074 4749 3165 4801 est
3192 4743 3398 4839 debitae
3440 4737 3765 4839 damnatio:

355 4844 520 4898 esset
548 4841 802 4913 accepit;
851 4839 954 4896 sed
1002 4837 1309 4894 nuntiante
1339 4834 1566 4908 angelo,
1589 4839 1645 4891 et
1675 4835 2014 4894 adveniente

357 4929 606 5004 Spiritu,
635 4945 770 4985 mox
805 4928 1062 4984 Verbum
1112 4927 1173 4982 in
1224 4929 1410 4995 utero,
1435 4941 1570 4981 mox
1601 4925 1755 4980 intra
1785 4930 2016 4984 uterum

361 5017 622 5076 Verbum
653 5031 808 5086 caro,
831 5021 890 5073 et
937 5019 1210 5073 manente
1240 5013 1706 5071 incommutabiii
1737 5017 2014 5087 essentia,

359 5119 494 5182 quis
522 5107 580 5164 ei
605 5121 742 5164 cum
783 5106 951 5163 Patre
980 5108 1038 5162 et
1075 5119 1212 5162 cum
1240 5105 1442 5160 sancto
1482 5101 1703 5176 Spiritu
1734 5108 2019 5162 coaeterna

359 5200 478 5267 est,
513 5197 844 5270 assumpsit
886 5195 1041 5252 intra
1067 5192 1326 5267 Virginis
1367 5193 1608 5261 viscera,
1633 5193 1790 5250 unde
1820 5198 1880 5250 et
1906 5194 2016 5251 im-

359 5283 668 5362 possibilia
698 5285 924 5360 pati,.et
949 5282 1302 5340 immortalis
1333 5281 1502 5348 mori,
1525 5285 1584 5336 et
1612 5285 1866 5340 aeternus
1885 5288 2018 5341 ante

361 5374 590 5434 metria
611 5371 952 5447 ternpora‘iis
995 5375 1194 5447 posset
1229 5385 1356 5428 esse
1387 5369 1448 5426 in
1479 5371 1593 5426 ﬁne
1621 5371 1968 5429 saeculorum
2003 5391 2016 5429 :

363 5466 434 5523 dt
463 5468 572 5538 pelII
595 5463 892 5522 ineﬂ'abile
920 5465 1378 5533 sacramentum,
1401 5464 1683 5532 conceptu
1717 5466 1941 5532 sancto,
1964 5467 2022 5520 et

361 5558 540 5628 partu
562 5551 907 5622 inviolabili,
933 5552 1256 5609 secundum
1277 5549 1578 5606 veritatem
1603 5549 1904 5622 utriusque
1927 5570 2023 5608 na-

365 5645 515 5702 tum
567 5643 774 5700 eadem
801 5641 998 5716 Virgo,
1027 5645 1092 5698 ut
1138 5639 1416 5708 diximus,
1438 5643 1496 5694 et
1531 5636 1745 5693 ancilia
1791 5643 2020 5698 Domini

365 5734 530 5791 esset
556 5737 616 5788 et
643 5734 853 5789 mater.
879 5724 974 5788 Sic
995 5731 1213 5804 quippe
1242 5728 1294 5785 ei
1333 5728 1407 5785 ab
1449 5725 1742 5784 Eiizabelh
1765 5728 2017 5789 dicitur:

373 5820 532 5880 vade
551 5821 650 5880 hoc
676 5820 939 5891 mihimet
975 5822 1162 5879 veniat
1183 5825 1359 5875 mater
1385 5817 1605 5875 Domini
1639 5819 1762 5873 ‘mei
1795 5819 1866 5875 ad
1891 5837 1978 5878 me
2001 5825 2024 5878 ?

2125 4840 2217 4896 nis
2237 4858 2304 4896 ac
2326 4837 2752 4895 malcdictionis
2769 4842 2977 4893 nostra:
2995 4830 3449 4906 chirographum
3467 4827 3622 4900 quod
3641 4825 3768 4880 erat

2125 4929 2482 4986 contrarium
2505 4929 2696 4998 nobis,
2718 4932 2775 4983 et
2794 4925 3191 4997 triumphatus
3211 4925 3300 4976 est
3317 4917 3506 4974 hostis
3527 4926 3766 4986 compu-

2124 5023 2258 5076 tans
2307 5024 2508 5075 nostra
2552 5023 2806 5092 peccata,
2835 5019 2892 5072 et
2933 5028 3198 5086 quaerens
3237 5008 3377 5082 quid
3425 5003 3682 5077 objiciet,

2127 5109 2275 5165 nihil
2306 5089 2606 5166 inveniens
2635 5107 2696 5162 in
2718 5106 2817 5162 illo
2837 5105 2897 5161 in
2919 5119 3034 5176 quo
3054 5098 3364 5166 vincimus,
3386 5094 3692 5152 credentes
3709 5089 3770 5146 in

2125 5215 2262 5254 eum
2295 5199 2394 5271 qui
2427 5215 2530 5272 pro
2563 5196 2730 5253 nobis
2749 5191 3111 5251 debitoribus
3141 5187 3368 5254 mortis,
3387 5181 3595 5272 mortis
3615 5179 3773 5272 debi-

2125 5291 2255 5344 tum
2287 5269 2447 5362 quod
2473 5304 2588 5343 non
2612 5285 2855 5342 debebat
2886 5279 3147 5348 exsolvit,
3171 5277 3400 5334 solvens
3429 5269 3770 5329 inimicitias

2129 5395 2276 5450 quas
2306 5377 2597 5450 peccando
2618 5372 3016 5432 contraximus
3038 5371 3094 5426 in
3119 5384 3291 5424 carne
3311 5383 3440 5434 sua,
3462 5363 3656 5418 bonus
3678 5373 3776 5434 pa-

2130 5449 2256 5526 stor
2285 5449 2542 5525 animam
2574 5482 2741 5523 suam
2780 5480 3004 5537 ponens
3055 5479 3158 5534 pro
3188 5458 3393 5516 ovibus
3440 5451 3587 5520 suis,
3619 5455 3686 5507 ut
3713 5449 3774 5506 id

2131 5561 2496 5615 sacramento
2527 5561 2725 5612 nostro
2756 5571 2968 5627 corpus
2999 5558 3056 5608 et
3083 5547 3429 5622 sanguinem
3459 5558 3634 5601 suum
3655 5557 3777 5598 ver-

2130 5651 2298 5717 teret,
2322 5652 2378 5704 et
2407 5664 2540 5704 oves
2570 5661 2718 5718 quas
2757 5644 3082 5701 redemerat
3111 5639 3303 5698 carnis
3335 5653 3453 5695 suae
3493 5631 3774 5692 alimento

2131 5737 2388 5795 satiaret.
