  <div class='ocr_page' id='page_1' title='image "/cluster/home/n/w/nwhite01/storage/ocr_20150623/125/umn.31951002477418t/502.png"; bbox 0 0 4204 6456; ppageno 0'>
   <div class='ocr_carea' id='block_1_1' title="bbox 315 481 444 546">
    <p class='ocr_par' dir='ltr' id='par_1_1' title="bbox 315 481 444 546">
     <span class='ocr_line' id='line_1_1' title="bbox 315 481 444 546; baseline -0.039 0"><span class='ocrx_word' id='word_1_1' title='bbox 315 481 444 546; x_wconf 76' lang='grc'>917</span> 
     </span>
    </p>
   </div>
   <div class='ocr_carea' id='block_1_2' title="bbox 1495 481 2558 560">
    <p class='ocr_par' dir='ltr' id='par_1_2' title="bbox 1495 481 2558 560">
     <span class='ocr_line' id='line_1_2' title="bbox 1495 481 2558 560; baseline -0.002 -13"><span class='ocrx_word' id='word_1_2' title='bbox 1495 485 1600 548; x_wconf 86' lang='lat' dir='ltr'>DE</span> <span class='ocrx_word' id='word_1_3' title='bbox 1645 483 2038 548; x_wconf 81' lang='lat' dir='ltr'>CAVENDIS</span> <span class='ocrx_word' id='word_1_4' title='bbox 2081 481 2340 560; x_wconf 80' lang='lat' dir='ltr'>VITIIS,</span> <span class='ocrx_word' id='word_1_5' title='bbox 2387 484 2558 548; x_wconf 86' lang='lat' dir='ltr'>ETC.</span> 
     </span>
    </p>
   </div>
   <div class='ocr_carea' id='block_1_3' title="bbox 3610 485 3730 549">
    <p class='ocr_par' dir='ltr' id='par_1_3' title="bbox 3610 485 3730 549">
     <span class='ocr_line' id='line_1_3' title="bbox 3610 485 3730 549; baseline -0.017 0"><span class='ocrx_word' id='word_1_6' title='bbox 3610 485 3730 549; x_wconf 80' lang='lat'>918</span> 
     </span>
    </p>
   </div>
   <div class='ocr_carea' id='block_1_4' title="bbox 311 613 3724 694">
    <p class='ocr_par' dir='ltr' id='par_1_4' title="bbox 311 613 3724 694">
     <span class='ocr_line' id='line_1_4' title="bbox 311 613 3724 694; baseline 0.001 -19"><span class='ocrx_word' id='word_1_7' title='bbox 311 621 394 676; x_wconf 83' lang='lat' dir='ltr'>est</span> <span class='ocrx_word' id='word_1_8' title='bbox 414 615 582 690; x_wconf 82' lang='lat' dir='ltr'>panis</span> <span class='ocrx_word' id='word_1_9' title='bbox 610 617 710 691; x_wconf 88' lang='lat' dir='ltr'>qui</span> <span class='ocrx_word' id='word_1_10' title='bbox 733 613 800 674; x_wconf 87' lang='lat' dir='ltr'><strong><em>de</em></strong></span> <span class='ocrx_word' id='word_1_11' title='bbox 825 623 956 675; x_wconf 62' lang='lat' dir='ltr'>cato</span> <span class='ocrx_word' id='word_1_12' title='bbox 983 614 1258 676; x_wconf 70' lang='lat' dir='ltr'>descendit</span> <span class='ocrx_word' id='word_1_13' title='bbox 1287 635 1300 676; x_wconf 89' lang='lat'><strong>:</strong></span> <span class='ocrx_word' id='word_1_14' title='bbox 1333 619 1433 694; x_wconf 88' lang='lat' dir='ltr'>qui</span> <span class='ocrx_word' id='word_1_15' title='bbox 1473 617 1770 676; x_wconf 82' lang='lat' dir='ltr'>manducet</span> <span class='ocrx_word' id='word_1_16' title='bbox 1821 619 1966 676; x_wconf 82' lang='lat' dir='ltr'>hunc</span> <span class='ocrx_word' id='word_1_17' title='bbox 1991 620 2050 688; x_wconf 77' lang='grc' dir='ltr'><strong>Α</strong></span> <span class='ocrx_word' id='word_1_18' title='bbox 2077 618 2266 678; x_wconf 88' lang='lat' dir='ltr'>locum</span> <span class='ocrx_word' id='word_1_19' title='bbox 2288 621 2353 676; x_wconf 89' lang='lat' dir='ltr'>in</span> <span class='ocrx_word' id='word_1_20' title='bbox 2375 629 2432 677; x_wconf 90' lang='lat' dir='ltr'>te</span> <span class='ocrx_word' id='word_1_21' title='bbox 2457 618 2685 678; x_wconf 77' lang='lat' dir='ltr'>latendi</span> <span class='ocrx_word' id='word_1_22' title='bbox 2712 619 2934 678; x_wconf 87' lang='lat' dir='ltr'>clamor</span> <span class='ocrx_word' id='word_1_23' title='bbox 2965 635 3121 677; x_wconf 83' lang='lat' dir='ltr'>meus</span> <span class='ocrx_word' id='word_1_24' title='bbox 3147 621 3276 691; x_wconf 80' lang='lat' dir='ltr'>(Job</span> <span class='ocrx_word' id='word_1_25' title='bbox 3295 638 3409 692; x_wconf 73' lang='lat' dir='ltr'>xvr,</span> <span class='ocrx_word' id='word_1_26' title='bbox 3440 619 3548 693; x_wconf 87' lang='grc'><strong>19).</strong></span> <span class='ocrx_word' id='word_1_27' title='bbox 3581 619 3724 679; x_wconf 86' lang='lat' dir='ltr'>Pec-</span> 
     </span>
    </p>
   </div>
   <div class='ocr_carea' id='block_1_5' title="bbox 308 707 1969 782">
    <p class='ocr_par' dir='ltr' id='par_1_5' title="bbox 308 707 1969 782">
     <span class='ocr_line' id='line_1_5' title="bbox 308 707 1969 782; baseline 0.002 -20"><span class='ocrx_word' id='word_1_28' title='bbox 308 723 512 781; x_wconf 82' lang='lat' dir='ltr'>panem</span> <span class='ocrx_word' id='word_1_29' title='bbox 539 707 680 764; x_wconf 83' lang='lat' dir='ltr'>vivet</span> <span class='ocrx_word' id='word_1_30' title='bbox 706 708 768 763; x_wconf 90' lang='lat' dir='ltr'>in</span> <span class='ocrx_word' id='word_1_31' title='bbox 795 714 1066 765; x_wconf 59' lang='lat' dir='ltr'>ater-num</span> <span class='ocrx_word' id='word_1_32' title='bbox 1093 707 1271 781; x_wconf 83' lang='lat' dir='ltr'>(Joan.</span> <span class='ocrx_word' id='word_1_33' title='bbox 1302 713 1406 780; x_wconf 70' lang='grc' dir='ltr'><strong>γι).</strong></span> <span class='ocrx_word' id='word_1_34' title='bbox 1438 709 1509 765; x_wconf 88' lang='lat' dir='ltr'>Et</span> <span class='ocrx_word' id='word_1_35' title='bbox 1554 707 1741 782; x_wconf 86' lang='lat' dir='ltr'>pridie</span> <span class='ocrx_word' id='word_1_36' title='bbox 1790 725 1969 782; x_wconf 87' lang='lat' dir='ltr'>quam</span> 
     </span>
    </p>
   </div>
   <div class='ocr_carea' id='block_1_6' title="bbox 314 797 1970 872">
    <p class='ocr_par' dir='ltr' id='par_1_6' title="bbox 314 797 1970 872">
     <span class='ocr_line' id='line_1_6' title="bbox 314 797 1970 872; baseline 0.001 -19"><span class='ocrx_word' id='word_1_37' title='bbox 314 799 632 870; x_wconf 87' lang='lat' dir='ltr'>pateretur,</span> <span class='ocrx_word' id='word_1_38' title='bbox 657 804 919 853; x_wconf 74' lang='lat' dir='ltr'>cosnanle</span> <span class='ocrx_word' id='word_1_39' title='bbox 949 813 1016 854; x_wconf 91' lang='lat' dir='ltr'>eo</span> <span class='ocrx_word' id='word_1_40' title='bbox 1047 813 1184 854; x_wconf 91' lang='lat' dir='ltr'>cum</span> <span class='ocrx_word' id='word_1_41' title='bbox 1213 797 1522 872; x_wconf 84' lang='lat' dir='ltr'>discipulis</span> <span class='ocrx_word' id='word_1_42' title='bbox 1550 797 1696 867; x_wconf 87' lang='lat' dir='ltr'><strong>suis,</strong></span> <span class='ocrx_word' id='word_1_43' title='bbox 1715 797 1776 854; x_wconf 92' lang='lat' dir='ltr'>in</span> <span class='ocrx_word' id='word_1_44' title='bbox 1803 800 1970 854; x_wconf 89' lang='lat' dir='ltr'>nocte</span> 
     </span>
    </p>
   </div>
   <div class='ocr_carea' id='block_1_7' title="bbox 315 885 1968 959">
    <p class='ocr_par' dir='ltr' id='par_1_7' title="bbox 315 885 1968 959">
     <span class='ocr_line' id='line_1_7' title="bbox 315 885 1968 959; baseline 0 -17"><span class='ocrx_word' id='word_1_45' title='bbox 315 901 434 959; x_wconf 86' lang='lat' dir='ltr'>qua</span> <span class='ocrx_word' id='word_1_46' title='bbox 461 885 822 956; x_wconf 81' lang='lat' dir='ltr'>tradebatur,</span> <span class='ocrx_word' id='word_1_47' title='bbox 841 887 1076 958; x_wconf 83' lang='lat' dir='ltr'>quando</span> <span class='ocrx_word' id='word_1_48' title='bbox 1095 890 1265 944; x_wconf 89' lang='lat' dir='ltr'>vetus</span> <span class='ocrx_word' id='word_1_49' title='bbox 1281 887 1341 942; x_wconf 90' lang='lat' dir='ltr'>in</span> <span class='ocrx_word' id='word_1_50' title='bbox 1357 903 1574 943; x_wconf 91' lang='lat' dir='ltr'>novum</span> <span class='ocrx_word' id='word_1_51' title='bbox 1596 891 1655 942; x_wconf 91' lang='lat' dir='ltr'>et</span> <span class='ocrx_word' id='word_1_52' title='bbox 1685 891 1968 943; x_wconf 67' lang='lat' dir='ltr'>aeternum</span> 
     </span>
    </p>
   </div>
   <div class='ocr_carea' id='block_1_8' title="bbox 314 973 1971 1048">
    <p class='ocr_par' dir='ltr' id='par_1_8' title="bbox 314 973 1971 1048">
     <span class='ocr_line' id='line_1_8' title="bbox 314 973 1971 1048; baseline 0.001 -17"><span class='ocrx_word' id='word_1_53' title='bbox 314 973 537 1047; x_wconf 90' lang='lat' dir='ltr'>pascha</span> <span class='ocrx_word' id='word_1_54' title='bbox 561 977 829 1031; x_wconf 87' lang='lat' dir='ltr'>nostrum</span> <span class='ocrx_word' id='word_1_55' title='bbox 849 974 1218 1045; x_wconf 88' lang='lat' dir='ltr'>convertit,in</span> <span class='ocrx_word' id='word_1_56' title='bbox 1239 991 1356 1048; x_wconf 90' lang='lat' dir='ltr'>quo</span> <span class='ocrx_word' id='word_1_57' title='bbox 1376 973 1503 1048; x_wconf 89' lang='lat' dir='ltr'>ipse</span> <span class='ocrx_word' id='word_1_58' title='bbox 1518 974 1859 1032; x_wconf 84' lang='lat' dir='ltr'>immolatus</span> <span class='ocrx_word' id='word_1_59' title='bbox 1879 979 1971 1032; x_wconf 86' lang='lat' dir='ltr'>est</span> 
     </span>
    </p>
   </div>
   <div class='ocr_carea' id='block_1_9' title="bbox 315 1063 1971 1138">
    <p class='ocr_par' dir='ltr' id='par_1_9' title="bbox 315 1063 1971 1138">
     <span class='ocr_line' id='line_1_9' title="bbox 315 1063 1971 1138; baseline 0 -18"><span class='ocrx_word' id='word_1_60' title='bbox 315 1063 604 1133; x_wconf 84' lang='lat' dir='ltr'>Christus,</span> <span class='ocrx_word' id='word_1_61' title='bbox 644 1063 869 1137; x_wconf 88' lang='lat' dir='ltr'>accepit</span> <span class='ocrx_word' id='word_1_62' title='bbox 896 1064 1468 1138; x_wconf 83' lang='lat' dir='ltr'>pamem,bene’dixit</span> <span class='ocrx_word' id='word_1_63' title='bbox 1495 1081 1562 1121; x_wconf 88' lang='lat' dir='ltr'>ac</span> <span class='ocrx_word' id='word_1_64' title='bbox 1591 1064 1971 1138; x_wconf 85' lang='lat' dir='ltr'>fregit,dedit-</span> 
     </span>
    </p>
   </div>
   <div class='ocr_carea' id='block_1_10' title="bbox 314 1148 1969 1227">
    <p class='ocr_par' dir='ltr' id='par_1_10' title="bbox 314 1148 1969 1227">
     <span class='ocr_line' id='line_1_10' title="bbox 314 1148 1969 1227; baseline 0.001 -19"><span class='ocrx_word' id='word_1_65' title='bbox 314 1169 429 1226; x_wconf 87' lang='lat' dir='ltr'>que</span> <span class='ocrx_word' id='word_1_66' title='bbox 447 1148 758 1226; x_wconf 83' lang='lat' dir='ltr'>discipulis</span> <span class='ocrx_word' id='word_1_67' title='bbox 775 1153 900 1210; x_wconf 88' lang='lat' dir='ltr'>suis</span> <span class='ocrx_word' id='word_1_68' title='bbox 921 1157 980 1209; x_wconf 88' lang='lat' dir='ltr'>et</span> <span class='ocrx_word' id='word_1_69' title='bbox 998 1153 1080 1210; x_wconf 90' lang='lat' dir='ltr'>ait</span> <span class='ocrx_word' id='word_1_70' title='bbox 1101 1170 1116 1209; x_wconf 88' lang='lat'>:</span> <span class='ocrx_word' id='word_1_71' title='bbox 1148 1153 1385 1227; x_wconf 78' lang='lat' dir='ltr'>Accipite</span> <span class='ocrx_word' id='word_1_72' title='bbox 1412 1162 1465 1211; x_wconf 89' lang='lat' dir='ltr'>et</span> <span class='ocrx_word' id='word_1_73' title='bbox 1491 1155 1873 1220; x_wconf 82' lang='lat' dir='ltr'>comedite,hoc</span> <span class='ocrx_word' id='word_1_74' title='bbox 1889 1162 1969 1210; x_wconf 88' lang='lat' dir='ltr'>est</span> 
     </span>
    </p>
   </div>
   <div class='ocr_carea' id='block_1_11' title="bbox 313 1243 1970 1316">
    <p class='ocr_par' dir='ltr' id='par_1_11' title="bbox 313 1243 1970 1316">
     <span class='ocr_line' id='line_1_11' title="bbox 313 1243 1970 1316; baseline 0 -18"><span class='ocrx_word' id='word_1_75' title='bbox 313 1258 505 1314; x_wconf 84' lang='lat' dir='ltr'>corpus</span> <span class='ocrx_word' id='word_1_76' title='bbox 534 1259 735 1310; x_wconf 88' lang='lat' dir='ltr'>meum,</span> <span class='ocrx_word' id='word_1_77' title='bbox 769 1243 910 1315; x_wconf 87' lang='lat' dir='ltr'>quod</span> <span class='ocrx_word' id='word_1_78' title='bbox 961 1258 1062 1316; x_wconf 84' lang='lat' dir='ltr'>pro</span> <span class='ocrx_word' id='word_1_79' title='bbox 1109 1243 1260 1298; x_wconf 84' lang='lat' dir='ltr'>vobis</span> <span class='ocrx_word' id='word_1_80' title='bbox 1294 1243 1554 1310; x_wconf 77' lang='lat' dir='ltr'>tradetur,</span> <span class='ocrx_word' id='word_1_81' title='bbox 1587 1243 1688 1299; x_wconf 83' lang='lat' dir='ltr'>hoc</span> <span class='ocrx_word' id='word_1_82' title='bbox 1717 1243 1880 1315; x_wconf 79' lang='lat' dir='ltr'>facite</span> <span class='ocrx_word' id='word_1_83' title='bbox 1909 1244 1970 1298; x_wconf 81' lang='lat' dir='ltr'>in</span> 
     </span>
    </p>
   </div>
   <div class='ocr_carea' id='block_1_12' title="bbox 309 1331 1968 1406">
    <p class='ocr_par' dir='ltr' id='par_1_12' title="bbox 309 1331 1968 1406">
     <span class='ocr_line' id='line_1_12' title="bbox 309 1331 1968 1406; baseline -0.001 -18"><span class='ocrx_word' id='word_1_84' title='bbox 309 1347 492 1388; x_wconf 69' lang='lat' dir='ltr'>nicum</span> <span class='ocrx_word' id='word_1_85' title='bbox 517 1333 1083 1406; x_wconf 61' lang='lat' dir='ltr'>commemorationem</span> <span class='ocrx_word' id='word_1_86' title='bbox 1105 1351 1124 1400; x_wconf 88' lang='lat'><strong><em>;</em></strong></span> <span class='ocrx_word' id='word_1_87' title='bbox 1147 1334 1205 1388; x_wconf 91' lang='lat' dir='ltr'>et</span> <span class='ocrx_word' id='word_1_88' title='bbox 1234 1347 1247 1386; x_wconf 92' lang='lat'><strong>:</strong></span> <span class='ocrx_word' id='word_1_89' title='bbox 1279 1331 1561 1404; x_wconf 77' lang='lat' dir='ltr'>Accipiens</span> <span class='ocrx_word' id='word_1_90' title='bbox 1589 1333 1818 1388; x_wconf 87' lang='lat' dir='ltr'>calicem</span> <span class='ocrx_word' id='word_1_91' title='bbox 1843 1349 1968 1400; x_wconf 86' lang='lat' dir='ltr'>gra-</span> 
     </span>
    </p>
   </div>
   <div class='ocr_carea' id='block_1_13' title="bbox 309 1420 1970 1492">
    <p class='ocr_par' dir='ltr' id='par_1_13' title="bbox 309 1420 1970 1492">
     <span class='ocr_line' id='line_1_13' title="bbox 309 1420 1970 1492; baseline -0.001 -16"><span class='ocrx_word' id='word_1_92' title='bbox 309 1421 418 1477; x_wconf 84' lang='lat' dir='ltr'>tias</span> <span class='ocrx_word' id='word_1_93' title='bbox 437 1423 552 1492; x_wconf 83' lang='lat' dir='ltr'>egit</span> <span class='ocrx_word' id='word_1_94' title='bbox 577 1429 628 1477; x_wconf 86' lang='lat' dir='ltr'><strong><em>et</em></strong></span> <span class='ocrx_word' id='word_1_95' title='bbox 655 1420 806 1478; x_wconf 83' lang='lat' dir='ltr'>dedit</span> <span class='ocrx_word' id='word_1_96' title='bbox 831 1421 950 1477; x_wconf 86' lang='lat' dir='ltr'>illis</span> <span class='ocrx_word' id='word_1_97' title='bbox 977 1420 1164 1477; x_wconf 86' lang='lat' dir='ltr'>dicens</span> <span class='ocrx_word' id='word_1_98' title='bbox 1195 1439 1214 1476; x_wconf 92' lang='lat'><em>:</em></span> <span class='ocrx_word' id='word_1_99' title='bbox 1244 1421 1422 1477; x_wconf 86' lang='lat' dir='ltr'>Bibite</span> <span class='ocrx_word' id='word_1_100' title='bbox 1447 1437 1518 1476; x_wconf 76' lang='lat' dir='ltr'>ea:</span> <span class='ocrx_word' id='word_1_101' title='bbox 1544 1420 1642 1476; x_wconf 86' lang='lat' dir='ltr'>hoc</span> <span class='ocrx_word' id='word_1_102' title='bbox 1669 1421 1970 1487; x_wconf 76' lang='lat' dir='ltr'>munes,hic</span> 
     </span>
    </p>
   </div>
   <div class='ocr_carea' id='block_1_14' title="bbox 309 1509 1970 1582">
    <p class='ocr_par' dir='ltr' id='par_1_14' title="bbox 309 1509 1970 1582">
     <span class='ocr_line' id='line_1_14' title="bbox 309 1509 1970 1582; baseline -0.001 -15"><span class='ocrx_word' id='word_1_103' title='bbox 309 1518 392 1567; x_wconf 84' lang='lat' dir='ltr'>est</span> <span class='ocrx_word' id='word_1_104' title='bbox 417 1511 650 1581; x_wconf 81' lang='lat' dir='ltr'>sanguis</span> <span class='ocrx_word' id='word_1_105' title='bbox 703 1526 861 1568; x_wconf 87' lang='lat' dir='ltr'>meus</span> <span class='ocrx_word' id='word_1_106' title='bbox 913 1511 1043 1566; x_wconf 81' lang='lat' dir='ltr'>novi</span> <span class='ocrx_word' id='word_1_107' title='bbox 1097 1511 1424 1576; x_wconf 77' lang='lat' dir='ltr'>testamenti,</span> <span class='ocrx_word' id='word_1_108' title='bbox 1453 1511 1552 1582; x_wconf 85' lang='lat' dir='ltr'>qui</span> <span class='ocrx_word' id='word_1_109' title='bbox 1600 1525 1702 1582; x_wconf 82' lang='lat' dir='ltr'>pro</span> <span class='ocrx_word' id='word_1_110' title='bbox 1741 1509 1890 1565; x_wconf 85' lang='lat' dir='ltr'>vobis</span> <span class='ocrx_word' id='word_1_111' title='bbox 1917 1517 1970 1566; x_wconf 92' lang='lat' dir='ltr'>et</span> 
     </span>
    </p>
   </div>
   <div class='ocr_carea' id='block_1_15' title="bbox 305 1599 1962 1673">
    <p class='ocr_par' dir='ltr' id='par_1_15' title="bbox 305 1599 1962 1673">
     <span class='ocr_line' id='line_1_15' title="bbox 305 1599 1962 1673; baseline -0.002 -15"><span class='ocrx_word' id='word_1_112' title='bbox 305 1616 409 1672; x_wconf 87' lang='lat' dir='ltr'>pro</span> <span class='ocrx_word' id='word_1_113' title='bbox 425 1600 616 1656; x_wconf 86' lang='lat' dir='ltr'>multis</span> <span class='ocrx_word' id='word_1_114' title='bbox 645 1599 954 1673; x_wconf 76' lang='lat' dir='ltr'>eﬁ‘undetur</span> <span class='ocrx_word' id='word_1_115' title='bbox 974 1601 1034 1656; x_wconf 88' lang='lat' dir='ltr'>in</span> <span class='ocrx_word' id='word_1_116' title='bbox 1051 1599 1428 1656; x_wconf 83' lang='lat' dir='ltr'>remissin</span> <span class='ocrx_word' id='word_1_117' title='bbox 1451 1606 1794 1670; x_wconf 84' lang='lat' dir='ltr'>peccatorum</span> <span class='ocrx_word' id='word_1_118' title='bbox 1815 1599 1962 1671; x_wconf 86' lang='lat' dir='ltr'>(Luc.</span> 
     </span>
    </p>
   </div>
   <div class='ocr_carea' id='block_1_16' title="bbox 310 1685 1966 1760">
    <p class='ocr_par' dir='ltr' id='par_1_16' title="bbox 310 1685 1966 1760">
     <span class='ocr_line' id='line_1_16' title="bbox 310 1685 1966 1760; baseline -0.001 -16"><span class='ocrx_word' id='word_1_119' title='bbox 310 1691 474 1758; x_wconf 79' lang='lat' dir='ltr'>xm).</span> <span class='ocrx_word' id='word_1_120' title='bbox 503 1688 630 1744; x_wconf 63' lang='lat' dir='ltr'>Iliso</span> <span class='ocrx_word' id='word_1_121' title='bbox 660 1685 759 1744; x_wconf 90' lang='lat' dir='ltr'>ille</span> <span class='ocrx_word' id='word_1_122' title='bbox 807 1686 954 1744; x_wconf 79' lang='lat' dir='ltr'>dixit</span> <span class='ocrx_word' id='word_1_123' title='bbox 982 1691 1042 1744; x_wconf 91' lang='lat' dir='ltr'>et</span> <span class='ocrx_word' id='word_1_124' title='bbox 1070 1686 1234 1756; x_wconf 84' lang='lat' dir='ltr'>dicit,</span> <span class='ocrx_word' id='word_1_125' title='bbox 1265 1690 1323 1742; x_wconf 89' lang='lat' dir='ltr'>et</span> <span class='ocrx_word' id='word_1_126' title='bbox 1351 1687 1580 1760; x_wconf 89' lang='lat' dir='ltr'>perﬁcit</span> <span class='ocrx_word' id='word_1_127' title='bbox 1607 1686 1706 1759; x_wconf 89' lang='lat' dir='ltr'>qui</span> <span class='ocrx_word' id='word_1_128' title='bbox 1734 1685 1880 1742; x_wconf 85' lang='lat' dir='ltr'>dixit</span> <span class='ocrx_word' id='word_1_129' title='bbox 1909 1691 1966 1742; x_wconf 91' lang='lat' dir='ltr'>et</span> 
     </span>
    </p>
   </div>
   <div class='ocr_carea' id='block_1_17' title="bbox 311 1775 1961 1848">
    <p class='ocr_par' dir='ltr' id='par_1_17' title="bbox 311 1775 1961 1848">
     <span class='ocr_line' id='line_1_17' title="bbox 311 1775 1961 1848; baseline -0.001 -16"><span class='ocrx_word' id='word_1_130' title='bbox 311 1775 467 1833; x_wconf 87' lang='lat' dir='ltr'>facta</span> <span class='ocrx_word' id='word_1_131' title='bbox 494 1775 962 1844; x_wconf 88' lang='lat' dir='ltr'>sunt,mandavit</span> <span class='ocrx_word' id='word_1_132' title='bbox 985 1779 1043 1832; x_wconf 89' lang='lat' dir='ltr'>et</span> <span class='ocrx_word' id='word_1_133' title='bbox 1060 1779 1255 1832; x_wconf 87' lang='lat' dir='ltr'>creata</span> <span class='ocrx_word' id='word_1_134' title='bbox 1285 1779 1506 1842; x_wconf 89' lang='lat' dir='ltr'>sunt,et</span> <span class='ocrx_word' id='word_1_135' title='bbox 1526 1792 1592 1831; x_wconf 91' lang='lat' dir='ltr'>eo</span> <span class='ocrx_word' id='word_1_136' title='bbox 1611 1777 1785 1831; x_wconf 92' lang='lat' dir='ltr'>verbo</span> <span class='ocrx_word' id='word_1_137' title='bbox 1807 1777 1961 1848; x_wconf 91' lang='lat' dir='ltr'>quod</span> 
     </span>
    </p>
   </div>
   <div class='ocr_carea' id='block_1_18' title="bbox 310 1863 1963 1938">
    <p class='ocr_par' dir='ltr' id='par_1_18' title="bbox 310 1863 1963 1938">
     <span class='ocr_line' id='line_1_18' title="bbox 310 1863 1963 1938; baseline -0.001 -16"><span class='ocrx_word' id='word_1_138' title='bbox 310 1868 488 1935; x_wconf 87' lang='lat' dir='ltr'>est,et</span> <span class='ocrx_word' id='word_1_139' title='bbox 513 1881 618 1938; x_wconf 89' lang='lat' dir='ltr'>per</span> <span class='ocrx_word' id='word_1_140' title='bbox 646 1865 801 1938; x_wconf 92' lang='lat' dir='ltr'>quod</span> <span class='ocrx_word' id='word_1_141' title='bbox 832 1865 985 1921; x_wconf 87' lang='lat' dir='ltr'>facta</span> <span class='ocrx_word' id='word_1_142' title='bbox 1014 1867 1154 1920; x_wconf 90' lang='lat' dir='ltr'>sunt</span> <span class='ocrx_word' id='word_1_143' title='bbox 1181 1863 1400 1931; x_wconf 85' lang='lat' dir='ltr'>omnia,</span> <span class='ocrx_word' id='word_1_144' title='bbox 1427 1868 1486 1920; x_wconf 91' lang='lat' dir='ltr'>et</span> <span class='ocrx_word' id='word_1_145' title='bbox 1516 1879 1619 1936; x_wconf 89' lang='lat' dir='ltr'>per</span> <span class='ocrx_word' id='word_1_146' title='bbox 1646 1864 1963 1937; x_wconf 82' lang='lat' dir='ltr'>prophetas</span> 
     </span>
    </p>
   </div>
   <div class='ocr_carea' id='block_1_19' title="bbox 311 1951 2039 2062">
    <p class='ocr_par' dir='ltr' id='par_1_19' title="bbox 311 1951 2039 2062">
     <span class='ocr_line' id='line_1_19' title="bbox 311 1951 2039 2062; baseline -0.001 -52"><span class='ocrx_word' id='word_1_147' title='bbox 311 1971 453 2011; x_wconf 89' lang='lat' dir='ltr'>suos</span> <span class='ocrx_word' id='word_1_148' title='bbox 481 1953 751 2028; x_wconf 79' lang='lat' dir='ltr'>hydriam</span> <span class='ocrx_word' id='word_1_149' title='bbox 799 1953 999 2010; x_wconf 77' lang='lat' dir='ltr'>farinae</span> <span class='ocrx_word' id='word_1_150' title='bbox 1029 1956 1088 2009; x_wconf 90' lang='lat' dir='ltr'>et</span> <span class='ocrx_word' id='word_1_151' title='bbox 1114 1952 1410 2062; x_wconf 66' lang='lat' dir='ltr'>lecythum</span> <span class='ocrx_word' id='word_1_152' title='bbox 1443 1951 1574 2021; x_wconf 88' lang='lat' dir='ltr'>olei,</span> <span class='ocrx_word' id='word_1_153' title='bbox 1608 1957 1665 2009; x_wconf 87' lang='lat' dir='ltr'>et</span> <span class='ocrx_word' id='word_1_154' title='bbox 1696 1969 1798 2026; x_wconf 89' lang='lat' dir='ltr'>per</span> <span class='ocrx_word' id='word_1_155' title='bbox 1826 1971 1962 2010; x_wconf 87' lang='lat' dir='ltr'>vasa</span> <span class='ocrx_word' id='word_1_156' title='bbox 1989 1995 2039 2062; x_wconf 77' lang='grc' dir='ltr'><strong>Β</strong></span> 
     </span>
    </p>
   </div>
   <div class='ocr_carea' id='block_1_20' title="bbox 311 2040 1960 2116">
    <p class='ocr_par' dir='ltr' id='par_1_20' title="bbox 311 2040 1960 2116">
     <span class='ocr_line' id='line_1_20' title="bbox 311 2040 1960 2116; baseline -0.001 -17"><span class='ocrx_word' id='word_1_157' title='bbox 311 2059 428 2100; x_wconf 89' lang='lat' dir='ltr'>non</span> <span class='ocrx_word' id='word_1_158' title='bbox 444 2059 634 2116; x_wconf 87' lang='lat' dir='ltr'>pauca</span> <span class='ocrx_word' id='word_1_159' title='bbox 651 2042 934 2098; x_wconf 72' lang='lat' dir='ltr'>diffusum</span> <span class='ocrx_word' id='word_1_160' title='bbox 963 2041 1158 2100; x_wconf 91' lang='lat' dir='ltr'>oleum</span> <span class='ocrx_word' id='word_1_161' title='bbox 1190 2040 1687 2116; x_wconf 85' lang='lat' dir='ltr'>multiplicavit,et</span> <span class='ocrx_word' id='word_1_162' title='bbox 1700 2041 1960 2098; x_wconf 86' lang='lat' dir='ltr'>Verbum</span> 
     </span>
    </p>
   </div>
   <div class='ocr_carea' id='block_1_21' title="bbox 309 2129 1960 2201">
    <p class='ocr_par' dir='ltr' id='par_1_21' title="bbox 309 2129 1960 2201">
     <span class='ocr_line' id='line_1_21' title="bbox 309 2129 1960 2201; baseline -0.002 -12"><span class='ocrx_word' id='word_1_163' title='bbox 309 2149 445 2190; x_wconf 85' lang='lat' dir='ltr'>caro</span> <span class='ocrx_word' id='word_1_164' title='bbox 477 2133 696 2188; x_wconf 79' lang='lat' dir='ltr'>factum</span> <span class='ocrx_word' id='word_1_165' title='bbox 727 2134 835 2201; x_wconf 88' lang='lat' dir='ltr'>est,</span> <span class='ocrx_word' id='word_1_166' title='bbox 856 2135 913 2187; x_wconf 89' lang='lat' dir='ltr'>et</span> <span class='ocrx_word' id='word_1_167' title='bbox 931 2129 1216 2188; x_wconf 82' lang='lat' dir='ltr'>habitavit</span> <span class='ocrx_word' id='word_1_168' title='bbox 1241 2129 1300 2186; x_wconf 90' lang='lat' dir='ltr'>in</span> <span class='ocrx_word' id='word_1_169' title='bbox 1333 2129 1524 2200; x_wconf 90' lang='lat' dir='ltr'>nobis,</span> <span class='ocrx_word' id='word_1_170' title='bbox 1544 2146 1678 2186; x_wconf 91' lang='lat' dir='ltr'>cum</span> <span class='ocrx_word' id='word_1_171' title='bbox 1701 2129 1762 2185; x_wconf 92' lang='lat' dir='ltr'>in</span> <span class='ocrx_word' id='word_1_172' title='bbox 1794 2135 1960 2186; x_wconf 86' lang='lat' dir='ltr'>utero</span> 
     </span>
    </p>
   </div>
   <div class='ocr_carea' id='block_1_22' title="bbox 307 2217 1960 2296">
    <p class='ocr_par' dir='ltr' id='par_1_22' title="bbox 307 2217 1960 2296">
     <span class='ocr_line' id='line_1_22' title="bbox 307 2217 1960 2296; baseline -0.002 -18"><span class='ocrx_word' id='word_1_173' title='bbox 307 2220 580 2296; x_wconf 85' lang='lat' dir='ltr'>virginali</span> <span class='ocrx_word' id='word_1_174' title='bbox 611 2219 996 2278; x_wconf 88' lang='lat' dir='ltr'>sanctiﬁcavit</span> <span class='ocrx_word' id='word_1_175' title='bbox 1043 2217 1488 2276; x_wconf 88' lang='lat' dir='ltr'>tabernaculum</span> <span class='ocrx_word' id='word_1_176' title='bbox 1527 2235 1703 2275; x_wconf 90' lang='lat' dir='ltr'>suum</span> <span class='ocrx_word' id='word_1_177' title='bbox 1731 2218 1960 2275; x_wconf 87' lang='lat' dir='ltr'>Altissi-</span> 
     </span>
    </p>
   </div>
   <div class='ocr_carea' id='block_1_23' title="bbox 307 2307 1960 2384">
    <p class='ocr_par' dir='ltr' id='par_1_23' title="bbox 307 2307 1960 2384">
     <span class='ocr_line' id='line_1_23' title="bbox 307 2307 1960 2384; baseline -0.002 -16"><span class='ocrx_word' id='word_1_178' title='bbox 307 2327 470 2379; x_wconf 87' lang='lat' dir='ltr'>mus,</span> <span class='ocrx_word' id='word_1_179' title='bbox 493 2313 685 2384; x_wconf 84' lang='lat' dir='ltr'>potest</span> <span class='ocrx_word' id='word_1_180' title='bbox 715 2325 958 2365; x_wconf 89' lang='lat' dir='ltr'>manum</span> <span class='ocrx_word' id='word_1_181' title='bbox 989 2324 1203 2382; x_wconf 91' lang='lat' dir='ltr'>ponere</span> <span class='ocrx_word' id='word_1_182' title='bbox 1231 2307 1289 2362; x_wconf 92' lang='lat' dir='ltr'>in</span> <span class='ocrx_word' id='word_1_183' title='bbox 1315 2308 1624 2374; x_wconf 88' lang='lat' dir='ltr'>ambobus,</span> <span class='ocrx_word' id='word_1_184' title='bbox 1647 2313 1708 2363; x_wconf 91' lang='lat' dir='ltr'>et</span> <span class='ocrx_word' id='word_1_185' title='bbox 1735 2311 1960 2381; x_wconf 83' lang='lat' dir='ltr'>patrem</span> 
     </span>
    </p>
   </div>
   <div class='ocr_carea' id='block_1_24' title="bbox 307 2396 1960 2470">
    <p class='ocr_par' dir='ltr' id='par_1_24' title="bbox 307 2396 1960 2470">
     <span class='ocr_line' id='line_1_24' title="bbox 307 2396 1960 2470; baseline -0.003 -13"><span class='ocrx_word' id='word_1_186' title='bbox 307 2398 534 2457; x_wconf 82' lang='lat' dir='ltr'>scilicet</span> <span class='ocrx_word' id='word_1_187' title='bbox 564 2397 888 2456; x_wconf 84' lang='lat' dir='ltr'>divinitatis</span> <span class='ocrx_word' id='word_1_188' title='bbox 917 2397 1246 2470; x_wconf 67' lang='lat' dir='ltr'>aequalitate</span> <span class='ocrx_word' id='word_1_189' title='bbox 1277 2396 1594 2470; x_wconf 86' lang='lat' dir='ltr'>placare,et</span> <span class='ocrx_word' id='word_1_190' title='bbox 1613 2400 1824 2453; x_wconf 61' lang='lat' dir='ltr'>nostra;</span> <span class='ocrx_word' id='word_1_191' title='bbox 1847 2397 1960 2453; x_wconf 57' lang='lat' dir='ltr'>fraa</span> 
     </span>
    </p>
   </div>
   <div class='ocr_carea' id='block_1_25' title="bbox 307 2486 1964 2564">
    <p class='ocr_par' dir='ltr' id='par_1_25' title="bbox 307 2486 1964 2564">
     <span class='ocr_line' id='line_1_25' title="bbox 307 2486 1964 2564; baseline -0.001 -19"><span class='ocrx_word' id='word_1_192' title='bbox 307 2489 598 2564; x_wconf 87' lang='lat' dir='ltr'>gilitatem</span> <span class='ocrx_word' id='word_1_193' title='bbox 648 2487 992 2546; x_wconf 69' lang='lat' dir='ltr'>substantiae</span> <span class='ocrx_word' id='word_1_194' title='bbox 1049 2487 1426 2557; x_wconf 87' lang='lat' dir='ltr'>assumendo,</span> <span class='ocrx_word' id='word_1_195' title='bbox 1457 2503 1586 2543; x_wconf 89' lang='lat' dir='ltr'>eam</span> <span class='ocrx_word' id='word_1_196' title='bbox 1625 2486 1752 2543; x_wconf 85' lang='lat' dir='ltr'>sine</span> <span class='ocrx_word' id='word_1_197' title='bbox 1783 2486 1964 2544; x_wconf 89' lang='lat' dir='ltr'>ullius</span> 
     </span>
    </p>
   </div>
   <div class='ocr_carea' id='block_1_26' title="bbox 309 2575 1964 2652">
    <p class='ocr_par' dir='ltr' id='par_1_26' title="bbox 309 2575 1964 2652">
     <span class='ocr_line' id='line_1_26' title="bbox 309 2575 1964 2652; baseline -0.002 -17"><span class='ocrx_word' id='word_1_198' title='bbox 309 2577 499 2652; x_wconf 65' lang='lat' dir='ltr'>culpis</span> <span class='ocrx_word' id='word_1_199' title='bbox 531 2577 802 2651; x_wconf 86' lang='lat' dir='ltr'>contagio</span> <span class='ocrx_word' id='word_1_200' title='bbox 832 2577 892 2633; x_wconf 89' lang='lat' dir='ltr'>in</span> <span class='ocrx_word' id='word_1_201' title='bbox 925 2575 1148 2633; x_wconf 90' lang='lat' dir='ltr'>unitate</span> <span class='ocrx_word' id='word_1_202' title='bbox 1179 2593 1296 2632; x_wconf 66' lang='lat' dir='ltr'>suae</span> <span class='ocrx_word' id='word_1_203' title='bbox 1328 2592 1589 2648; x_wconf 66' lang='lat' dir='ltr'>persona:</span> <span class='ocrx_word' id='word_1_204' title='bbox 1619 2577 1874 2648; x_wconf 88' lang='lat' dir='ltr'>compati</span> <span class='ocrx_word' id='word_1_205' title='bbox 1907 2579 1964 2632; x_wconf 89' lang='lat' dir='ltr'>et</span> 
     </span>
    </p>
   </div>
   <div class='ocr_carea' id='block_1_27' title="bbox 309 2663 1960 2740">
    <p class='ocr_par' dir='ltr' id='par_1_27' title="bbox 309 2663 1960 2740">
     <span class='ocr_line' id='line_1_27' title="bbox 309 2663 1960 2740; baseline -0.003 -15"><span class='ocrx_word' id='word_1_206' title='bbox 309 2667 600 2735; x_wconf 89' lang='lat' dir='ltr'>misereri,</span> <span class='ocrx_word' id='word_1_207' title='bbox 629 2670 688 2723; x_wconf 89' lang='lat' dir='ltr'>et</span> <span class='ocrx_word' id='word_1_208' title='bbox 715 2683 898 2740; x_wconf 89' lang='lat' dir='ltr'>panes</span> <span class='ocrx_word' id='word_1_209' title='bbox 923 2683 990 2723; x_wconf 90' lang='lat' dir='ltr'>ac</span> <span class='ocrx_word' id='word_1_210' title='bbox 1017 2665 1206 2740; x_wconf 89' lang='lat' dir='ltr'>pisces</span> <span class='ocrx_word' id='word_1_211' title='bbox 1241 2665 1413 2738; x_wconf 84' lang='lat' dir='ltr'>juxta</span> <span class='ocrx_word' id='word_1_212' title='bbox 1458 2663 1759 2721; x_wconf 86' lang='lat' dir='ltr'>veritatem</span> <span class='ocrx_word' id='word_1_213' title='bbox 1791 2683 1960 2722; x_wconf 88' lang='lat' dir='ltr'>evan-</span> 
     </span>
    </p>
   </div>
   <div class='ocr_carea' id='block_1_28' title="bbox 311 2753 1962 2833">
    <p class='ocr_par' dir='ltr' id='par_1_28' title="bbox 311 2753 1962 2833">
     <span class='ocr_line' id='line_1_28' title="bbox 311 2753 1962 2833; baseline -0.002 -19"><span class='ocrx_word' id='word_1_214' title='bbox 311 2757 565 2833; x_wconf 77' lang='lat' dir='ltr'>gelicum</span> <span class='ocrx_word' id='word_1_215' title='bbox 589 2773 700 2814; x_wconf 89' lang='lat' dir='ltr'>sua</span> <span class='ocrx_word' id='word_1_216' title='bbox 719 2755 1122 2813; x_wconf 87' lang='lat' dir='ltr'>benedictione</span> <span class='ocrx_word' id='word_1_217' title='bbox 1151 2753 1647 2826; x_wconf 87' lang='lat' dir='ltr'>multiplicavit,et</span> <span class='ocrx_word' id='word_1_218' title='bbox 1668 2771 1880 2828; x_wconf 89' lang='lat' dir='ltr'>aquam</span> <span class='ocrx_word' id='word_1_219' title='bbox 1901 2755 1962 2811; x_wconf 92' lang='lat' dir='ltr'>in</span> 
     </span>
    </p>
   </div>
   <div class='ocr_carea' id='block_1_29' title="bbox 308 2843 1966 2912">
    <p class='ocr_par' dir='ltr' id='par_1_29' title="bbox 308 2843 1966 2912">
     <span class='ocr_line' id='line_1_29' title="bbox 308 2843 1966 2912; baseline -0.003 -9"><span class='ocrx_word' id='word_1_220' title='bbox 308 2847 514 2903; x_wconf 88' lang='lat' dir='ltr'>vinum</span> <span class='ocrx_word' id='word_1_221' title='bbox 535 2845 712 2902; x_wconf 88' lang='lat' dir='ltr'>tacito</span> <span class='ocrx_word' id='word_1_222' title='bbox 733 2849 882 2901; x_wconf 90' lang='lat' dir='ltr'>nutu</span> <span class='ocrx_word' id='word_1_223' title='bbox 903 2843 1094 2912; x_wconf 87' lang='lat' dir='ltr'>vertit,</span> <span class='ocrx_word' id='word_1_224' title='bbox 1119 2848 1177 2900; x_wconf 91' lang='lat' dir='ltr'>et</span> <span class='ocrx_word' id='word_1_225' title='bbox 1198 2847 1438 2900; x_wconf 88' lang='lat' dir='ltr'>naturas</span> <span class='ocrx_word' id='word_1_226' title='bbox 1469 2861 1666 2900; x_wconf 89' lang='lat' dir='ltr'>rerum</span> <span class='ocrx_word' id='word_1_227' title='bbox 1691 2847 1880 2900; x_wconf 88' lang='lat' dir='ltr'>mutat</span> <span class='ocrx_word' id='word_1_228' title='bbox 1899 2847 1966 2899; x_wconf 91' lang='lat' dir='ltr'>ut</span> 
     </span>
    </p>
   </div>
   <div class='ocr_carea' id='block_1_30' title="bbox 309 2931 1963 3008">
    <p class='ocr_par' dir='ltr' id='par_1_30' title="bbox 309 2931 1963 3008">
     <span class='ocr_line' id='line_1_30' title="bbox 309 2931 1963 3008; baseline -0.001 -18"><span class='ocrx_word' id='word_1_229' title='bbox 309 2931 441 3008; x_wconf 87' lang='lat' dir='ltr'>ipse</span> <span class='ocrx_word' id='word_1_230' title='bbox 466 2931 656 2990; x_wconf 88' lang='lat' dir='ltr'>volet:</span> <span class='ocrx_word' id='word_1_231' title='bbox 691 2933 862 3006; x_wconf 89' lang='lat' dir='ltr'>cujus</span> <span class='ocrx_word' id='word_1_232' title='bbox 890 2931 1160 2989; x_wconf 88' lang='lat' dir='ltr'>veridicis</span> <span class='ocrx_word' id='word_1_233' title='bbox 1189 2931 1380 2989; x_wconf 89' lang='lat' dir='ltr'>verbis</span> <span class='ocrx_word' id='word_1_234' title='bbox 1410 2931 1814 2988; x_wconf 87' lang='lat' dir='ltr'>indubitanter</span> <span class='ocrx_word' id='word_1_235' title='bbox 1842 2949 1963 2988; x_wconf 89' lang='lat' dir='ltr'>cre-</span> 
     </span>
    </p>
   </div>
   <div class='ocr_carea' id='block_1_31' title="bbox 311 3021 1962 3097">
    <p class='ocr_par' dir='ltr' id='par_1_31' title="bbox 311 3021 1962 3097">
     <span class='ocr_line' id='line_1_31' title="bbox 311 3021 1962 3097; baseline -0.001 -17"><span class='ocrx_word' id='word_1_236' title='bbox 311 3024 460 3080; x_wconf 86' lang='lat' dir='ltr'>dens</span> <span class='ocrx_word' id='word_1_237' title='bbox 496 3021 812 3097; x_wconf 83' lang='lat' dir='ltr'>Apostolus</span> <span class='ocrx_word' id='word_1_238' title='bbox 835 3021 978 3080; x_wconf 89' lang='lat' dir='ltr'>dicit</span> <span class='ocrx_word' id='word_1_239' title='bbox 1001 3038 1015 3077; x_wconf 88' lang='lat'><strong>:</strong></span> <span class='ocrx_word' id='word_1_240' title='bbox 1038 3023 1288 3080; x_wconf 87' lang='lat' dir='ltr'>Calicem</span> <span class='ocrx_word' id='word_1_241' title='bbox 1312 3021 1714 3079; x_wconf 79' lang='lat' dir='ltr'>benedictionis</span> <span class='ocrx_word' id='word_1_242' title='bbox 1743 3021 1840 3080; x_wconf 86' lang='lat' dir='ltr'>cui</span> <span class='ocrx_word' id='word_1_243' title='bbox 1867 3023 1962 3078; x_wconf 88' lang='lat' dir='ltr'>be-</span> 
     </span>
    </p>
   </div>
   <div class='ocr_carea' id='block_1_32' title="bbox 309 3110 1966 3183">
    <p class='ocr_par' dir='ltr' id='par_1_32' title="bbox 309 3110 1966 3183">
     <span class='ocr_line' id='line_1_32' title="bbox 309 3110 1966 3183; baseline -0.002 -14"><span class='ocrx_word' id='word_1_244' title='bbox 309 3112 854 3183; x_wconf 64' lang='lat' dir='ltr'>nediximusmonne</span> <span class='ocrx_word' id='word_1_245' title='bbox 863 3127 1046 3169; x_wconf 91' lang='lat' dir='ltr'>comm</span> <span class='ocrx_word' id='word_1_246' title='bbox 1055 3127 1130 3168; x_wconf 89' lang='lat' dir='ltr'>un</span> <span class='ocrx_word' id='word_1_247' title='bbox 1137 3111 1308 3168; x_wconf 87' lang='lat' dir='ltr'>icatio</span> <span class='ocrx_word' id='word_1_248' title='bbox 1317 3111 1610 3182; x_wconf 84' lang='lat' dir='ltr'>sanguinis</span> <span class='ocrx_word' id='word_1_249' title='bbox 1623 3111 1842 3167; x_wconf 81' lang='lat' dir='ltr'>Christi</span> <span class='ocrx_word' id='word_1_250' title='bbox 1849 3110 1966 3168; x_wconf 87' lang='lat' dir='ltr'>est?</span> 
     </span>
    </p>
   </div>
   <div class='ocr_carea' id='block_1_33' title="bbox 309 3200 1968 3274">
    <p class='ocr_par' dir='ltr' id='par_1_33' title="bbox 309 3200 1968 3274">
     <span class='ocr_line' id='line_1_33' title="bbox 309 3200 1968 3274; baseline -0.002 -14"><span class='ocrx_word' id='word_1_251' title='bbox 309 3205 433 3274; x_wconf 74' lang='lat' dir='ltr'>Ego</span> <span class='ocrx_word' id='word_1_252' title='bbox 443 3201 596 3259; x_wconf 84' lang='lat' dir='ltr'>enim</span> <span class='ocrx_word' id='word_1_253' title='bbox 614 3201 814 3272; x_wconf 85' lang='lat' dir='ltr'>accepi</span> <span class='ocrx_word' id='word_1_254' title='bbox 832 3217 870 3256; x_wconf 89' lang='lat' dir='ltr'>a</span> <span class='ocrx_word' id='word_1_255' title='bbox 890 3200 1132 3258; x_wconf 87' lang='lat' dir='ltr'>Domino</span> <span class='ocrx_word' id='word_1_256' title='bbox 1150 3201 1300 3274; x_wconf 88' lang='lat' dir='ltr'>quod</span> <span class='ocrx_word' id='word_1_257' title='bbox 1320 3209 1375 3257; x_wconf 85' lang='lat' dir='ltr'>ct</span> <span class='ocrx_word' id='word_1_258' title='bbox 1397 3201 1625 3256; x_wconf 85' lang='lat' dir='ltr'>tradidi</span> <span class='ocrx_word' id='word_1_259' title='bbox 1647 3201 1820 3270; x_wconf 73' lang='lat' dir='ltr'>vobis,</span> <span class='ocrx_word' id='word_1_260' title='bbox 1834 3217 1968 3272; x_wconf 86' lang='lat' dir='ltr'>quo-</span> 
     </span>
    </p>
   </div>
   <div class='ocr_carea' id='block_1_34' title="bbox 306 3291 1965 3363">
    <p class='ocr_par' dir='ltr' id='par_1_34' title="bbox 306 3291 1965 3363">
     <span class='ocr_line' id='line_1_34' title="bbox 306 3291 1965 3363; baseline -0.002 -14"><span class='ocrx_word' id='word_1_261' title='bbox 306 3292 472 3350; x_wconf 77' lang='lat' dir='ltr'>niam</span> <span class='ocrx_word' id='word_1_262' title='bbox 485 3291 762 3348; x_wconf 83' lang='lat' dir='ltr'>Dominus</span> <span class='ocrx_word' id='word_1_263' title='bbox 775 3299 972 3348; x_wconf 83' lang='lat' dir='ltr'>noster</span> <span class='ocrx_word' id='word_1_264' title='bbox 991 3294 1026 3348; x_wconf 86' lang='lat' dir='ltr'>.l</span> <span class='ocrx_word' id='word_1_265' title='bbox 1031 3307 1159 3347; x_wconf 89' lang='lat' dir='ltr'>esus</span> <span class='ocrx_word' id='word_1_266' title='bbox 1178 3291 1438 3349; x_wconf 81' lang='lat' dir='ltr'>Christus</span> <span class='ocrx_word' id='word_1_267' title='bbox 1455 3291 1514 3347; x_wconf 87' lang='lat' dir='ltr'>in</span> <span class='ocrx_word' id='word_1_268' title='bbox 1528 3307 1642 3363; x_wconf 89' lang='lat' dir='ltr'>qua</span> <span class='ocrx_word' id='word_1_269' title='bbox 1655 3299 1820 3348; x_wconf 88' lang='lat' dir='ltr'>nocte</span> <span class='ocrx_word' id='word_1_270' title='bbox 1837 3300 1965 3346; x_wconf 89' lang='lat' dir='ltr'>tra-</span> 
     </span>
    </p>
   </div>
   <div class='ocr_carea' id='block_1_35' title="bbox 2079 709 3724 768">
    <p class='ocr_par' dir='ltr' id='par_1_35' title="bbox 2079 709 3724 768">
     <span class='ocr_line' id='line_1_35' title="bbox 2079 709 3724 768; baseline 0.001 -2"><span class='ocrx_word' id='word_1_271' title='bbox 2079 709 2236 766; x_wconf 90' lang='lat' dir='ltr'>canti</span> <span class='ocrx_word' id='word_1_272' title='bbox 2259 709 2416 766; x_wconf 89' lang='lat' dir='ltr'>enim</span> <span class='ocrx_word' id='word_1_273' title='bbox 2437 709 2662 766; x_wconf 88' lang='lat' dir='ltr'>homini</span> <span class='ocrx_word' id='word_1_274' title='bbox 2686 709 2908 766; x_wconf 90' lang='lat' dir='ltr'>dictum</span> <span class='ocrx_word' id='word_1_275' title='bbox 2931 711 3050 766; x_wconf 88' lang='lat' dir='ltr'>est:</span> <span class='ocrx_word' id='word_1_276' title='bbox 3066 715 3320 768; x_wconf 82' lang='lat' dir='ltr'>Termes</span> <span class='ocrx_word' id='word_1_277' title='bbox 3341 721 3395 768; x_wconf 89' lang='lat' dir='ltr'>et</span> <span class='ocrx_word' id='word_1_278' title='bbox 3420 711 3480 768; x_wconf 87' lang='lat' dir='ltr'>in</span> <span class='ocrx_word' id='word_1_279' title='bbox 3499 721 3724 768; x_wconf 85' lang='lat' dir='ltr'>terram</span> 
     </span>
    </p>
   </div>
   <div class='ocr_carea' id='block_1_36' title="bbox 2077 798 3722 874">
    <p class='ocr_par' dir='ltr' id='par_1_36' title="bbox 2077 798 3722 874">
     <span class='ocr_line' id='line_1_36' title="bbox 2077 798 3722 874; baseline 0.001 -20"><span class='ocrx_word' id='word_1_280' title='bbox 2077 799 2184 856; x_wconf 86' lang='lat' dir='ltr'>ibis</span> <span class='ocrx_word' id='word_1_281' title='bbox 2232 799 2390 871; x_wconf 74' lang='lat' dir='ltr'>(Gen.</span> <span class='ocrx_word' id='word_1_282' title='bbox 2423 817 2506 866; x_wconf 87' lang='grc' dir='ltr'>ιιι,</span> <span class='ocrx_word' id='word_1_283' title='bbox 2543 800 2648 868; x_wconf 86' lang='grc'><strong>19).</strong></span> <span class='ocrx_word' id='word_1_284' title='bbox 2703 801 2838 866; x_wconf 80' lang='lat' dir='ltr'>Quae</span> <span class='ocrx_word' id='word_1_285' title='bbox 2885 798 3106 855; x_wconf 87' lang='lat' dir='ltr'>scilicet</span> <span class='ocrx_word' id='word_1_286' title='bbox 3135 803 3290 856; x_wconf 87' lang='lat' dir='ltr'>terra</span> <span class='ocrx_word' id='word_1_287' title='bbox 3319 800 3722 874; x_wconf 82' lang='lat' dir='ltr'>Redemptoris</span> 
     </span>
    </p>
   </div>
   <div class='ocr_carea' id='block_1_37' title="bbox 2078 887 3724 962">
    <p class='ocr_par' dir='ltr' id='par_1_37' title="bbox 2078 887 3724 962">
     <span class='ocr_line' id='line_1_37' title="bbox 2078 887 3724 962; baseline 0.002 -20"><span class='ocrx_word' id='word_1_288' title='bbox 2078 887 2264 944; x_wconf 90' lang='lat' dir='ltr'>nostri</span> <span class='ocrx_word' id='word_1_289' title='bbox 2295 887 2642 961; x_wconf 89' lang='lat' dir='ltr'>sanguinem</span> <span class='ocrx_word' id='word_1_290' title='bbox 2673 905 2790 944; x_wconf 88' lang='lat' dir='ltr'>non</span> <span class='ocrx_word' id='word_1_291' title='bbox 2821 887 3297 960; x_wconf 91' lang='lat' dir='ltr'>abscondit,quia</span> <span class='ocrx_word' id='word_1_292' title='bbox 3316 888 3724 962; x_wconf 87' lang='lat' dir='ltr'>unusquisque</span> 
     </span>
    </p>
   </div>
   <div class='ocr_carea' id='block_1_38' title="bbox 2078 977 3726 1050">
    <p class='ocr_par' dir='ltr' id='par_1_38' title="bbox 2078 977 3726 1050">
     <span class='ocr_line' id='line_1_38' title="bbox 2078 977 3726 1050; baseline 0.002 -18"><span class='ocrx_word' id='word_1_293' title='bbox 2078 979 2348 1050; x_wconf 88' lang='lat' dir='ltr'>peccator</span> <span class='ocrx_word' id='word_1_294' title='bbox 2377 977 2796 1050; x_wconf 88' lang='lat' dir='ltr'>redemptionis</span> <span class='ocrx_word' id='word_1_295' title='bbox 2817 994 2934 1033; x_wconf 68' lang='lat' dir='ltr'>suae</span> <span class='ocrx_word' id='word_1_296' title='bbox 2957 977 3210 1049; x_wconf 87' lang='lat' dir='ltr'>pretium</span> <span class='ocrx_word' id='word_1_297' title='bbox 3233 993 3474 1033; x_wconf 82' lang='lat' dir='ltr'>sumens</span> <span class='ocrx_word' id='word_1_298' title='bbox 3493 979 3726 1035; x_wconf 79' lang='lat' dir='ltr'>conﬁte-</span> 
     </span>
    </p>
   </div>
   <div class='ocr_carea' id='block_1_39' title="bbox 2077 1065 3720 1140">
    <p class='ocr_par' dir='ltr' id='par_1_39' title="bbox 2077 1065 3720 1140">
     <span class='ocr_line' id='line_1_39' title="bbox 2077 1065 3720 1140; baseline 0 -18"><span class='ocrx_word' id='word_1_299' title='bbox 2077 1070 2174 1122; x_wconf 89' lang='lat' dir='ltr'>tur</span> <span class='ocrx_word' id='word_1_300' title='bbox 2202 1082 2269 1122; x_wconf 85' lang='lat' dir='ltr'>ac</span> <span class='ocrx_word' id='word_1_301' title='bbox 2297 1066 2519 1138; x_wconf 91' lang='lat' dir='ltr'>laudat,</span> <span class='ocrx_word' id='word_1_302' title='bbox 2554 1071 2612 1122; x_wconf 91' lang='lat' dir='ltr'>et</span> <span class='ocrx_word' id='word_1_303' title='bbox 2641 1066 2858 1138; x_wconf 88' lang='lat' dir='ltr'>quibus</span> <span class='ocrx_word' id='word_1_304' title='bbox 2887 1067 3039 1122; x_wconf 89' lang='lat' dir='ltr'>valet</span> <span class='ocrx_word' id='word_1_305' title='bbox 3081 1065 3360 1140; x_wconf 84' lang='lat' dir='ltr'>proximis</span> <span class='ocrx_word' id='word_1_306' title='bbox 3391 1065 3720 1122; x_wconf 86' lang='lat' dir='ltr'>innotescit.</span> 
     </span>
    </p>
   </div>
   <div class='ocr_carea' id='block_1_40' title="bbox 2077 1153 3728 1228">
    <p class='ocr_par' dir='ltr' id='par_1_40' title="bbox 2077 1153 3728 1228">
     <span class='ocr_line' id='line_1_40' title="bbox 2077 1153 3728 1228; baseline 0 -18"><span class='ocrx_word' id='word_1_307' title='bbox 2077 1155 2258 1210; x_wconf 87' lang='lat' dir='ltr'>Terra</span> <span class='ocrx_word' id='word_1_308' title='bbox 2279 1154 2456 1210; x_wconf 89' lang='lat' dir='ltr'>etiam</span> <span class='ocrx_word' id='word_1_309' title='bbox 2478 1153 2826 1227; x_wconf 84' lang='lat' dir='ltr'>sanguinem</span> <span class='ocrx_word' id='word_1_310' title='bbox 2840 1155 2969 1226; x_wconf 87' lang='lat' dir='ltr'>ejus</span> <span class='ocrx_word' id='word_1_311' title='bbox 2987 1173 3101 1210; x_wconf 91' lang='lat' dir='ltr'>non</span> <span class='ocrx_word' id='word_1_312' title='bbox 3117 1153 3512 1228; x_wconf 87' lang='lat' dir='ltr'>operuit,quia</span> <span class='ocrx_word' id='word_1_313' title='bbox 3524 1158 3728 1212; x_wconf 84' lang='lat' dir='ltr'>sancta</span> 
     </span>
    </p>
   </div>
   <div class='ocr_carea' id='block_1_41' title="bbox 2076 1243 3725 1318">
    <p class='ocr_par' dir='ltr' id='par_1_41' title="bbox 2076 1243 3725 1318">
     <span class='ocr_line' id='line_1_41' title="bbox 2076 1243 3725 1318; baseline 0.001 -19"><span class='ocrx_word' id='word_1_314' title='bbox 2076 1243 2336 1300; x_wconf 87' lang='lat' dir='ltr'>Ecclesia</span> <span class='ocrx_word' id='word_1_315' title='bbox 2378 1244 2800 1316; x_wconf 86' lang='lat' dir='ltr'>redemptionis</span> <span class='ocrx_word' id='word_1_316' title='bbox 2851 1262 2969 1300; x_wconf 68' lang='lat' dir='ltr'>sua:</span> <span class='ocrx_word' id='word_1_317' title='bbox 3019 1245 3364 1318; x_wconf 81' lang='lat' dir='ltr'>mysterium</span> <span class='ocrx_word' id='word_1_318' title='bbox 3396 1243 3452 1299; x_wconf 89' lang='lat' dir='ltr'>in</span> <span class='ocrx_word' id='word_1_319' title='bbox 3498 1244 3725 1301; x_wconf 88' lang='lat' dir='ltr'>cunctis</span> 
     </span>
    </p>
   </div>
   <div class='ocr_carea' id='block_1_42' title="bbox 2067 1333 3728 1412">
    <p class='ocr_par' dir='ltr' id='par_1_42' title="bbox 2067 1333 3728 1412">
     <span class='ocr_line' id='line_1_42' title="bbox 2067 1333 3728 1412; baseline 0.001 -24"><span class='ocrx_word' id='word_1_320' title='bbox 2067 1333 2196 1404; x_wconf 85' lang='lat' dir='ltr'>jam</span> <span class='ocrx_word' id='word_1_321' title='bbox 2219 1333 2425 1388; x_wconf 89' lang='lat' dir='ltr'>mundi</span> <span class='ocrx_word' id='word_1_322' title='bbox 2449 1333 2714 1405; x_wconf 87' lang='lat' dir='ltr'>partibus</span> <span class='ocrx_word' id='word_1_323' title='bbox 2737 1333 3234 1412; x_wconf 68' lang='lat' dir='ltr'>prmdicatNeque</span> <span class='ocrx_word' id='word_1_324' title='bbox 3255 1335 3474 1389; x_wconf 88' lang='lat' dir='ltr'>invenit</span> <span class='ocrx_word' id='word_1_325' title='bbox 3489 1333 3550 1390; x_wconf 90' lang='lat' dir='ltr'>in</span> <span class='ocrx_word' id='word_1_326' title='bbox 3570 1337 3728 1390; x_wconf 87' lang='lat' dir='ltr'>terra</span> 
     </span>
    </p>
   </div>
   <div class='ocr_carea' id='block_1_43' title="bbox 2075 1421 3721 1496">
    <p class='ocr_par' dir='ltr' id='par_1_43' title="bbox 2075 1421 3721 1496">
     <span class='ocr_line' id='line_1_43' title="bbox 2075 1421 3721 1496; baseline 0.001 -19"><span class='ocrx_word' id='word_1_327' title='bbox 2075 1421 2294 1477; x_wconf 88' lang='lat' dir='ltr'>latendi</span> <span class='ocrx_word' id='word_1_328' title='bbox 2339 1421 2533 1478; x_wconf 92' lang='lat' dir='ltr'>locum</span> <span class='ocrx_word' id='word_1_329' title='bbox 2579 1421 2800 1478; x_wconf 89' lang='lat' dir='ltr'>clamor</span> <span class='ocrx_word' id='word_1_330' title='bbox 2827 1423 2976 1494; x_wconf 89' lang='lat' dir='ltr'>ejus.</span> <span class='ocrx_word' id='word_1_331' title='bbox 3013 1424 3142 1494; x_wconf 83' lang='lat' dir='ltr'>Ipse</span> <span class='ocrx_word' id='word_1_332' title='bbox 3172 1423 3330 1478; x_wconf 91' lang='lat' dir='ltr'>enim</span> <span class='ocrx_word' id='word_1_333' title='bbox 3361 1423 3606 1496; x_wconf 85' lang='lat' dir='ltr'>sanguis</span> <span class='ocrx_word' id='word_1_334' title='bbox 3635 1440 3721 1479; x_wconf 87' lang='lat' dir='ltr'>re-</span> 
     </span>
    </p>
   </div>
   <div class='ocr_carea' id='block_1_44' title="bbox 2075 1510 3722 1585">
    <p class='ocr_par' dir='ltr' id='par_1_44' title="bbox 2075 1510 3722 1585">
     <span class='ocr_line' id='line_1_44' title="bbox 2075 1510 3722 1585; baseline 0.002 -20"><span class='ocrx_word' id='word_1_335' title='bbox 2075 1510 3070 1584; x_wconf 88' lang='lat' dir='ltr'>demptionisquisumitur,clamor</span> <span class='ocrx_word' id='word_1_336' title='bbox 3100 1511 3285 1568; x_wconf 87' lang='lat' dir='ltr'>nostri</span> <span class='ocrx_word' id='word_1_337' title='bbox 3316 1511 3722 1585; x_wconf 87' lang='lat' dir='ltr'>Redemptoris</span> 
     </span>
    </p>
   </div>
   <div class='ocr_carea' id='block_1_45' title="bbox 2074 1599 3720 1672">
    <p class='ocr_par' dir='ltr' id='par_1_45' title="bbox 2074 1599 3720 1672">
     <span class='ocr_line' id='line_1_45' title="bbox 2074 1599 3720 1672; baseline 0.001 -18"><span class='ocrx_word' id='word_1_338' title='bbox 2074 1599 2352 1658; x_wconf 87' lang='lat' dir='ltr'>est.Unde</span> <span class='ocrx_word' id='word_1_339' title='bbox 2380 1600 2557 1655; x_wconf 88' lang='lat' dir='ltr'>etiam</span> <span class='ocrx_word' id='word_1_340' title='bbox 2590 1599 2806 1656; x_wconf 89' lang='lat' dir='ltr'>Paulus</span> <span class='ocrx_word' id='word_1_341' title='bbox 2837 1600 2979 1656; x_wconf 89' lang='lat' dir='ltr'>dicit</span> <span class='ocrx_word' id='word_1_342' title='bbox 3010 1618 3022 1656; x_wconf 92' lang='lat'>:</span> <span class='ocrx_word' id='word_1_343' title='bbox 3061 1605 3126 1658; x_wconf 83' lang='lat' dir='ltr'>Et</span> <span class='ocrx_word' id='word_1_344' title='bbox 3151 1601 3487 1672; x_wconf 88' lang='lat' dir='ltr'>sanguinem</span> <span class='ocrx_word' id='word_1_345' title='bbox 3515 1617 3720 1671; x_wconf 83' lang='lat' dir='ltr'>asper-</span> 
     </span>
    </p>
   </div>
   <div class='ocr_carea' id='block_1_46' title="bbox 2073 1689 3716 1762">
    <p class='ocr_par' dir='ltr' id='par_1_46' title="bbox 2073 1689 3716 1762">
     <span class='ocr_line' id='line_1_46' title="bbox 2073 1689 3716 1762; baseline 0.001 -18"><span class='ocrx_word' id='word_1_346' title='bbox 2073 1689 2250 1744; x_wconf 87' lang='lat' dir='ltr'>sionis</span> <span class='ocrx_word' id='word_1_347' title='bbox 2277 1689 2482 1745; x_wconf 86' lang='lat' dir='ltr'>melius</span> <span class='ocrx_word' id='word_1_348' title='bbox 2522 1690 2846 1762; x_wconf 83' lang='lat' dir='ltr'>loquentem</span> <span class='ocrx_word' id='word_1_349' title='bbox 2874 1706 3048 1762; x_wconf 89' lang='lat' dir='ltr'>quam</span> <span class='ocrx_word' id='word_1_350' title='bbox 3078 1691 3214 1746; x_wconf 74' lang='lat' dir='ltr'>Abel</span> <span class='ocrx_word' id='word_1_351' title='bbox 3240 1692 3439 1759; x_wconf 85' lang='lat' dir='ltr'>(Hebr.</span> <span class='ocrx_word' id='word_1_352' title='bbox 3471 1708 3572 1761; x_wconf 83' lang='lat' dir='ltr'>xu,</span> <span class='ocrx_word' id='word_1_353' title='bbox 3603 1689 3716 1762; x_wconf 80' lang='grc'><strong>24).</strong></span> 
     </span>
    </p>
   </div>
   <div class='ocr_carea' id='block_1_47' title="bbox 2072 1777 3718 1852">
    <p class='ocr_par' dir='ltr' id='par_1_47' title="bbox 2072 1777 3718 1852">
     <span class='ocr_line' id='line_1_47' title="bbox 2072 1777 3718 1852; baseline 0.001 -18"><span class='ocrx_word' id='word_1_354' title='bbox 2072 1778 2153 1834; x_wconf 90' lang='lat' dir='ltr'>De</span> <span class='ocrx_word' id='word_1_355' title='bbox 2172 1777 2310 1834; x_wconf 87' lang='lat' dir='ltr'>Abel</span> <span class='ocrx_word' id='word_1_356' title='bbox 2332 1779 2617 1852; x_wconf 86' lang='lat' dir='ltr'>sanguine</span> <span class='ocrx_word' id='word_1_357' title='bbox 2632 1779 2854 1834; x_wconf 88' lang='lat' dir='ltr'>dictum</span> <span class='ocrx_word' id='word_1_358' title='bbox 2874 1780 3061 1835; x_wconf 81' lang='lat' dir='ltr'>fuerat</span> <span class='ocrx_word' id='word_1_359' title='bbox 3079 1796 3092 1834; x_wconf 86' lang='lat'><strong>:</strong></span> <span class='ocrx_word' id='word_1_360' title='bbox 3119 1785 3242 1836; x_wconf 68' lang='grc' dir='ltr'>νοω</span> <span class='ocrx_word' id='word_1_361' title='bbox 3259 1780 3560 1852; x_wconf 77' lang='lat' dir='ltr'>sanguinis</span> <span class='ocrx_word' id='word_1_362' title='bbox 3585 1781 3718 1852; x_wconf 80' lang='lat' dir='ltr'>fra-</span> 
     </span>
    </p>
   </div>
   <div class='ocr_carea' id='block_1_48' title="bbox 2071 1868 3716 1940">
    <p class='ocr_par' dir='ltr' id='par_1_48' title="bbox 2071 1868 3716 1940">
     <span class='ocr_line' id='line_1_48' title="bbox 2071 1868 3716 1940; baseline 0.001 -17"><span class='ocrx_word' id='word_1_363' title='bbox 2071 1868 2180 1923; x_wconf 88' lang='lat' dir='ltr'>tris</span> <span class='ocrx_word' id='word_1_364' title='bbox 2201 1869 2288 1924; x_wconf 91' lang='lat' dir='ltr'>tui</span> <span class='ocrx_word' id='word_1_365' title='bbox 2308 1868 2440 1924; x_wconf 87' lang='lat' dir='ltr'>Abel</span> <span class='ocrx_word' id='word_1_366' title='bbox 2457 1870 2670 1925; x_wconf 89' lang='lat' dir='ltr'>clamat</span> <span class='ocrx_word' id='word_1_367' title='bbox 2689 1871 2767 1924; x_wconf 81' lang='lat' dir='ltr'>ad</span> <span class='ocrx_word' id='word_1_368' title='bbox 2786 1886 2879 1924; x_wconf 90' lang='lat' dir='ltr'>me</span> <span class='ocrx_word' id='word_1_369' title='bbox 2897 1871 2964 1926; x_wconf 84' lang='lat' dir='ltr'>de</span> <span class='ocrx_word' id='word_1_370' title='bbox 2985 1879 3150 1928; x_wconf 82' lang='lat' dir='ltr'>terra</span> <span class='ocrx_word' id='word_1_371' title='bbox 3177 1874 3336 1940; x_wconf 87' lang='lat' dir='ltr'>(Gen.</span> <span class='ocrx_word' id='word_1_372' title='bbox 3361 1888 3436 1938; x_wconf 84' lang='grc' dir='ltr'>ιν,</span> <span class='ocrx_word' id='word_1_373' title='bbox 3463 1871 3571 1940; x_wconf 89' lang='grc'>10).</span> <span class='ocrx_word' id='word_1_374' title='bbox 3605 1870 3716 1926; x_wconf 88' lang='lat' dir='ltr'>Sed</span> 
     </span>
    </p>
   </div>
   <div class='ocr_carea' id='block_1_49' title="bbox 2073 1956 3718 2032">
    <p class='ocr_par' dir='ltr' id='par_1_49' title="bbox 2073 1956 3718 2032">
     <span class='ocr_line' id='line_1_49' title="bbox 2073 1956 3718 2032; baseline 0.001 -20"><span class='ocrx_word' id='word_1_375' title='bbox 2073 1956 2317 2030; x_wconf 87' lang='lat' dir='ltr'>sanguis</span> <span class='ocrx_word' id='word_1_376' title='bbox 2345 1957 2486 2013; x_wconf 91' lang='lat' dir='ltr'>Jesu</span> <span class='ocrx_word' id='word_1_377' title='bbox 2519 1956 2733 2014; x_wconf 88' lang='lat' dir='ltr'>melius</span> <span class='ocrx_word' id='word_1_378' title='bbox 2762 1957 3022 2030; x_wconf 87' lang='lat' dir='ltr'>loquitur</span> <span class='ocrx_word' id='word_1_379' title='bbox 3051 1975 3228 2030; x_wconf 91' lang='lat' dir='ltr'>quam</span> <span class='ocrx_word' id='word_1_380' title='bbox 3253 1958 3560 2032; x_wconf 89' lang='lat' dir='ltr'>Abel,quia</span> <span class='ocrx_word' id='word_1_381' title='bbox 3577 1976 3718 2014; x_wconf 88' lang='lat' dir='ltr'>san-</span> 
     </span>
    </p>
   </div>
   <div class='ocr_carea' id='block_1_50' title="bbox 2070 2045 3718 2121">
    <p class='ocr_par' dir='ltr' id='par_1_50' title="bbox 2070 2045 3718 2121">
     <span class='ocr_line' id='line_1_50' title="bbox 2070 2045 3718 2121; baseline -0.001 -19"><span class='ocrx_word' id='word_1_382' title='bbox 2070 2045 2203 2120; x_wconf 90' lang='lat' dir='ltr'>guis</span> <span class='ocrx_word' id='word_1_383' title='bbox 2231 2045 2373 2102; x_wconf 84' lang='lat' dir='ltr'>Abel</span> <span class='ocrx_word' id='word_1_384' title='bbox 2407 2046 2716 2102; x_wconf 67' lang='lat' dir='ltr'>fratricidas</span> <span class='ocrx_word' id='word_1_385' title='bbox 2749 2047 2945 2104; x_wconf 78' lang='lat' dir='ltr'>fratris</span> <span class='ocrx_word' id='word_1_386' title='bbox 2975 2053 3222 2104; x_wconf 89' lang='lat' dir='ltr'>mortem</span> <span class='ocrx_word' id='word_1_387' title='bbox 3255 2049 3446 2121; x_wconf 89' lang='lat' dir='ltr'>petiit,</span> <span class='ocrx_word' id='word_1_388' title='bbox 3476 2047 3718 2121; x_wconf 86' lang='lat' dir='ltr'>sanguis</span> 
     </span>
    </p>
   </div>
   <div class='ocr_carea' id='block_1_51' title="bbox 2070 2135 3722 2210">
    <p class='ocr_par' dir='ltr' id='par_1_51' title="bbox 2070 2135 3722 2210">
     <span class='ocr_line' id='line_1_51' title="bbox 2070 2135 3722 2210; baseline 0.001 -19"><span class='ocrx_word' id='word_1_389' title='bbox 2070 2139 2265 2192; x_wconf 89' lang='lat' dir='ltr'>autem</span> <span class='ocrx_word' id='word_1_390' title='bbox 2297 2135 2532 2192; x_wconf 85' lang='lat' dir='ltr'>Domini</span> <span class='ocrx_word' id='word_1_391' title='bbox 2554 2135 2734 2192; x_wconf 88' lang='lat' dir='ltr'>vitam</span> <span class='ocrx_word' id='word_1_392' title='bbox 2761 2137 3234 2208; x_wconf 84' lang='lat' dir='ltr'>persecutoribus</span> <span class='ocrx_word' id='word_1_393' title='bbox 3264 2137 3615 2210; x_wconf 86' lang='lat' dir='ltr'>impetravit.</span> <span class='ocrx_word' id='word_1_394' title='bbox 3649 2136 3722 2192; x_wconf 88' lang='lat' dir='ltr'>Ut</span> 
     </span>
    </p>
   </div>
   <div class='ocr_carea' id='block_1_52' title="bbox 2069 2224 3718 2298">
    <p class='ocr_par' dir='ltr' id='par_1_52' title="bbox 2069 2224 3718 2298">
     <span class='ocr_line' id='line_1_52' title="bbox 2069 2224 3718 2298; baseline -0.001 -17"><span class='ocrx_word' id='word_1_395' title='bbox 2069 2241 2206 2298; x_wconf 86' lang='lat' dir='ltr'>ergo</span> <span class='ocrx_word' id='word_1_396' title='bbox 2229 2225 2288 2280; x_wconf 90' lang='lat' dir='ltr'>in</span> <span class='ocrx_word' id='word_1_397' title='bbox 2313 2224 2482 2281; x_wconf 90' lang='lat' dir='ltr'>nobis</span> <span class='ocrx_word' id='word_1_398' title='bbox 2505 2229 2940 2281; x_wconf 89' lang='lat' dir='ltr'>sacramentum</span> <span class='ocrx_word' id='word_1_399' title='bbox 2953 2225 3267 2281; x_wconf 67' lang='lat' dir='ltr'>Dominicis</span> <span class='ocrx_word' id='word_1_400' title='bbox 3289 2225 3582 2298; x_wconf 87' lang='lat' dir='ltr'>passionis</span> <span class='ocrx_word' id='word_1_401' title='bbox 3602 2243 3718 2280; x_wconf 90' lang='lat' dir='ltr'>non</span> 
     </span>
    </p>
   </div>
   <div class='ocr_carea' id='block_1_53' title="bbox 2072 2313 3724 2386">
    <p class='ocr_par' dir='ltr' id='par_1_53' title="bbox 2072 2313 3724 2386">
     <span class='ocr_line' id='line_1_53' title="bbox 2072 2313 3724 2386; baseline 0 -18"><span class='ocrx_word' id='word_1_402' title='bbox 2072 2314 2150 2371; x_wconf 89' lang='lat' dir='ltr'>sit</span> <span class='ocrx_word' id='word_1_403' title='bbox 2169 2315 2442 2382; x_wconf 89' lang='lat' dir='ltr'>otiosum,</span> <span class='ocrx_word' id='word_1_404' title='bbox 2470 2313 2687 2368; x_wconf 89' lang='lat' dir='ltr'>imitari</span> <span class='ocrx_word' id='word_1_405' title='bbox 2715 2314 2998 2369; x_wconf 89' lang='lat' dir='ltr'>debemus</span> <span class='ocrx_word' id='word_1_406' title='bbox 3019 2315 3173 2386; x_wconf 90' lang='lat' dir='ltr'>quod</span> <span class='ocrx_word' id='word_1_407' title='bbox 3195 2314 3724 2386; x_wconf 72' lang='lat' dir='ltr'>sumimus,etpra:-</span> 
     </span>
    </p>
   </div>
   <div class='ocr_carea' id='block_1_54' title="bbox 2071 2401 3719 2475">
    <p class='ocr_par' dir='ltr' id='par_1_54' title="bbox 2071 2401 3719 2475">
     <span class='ocr_line' id='line_1_54' title="bbox 2071 2401 3719 2475; baseline -0.001 -17"><span class='ocrx_word' id='word_1_408' title='bbox 2071 2403 2266 2458; x_wconf 89' lang='lat' dir='ltr'>dicare</span> <span class='ocrx_word' id='word_1_409' title='bbox 2314 2403 2538 2459; x_wconf 81' lang='lat' dir='ltr'>caeteris</span> <span class='ocrx_word' id='word_1_410' title='bbox 2589 2403 2743 2475; x_wconf 90' lang='lat' dir='ltr'>quod</span> <span class='ocrx_word' id='word_1_411' title='bbox 2793 2419 3155 2458; x_wconf 86' lang='lat' dir='ltr'>veneramur.</span> <span class='ocrx_word' id='word_1_412' title='bbox 3191 2404 3408 2458; x_wconf 89' lang='lat' dir='ltr'>Locum</span> <span class='ocrx_word' id='word_1_413' title='bbox 3443 2401 3601 2458; x_wconf 91' lang='lat' dir='ltr'>enim</span> <span class='ocrx_word' id='word_1_414' title='bbox 3629 2401 3719 2457; x_wconf 82' lang='lat' dir='ltr'>la-</span> 
     </span>
    </p>
   </div>
   <div class='ocr_carea' id='block_1_55' title="bbox 2070 2489 3717 2563">
    <p class='ocr_par' dir='ltr' id='par_1_55' title="bbox 2070 2489 3717 2563">
     <span class='ocr_line' id='line_1_55' title="bbox 2070 2489 3717 2563; baseline 0 -17"><span class='ocrx_word' id='word_1_415' title='bbox 2070 2491 2232 2546; x_wconf 86' lang='lat' dir='ltr'>tendi</span> <span class='ocrx_word' id='word_1_416' title='bbox 2281 2490 2502 2547; x_wconf 89' lang='lat' dir='ltr'>clamor</span> <span class='ocrx_word' id='word_1_417' title='bbox 2547 2491 2675 2562; x_wconf 87' lang='lat' dir='ltr'>ejus</span> <span class='ocrx_word' id='word_1_418' title='bbox 2725 2489 2786 2546; x_wconf 91' lang='lat' dir='ltr'>in</span> <span class='ocrx_word' id='word_1_419' title='bbox 2837 2491 3006 2546; x_wconf 91' lang='lat' dir='ltr'>nobis</span> <span class='ocrx_word' id='word_1_420' title='bbox 3035 2490 3310 2559; x_wconf 89' lang='lat' dir='ltr'>inveniet,</span> <span class='ocrx_word' id='word_1_421' title='bbox 3341 2491 3390 2545; x_wconf 89' lang='lat' dir='ltr'>si</span> <span class='ocrx_word' id='word_1_422' title='bbox 3421 2491 3530 2546; x_wconf 91' lang='lat' dir='ltr'>hoc</span> <span class='ocrx_word' id='word_1_423' title='bbox 3561 2491 3717 2563; x_wconf 89' lang='lat' dir='ltr'>quod</span> 
     </span>
    </p>
   </div>
   <div class='ocr_carea' id='block_1_56' title="bbox 2072 2578 3721 2653">
    <p class='ocr_par' dir='ltr' id='par_1_56' title="bbox 2072 2578 3721 2653">
     <span class='ocr_line' id='line_1_56' title="bbox 2072 2578 3721 2653; baseline 0.001 -19"><span class='ocrx_word' id='word_1_424' title='bbox 2072 2596 2240 2635; x_wconf 89' lang='lat' dir='ltr'>mens</span> <span class='ocrx_word' id='word_1_425' title='bbox 2261 2578 2506 2635; x_wconf 90' lang='lat' dir='ltr'>credidit</span> <span class='ocrx_word' id='word_1_426' title='bbox 2534 2579 2736 2653; x_wconf 89' lang='lat' dir='ltr'>lingua</span> <span class='ocrx_word' id='word_1_427' title='bbox 2766 2583 2934 2635; x_wconf 90' lang='lat' dir='ltr'>tacet.</span> <span class='ocrx_word' id='word_1_428' title='bbox 2964 2580 3072 2634; x_wconf 88' lang='lat' dir='ltr'>Sed</span> <span class='ocrx_word' id='word_1_429' title='bbox 3110 2597 3183 2635; x_wconf 91' lang='lat' dir='ltr'>ne</span> <span class='ocrx_word' id='word_1_430' title='bbox 3213 2579 3270 2635; x_wconf 94' lang='lat' dir='ltr'>in</span> <span class='ocrx_word' id='word_1_431' title='bbox 3301 2580 3471 2636; x_wconf 89' lang='lat' dir='ltr'>nobis</span> <span class='ocrx_word' id='word_1_432' title='bbox 3499 2579 3721 2636; x_wconf 88' lang='lat' dir='ltr'>clamor</span> 
     </span>
    </p>
   </div>
   <div class='ocr_carea' id='block_1_57' title="bbox 2069 2669 3717 2742">
    <p class='ocr_par' dir='ltr' id='par_1_57' title="bbox 2069 2669 3717 2742">
     <span class='ocr_line' id='line_1_57' title="bbox 2069 2669 3717 2742; baseline 0 -18"><span class='ocrx_word' id='word_1_433' title='bbox 2069 2670 2200 2740; x_wconf 79' lang='lat' dir='ltr'>ejus</span> <span class='ocrx_word' id='word_1_434' title='bbox 2229 2669 2425 2739; x_wconf 86' lang='lat' dir='ltr'>lateat,</span> <span class='ocrx_word' id='word_1_435' title='bbox 2457 2673 2638 2726; x_wconf 88' lang='lat' dir='ltr'>restat</span> <span class='ocrx_word' id='word_1_436' title='bbox 2669 2674 2733 2724; x_wconf 92' lang='lat' dir='ltr'>ut</span> <span class='ocrx_word' id='word_1_437' title='bbox 2763 2669 3173 2742; x_wconf 89' lang='lat' dir='ltr'>unusquisque</span> <span class='ocrx_word' id='word_1_438' title='bbox 3209 2671 3380 2742; x_wconf 89' lang='lat' dir='ltr'>juxta</span> <span class='ocrx_word' id='word_1_439' title='bbox 3411 2669 3717 2726; x_wconf 85' lang='lat' dir='ltr'>modulum</span> 
     </span>
    </p>
   </div>
   <div class='ocr_carea' id='block_1_58' title="bbox 2072 2743 3716 2830">
    <p class='ocr_par' dir='ltr' id='par_1_58' title="bbox 2072 2743 3716 2830">
     <span class='ocr_line' id='line_1_58' title="bbox 2072 2743 3716 2830; baseline 0 -16"><span class='ocrx_word' id='word_1_440' title='bbox 2072 2775 2247 2814; x_wconf 90' lang='lat' dir='ltr'>suum</span> <span class='ocrx_word' id='word_1_441' title='bbox 2269 2757 2672 2814; x_wconf 85' lang='lat' dir='ltr'>viviﬁcationis</span> <span class='ocrx_word' id='word_1_442' title='bbox 2694 2775 2811 2813; x_wconf 64' lang='lat' dir='ltr'>suae</span> <span class='ocrx_word' id='word_1_443' title='bbox 2835 2757 3180 2830; x_wconf 82' lang='lat' dir='ltr'>mysterium</span> <span class='ocrx_word' id='word_1_444' title='bbox 3194 2757 3477 2830; x_wconf 91' lang='lat' dir='ltr'>proximis</span> <span class='ocrx_word' id='word_1_445' title='bbox 3498 2743 3716 2814; x_wconf 72' lang='lat' dir='ltr'>innote-</span> 
     </span>
    </p>
   </div>
   <div class='ocr_carea' id='block_1_59' title="bbox 2072 2845 3715 2920">
    <p class='ocr_par' dir='ltr' id='par_1_59' title="bbox 2072 2845 3715 2920">
     <span class='ocr_line' id='line_1_59' title="bbox 2072 2845 3715 2920; baseline -0.001 -17"><span class='ocrx_word' id='word_1_446' title='bbox 2072 2850 2224 2903; x_wconf 87' lang='lat' dir='ltr'>seat:</span> <span class='ocrx_word' id='word_1_447' title='bbox 2247 2870 2266 2895; x_wconf 77' lang='grc' dir='ltr'><strong>ο</strong></span> <span class='ocrx_word' id='word_1_448' title='bbox 2293 2847 2537 2904; x_wconf 88' lang='lat' dir='ltr'>credens</span> <span class='ocrx_word' id='word_1_449' title='bbox 2556 2850 2614 2902; x_wconf 90' lang='lat' dir='ltr'>et</span> <span class='ocrx_word' id='word_1_450' title='bbox 2637 2848 2922 2903; x_wconf 88' lang='lat' dir='ltr'>conﬁtens</span> <span class='ocrx_word' id='word_1_451' title='bbox 2943 2851 3001 2902; x_wconf 87' lang='lat' dir='ltr'>et</span> <span class='ocrx_word' id='word_1_452' title='bbox 3021 2848 3403 2915; x_wconf 87' lang='lat' dir='ltr'>annuntians,</span> <span class='ocrx_word' id='word_1_453' title='bbox 3423 2845 3563 2920; x_wconf 86' lang='lat' dir='ltr'>quia</span> <span class='ocrx_word' id='word_1_454' title='bbox 3582 2863 3715 2902; x_wconf 87' lang='lat' dir='ltr'>san—</span> 
     </span>
    </p>
   </div>
   <div class='ocr_carea' id='block_1_60' title="bbox 2072 2934 3719 3009">
    <p class='ocr_par' dir='ltr' id='par_1_60' title="bbox 2072 2934 3719 3009">
     <span class='ocr_line' id='line_1_60' title="bbox 2072 2934 3719 3009; baseline 0.001 -19"><span class='ocrx_word' id='word_1_455' title='bbox 2072 2936 2206 3009; x_wconf 89' lang='lat' dir='ltr'>guis</span> <span class='ocrx_word' id='word_1_456' title='bbox 2226 2935 2442 2991; x_wconf 90' lang='lat' dir='ltr'>Christi</span> <span class='ocrx_word' id='word_1_457' title='bbox 2467 2935 2596 2992; x_wconf 90' lang='lat' dir='ltr'>ideo</span> <span class='ocrx_word' id='word_1_458' title='bbox 2619 2953 2832 2992; x_wconf 90' lang='lat' dir='ltr'>novum</span> <span class='ocrx_word' id='word_1_459' title='bbox 2853 2939 2945 2991; x_wconf 84' lang='lat' dir='ltr'>est</span> <span class='ocrx_word' id='word_1_460' title='bbox 2965 2940 3398 3002; x_wconf 87' lang='lat' dir='ltr'>testamentum,</span> <span class='ocrx_word' id='word_1_461' title='bbox 3414 2934 3553 3008; x_wconf 91' lang='lat' dir='ltr'>quia</span> <span class='ocrx_word' id='word_1_462' title='bbox 3573 2952 3719 2991; x_wconf 87' lang='lat' dir='ltr'>nova</span> 
     </span>
    </p>
   </div>
   <div class='ocr_carea' id='block_1_61' title="bbox 2072 3022 3719 3097">
    <p class='ocr_par' dir='ltr' id='par_1_61' title="bbox 2072 3022 3719 3097">
     <span class='ocr_line' id='line_1_61' title="bbox 2072 3022 3719 3097; baseline 0 -18"><span class='ocrx_word' id='word_1_463' title='bbox 2072 3022 2327 3096; x_wconf 87' lang='lat' dir='ltr'>dilectio,</span> <span class='ocrx_word' id='word_1_464' title='bbox 2351 3041 2470 3096; x_wconf 91' lang='lat' dir='ltr'>qua</span> <span class='ocrx_word' id='word_1_465' title='bbox 2497 3041 2685 3097; x_wconf 87' lang='lat' dir='ltr'>usque</span> <span class='ocrx_word' id='word_1_466' title='bbox 2714 3024 2786 3079; x_wconf 88' lang='lat' dir='ltr'>ad</span> <span class='ocrx_word' id='word_1_467' title='bbox 2819 3028 3066 3080; x_wconf 90' lang='lat' dir='ltr'>mortem</span> <span class='ocrx_word' id='word_1_468' title='bbox 3099 3023 3156 3078; x_wconf 91' lang='lat' dir='ltr'>in</span> <span class='ocrx_word' id='word_1_469' title='bbox 3189 3022 3524 3080; x_wconf 88' lang='lat' dir='ltr'>novissimis</span> <span class='ocrx_word' id='word_1_470' title='bbox 3543 3041 3719 3079; x_wconf 65' lang='lat' dir='ltr'>saecu—</span> 
     </span>
    </p>
   </div>
   <div class='ocr_carea' id='block_1_62' title="bbox 2071 3111 3711 3185">
    <p class='ocr_par' dir='ltr' id='par_1_62' title="bbox 2071 3111 3711 3185">
     <span class='ocr_line' id='line_1_62' title="bbox 2071 3111 3711 3185; baseline -0.001 -18"><span class='ocrx_word' id='word_1_471' title='bbox 2071 3111 2262 3168; x_wconf 87' lang='lat' dir='ltr'>lorum</span> <span class='ocrx_word' id='word_1_472' title='bbox 2293 3113 2656 3185; x_wconf 87' lang='lat' dir='ltr'>temporibus</span> <span class='ocrx_word' id='word_1_473' title='bbox 2684 3130 2792 3168; x_wconf 90' lang='lat' dir='ltr'>nos</span> <span class='ocrx_word' id='word_1_474' title='bbox 2822 3112 3040 3168; x_wconf 87' lang='lat' dir='ltr'>dilexit.</span> <span class='ocrx_word' id='word_1_475' title='bbox 3075 3111 3314 3167; x_wconf 86' lang='lat' dir='ltr'>Dilectio</span> <span class='ocrx_word' id='word_1_476' title='bbox 3343 3111 3457 3168; x_wconf 88' lang='lat' dir='ltr'>ista</span> <span class='ocrx_word' id='word_1_477' title='bbox 3487 3128 3592 3166; x_wconf 93' lang='lat' dir='ltr'>nos</span> <span class='ocrx_word' id='word_1_478' title='bbox 3623 3111 3711 3166; x_wconf 82' lang='lat' dir='ltr'>in-</span> 
     </span>
    </p>
   </div>
   <div class='ocr_carea' id='block_1_63' title="bbox 2073 3201 3718 3272">
    <p class='ocr_par' dir='ltr' id='par_1_63' title="bbox 2073 3201 3718 3272">
     <span class='ocr_line' id='line_1_63' title="bbox 2073 3201 3718 3272; baseline -0.001 -14"><span class='ocrx_word' id='word_1_479' title='bbox 2073 3207 2265 3272; x_wconf 76' lang='lat' dir='ltr'>novat,</span> <span class='ocrx_word' id='word_1_480' title='bbox 2301 3207 2368 3258; x_wconf 91' lang='lat' dir='ltr'>ut</span> <span class='ocrx_word' id='word_1_481' title='bbox 2398 3203 2586 3258; x_wconf 90' lang='lat' dir='ltr'>simus</span> <span class='ocrx_word' id='word_1_482' title='bbox 2616 3201 2887 3258; x_wconf 89' lang='lat' dir='ltr'>homines</span> <span class='ocrx_word' id='word_1_483' title='bbox 2917 3201 3069 3270; x_wconf 89' lang='lat' dir='ltr'>novi,</span> <span class='ocrx_word' id='word_1_484' title='bbox 3092 3201 3350 3256; x_wconf 68' lang='lat' dir='ltr'>haeredes</span> <span class='ocrx_word' id='word_1_485' title='bbox 3379 3201 3718 3257; x_wconf 88' lang='lat' dir='ltr'>testamenti</span> 
     </span>
    </p>
   </div>
   <div class='ocr_carea' id='block_1_64' title="bbox 2073 3289 3718 3364">
    <p class='ocr_par' dir='ltr' id='par_1_64' title="bbox 2073 3289 3718 3364">
     <span class='ocr_line' id='line_1_64' title="bbox 2073 3289 3718 3364; baseline 0 -18"><span class='ocrx_word' id='word_1_486' title='bbox 2073 3291 2386 3360; x_wconf 88' lang='lat' dir='ltr'>novi,sicut</span> <span class='ocrx_word' id='word_1_487' title='bbox 2406 3295 2462 3348; x_wconf 89' lang='lat' dir='ltr'>et</span> <span class='ocrx_word' id='word_1_488' title='bbox 2481 3290 2798 3364; x_wconf 85' lang='lat' dir='ltr'>Apostolus</span> <span class='ocrx_word' id='word_1_489' title='bbox 2821 3290 2963 3346; x_wconf 85' lang='lat' dir='ltr'>dicit</span> <span class='ocrx_word' id='word_1_490' title='bbox 2985 3308 2997 3346; x_wconf 94' lang='lat'>:</span> <span class='ocrx_word' id='word_1_491' title='bbox 3022 3295 3248 3360; x_wconf 83' lang='lat' dir='ltr'>Quanto</span> <span class='ocrx_word' id='word_1_492' title='bbox 3267 3289 3454 3360; x_wconf 88' lang='lat' dir='ltr'>magis</span> <span class='ocrx_word' id='word_1_493' title='bbox 3482 3291 3718 3362; x_wconf 83' lang='lat' dir='ltr'>sanguis</span> 
     </span>
    </p>
   </div>
   <div class='ocr_carea' id='block_1_65' title="bbox 307 3365 3719 3454">
    <p class='ocr_par' dir='ltr' id='par_1_65' title="bbox 307 3365 3719 3454">
     <span class='ocr_line' id='line_1_65' title="bbox 307 3365 3719 3454; baseline -0.001 -15"><span class='ocrx_word' id='word_1_494' title='bbox 307 3379 784 3450; x_wconf 84' lang='lat' dir='ltr'>debaturaccepit</span> <span class='ocrx_word' id='word_1_495' title='bbox 796 3372 1960 3452; x_wconf 71' lang='lat' dir='ltr'>panem,etgratiasagensfregitacdixit:</span> <span class='ocrx_word' id='word_1_496' title='bbox 1993 3365 2035 3431; x_wconf 84' lang='lat' dir='ltr'><strong>C</strong></span> <span class='ocrx_word' id='word_1_497' title='bbox 2072 3381 2412 3454; x_wconf 77' lang='lat' dir='ltr'>Christi,qui</span> <span class='ocrx_word' id='word_1_498' title='bbox 2428 3398 2534 3450; x_wconf 84' lang='lat' dir='ltr'>per</span> <span class='ocrx_word' id='word_1_499' title='bbox 2549 3381 2828 3450; x_wconf 87' lang='lat' dir='ltr'>Spiritum</span> <span class='ocrx_word' id='word_1_500' title='bbox 2850 3388 3113 3436; x_wconf 88' lang='lat' dir='ltr'>sanctum</span> <span class='ocrx_word' id='word_1_501' title='bbox 3129 3379 3496 3450; x_wconf 83' lang='lat' dir='ltr'>semetipsum</span> <span class='ocrx_word' id='word_1_502' title='bbox 3514 3380 3719 3437; x_wconf 87' lang='lat' dir='ltr'>obtulit</span> 
     </span>
    </p>
   </div>
   <div class='ocr_carea' id='block_1_66' title="bbox 311 3469 1963 3542">
    <p class='ocr_par' dir='ltr' id='par_1_66' title="bbox 311 3469 1963 3542">
     <span class='ocr_line' id='line_1_66' title="bbox 311 3469 1963 3542; baseline -0.001 -14"><span class='ocrx_word' id='word_1_503' title='bbox 311 3469 584 3542; x_wconf 68' lang='lat' dir='ltr'>Accipite</span> <span class='ocrx_word' id='word_1_504' title='bbox 610 3477 666 3526; x_wconf 89' lang='lat' dir='ltr'>et</span> <span class='ocrx_word' id='word_1_505' title='bbox 695 3469 1042 3526; x_wconf 84' lang='lat' dir='ltr'>manducate</span> <span class='ocrx_word' id='word_1_506' title='bbox 1072 3487 1086 3526; x_wconf 91' lang='lat'><strong>:</strong></span> <span class='ocrx_word' id='word_1_507' title='bbox 1121 3475 1225 3526; x_wconf 85' lang='lat' dir='ltr'>hoc</span> <span class='ocrx_word' id='word_1_508' title='bbox 1251 3470 1333 3525; x_wconf 85' lang='lat' dir='ltr'>est</span> <span class='ocrx_word' id='word_1_509' title='bbox 1354 3485 1567 3539; x_wconf 64' lang='lat' dir='ltr'>ccupas</span> <span class='ocrx_word' id='word_1_510' title='bbox 1595 3484 1788 3525; x_wconf 88' lang='lat' dir='ltr'>meum</span> <span class='ocrx_word' id='word_1_511' title='bbox 1810 3470 1963 3542; x_wconf 86' lang='lat' dir='ltr'>quod</span> 
     </span>
    </p>
   </div>
   <div class='ocr_carea' id='block_1_67' title="bbox 307 3559 1962 3631">
    <p class='ocr_par' dir='ltr' id='par_1_67' title="bbox 307 3559 1962 3631">
     <span class='ocr_line' id='line_1_67' title="bbox 307 3559 1962 3631; baseline -0.001 -15"><span class='ocrx_word' id='word_1_512' title='bbox 307 3575 424 3631; x_wconf 80' lang='lat' dir='ltr'>pro</span> <span class='ocrx_word' id='word_1_513' title='bbox 451 3559 602 3618; x_wconf 83' lang='lat' dir='ltr'>vobis</span> <span class='ocrx_word' id='word_1_514' title='bbox 630 3559 822 3615; x_wconf 85' lang='lat' dir='ltr'>tradet</span> <span class='ocrx_word' id='word_1_515' title='bbox 827 3564 1031 3628; x_wconf 82' lang='lat' dir='ltr'>ur,hoc</span> <span class='ocrx_word' id='word_1_516' title='bbox 1045 3559 1224 3630; x_wconf 83' lang='lat' dir='ltr'>facite</span> <span class='ocrx_word' id='word_1_517' title='bbox 1251 3559 1310 3614; x_wconf 90' lang='lat' dir='ltr'>in</span> <span class='ocrx_word' id='word_1_518' title='bbox 1339 3575 1526 3615; x_wconf 87' lang='lat' dir='ltr'>meam</span> <span class='ocrx_word' id='word_1_519' title='bbox 1553 3574 1962 3616; x_wconf 84' lang='lat' dir='ltr'>commemora-</span> 
     </span>
    </p>
   </div>
   <div class='ocr_carea' id='block_1_68' title="bbox 309 3647 1959 3721">
    <p class='ocr_par' dir='ltr' id='par_1_68' title="bbox 309 3647 1959 3721">
     <span class='ocr_line' id='line_1_68' title="bbox 309 3647 1959 3721; baseline -0.001 -15"><span class='ocrx_word' id='word_1_520' title='bbox 309 3649 542 3706; x_wconf 88' lang='lat' dir='ltr'>tionem.</span> <span class='ocrx_word' id='word_1_521' title='bbox 553 3649 837 3706; x_wconf 87' lang='lat' dir='ltr'>Similiter</span> <span class='ocrx_word' id='word_1_522' title='bbox 846 3657 900 3705; x_wconf 85' lang='lat' dir='ltr'>et</span> <span class='ocrx_word' id='word_1_523' title='bbox 913 3647 1152 3705; x_wconf 88' lang='lat' dir='ltr'>calicem</span> <span class='ocrx_word' id='word_1_524' title='bbox 1171 3657 1474 3721; x_wconf 82' lang='lat' dir='ltr'>postquam</span> <span class='ocrx_word' id='word_1_525' title='bbox 1491 3649 1734 3704; x_wconf 80' lang='lat' dir='ltr'>coznavit</span> <span class='ocrx_word' id='word_1_526' title='bbox 1745 3648 1959 3706; x_wconf 84' lang='lat' dir='ltr'>dicens:</span> 
     </span>
    </p>
   </div>
   <div class='ocr_carea' id='block_1_69' title="bbox 311 3737 1958 3809">
    <p class='ocr_par' dir='ltr' id='par_1_69' title="bbox 311 3737 1958 3809">
     <span class='ocr_line' id='line_1_69' title="bbox 311 3737 1958 3809; baseline -0.001 -13"><span class='ocrx_word' id='word_1_527' title='bbox 311 3739 423 3796; x_wconf 86' lang='lat' dir='ltr'>Hic</span> <span class='ocrx_word' id='word_1_528' title='bbox 448 3755 514 3797; x_wconf 88' lang='lat' dir='ltr'>ca</span> <span class='ocrx_word' id='word_1_529' title='bbox 524 3737 614 3796; x_wconf 74' lang='lat' dir='ltr'>lis:</span> <span class='ocrx_word' id='word_1_530' title='bbox 635 3754 844 3796; x_wconf 83' lang='lat' dir='ltr'>novum</span> <span class='ocrx_word' id='word_1_531' title='bbox 873 3743 1280 3794; x_wconf 86' lang='lat' dir='ltr'>testamentum</span> <span class='ocrx_word' id='word_1_532' title='bbox 1307 3747 1390 3794; x_wconf 83' lang='lat' dir='ltr'>est</span> <span class='ocrx_word' id='word_1_533' title='bbox 1421 3739 1484 3794; x_wconf 87' lang='lat' dir='ltr'>in</span> <span class='ocrx_word' id='word_1_534' title='bbox 1506 3753 1633 3794; x_wconf 89' lang='lat' dir='ltr'>meo</span> <span class='ocrx_word' id='word_1_535' title='bbox 1661 3737 1958 3809; x_wconf 81' lang='lat' dir='ltr'>sanguine,</span> 
     </span>
    </p>
   </div>
   <div class='ocr_carea' id='block_1_70' title="bbox 308 3826 1963 3901">
    <p class='ocr_par' dir='ltr' id='par_1_70' title="bbox 308 3826 1963 3901">
     <span class='ocr_line' id='line_1_70' title="bbox 308 3826 1963 3901; baseline -0.001 -15"><span class='ocrx_word' id='word_1_536' title='bbox 308 3828 604 3900; x_wconf 80' lang='lat' dir='ltr'>hocfacite</span> <span class='ocrx_word' id='word_1_537' title='bbox 622 3827 1065 3901; x_wconf 85' lang='lat' dir='ltr'>quotiescunque</span> <span class='ocrx_word' id='word_1_538' title='bbox 1083 3826 1340 3883; x_wconf 88' lang='lat' dir='ltr'>biberitis</span> <span class='ocrx_word' id='word_1_539' title='bbox 1351 3827 1410 3882; x_wconf 89' lang='lat' dir='ltr'>in</span> <span class='ocrx_word' id='word_1_540' title='bbox 1419 3842 1607 3882; x_wconf 86' lang='lat' dir='ltr'>meam</span> <span class='ocrx_word' id='word_1_541' title='bbox 1625 3842 1963 3884; x_wconf 87' lang='lat' dir='ltr'>commemo-</span> 
     </span>
    </p>
   </div>
   <div class='ocr_carea' id='block_1_71' title="bbox 310 3915 1962 3990">
    <p class='ocr_par' dir='ltr' id='par_1_71' title="bbox 310 3915 1962 3990">
     <span class='ocr_line' id='line_1_71' title="bbox 310 3915 1962 3990; baseline -0.001 -16"><span class='ocrx_word' id='word_1_542' title='bbox 310 3917 622 3974; x_wconf 88' lang='lat' dir='ltr'>rationem.</span> <span class='ocrx_word' id='word_1_543' title='bbox 655 3917 1108 3990; x_wconf 83' lang='lat' dir='ltr'>Quoticscunquc</span> <span class='ocrx_word' id='word_1_544' title='bbox 1135 3915 1290 3972; x_wconf 90' lang='lat' dir='ltr'>enim</span> <span class='ocrx_word' id='word_1_545' title='bbox 1317 3915 1731 3972; x_wconf 84' lang='lat' dir='ltr'>manducabitis</span> <span class='ocrx_word' id='word_1_546' title='bbox 1753 3932 1962 3986; x_wconf 84' lang='lat' dir='ltr'>panem</span> 
     </span>
    </p>
   </div>
   <div class='ocr_carea' id='block_1_72' title="bbox 309 4005 1962 4073">
    <p class='ocr_par' dir='ltr' id='par_1_72' title="bbox 309 4005 1962 4073">
     <span class='ocr_line' id='line_1_72' title="bbox 309 4005 1962 4073; baseline -0.001 -9"><span class='ocrx_word' id='word_1_547' title='bbox 309 4013 464 4066; x_wconf 74' lang='lat' dir='ltr'>hunc</span> <span class='ocrx_word' id='word_1_548' title='bbox 481 4016 538 4064; x_wconf 88' lang='lat' dir='ltr'>et</span> <span class='ocrx_word' id='word_1_549' title='bbox 546 4007 783 4065; x_wconf 85' lang='lat' dir='ltr'>calicem</span> <span class='ocrx_word' id='word_1_550' title='bbox 798 4005 1276 4073; x_wconf 69' lang='lat' dir='ltr'>bibetis,morteot</span> <span class='ocrx_word' id='word_1_551' title='bbox 1295 4005 1532 4062; x_wconf 89' lang='lat' dir='ltr'>Domini</span> <span class='ocrx_word' id='word_1_552' title='bbox 1549 4005 1962 4062; x_wconf 87' lang='lat' dir='ltr'>annuntiabitis</span> 
     </span>
    </p>
   </div>
   <div class='ocr_carea' id='block_1_73' title="bbox 307 4093 1160 4170">
    <p class='ocr_par' dir='ltr' id='par_1_73' title="bbox 307 4093 1160 4170">
     <span class='ocr_line' id='line_1_73' title="bbox 307 4093 1160 4170; baseline -0.008 -14"><span class='ocrx_word' id='word_1_553' title='bbox 307 4099 494 4156; x_wconf 81' lang='lat' dir='ltr'>donec</span> <span class='ocrx_word' id='word_1_554' title='bbox 518 4096 706 4154; x_wconf 82' lang='lat' dir='ltr'>veniat</span> <span class='ocrx_word' id='word_1_555' title='bbox 738 4095 788 4170; x_wconf 92' lang='lat' dir='ltr'>(l</span> <span class='ocrx_word' id='word_1_556' title='bbox 809 4097 942 4155; x_wconf 83' lang='lat' dir='ltr'>Cor.</span> <span class='ocrx_word' id='word_1_557' title='bbox 973 4113 1032 4161; x_wconf 90' lang='lat' dir='ltr'>x,</span> <span class='ocrx_word' id='word_1_558' title='bbox 1060 4093 1160 4168; x_wconf 79' lang='lat' dir='ltr'>XI).</span> 
     </span>
    </p>
   </div>
   <div class='ocr_carea' id='block_1_74' title="bbox 385 4181 1964 4257">
    <p class='ocr_par' dir='ltr' id='par_1_74' title="bbox 385 4181 1964 4257">
     <span class='ocr_line' id='line_1_74' title="bbox 385 4181 1964 4257; baseline -0.003 -13"><span class='ocrx_word' id='word_1_559' title='bbox 385 4189 523 4255; x_wconf 71' lang='lat' dir='ltr'>Quae</span> <span class='ocrx_word' id='word_1_560' title='bbox 544 4183 999 4242; x_wconf 89' lang='lat' dir='ltr'>communicatio</span> <span class='ocrx_word' id='word_1_561' title='bbox 1019 4186 1078 4240; x_wconf 84' lang='lat' dir='ltr'>et</span> <span class='ocrx_word' id='word_1_562' title='bbox 1097 4181 1465 4256; x_wconf 88' lang='lat' dir='ltr'>participatio</span> <span class='ocrx_word' id='word_1_563' title='bbox 1487 4183 1816 4257; x_wconf 86' lang='lat' dir='ltr'>corporiset</span> <span class='ocrx_word' id='word_1_564' title='bbox 1833 4201 1964 4240; x_wconf 88' lang='lat' dir='ltr'>san-</span> 
     </span>
    </p>
   </div>
   <div class='ocr_carea' id='block_1_75' title="bbox 307 4271 1960 4352">
    <p class='ocr_par' dir='ltr' id='par_1_75' title="bbox 307 4271 1960 4352">
     <span class='ocr_line' id='line_1_75' title="bbox 307 4271 1960 4352; baseline -0.003 -19"><span class='ocrx_word' id='word_1_565' title='bbox 307 4275 514 4352; x_wconf 86' lang='lat' dir='ltr'>guinis</span> <span class='ocrx_word' id='word_1_566' title='bbox 533 4273 766 4332; x_wconf 89' lang='lat' dir='ltr'>Domini</span> <span class='ocrx_word' id='word_1_567' title='bbox 786 4273 941 4330; x_wconf 92' lang='lat' dir='ltr'>sicut</span> <span class='ocrx_word' id='word_1_568' title='bbox 959 4291 1030 4330; x_wconf 84' lang='lat' dir='ltr'>ex</span> <span class='ocrx_word' id='word_1_569' title='bbox 1049 4271 1326 4329; x_wconf 85' lang='lat' dir='ltr'>omnibus</span> <span class='ocrx_word' id='word_1_570' title='bbox 1347 4276 1502 4329; x_wconf 88' lang='lat' dir='ltr'>recta</span> <span class='ocrx_word' id='word_1_571' title='bbox 1524 4273 1637 4328; x_wconf 90' lang='lat' dir='ltr'>ﬁde</span> <span class='ocrx_word' id='word_1_572' title='bbox 1666 4273 1960 4330; x_wconf 74' lang='lat' dir='ltr'>offerenti-</span> 
     </span>
    </p>
   </div>
   <div class='ocr_carea' id='block_1_76' title="bbox 309 4360 1964 4436">
    <p class='ocr_par' dir='ltr' id='par_1_76' title="bbox 309 4360 1964 4436">
     <span class='ocr_line' id='line_1_76' title="bbox 309 4360 1964 4436; baseline -0.004 -12"><span class='ocrx_word' id='word_1_573' title='bbox 309 4367 427 4424; x_wconf 85' lang='lat' dir='ltr'>bus</span> <span class='ocrx_word' id='word_1_574' title='bbox 458 4383 577 4422; x_wconf 85' lang='lat' dir='ltr'>una</span> <span class='ocrx_word' id='word_1_575' title='bbox 604 4365 689 4433; x_wconf 89' lang='lat' dir='ltr'>ﬁt,</span> <span class='ocrx_word' id='word_1_576' title='bbox 724 4364 808 4420; x_wconf 90' lang='lat' dir='ltr'>ita</span> <span class='ocrx_word' id='word_1_577' title='bbox 835 4367 893 4420; x_wconf 89' lang='lat' dir='ltr'>et</span> <span class='ocrx_word' id='word_1_578' title='bbox 939 4379 1058 4418; x_wconf 89' lang='lat' dir='ltr'>una</span> <span class='ocrx_word' id='word_1_579' title='bbox 1113 4361 1267 4422; x_wconf 87' lang='lat' dir='ltr'>redit</span> <span class='ocrx_word' id='word_1_580' title='bbox 1300 4360 1361 4416; x_wconf 91' lang='lat' dir='ltr'>in</span> <span class='ocrx_word' id='word_1_581' title='bbox 1391 4379 1618 4430; x_wconf 88' lang='lat' dir='ltr'>omnes,</span> <span class='ocrx_word' id='word_1_582' title='bbox 1651 4381 1766 4418; x_wconf 92' lang='lat' dir='ltr'>non</span> <span class='ocrx_word' id='word_1_583' title='bbox 1799 4367 1964 4436; x_wconf 88' lang='lat' dir='ltr'>parte</span> 
     </span>
    </p>
   </div>
   <div class='ocr_carea' id='block_1_77' title="bbox 308 4450 1966 4528">
    <p class='ocr_par' dir='ltr' id='par_1_77' title="bbox 308 4450 1966 4528">
     <span class='ocr_line' id='line_1_77' title="bbox 308 4450 1966 4528; baseline -0.002 -16"><span class='ocrx_word' id='word_1_584' title='bbox 308 4471 612 4528; x_wconf 88' lang='lat' dir='ltr'>corporea,</span> <span class='ocrx_word' id='word_1_585' title='bbox 645 4452 748 4508; x_wconf 88' lang='lat' dir='ltr'>sed</span> <span class='ocrx_word' id='word_1_586' title='bbox 779 4452 992 4508; x_wconf 88' lang='lat' dir='ltr'>virtute</span> <span class='ocrx_word' id='word_1_587' title='bbox 1013 4451 1228 4508; x_wconf 89' lang='lat' dir='ltr'>divina.</span> <span class='ocrx_word' id='word_1_588' title='bbox 1253 4450 1362 4518; x_wconf 89' lang='lat' dir='ltr'>Qui</span> <span class='ocrx_word' id='word_1_589' title='bbox 1381 4450 1538 4506; x_wconf 87' lang='lat' dir='ltr'>enim</span> <span class='ocrx_word' id='word_1_590' title='bbox 1560 4469 1715 4508; x_wconf 91' lang='lat' dir='ltr'>unus</span> <span class='ocrx_word' id='word_1_591' title='bbox 1735 4468 1966 4523; x_wconf 87' lang='lat' dir='ltr'>semper</span> 
     </span>
    </p>
   </div>
   <div class='ocr_carea' id='block_1_78' title="bbox 307 4539 1966 4616">
    <p class='ocr_par' dir='ltr' id='par_1_78' title="bbox 307 4539 1966 4616">
     <span class='ocr_line' id='line_1_78' title="bbox 307 4539 1966 4616; baseline -0.003 -14"><span class='ocrx_word' id='word_1_592' title='bbox 307 4549 373 4602; x_wconf 88' lang='lat' dir='ltr'>et</span> <span class='ocrx_word' id='word_1_593' title='bbox 402 4543 559 4600; x_wconf 86' lang='lat' dir='ltr'>idem</span> <span class='ocrx_word' id='word_1_594' title='bbox 593 4541 838 4616; x_wconf 86' lang='lat' dir='ltr'>intelligi</span> <span class='ocrx_word' id='word_1_595' title='bbox 873 4539 1296 4614; x_wconf 83' lang='lat' dir='ltr'>participaliter</span> <span class='ocrx_word' id='word_1_596' title='bbox 1325 4557 1438 4596; x_wconf 91' lang='lat' dir='ltr'>non</span> <span class='ocrx_word' id='word_1_597' title='bbox 1469 4544 1680 4612; x_wconf 90' lang='lat' dir='ltr'>potest,</span> <span class='ocrx_word' id='word_1_598' title='bbox 1704 4544 1899 4596; x_wconf 87' lang='lat' dir='ltr'>tamen</span> <span class='ocrx_word' id='word_1_599' title='bbox 1931 4559 1966 4597; x_wconf 91' lang='lat' dir='ltr'>a</span> 
     </span>
    </p>
   </div>
   <div class='ocr_carea' id='block_1_79' title="bbox 309 4629 1967 4704">
    <p class='ocr_par' dir='ltr' id='par_1_79' title="bbox 309 4629 1967 4704">
     <span class='ocr_line' id='line_1_79' title="bbox 309 4629 1967 4704; baseline -0.004 -12"><span class='ocrx_word' id='word_1_600' title='bbox 309 4633 442 4692; x_wconf 85' lang='lat' dir='ltr'>suis</span> <span class='ocrx_word' id='word_1_601' title='bbox 473 4631 748 4688; x_wconf 88' lang='lat' dir='ltr'>ﬁdelibus</span> <span class='ocrx_word' id='word_1_602' title='bbox 771 4629 1111 4704; x_wconf 88' lang='lat' dir='ltr'>participari</span> <span class='ocrx_word' id='word_1_603' title='bbox 1143 4629 1381 4697; x_wconf 87' lang='lat' dir='ltr'>dicitur,</span> <span class='ocrx_word' id='word_1_604' title='bbox 1415 4647 1550 4686; x_wconf 91' lang='lat' dir='ltr'>cum</span> <span class='ocrx_word' id='word_1_605' title='bbox 1582 4629 1640 4685; x_wconf 89' lang='lat' dir='ltr'>in</span> <span class='ocrx_word' id='word_1_606' title='bbox 1671 4631 1802 4702; x_wconf 84' lang='lat' dir='ltr'>ejus</span> <span class='ocrx_word' id='word_1_607' title='bbox 1831 4631 1967 4687; x_wconf 83' lang='lat' dir='ltr'>sub-</span> 
     </span>
    </p>
   </div>
   <div class='ocr_carea' id='block_1_80' title="bbox 2067 3469 3720 3540">
    <p class='ocr_par' dir='ltr' id='par_1_80' title="bbox 2067 3469 3720 3540">
     <span class='ocr_line' id='line_1_80' title="bbox 2067 3469 3720 3540; baseline 0 -14"><span class='ocrx_word' id='word_1_608' title='bbox 2067 3471 2504 3526; x_wconf 80' lang='lat' dir='ltr'>immaculatum</span> <span class='ocrx_word' id='word_1_609' title='bbox 2530 3469 3000 3540; x_wconf 84' lang='lat' dir='ltr'>Deo,emundabit</span> <span class='ocrx_word' id='word_1_610' title='bbox 3021 3469 3437 3526; x_wconf 84' lang='lat' dir='ltr'>conscientiam</span> <span class='ocrx_word' id='word_1_611' title='bbox 3457 3475 3720 3526; x_wconf 84' lang='lat' dir='ltr'>nostram</span> 
     </span>
    </p>
   </div>
   <div class='ocr_carea' id='block_1_81' title="bbox 2067 3559 3718 3630">
    <p class='ocr_par' dir='ltr' id='par_1_81' title="bbox 2067 3559 3718 3630">
     <span class='ocr_line' id='line_1_81' title="bbox 2067 3559 3718 3630; baseline -0.001 -14"><span class='ocrx_word' id='word_1_612' title='bbox 2067 3562 2141 3616; x_wconf 91' lang='lat' dir='ltr'>ab</span> <span class='ocrx_word' id='word_1_613' title='bbox 2160 3561 2430 3630; x_wconf 85' lang='lat' dir='ltr'>operibus</span> <span class='ocrx_word' id='word_1_614' title='bbox 2455 3561 2724 3630; x_wconf 90' lang='lat' dir='ltr'>mortuis,</span> <span class='ocrx_word' id='word_1_615' title='bbox 2743 3560 2820 3615; x_wconf 83' lang='lat' dir='ltr'>ad</span> <span class='ocrx_word' id='word_1_616' title='bbox 2847 3559 3211 3615; x_wconf 72' lang='lat' dir='ltr'>serviendum</span> <span class='ocrx_word' id='word_1_617' title='bbox 3239 3565 3353 3614; x_wconf 88' lang='lat' dir='ltr'>Deo</span> <span class='ocrx_word' id='word_1_618' title='bbox 3381 3559 3635 3614; x_wconf 79' lang='lat' dir='ltr'>viventi?</span> <span class='ocrx_word' id='word_1_619' title='bbox 3662 3568 3718 3616; x_wconf 73' lang='lat' dir='ltr'><strong><em>et</em></strong></span> 
     </span>
    </p>
   </div>
   <div class='ocr_carea' id='block_1_82' title="bbox 2070 3647 3714 3716">
    <p class='ocr_par' dir='ltr' id='par_1_82' title="bbox 2070 3647 3714 3716">
     <span class='ocr_line' id='line_1_82' title="bbox 2070 3647 3714 3716; baseline -0.001 -12"><span class='ocrx_word' id='word_1_620' title='bbox 2070 3650 2196 3705; x_wconf 78' lang='lat' dir='ltr'>ideo</span> <span class='ocrx_word' id='word_1_621' title='bbox 2211 3649 2338 3704; x_wconf 87' lang='lat' dir='ltr'>novi</span> <span class='ocrx_word' id='word_1_622' title='bbox 2363 3649 2995 3704; x_wconf 75' lang='lat' dir='ltr'>testamentimediator</span> <span class='ocrx_word' id='word_1_623' title='bbox 3023 3657 3106 3704; x_wconf 89' lang='lat' dir='ltr'>est</span> <span class='ocrx_word' id='word_1_624' title='bbox 3139 3648 3340 3715; x_wconf 80' lang='lat' dir='ltr'>(Hebr.</span> <span class='ocrx_word' id='word_1_625' title='bbox 3371 3665 3446 3715; x_wconf 77' lang='grc' dir='ltr'>ιιι,</span> <span class='ocrx_word' id='word_1_626' title='bbox 3483 3647 3570 3702; x_wconf 81' lang='grc'>14.</span> <span class='ocrx_word' id='word_1_627' title='bbox 3605 3648 3714 3716; x_wconf 88' lang='grc'><strong>15).</strong></span> 
     </span>
    </p>
   </div>
   <div class='ocr_carea' id='block_1_83' title="bbox 2071 3735 3716 3810">
    <p class='ocr_par' dir='ltr' id='par_1_83' title="bbox 2071 3735 3716 3810">
     <span class='ocr_line' id='line_1_83' title="bbox 2071 3735 3716 3810; baseline -0.002 -17"><span class='ocrx_word' id='word_1_628' title='bbox 2071 3739 2176 3794; x_wconf 88' lang='lat' dir='ltr'>Per</span> <span class='ocrx_word' id='word_1_629' title='bbox 2195 3737 2352 3794; x_wconf 87' lang='lat' dir='ltr'>hunc</span> <span class='ocrx_word' id='word_1_630' title='bbox 2373 3755 2508 3810; x_wconf 85' lang='lat' dir='ltr'>ergo</span> <span class='ocrx_word' id='word_1_631' title='bbox 2531 3737 2878 3810; x_wconf 84' lang='lat' dir='ltr'>sanguinem</span> <span class='ocrx_word' id='word_1_632' title='bbox 2910 3735 3040 3792; x_wconf 89' lang='lat' dir='ltr'>novi</span> <span class='ocrx_word' id='word_1_633' title='bbox 3062 3735 3417 3803; x_wconf 82' lang='lat' dir='ltr'>testamenti,</span> <span class='ocrx_word' id='word_1_634' title='bbox 3440 3735 3536 3806; x_wconf 89' lang='lat' dir='ltr'>qui</span> <span class='ocrx_word' id='word_1_635' title='bbox 3571 3736 3716 3790; x_wconf 77' lang='lat' dir='ltr'>ellu-</span> 
     </span>
    </p>
   </div>
   <div class='ocr_carea' id='block_1_84' title="bbox 2070 3823 3714 3897">
    <p class='ocr_par' dir='ltr' id='par_1_84' title="bbox 2070 3823 3714 3897">
     <span class='ocr_line' id='line_1_84' title="bbox 2070 3823 3714 3897; baseline -0.004 -14"><span class='ocrx_word' id='word_1_636' title='bbox 2070 3844 2173 3883; x_wconf 89' lang='lat' dir='ltr'>sus</span> <span class='ocrx_word' id='word_1_637' title='bbox 2203 3831 2293 3883; x_wconf 87' lang='lat' dir='ltr'>est</span> <span class='ocrx_word' id='word_1_638' title='bbox 2323 3827 2384 3882; x_wconf 89' lang='lat' dir='ltr'>in</span> <span class='ocrx_word' id='word_1_639' title='bbox 2413 3825 2817 3882; x_wconf 87' lang='lat' dir='ltr'>remissionem</span> <span class='ocrx_word' id='word_1_640' title='bbox 2846 3829 3236 3897; x_wconf 87' lang='lat' dir='ltr'>peccatorum,</span> <span class='ocrx_word' id='word_1_641' title='bbox 3271 3823 3632 3891; x_wconf 89' lang='lat' dir='ltr'>emundabit,</span> <span class='ocrx_word' id='word_1_642' title='bbox 3657 3823 3714 3878; x_wconf 89' lang='lat' dir='ltr'>id</span> 
     </span>
    </p>
   </div>
   <div class='ocr_carea' id='block_1_85' title="bbox 2069 3911 3716 3981">
    <p class='ocr_par' dir='ltr' id='par_1_85' title="bbox 2069 3911 3716 3981">
     <span class='ocr_line' id='line_1_85' title="bbox 2069 3911 3716 3981; baseline -0.002 -10"><span class='ocrx_word' id='word_1_643' title='bbox 2069 3921 2160 3972; x_wconf 89' lang='lat' dir='ltr'>est</span> <span class='ocrx_word' id='word_1_644' title='bbox 2189 3915 2488 3971; x_wconf 86' lang='lat' dir='ltr'>innovabit</span> <span class='ocrx_word' id='word_1_645' title='bbox 2517 3914 2933 3970; x_wconf 86' lang='lat' dir='ltr'>conscientiam</span> <span class='ocrx_word' id='word_1_646' title='bbox 2966 3913 3246 3981; x_wconf 89' lang='lat' dir='ltr'>ﬁdelium,</span> <span class='ocrx_word' id='word_1_647' title='bbox 3271 3916 3329 3968; x_wconf 90' lang='lat' dir='ltr'>et</span> <span class='ocrx_word' id='word_1_648' title='bbox 3357 3913 3509 3967; x_wconf 89' lang='lat' dir='ltr'>ﬁunt</span> <span class='ocrx_word' id='word_1_649' title='bbox 3537 3911 3716 3968; x_wconf 90' lang='lat' dir='ltr'>iidem</span> 
     </span>
    </p>
   </div>
   <div class='ocr_carea' id='block_1_86' title="bbox 2071 4001 3716 4076">
    <p class='ocr_par' dir='ltr' id='par_1_86' title="bbox 2071 4001 3716 4076">
     <span class='ocr_line' id='line_1_86' title="bbox 2071 4001 3716 4076; baseline -0.001 -16"><span class='ocrx_word' id='word_1_650' title='bbox 2071 4002 3377 4076; x_wconf 66' lang='lat' dir='ltr'>ﬁdeles,juxtaeumdemApostolum,haeredes</span> <span class='ocrx_word' id='word_1_651' title='bbox 3389 4001 3716 4058; x_wconf 88' lang='lat' dir='ltr'>secundum</span> 
     </span>
    </p>
   </div>
   <div class='ocr_carea' id='block_1_87' title="bbox 2071 4091 3718 4167">
    <p class='ocr_par' dir='ltr' id='par_1_87' title="bbox 2071 4091 3718 4167">
     <span class='ocr_line' id='line_1_87' title="bbox 2071 4091 3718 4167; baseline -0.001 -17"><span class='ocrx_word' id='word_1_652' title='bbox 2071 4111 2237 4167; x_wconf 90' lang='lat' dir='ltr'>spem</span> <span class='ocrx_word' id='word_1_653' title='bbox 2256 4093 2386 4149; x_wconf 74' lang='lat' dir='ltr'>vita:</span> <span class='ocrx_word' id='word_1_654' title='bbox 2419 4097 2663 4160; x_wconf 64' lang='lat' dir='ltr'>aeternae,</span> <span class='ocrx_word' id='word_1_655' title='bbox 2682 4101 2738 4148; x_wconf 85' lang='lat' dir='ltr'>et</span> <span class='ocrx_word' id='word_1_656' title='bbox 2767 4092 3272 4162; x_wconf 84' lang='lat' dir='ltr'>repromissionem</span> <span class='ocrx_word' id='word_1_657' title='bbox 3300 4091 3590 4162; x_wconf 86' lang='lat' dir='ltr'>accipiunt</span> <span class='ocrx_word' id='word_1_658' title='bbox 3619 4091 3718 4163; x_wconf 89' lang='lat' dir='ltr'>qui</span> 
     </span>
    </p>
   </div>
   <div class='ocr_carea' id='block_1_88' title="bbox 2070 4181 3717 4250">
    <p class='ocr_par' dir='ltr' id='par_1_88' title="bbox 2070 4181 3717 4250">
     <span class='ocr_line' id='line_1_88' title="bbox 2070 4181 3717 4250; baseline -0.001 -10"><span class='ocrx_word' id='word_1_659' title='bbox 2070 4184 2258 4241; x_wconf 86' lang='lat' dir='ltr'>vocati</span> <span class='ocrx_word' id='word_1_660' title='bbox 2286 4193 2420 4240; x_wconf 88' lang='lat' dir='ltr'>sunt</span> <span class='ocrx_word' id='word_1_661' title='bbox 2461 4191 2693 4240; x_wconf 66' lang='lat' dir='ltr'>aeternae</span> <span class='ocrx_word' id='word_1_662' title='bbox 2729 4182 3088 4239; x_wconf 67' lang='lat' dir='ltr'>haereditatis</span> <span class='ocrx_word' id='word_1_663' title='bbox 3115 4181 3310 4250; x_wconf 85' lang='lat' dir='ltr'>(ibid.,</span> <span class='ocrx_word' id='word_1_664' title='bbox 3348 4182 3454 4248; x_wconf 88' lang='grc'><strong>15).</strong></span> <span class='ocrx_word' id='word_1_665' title='bbox 3488 4182 3560 4236; x_wconf 93' lang='lat' dir='ltr'>Et</span> <span class='ocrx_word' id='word_1_666' title='bbox 3588 4181 3717 4238; x_wconf 90' lang='lat' dir='ltr'>ideo</span> 
     </span>
    </p>
   </div>
   <div class='ocr_carea' id='block_1_89' title="bbox 2072 4269 3720 4347">
    <p class='ocr_par' dir='ltr' id='par_1_89' title="bbox 2072 4269 3720 4347">
     <span class='ocr_line' id='line_1_89' title="bbox 2072 4269 3720 4347; baseline -0.003 -17"><span class='ocrx_word' id='word_1_667' title='bbox 2072 4273 2314 4347; x_wconf 82' lang='lat' dir='ltr'>sanguis</span> <span class='ocrx_word' id='word_1_668' title='bbox 2345 4273 2440 4328; x_wconf 91' lang='lat' dir='ltr'>ille</span> <span class='ocrx_word' id='word_1_669' title='bbox 2467 4289 2598 4328; x_wconf 89' lang='lat' dir='ltr'>vere</span> <span class='ocrx_word' id='word_1_670' title='bbox 2627 4271 2758 4327; x_wconf 90' lang='lat' dir='ltr'>novi</span> <span class='ocrx_word' id='word_1_671' title='bbox 2793 4269 3128 4328; x_wconf 86' lang='lat' dir='ltr'>testamenti</span> <span class='ocrx_word' id='word_1_672' title='bbox 3151 4274 3208 4326; x_wconf 86' lang='lat' dir='ltr'>et</span> <span class='ocrx_word' id='word_1_673' title='bbox 3222 4270 3420 4326; x_wconf 60' lang='lat' dir='ltr'>interni</span> <span class='ocrx_word' id='word_1_674' title='bbox 3441 4273 3550 4338; x_wconf 89' lang='lat' dir='ltr'>est,</span> <span class='ocrx_word' id='word_1_675' title='bbox 3579 4269 3720 4343; x_wconf 90' lang='lat' dir='ltr'>quia</span> 
     </span>
    </p>
   </div>
   <div class='ocr_carea' id='block_1_90' title="bbox 2073 4359 3716 4436">
    <p class='ocr_par' dir='ltr' id='par_1_90' title="bbox 2073 4359 3716 4436">
     <span class='ocr_line' id='line_1_90' title="bbox 2073 4359 3716 4436; baseline -0.002 -17"><span class='ocrx_word' id='word_1_676' title='bbox 2073 4381 2221 4436; x_wconf 90' lang='lat' dir='ltr'>quos</span> <span class='ocrx_word' id='word_1_677' title='bbox 2252 4380 2286 4418; x_wconf 91' lang='lat' dir='ltr'>a</span> <span class='ocrx_word' id='word_1_678' title='bbox 2316 4365 2604 4418; x_wconf 82' lang='lat' dir='ltr'>vetustate</span> <span class='ocrx_word' id='word_1_679' title='bbox 2643 4363 2898 4428; x_wconf 82' lang='lat' dir='ltr'>innovat,</span> <span class='ocrx_word' id='word_1_680' title='bbox 2933 4362 3004 4416; x_wconf 90' lang='lat' dir='ltr'>ad</span> <span class='ocrx_word' id='word_1_681' title='bbox 3055 4365 3328 4416; x_wconf 66' lang='lat' dir='ltr'>aeternam</span> <span class='ocrx_word' id='word_1_682' title='bbox 3381 4359 3716 4416; x_wconf 85' lang='lat' dir='ltr'>felicitatem</span> 
     </span>
    </p>
   </div>
   <div class='ocr_carea' id='block_1_91' title="bbox 2073 4448 3716 4526">
    <p class='ocr_par' dir='ltr' id='par_1_91' title="bbox 2073 4448 3716 4526">
     <span class='ocr_line' id='line_1_91' title="bbox 2073 4448 3716 4526; baseline -0.002 -19"><span class='ocrx_word' id='word_1_683' title='bbox 2073 4451 2358 4526; x_wconf 89' lang='lat' dir='ltr'>perducit.</span> <span class='ocrx_word' id='word_1_684' title='bbox 2396 4450 2539 4506; x_wconf 84' lang='lat' dir='ltr'>Hinc</span> <span class='ocrx_word' id='word_1_685' title='bbox 2568 4449 3203 4522; x_wconf 74' lang='lat' dir='ltr'>Zacharias‘propheta</span> <span class='ocrx_word' id='word_1_686' title='bbox 3229 4448 3387 4505; x_wconf 89' lang='lat' dir='ltr'>velut</span> <span class='ocrx_word' id='word_1_687' title='bbox 3414 4451 3486 4504; x_wconf 86' lang='lat' dir='ltr'>ad</span> <span class='ocrx_word' id='word_1_688' title='bbox 3519 4449 3716 4522; x_wconf 85' lang='lat' dir='ltr'>ipsum</span> 
     </span>
    </p>
   </div>
   <div class='ocr_carea' id='block_1_92' title="bbox 2073 4539 3714 4612">
    <p class='ocr_par' dir='ltr' id='par_1_92' title="bbox 2073 4539 3714 4612">
     <span class='ocr_line' id='line_1_92' title="bbox 2073 4539 3714 4612; baseline -0.001 -16"><span class='ocrx_word' id='word_1_689' title='bbox 2073 4541 2389 4596; x_wconf 89' lang='lat' dir='ltr'>Dominum</span> <span class='ocrx_word' id='word_1_690' title='bbox 2419 4539 2668 4610; x_wconf 86' lang='lat' dir='ltr'>loquens</span> <span class='ocrx_word' id='word_1_691' title='bbox 2685 4539 2767 4594; x_wconf 85' lang='lat' dir='ltr'>ait</span> <span class='ocrx_word' id='word_1_692' title='bbox 2786 4556 2798 4592; x_wconf 93' lang='lat'><strong>:</strong></span> <span class='ocrx_word' id='word_1_693' title='bbox 2825 4541 2909 4594; x_wconf 85' lang='lat' dir='ltr'>Tu</span> <span class='ocrx_word' id='word_1_694' title='bbox 2922 4555 3140 4612; x_wconf 84' lang='lat' dir='ltr'>quoque</span> <span class='ocrx_word' id='word_1_695' title='bbox 3162 4539 3219 4594; x_wconf 89' lang='lat' dir='ltr'>in</span> <span class='ocrx_word' id='word_1_696' title='bbox 3237 4539 3520 4610; x_wconf 83' lang='lat' dir='ltr'>sanguine</span> <span class='ocrx_word' id='word_1_697' title='bbox 3541 4547 3714 4595; x_wconf 85' lang='lat' dir='ltr'>testa-</span> 
     </span>
    </p>
   </div>
   <div class='ocr_carea' id='block_1_93' title="bbox 2071 4628 3718 4700">
    <p class='ocr_par' dir='ltr' id='par_1_93' title="bbox 2071 4628 3718 4700">
     <span class='ocr_line' id='line_1_93' title="bbox 2071 4628 3718 4700; baseline 0.001 -16"><span class='ocrx_word' id='word_1_698' title='bbox 2071 4629 2252 4684; x_wconf 86' lang='lat' dir='ltr'>menti</span> <span class='ocrx_word' id='word_1_699' title='bbox 2263 4629 2348 4684; x_wconf 89' lang='lat' dir='ltr'>tui</span> <span class='ocrx_word' id='word_1_700' title='bbox 2356 4628 2598 4684; x_wconf 86' lang='lat' dir='ltr'>emisisti</span> <span class='ocrx_word' id='word_1_701' title='bbox 2615 4629 2826 4684; x_wconf 84' lang='lat' dir='ltr'>vinctos</span> <span class='ocrx_word' id='word_1_702' title='bbox 2847 4637 2972 4684; x_wconf 87' lang='lat' dir='ltr'>tuos</span> <span class='ocrx_word' id='word_1_703' title='bbox 2989 4629 3060 4683; x_wconf 84' lang='lat' dir='ltr'>de</span> <span class='ocrx_word' id='word_1_704' title='bbox 3071 4630 3220 4698; x_wconf 90' lang='lat' dir='ltr'>lacu,</span> <span class='ocrx_word' id='word_1_705' title='bbox 3243 4628 3302 4684; x_wconf 89' lang='lat' dir='ltr'>in</span> <span class='ocrx_word' id='word_1_706' title='bbox 3323 4644 3435 4700; x_wconf 89' lang='lat' dir='ltr'>quo</span> <span class='ocrx_word' id='word_1_707' title='bbox 3453 4643 3565 4684; x_wconf 87' lang='lat' dir='ltr'>non</span> <span class='ocrx_word' id='word_1_708' title='bbox 3587 4637 3718 4685; x_wconf 83' lang='lat' dir='ltr'>erat</span> 
     </span>
    </p>
   </div>
   <div class='ocr_carea' id='block_1_94' title="bbox 309 4714 3785 4804">
    <p class='ocr_par' dir='ltr' id='par_1_94' title="bbox 309 4714 3785 4804">
     <span class='ocr_line' id='line_1_94' title="bbox 309 4714 3785 4804; baseline -0.003 -25"><span class='ocrx_word' id='word_1_709' title='bbox 309 4719 597 4780; x_wconf 87' lang='lat' dir='ltr'>stantiam</span> <span class='ocrx_word' id='word_1_710' title='bbox 626 4737 763 4794; x_wconf 90' lang='lat' dir='ltr'>pars</span> <span class='ocrx_word' id='word_1_711' title='bbox 793 4718 956 4776; x_wconf 89' lang='lat' dir='ltr'>nulla</span> <span class='ocrx_word' id='word_1_712' title='bbox 983 4719 1347 4776; x_wconf 89' lang='lat' dir='ltr'>admittatur.</span> <span class='ocrx_word' id='word_1_713' title='bbox 1374 4719 1485 4776; x_wconf 91' lang='lat' dir='ltr'>Sed</span> <span class='ocrx_word' id='word_1_714' title='bbox 1517 4717 1656 4791; x_wconf 89' lang='lat' dir='ltr'>quia</span> <span class='ocrx_word' id='word_1_715' title='bbox 1682 4719 1841 4775; x_wconf 91' lang='lat' dir='ltr'>hunc</span> <span class='ocrx_word' id='word_1_716' title='bbox 1869 4737 1966 4776; x_wconf 83' lang='lat' dir='ltr'>ex-</span> <span class='ocrx_word' id='word_1_717' title='bbox 1995 4739 2042 4804; x_wconf 82' lang='lat' dir='ltr'><strong>D</strong></span> <span class='ocrx_word' id='word_1_718' title='bbox 2072 4735 2224 4792; x_wconf 87' lang='lat' dir='ltr'>aqua</span> <span class='ocrx_word' id='word_1_719' title='bbox 2247 4717 2446 4790; x_wconf 84' lang='lat' dir='ltr'>(Zach.</span> <span class='ocrx_word' id='word_1_720' title='bbox 2472 4735 2544 4783; x_wconf 80' lang='lat' dir='ltr'>Ix,</span> <span class='ocrx_word' id='word_1_721' title='bbox 2571 4717 2678 4789; x_wconf 91' lang='grc'><strong>11).</strong></span> <span class='ocrx_word' id='word_1_722' title='bbox 2703 4715 2850 4784; x_wconf 85' lang='lat' dir='ltr'>Quia</span> <span class='ocrx_word' id='word_1_723' title='bbox 2863 4715 3132 4773; x_wconf 85' lang='lat' dir='ltr'>videlicet</span> <span class='ocrx_word' id='word_1_724' title='bbox 3150 4734 3253 4789; x_wconf 87' lang='lat' dir='ltr'>per</span> <span class='ocrx_word' id='word_1_725' title='bbox 3272 4716 3452 4788; x_wconf 89' lang='lat' dir='ltr'>hujus</span> <span class='ocrx_word' id='word_1_726' title='bbox 3471 4714 3714 4788; x_wconf 88' lang='lat' dir='ltr'>sangui-</span> <span class='ocrx_word' id='word_1_727' title='bbox 3771 4731 3785 4741; x_wconf 77' lang='grc'><em>’</em></span> 
     </span>
    </p>
   </div>
   <div class='ocr_carea' id='block_1_95' title="bbox 309 4807 1968 4886">
    <p class='ocr_par' dir='ltr' id='par_1_95' title="bbox 309 4807 1968 4886">
     <span class='ocr_line' id='line_1_95' title="bbox 309 4807 1968 4886; baseline -0.002 -18"><span class='ocrx_word' id='word_1_728' title='bbox 309 4809 569 4886; x_wconf 76' lang='lat' dir='ltr'>primore</span> <span class='ocrx_word' id='word_1_729' title='bbox 600 4809 850 4882; x_wconf 88' lang='lat' dir='ltr'>perfecte</span> <span class='ocrx_word' id='word_1_730' title='bbox 880 4824 1149 4866; x_wconf 88' lang='lat' dir='ltr'>sermone</span> <span class='ocrx_word' id='word_1_731' title='bbox 1179 4825 1294 4864; x_wconf 92' lang='lat' dir='ltr'>non</span> <span class='ocrx_word' id='word_1_732' title='bbox 1327 4825 1664 4880; x_wconf 89' lang='lat' dir='ltr'>possumus,</span> <span class='ocrx_word' id='word_1_733' title='bbox 1697 4807 1968 4864; x_wconf 88' lang='lat' dir='ltr'>humani-</span> 
     </span>
    </p>
   </div>
   <div class='ocr_carea' id='block_1_96' title="bbox 306 4895 1964 4971">
    <p class='ocr_par' dir='ltr' id='par_1_96' title="bbox 306 4895 1964 4971">
     <span class='ocr_line' id='line_1_96' title="bbox 306 4895 1964 4971; baseline -0.002 -13"><span class='ocrx_word' id='word_1_734' title='bbox 306 4899 456 4958; x_wconf 83' lang='lat' dir='ltr'>tatis</span> <span class='ocrx_word' id='word_1_735' title='bbox 497 4901 709 4956; x_wconf 69' lang='lat' dir='ltr'>nostrae</span> <span class='ocrx_word' id='word_1_736' title='bbox 757 4897 995 4956; x_wconf 89' lang='lat' dir='ltr'>modulo</span> <span class='ocrx_word' id='word_1_737' title='bbox 1045 4895 1214 4971; x_wconf 89' lang='lat' dir='ltr'>quasi</span> <span class='ocrx_word' id='word_1_738' title='bbox 1261 4897 1520 4954; x_wconf 67' lang='lat' dir='ltr'>infantiae</span> <span class='ocrx_word' id='word_1_739' title='bbox 1568 4897 1964 4954; x_wconf 87' lang='lat' dir='ltr'>imbecillitate</span> 
     </span>
    </p>
   </div>
   <div class='ocr_carea' id='block_1_97' title="bbox 309 4986 1962 5064">
    <p class='ocr_par' dir='ltr' id='par_1_97' title="bbox 309 4986 1962 5064">
     <span class='ocr_line' id='line_1_97' title="bbox 309 4986 1962 5064; baseline -0.002 -18"><span class='ocrx_word' id='word_1_740' title='bbox 309 4987 640 5064; x_wconf 60' lang='lat' dir='ltr'>praepediti,</span> <span class='ocrx_word' id='word_1_741' title='bbox 673 5004 808 5044; x_wconf 89' lang='lat' dir='ltr'>eum</span> <span class='ocrx_word' id='word_1_742' title='bbox 865 4986 1236 5060; x_wconf 88' lang='lat' dir='ltr'>aliquatenus</span> <span class='ocrx_word' id='word_1_743' title='bbox 1292 4987 1671 5044; x_wconf 87' lang='lat' dir='ltr'>balbutiendo</span> <span class='ocrx_word' id='word_1_744' title='bbox 1727 5005 1962 5044; x_wconf 89' lang='lat' dir='ltr'>resona-</span> 
     </span>
    </p>
   </div>
   <div class='ocr_carea' id='block_1_98' title="bbox 309 5075 1967 5150">
    <p class='ocr_par' dir='ltr' id='par_1_98' title="bbox 309 5075 1967 5150">
     <span class='ocr_line' id='line_1_98' title="bbox 309 5075 1967 5150; baseline -0.002 -15"><span class='ocrx_word' id='word_1_745' title='bbox 309 5095 472 5135; x_wconf 87' lang='lat' dir='ltr'>mus.</span> <span class='ocrx_word' id='word_1_746' title='bbox 504 5077 686 5150; x_wconf 88' lang='lat' dir='ltr'>Cujus</span> <span class='ocrx_word' id='word_1_747' title='bbox 717 5093 928 5150; x_wconf 90' lang='lat' dir='ltr'>corpus</span> <span class='ocrx_word' id='word_1_748' title='bbox 956 5075 1144 5133; x_wconf 64' lang='lat' dir='ltr'>Judaei</span> <span class='ocrx_word' id='word_1_749' title='bbox 1175 5081 1590 5149; x_wconf 88' lang='lat' dir='ltr'>persequentes</span> <span class='ocrx_word' id='word_1_750' title='bbox 1620 5075 1805 5132; x_wconf 91' lang='lat' dir='ltr'>moliti</span> <span class='ocrx_word' id='word_1_751' title='bbox 1826 5080 1967 5133; x_wconf 90' lang='lat' dir='ltr'>sunt</span> 
     </span>
    </p>
   </div>
   <div class='ocr_carea' id='block_1_99' title="bbox 307 5165 1963 5241">
    <p class='ocr_par' dir='ltr' id='par_1_99' title="bbox 307 5165 1963 5241">
     <span class='ocr_line' id='line_1_99' title="bbox 307 5165 1963 5241; baseline -0.001 -18"><span class='ocrx_word' id='word_1_752' title='bbox 307 5165 488 5241; x_wconf 89' lang='lat' dir='ltr'>quasi</span> <span class='ocrx_word' id='word_1_753' title='bbox 517 5167 918 5223; x_wconf 88' lang='lat' dir='ltr'>consumendo</span> <span class='ocrx_word' id='word_1_754' title='bbox 948 5166 1338 5239; x_wconf 87' lang='lat' dir='ltr'>exstinguere,</span> <span class='ocrx_word' id='word_1_755' title='bbox 1355 5170 1412 5222; x_wconf 89' lang='lat' dir='ltr'>et</span> <span class='ocrx_word' id='word_1_756' title='bbox 1431 5165 1681 5239; x_wconf 87' lang='lat' dir='ltr'>gentiles</span> <span class='ocrx_word' id='word_1_757' title='bbox 1705 5165 1963 5223; x_wconf 87' lang='lat' dir='ltr'>esurien-</span> 
     </span>
    </p>
   </div>
   <div class='ocr_carea' id='block_1_100' title="bbox 307 5255 1968 5328">
    <p class='ocr_par' dir='ltr' id='par_1_100' title="bbox 307 5255 1968 5328">
     <span class='ocr_line' id='line_1_100' title="bbox 307 5255 1968 5328; baseline -0.002 -15"><span class='ocrx_word' id='word_1_758' title='bbox 307 5262 436 5313; x_wconf 80' lang='lat' dir='ltr'>tem</span> <span class='ocrx_word' id='word_1_759' title='bbox 457 5259 713 5312; x_wconf 82' lang='lat' dir='ltr'>mentem</span> <span class='ocrx_word' id='word_1_760' title='bbox 737 5273 905 5312; x_wconf 86' lang='lat' dir='ltr'>snam</span> <span class='ocrx_word' id='word_1_761' title='bbox 927 5255 1264 5313; x_wconf 88' lang='lat' dir='ltr'>desiderant</span> <span class='ocrx_word' id='word_1_762' title='bbox 1289 5273 1392 5328; x_wconf 89' lang='lat' dir='ltr'>per</span> <span class='ocrx_word' id='word_1_763' title='bbox 1421 5255 1828 5328; x_wconf 89' lang='lat' dir='ltr'>quotidianum</span> <span class='ocrx_word' id='word_1_764' title='bbox 1861 5257 1968 5310; x_wconf 91' lang='lat' dir='ltr'>im-</span> 
     </span>
    </p>
   </div>
   <div class='ocr_carea' id='block_1_101' title="bbox 307 5344 1967 5418">
    <p class='ocr_par' dir='ltr' id='par_1_101' title="bbox 307 5344 1967 5418">
     <span class='ocr_line' id='line_1_101' title="bbox 307 5344 1967 5418; baseline -0.002 -15"><span class='ocrx_word' id='word_1_765' title='bbox 307 5345 654 5403; x_wconf 86' lang='lat' dir='ltr'>molationis</span> <span class='ocrx_word' id='word_1_766' title='bbox 685 5345 1040 5402; x_wconf 87' lang='lat' dir='ltr'>sacriﬁcium</span> <span class='ocrx_word' id='word_1_767' title='bbox 1071 5347 1143 5402; x_wconf 89' lang='lat' dir='ltr'>de</span> <span class='ocrx_word' id='word_1_768' title='bbox 1173 5344 1302 5418; x_wconf 90' lang='lat' dir='ltr'>ejus</span> <span class='ocrx_word' id='word_1_769' title='bbox 1333 5345 1610 5401; x_wconf 88' lang='lat' dir='ltr'>carnibus</span> <span class='ocrx_word' id='word_1_770' title='bbox 1641 5347 1874 5413; x_wconf 88' lang='lat' dir='ltr'>satiare,</span> <span class='ocrx_word' id='word_1_771' title='bbox 1909 5349 1967 5400; x_wconf 90' lang='lat' dir='ltr'>et</span> 
     </span>
    </p>
   </div>
   <div class='ocr_carea' id='block_1_102' title="bbox 307 5433 1966 5508">
    <p class='ocr_par' dir='ltr' id='par_1_102' title="bbox 307 5433 1966 5508">
     <span class='ocr_line' id='line_1_102' title="bbox 307 5433 1966 5508; baseline -0.001 -16"><span class='ocrx_word' id='word_1_772' title='bbox 307 5433 505 5508; x_wconf 89' lang='lat' dir='ltr'>ipsius</span> <span class='ocrx_word' id='word_1_773' title='bbox 536 5433 942 5507; x_wconf 89' lang='lat' dir='ltr'>Redemptoris</span> <span class='ocrx_word' id='word_1_774' title='bbox 971 5434 1340 5508; x_wconf 87' lang='lat' dir='ltr'>sanguinem,</span> <span class='ocrx_word' id='word_1_775' title='bbox 1361 5449 1535 5506; x_wconf 89' lang='lat' dir='ltr'>quem</span> <span class='ocrx_word' id='word_1_776' title='bbox 1567 5437 1966 5506; x_wconf 87' lang='lat' dir='ltr'>persecutores</span> 
     </span>
    </p>
   </div>
   <div class='ocr_carea' id='block_1_103' title="bbox 309 5521 1962 5597">
    <p class='ocr_par' dir='ltr' id='par_1_103' title="bbox 309 5521 1962 5597">
     <span class='ocr_line' id='line_1_103' title="bbox 309 5521 1962 5597; baseline -0.004 -15"><span class='ocrx_word' id='word_1_777' title='bbox 309 5523 618 5582; x_wconf 62' lang='lat' dir='ltr'>saevientes</span> <span class='ocrx_word' id='word_1_778' title='bbox 639 5523 936 5592; x_wconf 85' lang='lat' dir='ltr'>fuderunt,</span> <span class='ocrx_word' id='word_1_779' title='bbox 949 5523 1328 5597; x_wconf 88' lang='lat' dir='ltr'>postmodum</span> <span class='ocrx_word' id='word_1_780' title='bbox 1349 5523 1650 5578; x_wconf 88' lang='lat' dir='ltr'>credentes</span> <span class='ocrx_word' id='word_1_781' title='bbox 1671 5521 1962 5591; x_wconf 88' lang='lat' dir='ltr'>biberunt,</span> 
     </span>
    </p>
   </div>
   <div class='ocr_carea' id='block_1_104' title="bbox 309 5609 1961 5686">
    <p class='ocr_par' dir='ltr' id='par_1_104' title="bbox 309 5609 1961 5686">
     <span class='ocr_line' id='line_1_104' title="bbox 309 5609 1961 5686; baseline -0.002 -15"><span class='ocrx_word' id='word_1_782' title='bbox 309 5630 570 5686; x_wconf 90' lang='lat' dir='ltr'>eumque</span> <span class='ocrx_word' id='word_1_783' title='bbox 589 5629 720 5669; x_wconf 87' lang='lat' dir='ltr'>esse</span> <span class='ocrx_word' id='word_1_784' title='bbox 747 5613 850 5668; x_wconf 89' lang='lat' dir='ltr'>Dei</span> <span class='ocrx_word' id='word_1_785' title='bbox 874 5611 1084 5670; x_wconf 89' lang='lat' dir='ltr'>Filium</span> <span class='ocrx_word' id='word_1_786' title='bbox 1107 5611 1568 5685; x_wconf 63' lang='lat' dir='ltr'>praedicaverunt</span> <span class='ocrx_word' id='word_1_787' title='bbox 1596 5612 1824 5684; x_wconf 85' lang='lat' dir='ltr'>(Moral.</span> <span class='ocrx_word' id='word_1_788' title='bbox 1860 5609 1961 5668; x_wconf 88' lang='lat' dir='ltr'>lib.</span> 
     </span>
    </p>
   </div>
   <div class='ocr_carea' id='block_1_105' title="bbox 310 5699 1962 5775">
    <p class='ocr_par' dir='ltr' id='par_1_105' title="bbox 310 5699 1962 5775">
     <span class='ocr_line' id='line_1_105' title="bbox 310 5699 1962 5775; baseline -0.001 -16"><span class='ocrx_word' id='word_1_789' title='bbox 310 5720 442 5771; x_wconf 76' lang='lat' dir='ltr'>xui,</span> <span class='ocrx_word' id='word_1_790' title='bbox 464 5719 516 5759; x_wconf 91' lang='lat' dir='ltr'>c.</span> <span class='ocrx_word' id='word_1_791' title='bbox 539 5705 617 5774; x_wconf 89' lang='lat'>8).</span> <span class='ocrx_word' id='word_1_792' title='bbox 642 5701 768 5758; x_wconf 84' lang='lat' dir='ltr'>«De</span> <span class='ocrx_word' id='word_1_793' title='bbox 787 5719 901 5775; x_wconf 89' lang='lat' dir='ltr'>quo</span> <span class='ocrx_word' id='word_1_794' title='bbox 915 5701 1184 5759; x_wconf 89' lang='lat' dir='ltr'>videlicet</span> <span class='ocrx_word' id='word_1_795' title='bbox 1205 5701 1489 5775; x_wconf 89' lang='lat' dir='ltr'>sanguine</span> <span class='ocrx_word' id='word_1_796' title='bbox 1509 5699 1792 5772; x_wconf 88' lang='lat' dir='ltr'>scriptum</span> <span class='ocrx_word' id='word_1_797' title='bbox 1825 5704 1916 5756; x_wconf 89' lang='lat' dir='ltr'>est</span> <span class='ocrx_word' id='word_1_798' title='bbox 1949 5718 1962 5758; x_wconf 91' lang='lat'><strong>:</strong></span> 
     </span>
    </p>
   </div>
   <div class='ocr_carea' id='block_1_106' title="bbox 317 5791 1967 5865">
    <p class='ocr_par' dir='ltr' id='par_1_106' title="bbox 317 5791 1967 5865">
     <span class='ocr_line' id='line_1_106' title="bbox 317 5791 1967 5865; baseline -0.003 -14"><span class='ocrx_word' id='word_1_799' title='bbox 317 5798 531 5862; x_wconf 84' lang='lat' dir='ltr'>Terra,</span> <span class='ocrx_word' id='word_1_800' title='bbox 563 5809 634 5850; x_wconf 87' lang='lat' dir='ltr'>ne</span> <span class='ocrx_word' id='word_1_801' title='bbox 659 5792 892 5864; x_wconf 84' lang='lat' dir='ltr'>operias</span> <span class='ocrx_word' id='word_1_802' title='bbox 917 5791 1254 5865; x_wconf 85' lang='lat' dir='ltr'>sanguinem</span> <span class='ocrx_word' id='word_1_803' title='bbox 1281 5806 1492 5859; x_wconf 85' lang='lat' dir='ltr'>meum,</span> <span class='ocrx_word' id='word_1_804' title='bbox 1519 5807 1697 5864; x_wconf 86' lang='lat' dir='ltr'>neque</span> <span class='ocrx_word' id='word_1_805' title='bbox 1718 5791 1967 5848; x_wconf 82' lang='lat' dir='ltr'>inveniat</span> 
     </span>
    </p>
   </div>
   <div class='ocr_carea' id='block_1_107' title="bbox 2074 4803 3718 4878">
    <p class='ocr_par' dir='ltr' id='par_1_107' title="bbox 2074 4803 3718 4878">
     <span class='ocr_line' id='line_1_107' title="bbox 2074 4803 3718 4878; baseline -0.003 -15"><span class='ocrx_word' id='word_1_806' title='bbox 2074 4807 2168 4864; x_wconf 90' lang='lat' dir='ltr'>nis</span> <span class='ocrx_word' id='word_1_807' title='bbox 2198 4807 2628 4873; x_wconf 79' lang='lat' dir='ltr'>eﬂ&#39;usionem,et</span> <span class='ocrx_word' id='word_1_808' title='bbox 2657 4805 2881 4878; x_wconf 86' lang='lat' dir='ltr'>antiqui</span> <span class='ocrx_word' id='word_1_809' title='bbox 2907 4806 3055 4876; x_wconf 90' lang='lat' dir='ltr'>justi</span> <span class='ocrx_word' id='word_1_810' title='bbox 3088 4823 3189 4877; x_wconf 89' lang='lat' dir='ltr'>spe</span> <span class='ocrx_word' id='word_1_811' title='bbox 3219 4805 3425 4860; x_wconf 66' lang='lat' dir='ltr'>futurae</span> <span class='ocrx_word' id='word_1_812' title='bbox 3457 4803 3718 4875; x_wconf 89' lang='lat' dir='ltr'>redemp-</span> 
     </span>
    </p>
   </div>
   <div class='ocr_carea' id='block_1_108' title="bbox 2070 4893 3797 4968">
    <p class='ocr_par' dir='ltr' id='par_1_108' title="bbox 2070 4893 3797 4968">
     <span class='ocr_line' id='line_1_108' title="bbox 2070 4893 3797 4968; baseline -0.003 -16"><span class='ocrx_word' id='word_1_813' title='bbox 2070 4895 2246 4952; x_wconf 89' lang='lat' dir='ltr'>tionis</span> <span class='ocrx_word' id='word_1_814' title='bbox 2271 4895 2518 4952; x_wconf 88' lang='lat' dir='ltr'>devincti</span> <span class='ocrx_word' id='word_1_815' title='bbox 2543 4895 2614 4952; x_wconf 88' lang='lat' dir='ltr'>ab</span> <span class='ocrx_word' id='word_1_816' title='bbox 2639 4895 2847 4951; x_wconf 84' lang='lat' dir='ltr'>inferni</span> <span class='ocrx_word' id='word_1_817' title='bbox 2871 4894 3145 4950; x_wconf 85' lang='lat' dir='ltr'>claustris</span> <span class='ocrx_word' id='word_1_818' title='bbox 3164 4893 3355 4950; x_wconf 89' lang='lat' dir='ltr'>educti</span> <span class='ocrx_word' id='word_1_819' title='bbox 3372 4897 3595 4962; x_wconf 88' lang='lat' dir='ltr'>sunt,et</span> <span class='ocrx_word' id='word_1_820' title='bbox 3613 4908 3718 4964; x_wconf 88' lang='lat' dir='ltr'>per</span> <span class='ocrx_word' id='word_1_821' title='bbox 3780 4957 3797 4968; x_wconf 31' lang='grc' dir='ltr'><strong><em>ί</em></strong></span> 
     </span>
    </p>
   </div>
   <div class='ocr_carea' id='block_1_109' title="bbox 2072 4982 3718 5054">
    <p class='ocr_par' dir='ltr' id='par_1_109' title="bbox 2072 4982 3718 5054">
     <span class='ocr_line' id='line_1_109' title="bbox 2072 4982 3718 5054; baseline -0.004 -11"><span class='ocrx_word' id='word_1_822' title='bbox 2072 4987 2344 5043; x_wconf 89' lang='lat' dir='ltr'>eumdem</span> <span class='ocrx_word' id='word_1_823' title='bbox 2375 4987 2552 5042; x_wconf 88' lang='lat' dir='ltr'>etiam</span> <span class='ocrx_word' id='word_1_824' title='bbox 2574 5003 2778 5042; x_wconf 88' lang='lat' dir='ltr'>omnes</span> <span class='ocrx_word' id='word_1_825' title='bbox 2809 4985 3109 5040; x_wconf 89' lang='lat' dir='ltr'>credentes</span> <span class='ocrx_word' id='word_1_826' title='bbox 3137 5001 3171 5038; x_wconf 88' lang='lat' dir='ltr'>a</span> <span class='ocrx_word' id='word_1_827' title='bbox 3200 4985 3571 5054; x_wconf 86' lang='lat' dir='ltr'>peccatorum</span> <span class='ocrx_word' id='word_1_828' title='bbox 3598 4982 3718 5037; x_wconf 89' lang='lat' dir='ltr'>vin-</span> 
     </span>
    </p>
   </div>
   <div class='ocr_carea' id='block_1_110' title="bbox 2073 5070 3714 5144">
    <p class='ocr_par' dir='ltr' id='par_1_110' title="bbox 2073 5070 3714 5144">
     <span class='ocr_line' id='line_1_110' title="bbox 2073 5070 3714 5144; baseline -0.003 -13"><span class='ocrx_word' id='word_1_829' title='bbox 2073 5075 2305 5144; x_wconf 86' lang='lat' dir='ltr'>eulis,et</span> <span class='ocrx_word' id='word_1_830' title='bbox 2325 5075 2395 5130; x_wconf 91' lang='lat' dir='ltr'>de</span> <span class='ocrx_word' id='word_1_831' title='bbox 2415 5073 2544 5130; x_wconf 90' lang='lat' dir='ltr'>lacu</span> <span class='ocrx_word' id='word_1_832' title='bbox 2571 5073 2902 5142; x_wconf 71' lang='lat' dir='ltr'>miseriae,et</span> <span class='ocrx_word' id='word_1_833' title='bbox 2927 5074 2998 5128; x_wconf 88' lang='lat' dir='ltr'>de</span> <span class='ocrx_word' id='word_1_834' title='bbox 3029 5073 3149 5128; x_wconf 89' lang='lat' dir='ltr'>luto</span> <span class='ocrx_word' id='word_1_835' title='bbox 3181 5072 3335 5128; x_wconf 74' lang='lat' dir='ltr'>ﬁscis</span> <span class='ocrx_word' id='word_1_836' title='bbox 3365 5070 3714 5144; x_wconf 90' lang='lat' dir='ltr'>eripiuntur.</span> 
     </span>
    </p>
   </div>
   <div class='ocr_carea' id='block_1_111' title="bbox 2075 5159 3716 5236">
    <p class='ocr_par' dir='ltr' id='par_1_111' title="bbox 2075 5159 3716 5236">
     <span class='ocr_line' id='line_1_111' title="bbox 2075 5159 3716 5236; baseline -0.003 -15"><span class='ocrx_word' id='word_1_837' title='bbox 2075 5165 2220 5221; x_wconf 89' lang='lat' dir='ltr'>Item</span> <span class='ocrx_word' id='word_1_838' title='bbox 2242 5164 2398 5236; x_wconf 93' lang='lat' dir='ltr'>quod</span> <span class='ocrx_word' id='word_1_839' title='bbox 2419 5163 2515 5219; x_wconf 91' lang='lat' dir='ltr'>hic</span> <span class='ocrx_word' id='word_1_840' title='bbox 2536 5163 2750 5219; x_wconf 89' lang='lat' dir='ltr'>dicitur</span> <span class='ocrx_word' id='word_1_841' title='bbox 2763 5162 3102 5234; x_wconf 84' lang='lat' dir='ltr'>mysterium</span> <span class='ocrx_word' id='word_1_842' title='bbox 3123 5160 3275 5232; x_wconf 81' lang='lat' dir='ltr'>ﬁdei,</span> <span class='ocrx_word' id='word_1_843' title='bbox 3297 5159 3432 5216; x_wconf 81' lang='lat' dir='ltr'>etin</span> <span class='ocrx_word' id='word_1_844' title='bbox 3454 5159 3572 5216; x_wconf 89' lang='lat' dir='ltr'>illis</span> <span class='ocrx_word' id='word_1_845' title='bbox 3593 5177 3716 5216; x_wconf 91' lang='lat' dir='ltr'>ver-</span> 
     </span>
    </p>
   </div>
   <div class='ocr_carea' id='block_1_112' title="bbox 2073 5249 3721 5325">
    <p class='ocr_par' dir='ltr' id='par_1_112' title="bbox 2073 5249 3721 5325">
     <span class='ocr_line' id='line_1_112' title="bbox 2073 5249 3721 5325; baseline -0.002 -15"><span class='ocrx_word' id='word_1_846' title='bbox 2073 5253 2164 5310; x_wconf 86' lang='lat' dir='ltr'>bis</span> <span class='ocrx_word' id='word_1_847' title='bbox 2181 5252 2412 5308; x_wconf 88' lang='lat' dir='ltr'>Domini</span> <span class='ocrx_word' id='word_1_848' title='bbox 2445 5253 2661 5325; x_wconf 85' lang='lat' dir='ltr'>quibus</span> <span class='ocrx_word' id='word_1_849' title='bbox 2691 5251 3032 5324; x_wconf 80' lang='lat' dir='ltr'>mysterium</span> <span class='ocrx_word' id='word_1_850' title='bbox 3064 5250 3322 5322; x_wconf 87' lang='lat' dir='ltr'>corporis</span> <span class='ocrx_word' id='word_1_851' title='bbox 3342 5253 3400 5306; x_wconf 82' lang='lat' dir='ltr'>et</span> <span class='ocrx_word' id='word_1_852' title='bbox 3414 5249 3721 5323; x_wconf 87' lang='lat' dir='ltr'>sanguinis</span> 
     </span>
    </p>
   </div>
   <div class='ocr_carea' id='block_1_113' title="bbox 2073 5339 3720 5414">
    <p class='ocr_par' dir='ltr' id='par_1_113' title="bbox 2073 5339 3720 5414">
     <span class='ocr_line' id='line_1_113' title="bbox 2073 5339 3720 5414; baseline -0.002 -14"><span class='ocrx_word' id='word_1_853' title='bbox 2073 5344 2165 5400; x_wconf 89' lang='lat' dir='ltr'>sui</span> <span class='ocrx_word' id='word_1_854' title='bbox 2190 5343 2432 5399; x_wconf 88' lang='lat' dir='ltr'>tradidit</span> <span class='ocrx_word' id='word_1_855' title='bbox 2454 5360 2567 5397; x_wconf 87' lang='lat' dir='ltr'>non</span> <span class='ocrx_word' id='word_1_856' title='bbox 2589 5341 3133 5414; x_wconf 79' lang='lat' dir='ltr'>legitur,videturde</span> <span class='ocrx_word' id='word_1_857' title='bbox 3147 5340 3259 5395; x_wconf 89' lang='lat' dir='ltr'>alio</span> <span class='ocrx_word' id='word_1_858' title='bbox 3281 5339 3404 5395; x_wconf 90' lang='lat' dir='ltr'>loco</span> <span class='ocrx_word' id='word_1_859' title='bbox 3425 5339 3720 5414; x_wconf 88' lang='lat' dir='ltr'>Evangelii</span> 
     </span>
    </p>
   </div>
   <div class='ocr_carea' id='block_1_114' title="bbox 2075 5429 3722 5506">
    <p class='ocr_par' dir='ltr' id='par_1_114' title="bbox 2075 5429 3722 5506">
     <span class='ocr_line' id='line_1_114' title="bbox 2075 5429 3722 5506; baseline -0.002 -16"><span class='ocrx_word' id='word_1_860' title='bbox 2075 5437 2377 5506; x_wconf 86' lang='lat' dir='ltr'>sumptum</span> <span class='ocrx_word' id='word_1_861' title='bbox 2407 5449 2556 5503; x_wconf 87' lang='lat' dir='ltr'>esse,</span> <span class='ocrx_word' id='word_1_862' title='bbox 2591 5431 2690 5486; x_wconf 89' lang='lat' dir='ltr'>ubi</span> <span class='ocrx_word' id='word_1_863' title='bbox 2721 5430 3044 5486; x_wconf 89' lang='lat' dir='ltr'>secundum</span> <span class='ocrx_word' id='word_1_864' title='bbox 3075 5430 3361 5486; x_wconf 88' lang='lat' dir='ltr'>Joannem</span> <span class='ocrx_word' id='word_1_865' title='bbox 3391 5429 3463 5484; x_wconf 87' lang='lat' dir='ltr'>de</span> <span class='ocrx_word' id='word_1_866' title='bbox 3492 5429 3602 5486; x_wconf 87' lang='lat' dir='ltr'>hoc</span> <span class='ocrx_word' id='word_1_867' title='bbox 3633 5446 3722 5487; x_wconf 83' lang='lat' dir='ltr'>eo-</span> 
     </span>
    </p>
   </div>
   <div class='ocr_carea' id='block_1_115' title="bbox 2074 5517 3724 5592">
    <p class='ocr_par' dir='ltr' id='par_1_115' title="bbox 2074 5517 3724 5592">
     <span class='ocr_line' id='line_1_115' title="bbox 2074 5517 3724 5592; baseline -0.004 -13"><span class='ocrx_word' id='word_1_868' title='bbox 2074 5523 2209 5578; x_wconf 90' lang='lat' dir='ltr'>dem</span> <span class='ocrx_word' id='word_1_869' title='bbox 2231 5523 2596 5578; x_wconf 88' lang='lat' dir='ltr'>sacramento</span> <span class='ocrx_word' id='word_1_870' title='bbox 2617 5519 2972 5592; x_wconf 86' lang='lat' dir='ltr'>quibusdam</span> <span class='ocrx_word' id='word_1_871' title='bbox 2994 5517 3300 5590; x_wconf 87' lang='lat' dir='ltr'>discipulis</span> <span class='ocrx_word' id='word_1_872' title='bbox 3314 5535 3426 5574; x_wconf 88' lang='lat' dir='ltr'>non</span> <span class='ocrx_word' id='word_1_873' title='bbox 3441 5518 3724 5576; x_wconf 89' lang='lat' dir='ltr'>credenti-</span> 
     </span>
    </p>
   </div>
   <div class='ocr_carea' id='block_1_116' title="bbox 2075 5608 3722 5684">
    <p class='ocr_par' dir='ltr' id='par_1_116' title="bbox 2075 5608 3722 5684">
     <span class='ocr_line' id='line_1_116' title="bbox 2075 5608 3722 5684; baseline -0.002 -16"><span class='ocrx_word' id='word_1_874' title='bbox 2075 5613 2186 5668; x_wconf 90' lang='lat' dir='ltr'>bus</span> <span class='ocrx_word' id='word_1_875' title='bbox 2206 5612 2451 5684; x_wconf 90' lang='lat' dir='ltr'>loquens</span> <span class='ocrx_word' id='word_1_876' title='bbox 2471 5611 2586 5666; x_wconf 86' lang='lat' dir='ltr'>ait:</span> <span class='ocrx_word' id='word_1_877' title='bbox 2619 5611 2803 5666; x_wconf 86' lang='lat' dir='ltr'>Verba</span> <span class='ocrx_word' id='word_1_878' title='bbox 2821 5625 2944 5680; x_wconf 62' lang='lat' dir='ltr'>qua!</span> <span class='ocrx_word' id='word_1_879' title='bbox 2977 5609 3196 5665; x_wconf 84' lang='lat' dir='ltr'>locutus</span> <span class='ocrx_word' id='word_1_880' title='bbox 3225 5625 3354 5664; x_wconf 89' lang='lat' dir='ltr'>sum</span> <span class='ocrx_word' id='word_1_881' title='bbox 3383 5608 3722 5682; x_wconf 84' lang='lat' dir='ltr'>vobisspiri-</span> 
     </span>
    </p>
   </div>
   <div class='ocr_carea' id='block_1_117' title="bbox 2075 5699 3720 5772">
    <p class='ocr_par' dir='ltr' id='par_1_117' title="bbox 2075 5699 3720 5772">
     <span class='ocr_line' id='line_1_117' title="bbox 2075 5699 3720 5772; baseline -0.004 -12"><span class='ocrx_word' id='word_1_882' title='bbox 2075 5711 2166 5759; x_wconf 86' lang='lat' dir='ltr'>tus</span> <span class='ocrx_word' id='word_1_883' title='bbox 2195 5711 2254 5758; x_wconf 87' lang='lat' dir='ltr'>et</span> <span class='ocrx_word' id='word_1_884' title='bbox 2281 5701 2397 5758; x_wconf 87' lang='lat' dir='ltr'>vita</span> <span class='ocrx_word' id='word_1_885' title='bbox 2423 5707 2577 5771; x_wconf 83' lang='lat' dir='ltr'>sunt,</span> <span class='ocrx_word' id='word_1_886' title='bbox 2607 5699 2708 5754; x_wconf 86' lang='lat' dir='ltr'>sed</span> <span class='ocrx_word' id='word_1_887' title='bbox 2735 5708 2866 5755; x_wconf 90' lang='lat' dir='ltr'>sunt</span> <span class='ocrx_word' id='word_1_888' title='bbox 2897 5699 3138 5771; x_wconf 85' lang='lat' dir='ltr'>quidam</span> <span class='ocrx_word' id='word_1_889' title='bbox 3177 5715 3253 5754; x_wconf 77' lang='lat' dir='ltr'>ea:</span> <span class='ocrx_word' id='word_1_890' title='bbox 3293 5699 3446 5755; x_wconf 88' lang='lat' dir='ltr'>vobis</span> <span class='ocrx_word' id='word_1_891' title='bbox 3474 5699 3574 5772; x_wconf 90' lang='lat' dir='ltr'>qui</span> <span class='ocrx_word' id='word_1_892' title='bbox 3607 5713 3720 5754; x_wconf 84' lang='lat' dir='ltr'>non</span> 
     </span>
    </p>
   </div>
   <div class='ocr_carea' id='block_1_118' title="bbox 2073 5787 3715 5860">
    <p class='ocr_par' dir='ltr' id='par_1_118' title="bbox 2073 5787 3715 5860">
     <span class='ocr_line' id='line_1_118' title="bbox 2073 5787 3715 5860; baseline -0.005 -11"><span class='ocrx_word' id='word_1_893' title='bbox 2073 5792 2443 5849; x_wconf 83' lang='lat' dir='ltr'>crediderunt</span> <span class='ocrx_word' id='word_1_894' title='bbox 2471 5787 3136 5859; x_wconf 64' lang='lat' dir='ltr'>(Joamv1.tl).0stendit</span> <span class='ocrx_word' id='word_1_895' title='bbox 3155 5787 3310 5844; x_wconf 90' lang='lat' dir='ltr'>enim</span> <span class='ocrx_word' id='word_1_896' title='bbox 3342 5805 3404 5844; x_wconf 90' lang='lat' dir='ltr'>se</span> <span class='ocrx_word' id='word_1_897' title='bbox 3433 5801 3715 5860; x_wconf 88' lang='lat' dir='ltr'>magnum</span> 
     </span>
    </p>
   </div>
  </div>
