4204 6488
503 453 621 518 923

1275 450 1662 514 HINCMAltI
1706 449 1951 512 RHEM.
2001 447 2365 512 ARCHIEP.
2411 447 2821 514 OPUSCULA
2868 449 3139 513 VARIA.

3791 450 3918 513 938

503 590 730 662 partes;
763 584 848 644 sic
887 588 947 644 et
991 601 1234 644 manum
1279 585 1661 647 durissimum
1709 583 1926 642 diaboli
1975 584 2148 644 solvit
2173 581 2231 654 Α
2258 582 2472 642 deficit.
2505 584 2630 642 Non
2661 601 2800 660 ergo
2829 583 3165 654 timeamus,
3194 583 3425 652 fratres,
3457 581 3658 659 ipsum
3703 600 3923 659 panem

503 675 746 750 sanguis
793 675 1032 733 Christi.
1073 675 1319 734 Nolebat
1366 683 1488 732 nos’
1519 673 1812 732 dimittere
1860 675 2150 746 diabolus,

505 765 853 840 sanguinem
870 765 1020 820 fudit
1029 763 1316 821 Dominus
1329 763 1496 837 quasi
1509 763 1702 820 oleum
1718 763 2153 837 misericordiae,

505 859 565 911 et
589 872 691 928 per
718 852 916 928 ipsum
941 871 1048 910 nos
1067 853 1441 910 liberavit.De
1461 853 1570 910 hoc
1593 853 1718 910 oleo
1745 853 2153 911 misericordiae

505 942 720 1000 Christi
747 960 852 1016 per
880 943 1222 1016 pr0phetam
1254 942 1508 1000 dicitur:
1543 943 1932 1017 Computrescit
1948 947 2157 1018 jugum

507 1050 542 1088 α
567 1033 712 1105 facie
739 1033 847 1089 olei
875 1033 1002 1106 (Isa.
1037 1051 1091 1102 x,
1125 1035 1240 1104 27).
1265 1033 1387 1090 Sub
1399 1033 1548 1108 jugo
1569 1033 1787 1108 quippe
1809 1033 2158 1091 tenebamur

509 1119 810 1178 diabolica
841 1120 1280 1190 dominationis,
1313 1123 1415 1178 sed
1448 1123 1608 1178 uncti
1641 1140 1848 1180 sumus
1876 1123 2000 1180 oleo
2023 1123 2156 1196 Spi-

511 1209 662 1266 ritus
691 1209 901 1278 sancti,
925 1228 1042 1284 quo
1073 1210 1144 1267 de
1176 1211 1555 1268 immaculata
1580 1211 1818 1286 Virgine
1840 1218 2158 1286 conceptus

511 1303 568 1356 et
597 1304 770 1355 natus
799 1303 890 1356 est
909 1299 1041 1357 Chri
1051 1303 1195 1370 stus,
1204 1318 1308 1374 per
1327 1302 1498 1373 cujus
1517 1303 1864 1375 sanguinem
1887 1307 1944 1358 et
1967 1320 2000 1358 a
2011 1304 2156 1376 jugo

513 1387 931 1444 dominationis
962 1387 1260 1446 diabolica
1291 1407 1498 1448 sumus
1537 1391 1843 1465 redempti,
1871 1396 1928 1448 et
1958 1409 1992 1448 a
2019 1409 2157 1466 pec-

512 1475 662 1533 catis
710 1477 986 1534 omnibus
1035 1479 1357 1549 emundati,
1391 1484 1456 1536 ut
1503 1480 1642 1536 dicit
1692 1481 1861 1538 nobis
1903 1482 2159 1540 Joannes

513 1565 813 1639 apostolus
845 1583 858 1622 :
891 1566 1129 1640 Sanguis
1155 1573 1288 1625 Jesu
1324 1568 1530 1626 Christi
1576 1571 1712 1626 Filii
1758 1572 1858 1628 Dei
1902 1572 2160 1628 smundat

511 1671 611 1712 nos
666 1653 734 1710 ab
787 1657 940 1712 omni
989 1664 1206 1728 peccato
1250 1657 1301 1726 (Ι
1343 1660 1500 1714 Joan.
1533 1674 1570 1728 ι,
1602 1661 1679 1728 7),
1715 1661 2158 1717 Sacramentum

513 1760 770 1816 namque
797 1742 1112 1800 Dominica
1144 1745 1518 1818 passionis,et
1537 1748 1764 1820 prateri
1773 1753 1831 1805 ta
1851 1749 2021 1806 nobis
2041 1768 2161 1808 om-

513 1831 613 1888 nia
643 1831 701 1887 in
733 1832 1029 1906 baptismo
1059 1833 1276 1906 pariter
1305 1840 1544 1909 peccata
1575 1837 1870 1906 relaxavit,
1901 1843 1958 1895 et
1987 1840 2158 1912 quid-

513 1920 652 1995 quid
687 1920 1029 2024 quotidiana
1059 1922 1370 2024 fragilitate
1391 1929 1524 1998 post
1542 1926 1838 2024 baptisma
1858 1930 2158 1986 commisi-
2190 1957 2240 2024 Β

514 2027 669 2080 mus,
701 2011 964 2084 ejusdem
997 2013 1182 2069 nostri
1212 2013 1618 2089 Redemptoris
1647 2016 1817 2074 nobis
1852 2019 2042 2092 gratia
2071 2019 2157 2076 di-

515 2099 720 2167 mittit,
754 2099 1004 2156 maxime
1029 2119 1163 2158 cum
1194 2101 1346 2159 inter
1373 2121 1548 2176 opera
1575 2105 1724 2163 lucis
1754 2124 1882 2180 qua
1913 2109 2163 2169 facimus

514 2187 818 2246 humiliter
841 2189 1102 2262 quotidie
1135 2196 1365 2248 nostros
1395 2193 1480 2248 illi
1519 2196 1869 2252 confitemur
1915 2215 2160 2270 errores,

515 2293 652 2333 cum
683 2277 989 2352 sanguinis
1015 2278 1173 2337 illius
1203 2287 1572 2340 sacramenta
1614 2285 1991 2358 percipimus,
2026 2305 2162 2344 cum

515 2366 882 2425 dimittentes
903 2367 1267 2428 debitoribus
1287 2373 1504 2429 nostris
1526 2379 1744 2444 nostra,
1773 2376 1942 2433 nobis
1967 2377 2164 2435 debita

517 2456 736 2513 dimitti
778 2474 1108 2531 precamur,
1141 2477 1276 2516 cum
1331 2479 1618 2520 memores
1661 2465 1956 2538 passionis
2003 2467 2164 2525 illius

516 2541 770 2604 libenter
790 2547 1033 2605 adversa
1052 2565 1297 2623 quaque
1317 2550 1879 2612 toleramus.Fidelis
1899 2557 2054 2613 enim
2075 2563 2166 2615 est

524 2636 697 2703 Deus,
727 2637 828 2710 qui
861 2654 976 2694 non
1007 2638 1306 2712 permittet
1336 2657 1444 2698 nos
1472 2644 1683 2700 tentari
1715 2661 1894 2718 supra
1926 2645 1982 2701 id
2006 2649 2163 2720 quod

519 2741 839 2800 possumus
869 2727 1110 2785 sufferre
1139 2728 1188 2801 (l
1216 2729 1360 2786 Cor..
1392 2731 1468 2803 x).
1494 2731 1788 2806 Quidquid
1811 2735 1968 2791 enim
1989 2735 2164 2794 homo

519 2831 734 2890 passus
765 2815 942 2873 fuerit
967 2833 1073 2890 pro
1115 2817 1352 2875 nomine
1399 2819 1640 2888 Christi,
1669 2825 1726 2898 et
1754 2840 1861 2896 pro
1887 2841 1990 2898 spe
2035 2825 2164 2882 vita

520 2908 770 2977 eterna,
798 2908 858 2962 et
885 2923 1236 2980 permanens
1266 2907 1616 2984 toleraverit,
1645 2913 1833 2985 major
1861 2913 1913 2970 ei
1945 2931 2166 2972 merces

521 2993 786 3063 dabitur;
815 2995 918 3068 qui
940 2994 990 3052 si
1017 2996 1258 3054 cesserit
1277 2997 1528 3068 diabolo,
1543 3017 1679 3057 cum
1699 3001 1800 3060 illo
1819 3005 2168 3062 condemna-

521 3085 702 3142 bitur.
736 3086 849 3143 Sed
876 3103 1054 3160 opera
1083 3087 1495 3146 misericordia
1543 3107 1679 3147 cum
1709 3092 1806 3165 pia
1837 3092 2168 3152 humilitate

519 3173 841 3249 impetrant
869 3193 904 3232 a
932 3175 1201 3245 Domino,
1234 3182 1300 3234 ut
1329 3195 1444 3234 non
1470 3180 1770 3252 permittat
1807 3199 2004 3241 servos
2029 3201 2167 3242 suos

520 3263 732 3321 tentari
745 3263 1060 3338 plusquam
1073 3271 1325 3339 possunt
1336 3267 1892 3328 sustinere.Gustate
1903 3276 1963 3328 et
1980 3272 2168 3330 videte

2263 675 2638 744 manducare,
2673 691 2746 731 ne
2774 675 2920 731 forte
2949 674 3227 731 ﬁniamus
3255 672 3444 742 illum,
3465 678 3528 730 et
3545 679 3757 748 postea
3775 674 3922 748 quid

2263 765 2690 821 manducemus
2701 780 2818 820 non
2831 762 3920 830 inveniamus:manduceturChristus,

2261 852 2404 910 vivit
2425 851 2982 925 manducatus,quia
3001 852 3318 909 resurrexit
3335 853 3713 910 occisus.Nec
3735 869 3923 926 quan.

2267 941 2340 999 do
2361 943 2789 998 manducamus
2805 942 2878 998 de
2893 940 2992 998 illo
3009 945 3206 1014 partes
3223 939 3492 998 facimus.
3507 941 3578 998 Et
3593 941 3842 1015 quidem
3863 942 3922 997 in

2266 1034 2632 1088 sacramento
2650 1031 2734 1088 sic
2755 1032 2840 1101 fit,
2855 1033 2913 1088 et
2936 1035 3152 1088 norunt
3180 1029 3382 1088 ﬁdeles
3411 1031 3923 1103 quemadmodum

2268 1121 2624 1177 manducent
2639 1137 2874 1178 carnem
2891 1119 3104 1178 Christi
3114 1118 3551 1194 .Unusquisque
3565 1119 3786 1194 accipit
3797 1137 3929 1193 par-

2266 1214 2385 1266 tem
2415 1210 2718 1267 suam.Per
2743 1213 2938 1284 partes
2965 1210 3375 1276 manducatur,
3389 1213 3447 1266 et
3468 1213 3670 1266 manet
3689 1207 3928 1282 integer

2268 1303 2427 1367 totus
2453 1316 2466 1354 :
2492 1316 2594 1372 per
2614 1303 2806 1372 partes
2829 1299 3222 1370 manducatur
3240 1299 3300 1355 in
3322 1302 3780 1367 sacramento,et
3799 1315 3928 1355 ma-

2268 1392 2369 1445 net
2387 1387 2614 1463 integer
2635 1391 2792 1445 totus
2809 1388 2868 1444 in
2887 1387 3254 1456 calo,manet
3275 1387 3500 1462 integer
3518 1386 3579 1444 in
3599 1387 3781 1444 corde
3797 1391 3928 1444 tno.

2269 1478 2453 1534 Totus
2468 1477 2627 1534 enim
2646 1481 2773 1534 erat
2789 1477 2944 1550 apud
2965 1477 3195 1534 Patrem
3220 1477 3456 1550 quando
3475 1477 3634 1534 venit
3651 1475 3714 1532 in
3733 1475 3932 1549 Virgi-

2269 1584 2402 1624 nem
2431 1565 2676 1642 implere
2703 1566 2890 1637 illam,
2923 1582 3028 1624 nec
3059 1565 3300 1626 recessit
3327 1565 3402 1622 ab
3427 1564 3846 1622 illo.Veniebat
3865 1564 3929 1620 in

2268 1674 2504 1714 carnem
2537 1661 2601 1714 ut
2623 1673 2760 1714 eum
2790 1654 3061 1714 homines
3090 1655 3532 1724 manducarent,
3556 1657 3613 1710 et
3643 1654 3934 1711 manebat

2269 1746 2496 1820 integer
2522 1747 2678 1820 apud
2709 1749 2932 1820 patrem
2956 1748 3022 1802 ut
3041 1743 3282 1819 angelos
3307 1745 3660 1818 pasceret.Et
3683 1743 3931 1817 quando

2269 1835 2536 1892 Christus
2567 1836 2756 1892 factus
2785 1839 2876 1891 est
2903 1833 3098 1904 homo,
3130 1850 3341 1908 panem
3373 1831 3715 1907 angelorum
3749 1849 3932 1888 man-

2271 1925 2505 1982 dncavit
2519 1924 3063 1999 homo.Mysterium
3085 1927 3355 1980 nostrum
3380 1921 3440 1979 in
3462 1938 3670 1980 mensa
3686 1921 3930 1978 Domini

2271 2015 2530 2090 positum
2561 2019 2670 2082 est,
2703 2013 3046 2088 mysterium
3079 2018 3347 2070 nostrum
3379 2010 3730 2084 accipitis,et
3759 2011 3836 2068 ad
3871 2011 3932 2067 id

2271 2105 2427 2178 quod
2460 2103 2601 2162 estis
2628 2105 2812 2160 Amen
2843 2101 3230 2176 respondetis,
3263 2105 3320 2158 et
3350 2101 3759 2174 respondendo
3785 2100 3930 2157 sub-

2271 2192 2549 2251 scribitis.
2581 2193 2766 2251 Audis
2803 2209 2940 2266 ergo
2987 2209 3200 2266 corpus
3246 2189 3484 2257 Christi,
3515 2193 3574 2247 et
3604 2189 3932 2263 respondes

2269 2285 2476 2341 Amen.
2510 2283 2746 2340 Utinam
2793 2285 2990 2340 teneat
3037 2299 3138 2338 cor
3185 2281 3340 2355 quod
3389 2279 3534 2336 dicit
3569 2295 3657 2349 os,
3693 2279 3932 2335 utinam

2271 2372 2485 2429 habeat
2513 2372 2660 2429 fides
2679 2373 2835 2446 quod
2856 2371 3032 2428 verbo
3052 2369 3371 2444 respondes
3394 2385 3410 2425 :
3434 2371 3560 2426 esto
3583 2367 3928 2424 membrum

2271 2461 2532 2535 corporis
2558 2460 2796 2529 Christi,
2829 2464 2894 2516 ut
2921 2476 3123 2518 verum
3154 2458 3232 2516 sit
3255 2459 3458 2514 Amen.

2343 2549 2685 2624 Mysterium
2715 2549 2878 2624 pacis
2907 2547 3151 2606 unitatis
3177 2551 3390 2604 nostra
3419 2545 3688 2603 Christus
3722 2545 3786 2602 in
3817 2562 3933 2602 sua

2273 2657 2476 2698 mensa
2507 2639 2865 2697 consecravit
2894 2655 2908 2694 :
2942 2642 3000 2695 et
3028 2637 3165 2712 quis
3194 2637 3346 2694 alius
3373 2634 3486 2692 nisi
3507 2635 3634 2709 ipse
3657 2633 3928 2708 quotidie

2271 2729 2332 2786 in
2363 2747 2472 2787 sua
2496 2746 2700 2787 mensa
2728 2727 3148 2788 consecratur?
3180 2727 3331 2784 Deus
3361 2725 3518 2782 enim
3541 2725 3710 2782 adest
3727 2723 3927 2781 verbis

2273 2811 2399 2877 suis
2419 2817 2923 2894 evangelicis,sine
2951 2816 3171 2890 quibus
3190 2817 3622 2874 sacramentum
3645 2830 3763 2870 non
3789 2830 3926 2869 con-

2273 2912 2555 2978 sacratur,
2587 2912 2647 2965 et
2685 2908 2811 2982 ipse
2860 2906 3187 2964 sanctiﬁcat
3231 2907 3664 2962 sacramentum
3717 2919 3922 2970 suum,

2273 3003 2332 3056 et
2359 2998 2499 3056 facit
2535 2997 2817 3072 seipsum,
2851 2996 3005 3054 sicut
3050 2995 3176 3068 ipse
3225 2993 3416 3051 dicit:
3446 2995 3554 3050 Hoc
3597 2999 3677 3049 est
3727 3007 3926 3064 corpus

2273 3105 2476 3158 meum,
2505 3087 2644 3162 quod
2667 3103 2768 3161 pro
2799 3087 2948 3144 vobis
2995 3083 3259 3142 tradetur.
3293 3085 3458 3140 Sicut
3505 3081 3664 3139 enim
3692 3081 3768 3138 ad
3798 3098 3926 3137 ver-

2274 3178 2418 3235 bum
2471 3176 2652 3246 illius,
2700 3180 2766 3232 ut
2813 3175 3072 3250 primum
3117 3175 3400 3247 jusserat,
3431 3169 3725 3246 germinat
3769 3174 3930 3228 terra

2277 3267 2520 3324 herbam
2548 3267 2853 3333 virentem,
2887 3269 2947 3322 et
2991 3263 3301 3322 facientem
3349 3279 3571 3332 semen,
3603 3265 3664 3318 et
3697 3260 3930 3334 lignum

524 3369 702 3426 quam
717 3333 1014 3410 suavisest
1029 3333 1512 3430 Dominus,quam
1531 3359 1738 3416 beatus
1755 3361 1843 3416 vir
1857 3361 1956 3434 qui
1972 3366 2170 3435 sperat
2197 3333 2242 3401 δ
2279 3355 2630 3430 pomiferum
2659 3356 2880 3412 faciens
2913 3355 3167 3412 fructum
3192 3354 3367 3426 juxta
3404 3369 3592 3426 genus
3636 3333 3840 3420 suum,
3873 3355 3930 3408 et

524 3439 586 3497 in
616 3458 704 3498 eo.
729 3440 1107 3516 (Aug.serm.2
1125 3445 1190 3502 de
1211 3447 1576 3519 verb.apost.):
1602 3470 1630 3497 ‹‹
1655 3449 1725 3505 Et
1743 3449 2055 3508 audiamus
2074 3469 2167 3508 ve-

525 3546 720 3586 racem
754 3529 1098 3606 Magistrum
1121 3533 1384 3592 divinum
1411 3535 1858 3610 Rcdemptorem
1880 3555 2171 3598 commen-

525 3619 762 3676 dantem
778 3621 946 3678 nobis
956 3621 1208 3695 pretium
1223 3628 1489 3680 nostrum
1503 3627 1850 3700 sanguinem
1864 3645 1930 3684 su
1941 3631 2172 3688 um.Lo—

527 3713 700 3767 cutus
716 3715 806 3768 est
821 3713 979 3768 enim
997 3714 1166 3770 nobis
1183 3715 1254 3770 de
1269 3731 1509 3788 corpore
1520 3719 1577 3771 et
1588 3717 1872 3791 sanguine
1885 3737 2172 3789 suo,com-

527 3799 814 3858 mendans
841 3800 1018 3858 talem
1049 3819 1244 3859 escam
1277 3807 1334 3858 et
1355 3802 1529 3860 talem
1553 3807 1925 3878 potumzNisi
1945 3809 2172 3866 mandu-

527 3891 778 3946 caveritis
807 3906 1029 3948 carnem
1050 3909 1227 3948 meam
1255 3899 1308 3948 et
1335 3894 1584 3950 biberitis
1611 3897 1938 3966 sanguinem
1967 3915 2168 3968 meum,

527 3995 638 4035 non
666 3979 936 4036 habebitis
981 3983 1155 4037 vitam
1201 3983 1263 4037 in
1307 3981 1456 4039 vobis
1502 3985 1678 4053 (Joan.
1711 4002 1789 4051 v1,
1819 3985 1930 4058 51).
1965 3989 2034 4044 Et
2061 3988 2172 4045 hoc

531 4067 676 4123 dixit
704 4069 775 4124 de
802 4067 922 4126 vita
951 4069 1083 4143 quis
1108 4069 1260 4128 alius
1289 4088 1467 4144 quam
1500 4073 1631 4146 ipsa
1657 4073 1816 4130 vita?
1834 4074 1944 4131 erit
1973 4080 2170 4134 autem

530 4154 616 4212 illi
646 4155 871 4213 homini
902 4175 1062 4215 mors
1092 4176 1207 4216 non
1235 4159 1376 4230 vita,
1396 4161 1498 4234 qui
1521 4163 1862 4220 mendacem
1885 4167 2175 4238 putaverit

528 4245 729 4300 vitam.
763 4246 913 4320 Ergo
941 4251 998 4303 et
1026 4247 1099 4304 de
1129 4265 1369 4322 corpore
1417 4267 1484 4306 ac
1527 4251 1815 4324 sanguine
1864 4271 1971 4310 suo
2014 4254 2175 4312 dedit

531 4333 700 4390 nobis
731 4333 1028 4392 salubrem
1059 4336 1451 4395 refectionem.
1488 4339 1842 4398 Manducent
1885 4361 2022 4416 ergo
2071 4343 2173 4418 qui

531 4425 910 4492 manducant,
941 4429 1000 4481 et
1045 4426 1252 4482 bibant
1296 4428 1398 4501 qui
1448 4428 1676 4498 bibunt,
1709 4431 1972 4488 esuriant
2008 4437 2066 4488 ct
2094 4433 2172 4490 si-

531 4513 700 4580 tiant,
746 4515 925 4570 vitam
976 4516 1350 4585 manducent,
1385 4517 1563 4575 vitam
1613 4519 1836 4578 bibant.
1866 4523 1974 4588 Qui
2028 4523 2173 4580 illud

533 4603 857 4660 manducas
886 4603 1161 4672 reﬁceris,
1185 4607 1285 4661 sed
1317 4607 1402 4662 sic
1431 4609 1686 4665 reficeris
1719 4614 1786 4666 ut
1807 4629 1920 4667 non
1945 4612 2178 4670 deficiat

2277 3445 2554 3519 impletur
2581 3444 2841 3520 quotidie
2879 3443 3035 3518 quod
3083 3441 3342 3517 primum
3387 3441 3534 3498 dixit
3564 3458 3579 3498 :
3614 3440 3853 3498 Crescite
3879 3448 3932 3496 et

2276 3536 2733 3608 multiplicamini
2779 3535 2932 3604 (Gen.
2973 3551 3014 3601 ι,
3043 3533 3158 3606 22),
3190 3549 3320 3606 qua
3365 3529 3695 3588 benedictio
3745 3530 3928 3587 etiam

2279 3642 2384 3682 nec
2416 3628 2549 3698 post
2578 3627 2880 3697 peccatum
2909 3622 3169 3680 hominis
3187 3625 3278 3678 est
3295 3620 3514 3678 abolita
3534 3637 3549 3677 :
3573 3619 3658 3676 ita
3674 3624 3735 3676 et
3751 3619 3928 3676 verba

2279 3712 2460 3781 illius,
2493 3713 2592 3787 qui
2625 3717 2785 3770 totus
2823 3712 3042 3785 ubique
3085 3715 3196 3779 est,
3225 3715 3284 3768 et
3325 3725 3558 3782 semper
3604 3712 3714 3778 est,
3747 3707 3926 3764 etiam

2279 3821 2382 3876 per
2404 3806 2740 3877 peccatores
2767 3800 2996 3875 prolata
3023 3799 3083 3857 in
3105 3797 3567 3858 sanctiﬁcatione
3585 3796 3850 3872 corporis
3869 3801 3929 3854 et

2279 3891 2586 3966 sanguinis
2616 3891 2776 3960 ilius,
2809 3907 2912 3964 per
2939 3906 3145 3946 omnes
3173 3905 3410 3946 mensas
3429 3886 3490 3943 in
3515 3885 3806 3944 catholica
3821 3886 3924 3942 Ec-

2279 3981 2460 4039 clesia
2507 3985 2628 4038 toto
2660 3984 2948 4037 terrarum
2996 3979 3136 4036 orbe
3181 3978 3418 4046 diffusa,
3450 3975 3768 4050 perfectam
3809 3975 3924 4031 vim

2279 4069 2546 4128 obtinent
2575 4068 2954 4126 consecrandi
2977 4085 3190 4141 corpus
3218 4070 3277 4124 et
3304 4065 3656 4140 sanguinem
3676 4065 3809 4138 ejus
3826 4063 3928 4137 qui

2281 4159 2426 4216 dixit
2458 4177 2471 4216 :
2504 4160 2738 4233 Accipite
2767 4165 2820 4216 et
2862 4157 3209 4226 manducate,
3241 4157 3338 4214 hoc
3383 4164 3463 4213 est
3508 4171 3703 4229 corpus
3747 4171 3929 4212 meum

2279 4249 2421 4324 quod
2441 4266 2545 4322 pro
2573 4250 2724 4306 vobis
2763 4247 3042 4317 tradetur;
3072 4248 3142 4304 Et
3174 4263 3188 4303 :
3219 4246 3454 4320 Accipite
3497 4253 3551 4302 et
3595 4245 3764 4301 bibite
3787 4262 3810 4299 :
3831 4245 3930 4298 Hic

2279 4349 2359 4396 est
2381 4340 2612 4410 sanguis
2654 4355 2825 4405 meus,
2858 4339 2954 4411 qui
2996 4354 3096 4410 pro
3142 4337 3292 4394 vobis
3339 4343 3390 4393 et
3411 4351 3513 4410 pro
3540 4335 3732 4391 multis
3759 4333 3931 4406 effun-

2281 4431 2438 4486 detur
2468 4431 2530 4484 in
2557 4430 2929 4486 remissionem
2950 4434 3310 4500 peccatorum.
3344 4427 3468 4482 Haec
3511 4425 3931 4498 quotiescunque

2281 4519 2536 4592 feceritis,
2569 4526 2627 4574 tn
2656 4518 2766 4574 mei
2791 4519 3112 4574 memoriam
3132 4517 3362 4588 facietis.
3385 4515 3456 4570 Et
3485 4513 3638 4572 sicut
3665 4512 3786 4569 sive
3814 4511 3928 4568 ha-

2286 4609 2524 4678 reticus,
2553 4606 2673 4664 sive
2702 4606 3270 4672 schismaticus,sive
3292 4603 3932 4676 facinorosus,quisque

531 4692 690 4749 unde
719 4691 996 4748 reficeris.
1029 4691 1176 4750 lllud
1209 4693 1408 4751 bibere
1455 4697 1596 4769 quid
1647 4703 1736 4754 est
1785 4700 1898 4756 nisi
1947 4701 2176 4759 vivere?
2206 4704 2251 4769 D
2283 4699 2342 4754 in
2373 4695 2738 4756 confessione
2767 4699 2981 4753 sancta
3013 4693 3316 4752 Trinitatis
3343 4692 3753 4768 baptizet,non
3781 4690 3936 4748 valet

533 4782 826 4838 Manduca
879 4781 1081 4849 vitam,
1133 4782 1266 4840 bibe
1321 4783 1533 4854 vitam;
1585 4787 1830 4845 habebis
1883 4790 2086 4858 vitam,
2117 4797 2177 4848 et

532 4870 760 4944 integra
789 4873 878 4927 est
903 4869 1039 4928 vita.
1071 4872 1239 4928 Tunc
1267 4876 1462 4930 autem
1495 4873 1603 4931 hoc
1648 4875 1779 4946 erit,
1808 4876 1867 4933 id
1918 4884 2029 4948 est,
2057 4880 2179 4937 vita

535 4957 852 5032 unicuique
881 4959 993 5016 erit
1021 4978 1234 5034 corpus
1263 4963 1320 5017 et
1348 4962 1592 5036 sanguis
1623 4963 1912 5035 Christi,si
1937 4969 2093 5040 quod
2117 4970 2176 5026 in

535 5052 902 5105 sacramento
931 5049 1239 5106 visibiliter
1267 5052 1608 5122 sumitur,in
1639 5052 1770 5126 ipsa
1798 5055 2037 5114 veritate
2059 5060 2176 5132 spi—

535 5135 782 5194 ritaliter
801 5139 1556 5213 manducctur,spiritaliter
1585 5141 1873 5199 bibatur.»
1896 5147 1980 5202 Ad
2005 5147 2179 5205 istam

536 5243 802 5283 mensam
835 5228 969 5301 quis
1001 5247 1107 5285 nos
1137 5228 1401 5284 invitavit
1429 5234 1487 5286 et
1507 5231 1647 5304 quid
1667 5235 2013 5306 praparavit
2032 5237 2058 5290 Ἰ
2087 5238 2180 5293 Ιη-

534 5315 740 5392 vitavit
759 5316 1044 5374 Dominus
1073 5322 1353 5386 εει-ωε,οι
1382 5319 1726 5392 praparavit
1753 5321 1838 5378 eis
1867 5323 2062 5380 cibum
2088 5344 2181 5382 se-

2285 4789 2381 4846 ille
2412 4789 2512 4862 qui
2542 4787 2625 4844 ita
2650 4785 2982 4860 baptizatus
3001 4789 3092 4843 est
3111 4802 3146 4841 a
3163 4784 3336 4842 bonis
3357 4781 3662 4840 catholicis
3684 4780 3936 4854 rebapti-

2283 4877 2425 4950 zari,
2457 4895 2526 4934 ne
2556 4874 2844 4934 confessio
2873 4878 2930 4932 et
2957 4873 3244 4952 invocatio
3276 4871 3422 4929 tanti
3453 4869 3712 4928 nominis
3730 4869 3934 4925 videa-

2286 4972 2385 5024 tur
2413 4965 2729 5036 annullari,
2761 4963 2900 5038 quia
2929 4963 3055 5038 ipse
3099 4967 3207 5032 est,
3239 4966 3305 5019 ut
3349 4961 3636 5034 scriptum
3686 4962 3800 5028 est,
3833 4957 3934 5030 qui

2287 5054 2671 5130 baptizat,qui
2691 5053 2998 5128 discipulis
3029 5053 3153 5110 suis
3173 5051 3360 5126 jussit
3387 5050 3588 5107 dicens
3613 5066 3627 5105 :
3651 5047 3940 5117 Ite,docete

2288 5163 2472 5204 omnes
2527 5153 2727 5218 gentes,
2771 5145 3107 5218 baptizaan
3146 5159 3233 5200 eos
3281 5137 3354 5198 ἐπ’
3385 5142 3608 5198 nomine
3653 5139 3837 5195 Patris
3884 5145 3941 5193 et

2293 5237 2424 5292 Filii
2451 5243 2503 5292 et
2528 5235 2764 5308 Spiritus
2811 5237 2992 5290 sancti
3019 5233 3222 5308 (Matth.
3257 5248 3452 5298 xxvm,
3487 5229 3597 5300 19).
3633 5229 3718 5285 lta
3745 5231 3802 5283 et
3829 5243 3937 5284 cu-

2286 5328 2624 5400 juscunque
2652 5324 2740 5382 vel
2778 5324 3207 5398 qualiscunque
3255 5321 3447 5378 meriti
3491 5318 3764 5376 sacerdos
3810 5317 3940 5374 olli-

533 5391 2190 5477 1psum.QuisaudeatctmanducareDominumsuum‘Iet
2287 5391 2455 5474 cium
2504 5413 2959 5473 consecrationis
3016 5415 3518 5470 sacramentorum
3575 5405 3836 5482 corporis
3883 5411 3944 5462 et

536 5499 734 5552 tamen
765 5497 848 5553 ait
879 5515 892 5553 :
929 5497 1036 5567 Qui
1062 5496 1357 5553 mnducat
1381 5514 1487 5564 me,
1507 5504 1559 5554 et
1581 5499 1694 5571 ipse
1715 5501 1851 5556 vivit
1864 5509 2086 5574 propter
2101 5522 2189 5564 me
2296 5507 2602 5582 sanguinis
2632 5503 2846 5562 Christi
2877 5503 3201 5561 secundum
3241 5499 3612 5557 traditionem
3653 5499 3939 5561 exeméat,

539 5587 716 5655 (Joan.
748 5603 826 5656 Vl,
857 5587 968 5654 58).
1003 5587 1244 5654 Quando
1301 5587 1566 5643 Christus
1625 5590 2016 5648 manducatur
2069 5594 2186 5653 vita

541 5675 1061 5745 manducatur,nec
1091 5675 1377 5733 occiditur
1406 5681 1470 5733 ut
1499 5678 2013 5750 manducetur,sed
2037 5701 2187 5742 mor-

542 5770 677 5822 tuos
705 5763 975 5822 viviﬁcat.
1003 5767 1245 5834 Quando
1276 5767 1663 5824 manducatur
1693 5767 1897 5838 reﬁcit,
1933 5773 2034 5829 sed
2067 5792 2182 5834 non

2293 5596 2418 5670 ipse
2449 5601 2539 5653 est
2569 5594 2672 5668 qui
2701 5594 2905 5650 eadem
2937 5596 3304 5649 sacramenta
3328 5591 3628 5646 consecrat
3647 5601 3751 5660 per
3763 5584 3942 5640 verba

2293 5705 2422 5756 sua,
2453 5685 2555 5760 qui
2581 5685 2762 5740 dixit:
2787 5684 3021 5756 Accipite
3065 5689 3118 5738 et
3162 5679 3426 5738 eomedite
3455 5697 3475 5734 :
3504 5680 3613 5735 Hoc
3636 5683 3718 5733 est
3743 5689 3940 5746 corpus

2291 5793 2492 5842 meum,
2525 5773 2666 5848 quod
2709 5788 2808 5846 pro
2854 5773 3003 5829 vobis
3050 5769 3294 5828 tradetur
3322 5788 3342 5825 :
3373 5769 3464 5838 Et,
3498 5768 3729 5840 Accipite
3772 5770 3824 5820 et
3853 5763 3938 5819 bi-
