4204 6480
313 492 432 558 925

1511 505 1611 567 DE
1656 505 2038 569 CAVENDlS
2081 507 2338 582 VITIIS,
2385 507 2559 571 ETC.

3580 507 3720 573 Vm

311 625 418 685 bite
445 646 465 686 :
494 628 595 685 Hic
652 637 733 688 est
769 632 998 702 sanguis
1043 649 1215 706 meus,
1264 636 1363 708 qui
1403 653 1504 709 pro
1561 638 1734 696 vobis
1760 647 1813 696 et
1863 656 1965 712 pro
1991 641 2046 709 Α
2074 656 2178 713 per
2203 640 2590 713 gratiam,sed
2624 641 2794 715 quasi
2827 639 3007 699 Filius
3035 658 3104 699 ex
3134 641 3465 701 substantia
3502 642 3711 715 Patris,

306 718 500 775 multis
531 719 859 791 effumdetur
894 723 956 777 in
1000 725 1377 783 remissionem
1419 736 1758 799 peccatorum
1792 745 1804 785 :
1838 730 1967 787 Haec
2072 728 2157 785 ita
2181 745 2317 786 vera
2344 748 2479 788 caro
2506 731 2659 788 sicut
2703 732 2830 805 ipse
2873 731 3020 787 dixit
3060 749 3238 805 quam
3283 729 3624 806 accipimus,
3655 736 3714 790 et

306 808 730 881 quotiescunque
774 811 1034 881 feceritis,
1082 815 1145 868 in
1188 815 1300 870 mei
1346 819 1671 873 memoriam
1724 819 1959 889 facietis.

305 895 415 964 Qui
447 900 645 953 autem
678 899 891 971 accipit
923 902 1269 973 mysterium
1299 903 1566 974 unitatis,
1582 909 1640 962 et
1669 923 1785 963 non
1807 911 1964 963 tenet

301 983 607 1042 vinculum
623 985 805 1059 pacis,
828 1006 944 1044 non
975 991 1324 1063 mysterium
1350 992 1565 1065 accipit
1607 1012 1711 1067 pro
1752 1012 1835 1063 se,
1860 997 1961 1052 sed
1978 1050 1993 1063 ,

301 1073 708 1131 testimonium
739 1081 943 1134 contra
973 1079 1227 1136 se.Nulli
1261 1085 1350 1137 est
1380 1081 1753 1155 aliquatenus
1780 1085 1962 1142 ambi-

302 1164 584 1237 gendum,
602 1168 743 1222 tunc
760 1184 1246 1242 unumquemque
1267 1170 1530 1228 ﬁdelium
1550 1173 1810 1246 corporis
1829 1192 1962 1231 san-

302 1252 620 1326 guinisque
667 1254 956 1313 Dominici
1016 1259 1361 1331 participem
1420 1262 1566 1329 fieri,
1605 1264 1838 1335 quando
1896 1263 1957 1319 in

302 1341 656 1415 baptismate
671 1344 1004 1402 membrum
1023 1347 1283 1420 corporis
1310 1348 1527 1406 Christi
1550 1352 1823 1418 efﬁcitur,
1853 1370 1957 1408 nec

302 1430 546 1488 alienari
569 1433 644 1489 ab
663 1432 824 1490 illius
840 1435 1011 1507 panis
1036 1435 1352 1510 calicisque
1386 1440 1698 1509 consortio,
1722 1441 1953 1499 etiamsi

301 1524 618 1593 antequam
650 1539 863 1595 panem
896 1523 1064 1581 illum
1096 1527 1365 1584 comedat
1411 1532 1468 1584 et
1496 1529 1735 1587 calicem
1767 1531 1952 1601 bibat,

305 1608 378 1666 de
399 1607 510 1666 hoc
531 1610 745 1668 saeculo
764 1611 824 1667 in
848 1613 1071 1677 unitate
1090 1615 1350 1688 corporis
1360 1617 1574 1673 Christi
1591 1618 1951 1677 constitutus

303 1698 601 1756 abscedat.
617 1699 977 1758 Sacramenti
1000 1703 1217 1776 quippe
1240 1703 1400 1761 illius
1419 1706 1862 1781 participatione
1884 1727 1950 1766 ac

306 1786 590 1845 beneﬁcio
620 1806 736 1847 non
758 1791 1040 1863 privatur,
1065 1794 1300 1865 quando
1330 1793 1455 1867 ipse
1488 1795 1598 1853 hoc
1618 1799 1773 1869 quod
1803 1798 1947 1855 illud

300 1882 735 1935 sacramentum
764 1879 1020 1937 viviﬁcat
1049 1881 1361 1938 invenitur.
1383 1884 1455 1940 Et
1498 1884 1666 1957 panis
1700 1903 1769 1942 ac
1796 1887 1947 1943 calix

298 1964 515 2022 Christi
549 1980 664 2023 non
686 1967 945 2041 qualibet
966 1969 1068 2026 sed
1090 1975 1248 2027 certa
1279 1974 1714 2031 consecratione
1736 1977 1944 2050 mysti—

299 2071 405 2111 cus
426 2055 494 2110 δι
511 2055 705 2124 nobis,
718 2073 833 2113 non
857 2058 1119 2116 nascitur
1147 2059 1297 2133 (Lib.
1318 2079 1391 2117 xx
1423 2071 1614 2119 contra
1644 2066 1949 2137 Faustum.)

294 2143 544 2201 Proinde
557 2146 712 2217 quod
727 2163 839 2201 non
857 2146 937 2203 ita
950 2148 1309 2220 fit,qnamvis
1326 2150 1586 2223 sitpanis
1598 2156 1654 2207 et
1665 2153 1944 2223 calix,ali-

294 2236 562 2289 mentum
575 2238 664 2291 est
675 2234 1148 2306 refectionis,non
1161 2244 1592 2296 sacramentum
1607 2242 1905 2315 religionis
1930 2262 1943 2300 :

295 2320 576 2394 nisiquod
593 2322 1013 2393 benedicimus,
1021 2326 1356 2399 gratiasque
1378 2329 1610 2402 agimus
1627 2331 1873 2387 Domino
1885 2332 1945 2388 in

297 2408 459 2465 omni
484 2426 725 2466 munere
747 2411 1019 2483 ejus,non
1043 2412 1233 2469 solum
1256 2415 1528 2488 spiritali.
1546 2435 1745 2475 verum
1768 2420 1945 2477 etiam

299 2498 607 2572 corporali.
634 2498 780 2556 Nam
797 2504 854 2556 et
882 2517 988 2557 nos
1027 2501 1199 2558 hodie
1221 2503 1545 2577 accipimus
1566 2507 1855 2565 visibilem
1874 2511 1948 2566 ci-

298 2588 442 2669 bum
468 2606 482 2644 :
507 2590 608 2645 sed
628 2589 786 2646 aliud
814 2594 905 2648 est
920 2596 1548 2667 sacramentum,quod
1570 2597 1867 2669 praecessit
1886 2599 1945 2654 in

299 2667 539 2734 manna.
570 2681 731 2736 llunc
765 2698 974 2753 panem
997 2680 1348 2754 significavit
1387 2667 1623 2755 manna,
1655 2687 1814 2744 hunc
1842 2705 1948 2761 pa-

298 2784 434 2824 nem
464 2768 674 2825 tribuit
698 2768 880 2826 altare
900 2771 1024 2827 Dei.
1050 2772 1118 2826 Et
1142 2789 1155 2827 :
1179 2773 1468 2840 Bibebant,
1484 2774 1694 2847 inquit,
1716 2777 1781 2833 de
1818 2785 1949 2850 potu

292 2856 585 2929 spirituali
610 2866 862 2930 sequente
887 2876 974 2916 eos
999 2868 1154 2932 petra
1175 2879 1194 2915 :
1211 2869 1365 2933 petra
1392 2871 1573 2920 autem
1616 2873 1735 2922 erat
1762 2852 1946 2923 Chris-

296 2953 386 3003 tus
433 2948 484 3016 (I
531 2946 652 3003 Cor.
685 2964 742 3014 χ,
776 2947 850 3021 4).
903 2948 1042 3005 Inde
1089 2949 1283 3022 panis,
1331 2951 1467 3008 inde
1525 2957 1720 3026 potus.
1780 2956 1948 3013 Petra

297 3031 569 3089 Christus
600 3032 659 3089 in
688 3034 1064 3108 signo,verus
1082 3037 1351 3096 Christus
1385 3039 1445 3094 in
1468 3041 1640 3098 verbo
1662 3047 1721 3100 et
1749 3060 1941 3103 carne.

293 3122 368 3177 Et
395 3124 689 3194 quomodo
712 3123 1027 3182 biberunt?
1052 3126 1335 3187 Percussa
1363 3133 1452 3186 est
1479 3134 1645 3204 petra
1686 3133 1757 3188 de
1783 3133 1947 3207 virga

290 3210 408 3267 bis.
431 3210 674 3268 Gemina
702 3213 1003 3286 percussio
1029 3215 1143 3271 duo
1184 3216 1345 3290 ligna
1393 3219 1585 3276 crucis
1630 3220 1940 3295 signiﬁcat.

289 3299 399 3357 Hic
428 3304 517 3357 est
543 3318 691 3375 ergo
711 3302 881 3375 panis
909 3304 980 3360 de
1012 3303 1156 3362 ccelo
1196 3306 1576 3380 descendens,
1611 3312 1678 3365 ut
1723 3309 1774 3367 si
1811 3312 1944 3384 quis

2070 835 2243 875 verus
2263 823 2352 875 est
2381 822 2510 892 ejus
2531 825 2723 894 potus.
2757 843 2788 872 ››

2142 908 2253 964 Sed
2299 909 2447 965 forte
2494 909 2684 979 dicas,
2719 910 2875 985 quod
2917 909 3191 966 dixerunt
3243 913 3384 967 tunc
3428 911 3709 984 temporis

2071 995 2247 1053 etiam
2282 997 2556 1070 discipuli
2585 999 2821 1068 Christi,
2872 999 3177 1056 audientes
3223 998 3512 1057 dicentem
3545 1016 3559 1055 :
3591 1001 3715 1059 Nisi

2069 1101 2192 1158 quis
2214 1086 2634 1143 manducauerit
2650 1105 2873 1145 carnem
2887 1105 3087 1158 meam,
3100 1097 3153 1145 et
3173 1090 3373 1145 biberit
3385 1092 3713 1161 sanguinem

2065 1190 2266 1243 meum,
2298 1192 2410 1231 non
2437 1179 2683 1233 manebit
2712 1178 2773 1232 in
2797 1194 2903 1246 me,
2935 1193 3035 1234 nec
3061 1178 3221 1234 habet
3245 1179 3416 1235 vitam
3446 1185 3714 1236 aeternam

2066 1261 2248 1333 (Joan.
2273 1280 2347 1332 v1,
2369 1265 2482 1337 54),
2508 1266 2654 1321 forte
2685 1265 3212 1338 dieas,quomodo?
3241 1266 3340 1339 qui
3371 1266 3713 1323 simiiitudi-

2066 1366 2199 1405 nem
2231 1351 2414 1419 video,
2447 1368 2564 1407 non
2590 1350 2769 1408 video
2806 1350 3115 1426 sanguinis
3163 1351 3485 1410 veritatem.
3518 1352 3709 1410 Primo

2062 1438 2328 1496 omnium
2359 1439 2476 1495 dixi
2498 1439 2604 1497 tibi
2626 1440 2698 1497 de
2718 1457 2986 1497 sermone
2995 1440 3214 1496 Christi
3235 1440 3335 1513 qni
3355 1445 3630 1514 operatur
3646 1445 3713 1498 ut

2061 1526 2249 1600 possit
2267 1532 2494 1585 mutare
2515 1533 2572 1585 et
2585 1533 2919 1586 convertere
2938 1546 3153 1603 genera
3171 1528 3445 1587 instituta
3463 1534 3707 1601 naturai,

2059 1615 2214 1674 sicut
2234 1617 2305 1673 de
2333 1617 2498 1691 virga
2516 1618 2699 1692 Moysi
2733 1636 2862 1690 quae
2894 1622 3122 1676 mutata
3150 1623 3239 1676 est
3260 1617 3321 1674 in
3353 1624 3705 1693 serpentem,

2057 1711 2115 1762 et
2142 1722 2348 1762 rursus
2380 1706 2440 1762 in
2460 1707 2710 1780 virgam,
2724 1711 2781 1763 et
2798 1707 3047 1764 ﬂumina
3072 1707 3302 1782 Egypti
3321 1710 3548 1764 mutata
3567 1712 3709 1764 sunt

2055 1793 2115 1851 in
2147 1794 2515 1867 sanguinem,
2550 1799 2609 1851 et
2638 1813 2847 1852 rursus
2888 1796 2950 1852 in
2999 1813 3236 1869 aquam,
3268 1799 3327 1853 et
3353 1795 3472 1853 alia
3518 1795 3708 1853 multa

2055 1883 2226 1957 signa
2255 1902 2382 1958 quae
2422 1884 2482 1940 in
2514 1884 2833 1957 Scripturis
2863 1885 3164 1960 leguntur.
3194 1885 3416 1942 Deinde
3445 1885 3548 1942 ubi
3587 1902 3704 1943 non

2056 1973 2318 2029 tulerunt
2347 1990 2676 2031 sermonem
2707 1974 2922 2030 Christi
2953 1973 3228 2047 discipuli
3281 1975 3432 2047 ejus,
3453 1975 3556 2032 sed
3605 1982 3707 2032 au-

2056 2062 2283 2119 dientes
2303 2064 2460 2135 quod
2476 2080 2712 2119 carnem
2734 2080 2905 2119 suam
2926 2064 3090 2119 daret
3113 2063 3485 2131 manducare,
3500 2067 3557 2119 et
3575 2080 3707 2120 san-

2056 2151 2293 2225 guinem
2343 2168 2519 2207 suum
2565 2152 2731 2208 daret
2777 2152 3098 2209 bibendum
3141 2151 3510 2220 recedebant,
3540 2151 3703 2209 solus

2055 2244 2252 2296 tamen
2276 2241 2479 2297 Petrus
2513 2240 2660 2297 dixit
2686 2259 2699 2296 :
2724 2242 2890 2298 Verba
2925 2242 3057 2298 vitae
3082 2248 3310 2299 «τισι-ηαξ
3337 2242 3502 2296 habes
3522 2240 3699 2312 (Joan.

2054 2331 2259 2398 v1,70),
2274 2332 2332 2385 et
2349 2346 2455 2403 ego
2477 2333 2585 2385 ate
2604 2331 2896 2402 quomodo
2913 2329 3217 2386 recedam?
3239 2329 3320 2386 Ne
3354 2329 3537 2401 igitur
3573 2329 3702 2402 pln-

2056 2433 2151 2474 res
2177 2417 2285 2474 hoc
2305 2417 2766 2487 dicerent,veluti
2788 2419 3031 2491 quidam
3052 2422 3208 2474 esset
3226 2418 3432 2474 horror
3452 2419 3700 2486 cruoris,

2056 2506 2157 2563 sed
2189 2510 2451 2562 maneret
2468 2506 2663 2579 gratia
2679 2506 3120 2579 redemptionis,
3142 2505 3271 2564 ideo
3282 2505 3341 2562 in
3364 2506 3701 2564 similitudi-

2056 2612 2192 2651 nem
2223 2594 2459 2667 quidem
2483 2595 2700 2668 accipis
2720 2595 3287 2663 sacramentum,sed
3307 2612 3453 2652 verae
3478 2600 3701 2653 natura:

2054 2684 2303 2757 gratiam
2342 2683 2737 2756 virtutemque
2767 2683 3289 2756 consequeriaEgo
3320 2700 3464 2750 sum,
3489 2684 3699 2758 inquit,

2050 2775 2214 2845 panis
2243 2775 2399 2829 vivus
2445 2775 2542 2845 qui
2586 2773 2652 2829 de
2693 2774 2821 2830 σωιο
2864 2772 3117 2829 descendi
3159 2774 3333 2845 (Joan.
3382 2791 3550 2842 xxxv,
3586 2774 3697 2846 41).

2056 2862 2166 2918 Sed
2190 2879 2322 2919 caro
2353 2879 2470 2918 non
2501 2861 2804 2919 descendit
2831 2877 2863 2918 e
2888 2861 3054 2930 caelo,
3076 2878 3193 2934 quo
3216 2866 3359 2937 ergo
3395 2862 3701 2928 descendit

2054 2951 2224 3024 panis
2253 2969 2284 3007 e
2314 2950 2477 3019 coelo,
2512 2955 2569 3006 et
2598 2951 2767 3022 panis
2796 2950 3004 3007 vivus?
3033 2950 3175 3023 quia
3212 2951 3369 3007 idem
3417 2951 3699 3009 Dominus

2054 3044 2253 3097 noster
2279 3041 2452 3097 Jesus
2492 3039 2758 3097 Christus
2802 3057 3042 3097 consors
3072 3043 3163 3096 est
3191 3044 3252 3096 et
3280 3039 3600 3097 divinitatis
3639 3044 3699 3097 et

2053 3130 2336 3203 corpoeis,
2361 3133 2419 3185 et
2440 3132 2501 3185 tu
2533 3128 2634 3202 qui
2668 3128 2885 3202 accipis
2915 3146 3151 3186 carnem
3179 3128 3388 3185 divinas
3417 3129 3547 3200 ejus
3563 3130 3698 3186 sub-

2053 3216 2302 3286 stantise,
2336 3218 2393 3273 in
2424 3217 2526 3273 illo
2554 3216 2923 3291 participaris
2970 3217 3263 3274 alimento.
3294 3217 3403 3283 Qui
3442 3217 3698 3274 mandu-

2055 3306 2269 3364 caverit
2296 3307 2407 3363 hoc
2436 3322 2669 3380 corpus,
2704 3308 2804 3363 fiet
2840 3306 2894 3364 ei
2924 3305 3191 3364 remissio
3215 3310 3610 3380 peccatorum,
3639 3309 3699 3362 et

288 3405 363 3445 ex
408 3389 536 3463 ipso
585 3393 1027 3450 manducaverit
1075 3412 1190 3451 non
1239 3396 1544 3453 moriatur.
1577 3398 1740 3456 Unde
1798 3400 1939 3457 dicit
1967 3384 2011 3452 C
2050 3415 2167 3453 non
2198 3396 2484 3454 morietur
2513 3398 2571 3453 in
2604 3400 2904 3453 aeternum.
2939 3396 3277 3469 (Ambrosius
3321 3396 3388 3452 de
3422 3397 3697 3469 mysteriis

284 3478 609 3551 Apostolus
657 3498 669 3536 :
714 3481 878 3538 Catia:
934 3483 1343 3553 benedictionis,
1403 3489 1497 3542 cui
1551 3488 1937 3560 benedicimus,

284 3584 472 3625 nonne
515 3573 932 3628 communicatio
976 3575 1271 3643 sanguinis
1322 3574 1524 3632 Christi
1561 3580 1676 3634 est?
1701 3585 1753 3635 et
1776 3581 1940 3652 panis

286 3673 451 3731 quem
474 3660 808 3731 frangimus,
841 3678 1023 3718 nonne
1046 3664 1400 3736 participatio
1430 3669 1674 3738 corporis
1719 3669 1942 3725 Domini

283 3751 403 3804 est?
438 3748 491 3816 (I
534 3750 662 3805 Cor.
696 3767 750 3819 x,
805 3751 913 3820 16).
964 3751 1029 3808 Si
1071 3754 1195 3824 quis
1240 3753 1673 3822 manducauerit,
1723 3756 1936 3829 inquit,

285 3836 595 3906 Dominus,
627 3855 697 3895 ea:
741 3840 840 3895 hoc
880 3857 1027 3912 pane
1074 3842 1215 3898 vivet
1254 3844 1315 3898 in
1361 3851 1650 3913 internum,
1683 3854 1736 3901 et
1775 3849 1940 3918 panis

283 3941 448 3998 quem
474 3943 570 3999 ego
595 3927 754 3994 dabo,
780 3945 914 3986 caro
942 3946 1064 3986 mea
1109 3939 1188 3987 est
1229 3948 1331 4003 pro
1376 3933 1574 3989 mundi
1601 3936 1717 3990 vita
1758 3935 1934 4008 (Joan.

281 4032 365 4082 v1,
390 4016 505 4084 52).
539 4017 675 4082 Quae
725 4034 859 4073 caro
906 4016 1263 4090 quibusdam
1316 4023 1406 4076 est
1454 4021 1525 4076 ad
1574 4022 1775 4088 vitam,
1808 4022 1935 4095 qui-

252 4102 538 4161 busdam
571 4105 642 4161 ad
673 4104 938 4173 exitium,
971 4105 1125 4162 sicut
1152 4107 1373 4164 exstitit
1396 4109 1560 4166 Judas
1592 4126 1606 4165 :
1642 4127 1757 4165 non
1798 4110 1939 4184 quia

283 4191 511 4249 malum
559 4198 687 4249 erat
731 4195 886 4267 quod
933 4196 1120 4253 Judas
1166 4197 1408 4269 accepit,
1443 4199 1543 4254 sed
1575 4198 1714 4271 quia
1743 4199 1936 4256 malus

279 4280 723 4339 Judas'bonum
772 4284 926 4341 male
965 4285 1209 4358 accepit.
1245 4287 1686 4344 Sacramentum
1719 4289 1936 4362 quippe

280 4370 522 4445 pietatis
549 4371 917 4445 injudicium
941 4375 1051 4431 sibi
1073 4375 1257 4432 sumit
1279 4375 1576 4449 indignus.
1594 4378 1745 4434 Bene
1775 4379 1933 4435 enim

279 4476 417 4516 esse
447 4478 561 4517 non
601 4467 796 4535 potest
846 4463 999 4520 male
1046 4465 1351 4538 accipienti
1384 4467 1541 4538 quod
1572 4467 1788 4523 bonum
1821 4471 1930 4523 est.

281 4550 425 4606 Caro
453 4551 604 4606 enim
630 4566 770 4620 mea,
799 4550 1011 4624 inquit,
1028 4570 1149 4610 vere
1167 4562 1247 4610 est
1265 4557 1503 4623 cibus,et
1521 4558 1752 4624 sanguis
1779 4573 1932 4614 meas

278 4654 408 4695 vere
427 4645 507 4695 est
519 4647 697 4711 potus.
717 4640 865 4697 Cum
895 4642 1054 4698 enim
1076 4643 1135 4698 in
1158 4644 1286 4700 cibo
1308 4648 1365 4700 et
1398 4648 1539 4716 potu
1570 4644 1626 4699 id
1658 4649 1936 4717 appetant

277 4725 652 4796 homines,ut
673 4745 787 4784 non
800 4730 1278 4804 esuriant,neque
1297 4731 1635 4802 sitiant,hoc
1655 4733 1934 4791 veraciter

276 4831 400 4870 non
416 4819 656 4887 prestat
679 4816 793 4874 nisi
813 4818 924 4875 iste
950 4819 1120 4876 cibus
1141 4824 1199 4877 et
1218 4824 1391 4893 potus
1411 4821 1511 4894 qui
1539 4839 1637 4878 eos
1659 4839 1693 4878 a
1713 4822 1930 4895 quibus

276 4903 540 4960 sumitur
568 4904 931 4964 immortales
960 4913 1019 4965 et
1048 4908 1521 4983 incorruptibiles
1552 4909 1705 4967 facit.
1730 4911 1793 4967 In
1824 4912 1933 4968 hac

275 4991 438 5051 enim
469 4993 718 5068 mystica
747 4996 1161 5053 distributione
1193 4997 1473 5071 spiritalis
1503 4998 1793 5057 alimonia:
1823 5000 1933 5058 hoc

274 5081 634 5154 impertitur,
653 5084 764 5141 hoc
784 5085 1060 5155 sumitur,
1077 5091 1144 5143 ut
1164 5087 1515 5161 accipientes
1534 5089 1809 5148 virtutem
1826 5108 1933 5148 cm-

273 5169 445 5228 lestis
466 5172 668 5241 cibi,in
689 5191 925 5231 carnem
947 5174 1109 5232 illius
1131 5177 1231 5250 qui
1251 5194 1385 5233 caro
1404 5181 1610 5235 nostra
1630 5179 1818 5236 factus
1842 5185 1933 5237 est

274 5263 970 5336 transeamus,quatenus
992 5282 1176 5321 unum
1190 5268 1375 5322 effecti
1389 5266 1656 5335 cumillo,
1671 5286 1706 5324 a
1726 5270 1933 5326 mundi

273 5346 564 5423 principe,
587 5368 623 5407 a
642 5369 758 5425 quo
786 5370 890 5425 per
916 5357 1223 5426 peccatum
1254 5354 1404 5428 rapti
1438 5355 1679 5423 fuimus,
1707 5375 1822 5413 non
1844 5362 1926 5414 te-

246 5498 247 5501 η
274 5454 548 5513 neamur,
574 5439 710 5496 facti
743 5460 928 5498 unum
959 5460 1094 5499 cum
1124 5442 1225 5500 illo
1247 5442 1349 5516 qui
1380 5443 1525 5500 dixit
1557 5462 1570 5500 :
1610 5447 1762 5502 Venit
1779 5449 1929 5503 enim

267 5529 529 5600 princeps
552 5528 721 5601 hujus
749 5531 967 5601 mundi,
1000 5540 1052 5588 et
1082 5534 1143 5588 in
1174 5550 1258 5588 me
1282 5550 1391 5589 non
1425 5533 1585 5590 habet
1631 5535 1929 5608 quidquam

272 5617 454 5684 (Joan.
488 5635 604 5688 xw,
620 5620 732 5688 30).
766 5620 872 5687 Qui
896 5638 1133 5677 rursum
1165 5621 1341 5678 dicit:
1370 5623 1476 5690 Qui
1498 5623 1928 5679 manducatcar—

270 5722 401 5761 nem
426 5723 624 5777 meam,
656 5716 709 5764 et
738 5709 876 5767 bibit
903 5713 1234 5781 sanguinem
1261 5729 1460 5780 meum,
1486 5713 1544 5766 in
1562 5728 1649 5768 me
1677 5721 1861 5769 manet
1877 5722 1932 5770 et

271 5809 369 5865 ego
400 5794 461 5849 in
486 5811 566 5852 eo.
600 5795 763 5853 Sicut
793 5797 949 5854 enim
979 5816 1153 5856 verus
1176 5804 1264 5856 est
1293 5799 1393 5856 Dei
1435 5799 1611 5857 Filius
1638 5800 1925 5860 Dominus

272 5886 474 5942 noster
501 5884 675 5944 Jesus
696 5886 983 5959 Christus,
999 5904 1115 5945 non
1137 5888 1636 5960 quemadmodum
1658 5888 1923 5948 homines

2048 3494 2102 3543 et
2126 3487 2191 3543 de
2219 3488 2624 3556 sacramentis.)
2649 3508 2677 3537 «
2699 3487 2849 3560 Ergo
2880 3503 2995 3542 non
3027 3485 3210 3542 otiose
3231 3484 3378 3542 dicis
3402 3489 3467 3542 tu
3487 3486 3693 3554 Amen,

2040 3576 2169 3648 jam
2201 3576 2261 3631 in
2282 3575 2493 3648 spiritu
2515 3576 2816 3632 conﬁdens
2838 3576 2993 3648 quod
3015 3575 3268 3648 accipias
3288 3591 3502 3648 corpus
3530 3573 3696 3631 Chri-

2049 3664 2143 3721 sti.
2163 3666 2309 3720 Cum
2342 3668 2405 3720 tu
2436 3664 2694 3737 petieris,
2716 3664 2860 3721 dicit
2880 3664 2984 3719 tibi
3005 3663 3693 3735 sacerdos,corpusChri-

2049 3752 2146 3821 sti,
2161 3756 2219 3807 et
2248 3755 2310 3807 tu
2335 3752 2485 3808 dicis
2521 3752 2849 3820 Amen,hoc
2879 3755 2970 3807 ost
2998 3769 3199 3807 verum
3227 3768 3239 3806 :
3265 3752 3419 3823 quod
3453 3751 3693 3807 conﬁte-

2047 3844 2146 3896 tur
2163 3840 2385 3912 lingua,
2400 3843 2593 3896 teneat
2613 3840 2872 3896 affectus.
2888 3839 3255 3896 Consecratio
3277 3838 3459 3912 igitur
3478 3838 3694 3911 quibus

2045 3929 2236 3986 verbis
2283 3933 2390 3998 est,
2424 3932 2479 3985 et
2527 3930 2698 4001 cuius
2750 3927 3161 3986 sermonibus?
3192 3944 3401 4000 nempe
3458 3927 3692 3984 Domini

2044 4019 2185 4076 Jesu
2218 4017 2436 4092 :panis
2489 4021 2578 4075 est
2624 4022 2759 4074 ante
2807 4017 2983 4073 verba
3031 4020 3554 4086 sacramentorum,
3589 4016 3691 4072 ubi

2045 4108 2354 4165 accesserit
2380 4107 2845 4177 consecratio,de
2884 4122 3034 4180 pane
3062 4107 3128 4162 ﬁt
3156 4123 3290 4162 caro
3322 4104 3555 4163 Christi.
3582 4105 3692 4172 Qui

2044 4197 2230 4270 pridie
2251 4214 2426 4270 quam
2450 4196 2829 4269 pateretur,in
2853 4196 3072 4252 sanctis
3093 4195 3369 4252 manibus
3391 4190 3515 4252 Suis
3537 4211 3695 4253 acce-

2044 4286 2130 4358 pit
2159 4303 2392 4359 panem,
2424 4285 2675 4358 respexit
2704 4287 2777 4341 ad
2807 4283 3044 4352 ccelum,
3066 4284 3149 4340 'ad
3179 4287 3258 4352 te,
3291 4288 3494 4341 sancte
3522 4284 3694 4341 Pater

2044 4375 2434 4448 omnipotens,
2459 4379 2669 4431 aeterne
2692 4375 2867 4441 Deus,
2889 4372 3108 4447 gratias
3147 4389 3349 4446 agens,
3375 4373 3688 4443 benedixit,

2044 4465 2236 4537 fregit,
2247 4465 2617 4535 'ructumque
2628 4461 2936 4535 discipulis
2947 4461 3296 4535 etapostolis
3309 4461 3435 4519 suis
3451 4462 3693 4520 tradidit

2043 4554 2240 4610 dicens
2261 4571 2273 4609 :
2292 4552 2783 4626 Accipiteet-edite
2794 4569 2862 4609 ex
2881 4551 2991 4608 hoc
3012 4552 3353 4623 omnes,hoc
3369 4557 3459 4609 est
3477 4568 3690 4626 corpus

2042 4660 2239 4699 meum
2278 4642 2431 4714 quod
2476 4659 2580 4713 pro
2617 4640 2821 4697 multis
2869 4641 3290 4715 confringatur.
3323 4640 3607 4697 Similiter
3632 4645 3691 4698 et

2040 4730 2301 4802 calicem,
2322 4734 2634 4803 postquam
2656 4732 2950 4786 omnatum
2970 4728 3341 4802 est,respexit
3358 4729 3430 4785 ad
3452 4727 3685 4795 caslnm,

2039 4820 2112 4877 ad
2142 4825 2218 4889 te,
2252 4823 2452 4876 sancte
2485 4819 2650 4876 Pater
2677 4818 3069 4892 omnipotens,
3090 4823 3303 4875 aeterne
3345 4818 3520 4883 Deus,
3552 4833 3686 4890 gra-

2040 4910 2153 4966 tias
2173 4925 2373 4982 agens,
2389 4907 2701 4977 benedixit,
2716 4906 2995 4982 apostolis
3014 4912 3072 4964 et
3099 4904 3406 4979 discipulis
3425 4905 3550 4962 suis
3566 4909 3686 4962 tra-

2040 4997 2189 5054 didit
2217 4997 2418 5055 dicens
2444 5015 2457 5052 :
2490 4998 2723 5071 Accipite
2751 5006 2802 5055 et
2830 4998 2996 5054 bibite
3021 5013 3092 5053 ea:
3119 4996 3219 5052 hoc
3260 5011 3463 5053 omnes.
3486 4996 3585 5051 Hic
3607 5004 3689 5052 est

2038 5091 2189 5145 enim
2216 5089 2443 5157 sanguis
2467 5104 2620 5144 meus
2649 5087 2862 5160 (Matth.
2894 5105 2972 5156 vr,
3003 5088 3117 5156 28).
3140 5085 3287 5142 Vide
3336 5084 3439 5142 illa
3485 5084 3685 5142 omnia

2037 5177 2212 5233 verba
2227 5175 2593 5249 evangelista
2615 5179 2755 5232 sunt
2773 5192 2957 5247 usque
2969 5174 3040 5230 ad
3062 5173 3452 5246 accipite.sive
3471 5191 3684 5247 corpus

2039 5266 2159 5323 sive
2176 5266 2546 5340 sanguinem,
2564 5266 2698 5321 inde
2727 5264 2903 5321 verba
2923 5268 3061 5333 sunt
3087 5262 3322 5319 Christi.
3351 5263 3681 5335 Antequam

2037 5359 2428 5421 consecretur,
2445 5353 2612 5427 panis
2634 5358 2693 5410 et
2727 5353 2926 5409 vinum
2958 5369 3113 5425 aqua
3143 5351 3392 5408 mixtum
3441 5355 3550 5422 est,
3582 5352 3681 5409 ubi

2036 5450 2232 5501 autem
2265 5443 2441 5500 verba
2457 5441 2669 5498 Christi
2701 5445 3318 5514 accesserunt,corpus
3348 5445 3406 5497 et
3440 5440 3684 5515 sanguis

2036 5538 2126 5590 est
2146 5533 2381 5604 Christi,
2404 5531 2763 5587 advertimus
2793 5530 2974 5604 igitur
2992 5526 3235 5600 majoris
3275 5546 3404 5586 esse
3431 5529 3679 5603 gratiam

2036 5640 2211 5696 quam
2228 5626 2519 5678 naturam.
2535 5620 2695 5685 Quod
2723 5618 2771 5673 si
2794 5622 3024 5674 tantum
3055 5617 3236 5674 valuit
3256 5617 3595 5675 sermoEliaa
3619 5624 3684 5675 ut

2037 5713 2230 5786 ignem
2255 5713 2327 5767 de
2347 5708 2490 5766 cmlo
2528 5710 2843 5781 deponeret
2862 5708 2966 5777 (III
2984 5709 3287 5777 Reg.xvm,
3303 5710 3415 5777 38),
3436 5725 3551 5764 non
3582 5726 3680 5765 va-
3726 5774 3731 5779 ,

2034 5802 2178 5858 lebit
2198 5799 2412 5856 Christi
2434 5815 2646 5867 sermo,
2670 5802 2736 5854 ut
2756 5797 2979 5870 species
3011 5800 3201 5853 mutet
3219 5796 3683 5855 elementorum?

2033 5891 2114 5948 De
2144 5888 2324 5947 totius
2355 5886 2559 5944 mundi
2590 5887 2863 5960 operibus
2892 5885 3108 5960 legisti,
3140 5886 3279 5960 quia
3308 5889 3424 5960 ipse
3457 5886 3606 5944 dixit
3629 5894 3683 5945 et
