4204 6470
515 361 628 424 931

1293 360 1680 422 HINCMARI
1727 359 1970 422 RHEM.
2015 357 2378 421 AllGHIEP.
2425 359 2838 422 OPUSCULA
2880 359 3145 421 VARIA.

513 497 614 549 aut
641 509 742 550 eas
759 495 1026 566 regentes
1059 491 1356 567 sapientiae
1377 493 1699 568 studerent.
1723 495 1910 560 Quam
1933 497 2162 549 senten-
2189 492 2247 559 Α
2275 491 2376 564 qui
2409 493 2588 566 digna
2615 509 2680 548 se
2709 492 2990 565 quaerenti
3033 508 3150 548 non
3183 492 3439 565 negabit,
3469 499 3531 550 et
3572 497 3640 549 ut
3685 495 3946 552 conﬁdi-

515 582 658 637 tium
690 597 1074 655 praecessores
1111 581 1298 639 nostri
1336 581 1729 639 favorabiliter
1765 584 2172 657 susceperunt,

513 669 738 728 utiliter
766 671 985 728 dictam
1019 671 1508 744 approbaverunt,
1531 675 1588 726 et
1609 671 1748 743 quia
1775 671 2030 727 salubris
2049 669 2174 726 visa

513 762 622 828 est,
647 759 825 816 etiam
849 764 906 814 et
937 759 1149 815 litteris
1178 759 1503 833 posteritati
1525 761 1992 833 cognoscendam
2013 777 2174 818 man.

514 849 820 906 daverunt.
843 848 951 904 Cui
979 853 1040 905 et
1070 865 1178 906 nos
1215 850 1497 918 favemus,
1524 854 1582 906 et
1621 850 1737 906 Deo
1777 849 1995 923 gratias
2024 850 2169 905 refe-

511 939 724 1010 rimus,
743 930 951 1012 utpote
983 937 1084 1010 qui
1131 943 1208 1007 te,
1232 955 1265 994 o
1297 939 1451 996 bone
1485 955 1602 1008 rex,
1635 944 1694 995 et
1732 943 1943 996 nostras
1975 939 2168 1011 reipu-

512 1027 678 1084 blicae
710 1027 987 1100 praefecit,
1019 1031 1076 1084 et
1107 1026 1290 1083 menti
1323 1031 1388 1084 ut
1417 1045 1612 1084 veram
1657 1027 2006 1102 sapientiam
2038 1044 2168 1101 per-

514 1116 778 1189 quireres
809 1117 1005 1173 radios
1056 1117 1150 1173 sui
1201 1116 1422 1172 amoris
1468 1115 1748 1175 infundit.
1779 1118 1850 1173 Et
1877 1117 2018 1190 quia
2044 1121 2168 1173 tam

513 1209 718 1262 nostra
736 1222 916 1278 quam
945 1211 1005 1262 et
1028 1204 1265 1262 illorum
1296 1205 1586 1263 sententia
1605 1209 1716 1277 est,
1735 1205 2027 1280 Sapientis
2048 1206 2171 1262 ani-

511 1310 677 1351 mum
700 1293 759 1350 in
783 1294 1164 1368 inquisitione
1181 1295 1399 1350 summi
1423 1294 1558 1350 boni
1577 1311 1810 1366 semper
1829 1295 2036 1353 debere
2050 1311 2171 1351 ver-

513 1383 652 1454 seri,
677 1383 904 1442 dicente
929 1383 1252 1457 Propheta:
1278 1384 1531 1452 Quaerite.
1555 1385 1870 1454 Dominum,
1885 1393 1939 1440 et
1968 1385 2166 1456 conﬁr-

509 1477 769 1543 mamiui,
813 1461 1046 1546 quaerite
1083 1475 1283 1544 [aciem
1329 1474 1444 1545 ejus
1497 1491 1708 1546 semper
1743 1475 1914 1542 (Psat.
1945 1491 2054 1542 CIV,
2089 1474 2164 1545 4),

511 1567 722 1632 merito
749 1561 1120 1636 gratulamur
1170 1566 1224 1617 te
1270 1561 1402 1618 illas
1461 1561 1840 1635 philosophiae
1886 1565 2082 1634 partes
2111 1567 2170 1618 et

511 1653 864 1726 colere,quaz
897 1654 1222 1706 noscuntur
1247 1649 1318 1705 ad
1351 1666 1542 1706 arcem
1563 1667 1710 1705 veris
1740 1648 2042 1723 soliusque
2071 1667 2164 1706 sa-

510 1741 744 1818 plentiaa
791 1740 1048 1796 tendere.
1083 1738 1425 1794 Meminisse
1471 1738 1628 1794 enim
1679 1755 1912 1811 semper
1939 1741 2168 1811 oportet

511 1834 770 1889 mentem
791 1827 1097 1902 principis,
1114 1826 1255 1900 quid
1278 1825 1530 1899 Sqiritus
1550 1832 1793 1884 sanctus
1809 1843 1946 1882 eum
1968 1827 2166 1884 admo-

509 1925 644 1992 neat
679 1935 784 1992 per
810 1916 1172 1972 clarissimos
1219 1915 1574 1988 eosdemque
1622 1915 1918 1989 principes
1946 1921 2004 1972 et
2030 1932 2160 1972 vere

509 2010 802 2083 sapientes
837 2023 850 2062 :
881 2007 948 2062 Et
964 2021 1116 2062 nunc
1151 2021 1302 2077 reges
1340 2005 1634 2075 intelligite
1661 2025 1680 2060 :
1709 2005 2035 2074 erudimini,
2063 2007 2161 2079 qui

498 2098 764 2174 judicatis
793 2103 1016 2152 terram.
1037 2095 1249 2152 Servite
1292 2095 1522 2151 Domino
1552 2097 1614 2150 in
1635 2097 1849 2161 timore,
1878 2102 1930 2150 et
1971 2095 2158 2151 exsut-

507 2196 612 2245 tate
653 2187 709 2243 ei
751 2201 876 2242 cum
923 2191 1170 2240 tremore.
1218 2183 1612 2264 Apprehendite
1654 2183 2028 2256 disciplinam,
2059 2200 2155 2241 ne-

507 2275 724 2350 quando
761 2275 1035 2330 irascatur
1078 2273 1361 2340 Dominus,
1393 2281 1444 2328 et
1485 2273 1723 2344 pereatis
1765 2271 1830 2328 de
1870 2275 1964 2328 via
2003 2273 2158 2344 justa

508 2369 625 2435 (Ps.
653 2380 714 2432 ιι,
735 2363 822 2430 10,
849 2363 958 2431 12).
979 2361 1272 2434 Itemque:
1297 2361 1528 2430 Ditigite
1537 2361 1817 2432 justitiam
1838 2363 1935 2434 qui
1944 2361 2159 2434 judica-

510 2457 583 2512 tis
605 2463 830 2511 terram.
853 2451 1060 2508 Sentite
1079 2449 1145 2506 de
1167 2451 1400 2507 Domino
1429 2452 1491 2506 in
1511 2450 1766 2518 bonitate,
1787 2457 1840 2506 et
1858 2452 1918 2506 in
1940 2452 2156 2522 simpli-

507 2546 669 2602 citate
685 2540 864 2600 cordis
887 2541 1120 2614 qwurite
1142 2539 1305 2596 illum
1321 2539 1470 2612 (Sap.
1495 2557 1532 2607 1,
1559 2539 1632 2610 1).
1659 2539 1976 2596 Probamus
2005 2557 2156 2612 quo-

507 2649 622 2707 que
640 2629 1020 2688 acrimoniam
1043 2645 1109 2686 ac
1130 2627 1494 2686 vivacitatem
1517 2628 1711 2700 ingeni
1720 2629 1832 2697 i,ut
1847 2629 1985 2702 quia
2001 2646 2157 2686 sum-

506 2737 674 2779 mum
704 2720 926 2777 bonum
956 2733 1214 2792 quaerere
1246 2715 1636 2785 niteris,viam
1669 2717 2000 2790 inquirendi
2023 2735 2158 2791 pur-

505 2827 643 2885 gare
671 2807 925 2878 conaris,
950 2825 1055 2881 per
1076 2822 1254 2880 quam
1281 2807 1354 2862 ad
1385 2806 1587 2880 cupita
1613 2807 1910 2878 pervenire
1941 2809 2153 2880 possis.

505 2903 704 2974 Neque
733 2897 892 2955 enim
920 2895 1008 2953 vel
1039 2895 1342 2970 gressibus
1363 2895 1624 2968 corporis
1653 2896 1768 2951 Deo
1800 2897 2154 2970 propinqua-

504 2994 621 3058 tur,
642 2987 731 3046 vel
752 2985 940 3044 oculis
960 2986 1090 3058 ejus
1113 2983 1312 3040 divina
1334 2988 1547 3040 natura
1575 2983 1834 3056 corporis
1856 2986 2158 3056 maiestas-

504 3095 616 3152 que
629 3075 1107 3152 perspicitur,sed
1125 3072 1243 3131 illis
1255 3065 1530 3146 passibus
1540 3071 2053 3146 atqueluminibus
2064 3075 2153 3132 vel

503 3163 952 3240 aggreditur,vel
972 3161 1328 3230 cernitur,de
1342 3162 1558 3234 quibus
1579 3162 1893 3235 Propheta:
1913 3163 2156 3221 Accedite

2282 597 2416 636 mus
2464 597 2568 653 pro
2613 585 2716 638 tuo
2755 581 3043 638 desiderio
3091 581 3504 638 satisfaciendo
3531 582 3659 640 vias
3716 589 3946 640 nostra

2281 668 2574 726 tarditatis
2604 670 2902 728 reserabit.

2807 813 3039 870 CAPUT
3079 813 3390 871 PRIMUM.

2709 913 2897 970 Utrum
2919 913 3109 969 anim
3128 928 3385 986 corporea
3403 915 3498 970 sit.

2349 1027 2542 1084 Prima
2553 1044 2690 1102 ergo
2705 1027 3026 1101 propositio
3041 1029 3384 1086 eorumdem
3399 1028 3936 1103 capitulorumest:

2279 1117 2486 1173 Utrum
2515 1118 2714 1174 anima
2733 1132 3010 1190 corporea
3033 1117 3130 1174 sit.
3152 1119 3324 1174 Porro
3355 1118 3523 1175 nobis
3545 1119 3750 1175 anima
3767 1125 3940 1176 tante

2278 1209 2477 1263 minus
2502 1222 2781 1279 corporea
2801 1206 3050 1275 videtur,
3074 1210 3296 1278 quanto
3326 1206 3526 1264 minus
3543 1223 3613 1264 ex
3631 1205 3779 1276 illis,
3801 1207 3937 1281 qui-

2276 1296 2388 1354 bus
2426 1299 2642 1352 cuncta
2677 1311 2922 1368 corpora
2956 1299 3249 1362 constant,
3279 1294 3586 1352 elementis
3621 1301 3940 1370 compacta

2275 1383 2661 1458 dignoscitur.
2683 1383 2882 1456 Neque
2909 1383 3066 1440 enim
3097 1399 3227 1440 eam
3256 1400 3326 1440 ex
3353 1399 3507 1452 aere,
3529 1389 3634 1441 aut
3661 1385 3811 1459 igni,
3841 1384 3936 1441 vel

2275 1489 2447 1546 aqua,
2471 1479 2742 1545 terraque
2761 1473 3082 1530 consistam
3103 1473 3430 1543 credimus;
3454 1474 3556 1530 sed
3583 1491 3621 1531 a
3640 1474 3762 1531 Deo
3791 1491 3936 1532 con-

2273 1563 2458 1619 ditam
2489 1563 2762 1634 dicimus,
2785 1566 3075 1634 quantum
3097 1562 3335 1635 quidem
3362 1563 3436 1619 ad
3463 1580 3684 1636 oorpus
3701 1567 3936 1636 spectat

2273 1653 2430 1724 quod
2461 1651 2556 1707 his
2581 1649 2887 1708 elementis
2933 1651 3206 1707 subsistit
3253 1651 3604 1724 simplicem,
3635 1651 3689 1708 si
3726 1659 3933 1708 autem

2271 1739 2530 1796 Creatori
2557 1739 2912 1807 conferatur,
2935 1738 3344 1813 multiplicem.
3376 1739 3634 1814 Simplex
3653 1741 3817 1797 cnim
3839 1747 3937 1798 est

2272 1833 2559 1902 quantum
2583 1829 2654 1884 ad
2673 1828 2934 1901 corporis
2953 1827 3298 1900 qualitatem
3331 1834 3574 1900 spectat,
3597 1829 3742 1902 quia
3761 1845 3934 1885 crea-

2271 1920 2350 1974 tio
2371 1921 2522 1991 eius,
2536 1921 2604 1974 ut
2621 1917 2844 1973 dictum
2867 1921 2976 1986 est,
2990 1933 3060 1972 ex
3083 1915 3262 1973 nullis
3281 1917 3554 1974 subsistit
3572 1917 3927 1976 elementis:

2269 2007 2478 2064 collata
2506 2011 2702 2062 tamen
2741 2005 2858 2062 Deo
2897 2004 3224 2078 multiplex,
3255 2005 3397 2078 quia
3441 2005 3620 2064 variis
3669 2005 3933 2064 obnoxia

2268 2095 2662 2169 passionibus,
2697 2095 2870 2151 modo
2901 2095 3164 2168 cupiens,
3197 2095 3370 2152 modo
3412 2097 3724 2170 concupita
3753 2095 3926 2152 fasti.

2267 2185 2456 2253 diens,
2489 2183 2662 2239 modo
2691 2182 2842 2252 laeta,
2875 2182 3048 2240 modo
3089 2182 3297 2252 tristis,
3331 2183 3504 2240 modo
3532 2183 3706 2257 sapit,
3739 2184 3926 2241 modo

2267 2273 2502 2346 desipit.
2535 2272 2699 2339 Quod
2731 2271 2792 2327 in
2823 2271 3008 2327 Deum
3057 2269 3397 2328 nullomodo
3443 2272 3650 2328 cadere
3680 2271 3926 2329 sobrius

2265 2362 2421 2435 capit
2449 2359 2800 2428 intellectus,
2821 2361 2925 2432 qui
2971 2360 3256 2433 Spiritum
3286 2364 3556 2418 sanctum
3599 2361 3860 2418 intendit
3885 2379 3926 2418 ι

2265 2455 2532 2507 creatura
2559 2450 2986 2507 discernentem
3017 2449 3369 2518 Creatorem,
3403 2450 3504 2522 qui
3536 2467 3640 2523 per
3669 2450 3922 2508 Psalmi-

2266 2547 2418 2598 stam
2449 2541 2593 2597 dicit
2641 2540 2778 2608 Deo,
2810 2539 3044 2596 Hntabis
3070 2556 3156 2608 ea,
3187 2548 3241 2596 et
3263 2541 3622 2597 mutabuntur
3651 2559 3670 2596 :
3699 2549 3761 2598 tu
3809 2559 3924 2598 au-

2264 2639 2370 2687 tem
2394 2631 2538 2687 idem
2565 2631 2682 2702 ipse
2709 2645 2764 2686 es
2788 2629 2960 2698 (Psat.
2985 2645 3061 2697 ει,
3085 2631 3201 2698 27).
3224 2629 3294 2685 Et
3341 2629 3553 2686 iterum
3603 2630 3802 2702 ipsum
3833 2629 3921 2687 lo-

2264 2727 2576 2794 quentem:
2605 2721 2714 2792 Ego
2742 2720 3028 2788 Dominus,
3057 2729 3109 2775 et
3135 2735 3247 2776 non
3273 2728 3456 2776 mutor
3483 2720 3697 2789 (latae.
3723 2736 3812 2788 ιιι,
3833 2723 3919 2790 6).

2265 2813 2492 2867 Interea
2523 2813 2582 2866 et
2607 2809 2658 2866 si
2687 2807 2902 2864 creatio
2947 2807 3204 2864 hominis
3238 2807 3581 2877 intenditur,
3615 2825 3732 2865 non
3781 2825 3918 2865 eam

2263 2915 2393 2958 esse
2422 2914 2636 2972 corpus
2665 2895 2833 2954 facile
2861 2895 3336 2970 deprehenditur.
3373 2897 3528 2954 Picto
3557 2913 3818 2971 namque
3847 2913 3921 2954 ex

2263 2988 2386 3044 luto
2416 3003 2654 3060 corpore
2684 3003 2719 3042 a
2755 2985 3048 3054 Deo,dicit
3085 2986 3403 3058 Scriptura,
3435 2988 3745 3059 lusu/ﬂavit
3772 2988 3918 3044 Deus

2264 3081 2326 3135 in
2349 3079 2550 3149 faciem
2575 3077 2690 3150 ejus
2715 3076 3056 3148 spiraculum
3092 3077 3241 3144 vita,
3263 3082 3314 3132 et
3354 3078 3533 3147 factus
3558 3084 3636 3132 est
3661 3076 3826 3132 homo
3854 3079 3918 3132 ia

2263 3170 2512 3224 animam
2538 3168 2806 3222 viventem
2819 3164 2972 3235 (Gen.
2996 3181 3059 3232 ιι,
3079 3166 3160 3233 7).
3181 3163 3242 3221 Si
3269 3163 3428 3222 enim
3449 3180 3662 3237 corpus
3679 3165 3918 3238 corpori
4009 3155 4027 3176 ’

502 3236 734 3322 (lt—leum,
751 3251 966 3326 inquit,
988 3259 1040 3308 et
1062 3251 1470 3308 ittumiuamini
1487 3251 1659 3324 (Psal.
1677 3269 1834 3319 xxm,
1850 3253 1927 3322 6).
1942 3253 2151 3309 Animo
2179 3236 2224 3304 Ο
2255 3253 2681 3328 necteret,quid
2692 3255 2946 3310 duorum
2958 3270 3270 3326 corporum
3291 3236 3914 3319 alterumvivitioarot?

503 3359 642 3418 ergo
663 3343 816 3400 Deus
832 3339 1132 3415 quaeritur,
1147 3337 1343 3396 animo
1361 3344 1470 3396 Deo
1491 3340 1940 3414 propinquatur,
1955 3341 2152 3398 animo

504 3431 660 3488 Deus
678 3430 956 3498 cernitur,
971 3430 1030 3484 in
1049 3429 1220 3502 cujus
1231 3427 1452 3485 visione
1468 3432 1590 3486 tota
1610 3429 1914 3502 inquisitio
1931 3432 2151 3487 summi

502 3520 641 3578 boni
672 3517 1031 3592 adimpletur
1051 3517 1109 3574 in
1132 3518 1304 3590 cujus
1319 3517 1652 3592 cognitione
1669 3521 1838 3574 tuum
1863 3519 2154 3577 nobilissi-

503 3626 668 3680 mum
699 3608 999 3682 ingenium
1029 3606 1298 3680 occupari
1321 3625 1358 3664 a
1377 3607 1549 3664 nobis
1587 3607 1888 3681 probatur,
1911 3613 1968 3666 et
1998 3614 2154 3666 recte

503 3697 765 3756 omnino.
787 3697 986 3770 Neque
1007 3696 1162 3753 enim
1185 3695 1354 3770 plene
1383 3701 1575 3769 potest
1599 3714 1770 3753 nosse
1792 3699 2153 3771 superiorem

501 3804 565 3846 se
585 3788 689 3861 qui
721 3805 837 3844 non
858 3789 1025 3842 curat
1053 3785 1202 3842 scire
1227 3801 1311 3840 se.
1331 3785 1401 3841 Et
1424 3786 1562 3858 quia
1591 3802 1758 3842 mens
1791 3786 2051 3844 humana
2068 3789 2148 3844 vi-

500 3875 634 3934 cina
652 3879 742 3932 est
761 3874 898 3943 Deo,
924 3891 1041 3930 non
1071 3877 1267 3930 autem
1291 3874 1444 3946 quod
1478 3873 1632 3930 Deus
1655 3879 1745 3931 est
1765 3874 1872 3930 hoc
1893 3874 2022 3948 ipsa
2041 3881 2151 3944 est,

499 3964 621 4040 agit
667 3967 1074 4039 congruenter,
1103 3966 1167 4018 ut
1202 3980 1330 4036 quae
1370 3961 1496 4018 vult
1525 3963 1674 4020 scire
1703 3981 1958 4032 summa,
1989 3969 2156 4022 curet

499 4058 635 4112 ante
665 4053 814 4110 scire
843 4051 1096 4110 summis
1126 4053 1337 4108 vicina.
1365 4053 1434 4108 Et
1462 4051 1771 4126 indignum
1792 4053 1961 4110 valde
1981 4059 2071 4110 est
2089 4059 2157 4111 ut

498 4145 900 4217 perscrutatur
927 4141 1145 4208 divina,
1167 4141 1269 4215 qui
1299 4159 1416 4198 non
1459 4145 1626 4198 curat
1673 4159 1847 4200 nosse
1876 4160 2004 4216 qua:
2035 4144 2158 4202 sint

497 4230 693 4306 ipsius'
739 4231 1023 4288 humana.
1057 4231 1276 4288 Reddis
1323 4245 1460 4303 ergo
1490 4234 1546 4286 te
1585 4231 1785 4303 generi
1834 4231 1986 4288 avito
2033 4233 2155 4290 haec

499 4337 702 4396 agens,
727 4319 830 4394 qui
869 4321 1047 4378 corda
1094 4309 1432 4377 mortalium
1482 4319 1555 4376 ab
1604 4319 1847 4378 scientia
1875 4321 2073 4379 divina
2099 4324 2157 4380 et

497 4411 759 4468 humana
778 4410 1074 4484 torpentia
1091 4409 1439 4466 excitarunt.
1452 4412 1636 4466 Avum
1654 4415 1712 4467 et
1733 4409 2158 4486 homonymum

495 4504 669 4556 tuum
699 4498 974 4566 dicimus,
996 4497 1267 4556 Ecclesiae
1315 4503 1531 4556 sanctae
1571 4500 1850 4556 doctrinae
1903 4505 1962 4558 et
2017 4501 2155 4558 fidei

2260 3347 2428 3404 Nunc
2451 3349 2650 3403 autem
2673 3345 2815 3400 dum
2838 3343 3053 3400 dicitur
3075 3343 3219 3418 quia
3249 3343 3635 3401 insut‘tlaverit
3667 3345 3820 3402 Deus
3851 3345 3914 3401 in

2261 3437 2472 3494 faciem
2511 3431 2770 3491 hominis
2817 3432 3092 3507 plusmati
3139 3432 3498 3506 spiraculum
3528 3433 3658 3490 vita
3685 3433 3913 3506 qualis-

2260 3541 2493 3598 cunque
2513 3521 2832 3581 insut‘tlatio
2850 3521 2952 3578 illa
2973 3521 3532 3594 fuerit,spiraculum
3542 3527 3742 3580 tamen
3761 3522 3913 3581 illud

2259 3615 2388 3669 vita
2418 3629 2536 3668 non
2564 3627 2798 3684 corpus,
2823 3610 2926 3666 sed
2965 3609 3210 3684 spiritus
3237 3609 3365 3679 fuit,
3388 3610 3492 3684 qui
3537 3611 3831 3684 potentior
3857 3617 3916 3669 et

2262 3702 2470 3759 melior
2495 3707 2651 3756 terra
2669 3705 2777 3768 est,
2792 3703 2851 3756 et
2871 3699 3268 3772 qualicunque
3287 3716 3546 3773 corpore.
3569 3701 3754 3773 Cujus
3769 3717 3911 3758 con-

2253 3789 2581 3863 junctione,
2603 3793 2661 3844 et
2690 3788 2844 3844 infra
2870 3787 3164 3860 torpentia
3191 3787 3457 3844 membra
3474 3788 3908 3857 commixtione,

2263 3880 2454 3936 factus
2479 3882 2570 3935 est
2589 3878 2764 3934 homo
2786 3877 2845 3932 in
2864 3876 3125 3932 animam
3146 3875 3452 3932 viventem.
3477 3877 3604 3933 Non
3621 3892 3761 3950 ergo
3777 3894 3909 3934 eam

2263 3986 2476 4042 corpus
2498 3967 2772 4034 dicimus,
2796 3965 2898 4022 sed
2916 3965 3298 4038 spiraculum,
3322 3965 3441 4022 imo
3461 3965 3738 4039 spiritum
3755 3966 3908 4036 vita,

2263 4063 2438 4131 atque
2467 4056 2726 4114 animam
2765 4055 3112 4112 auctoritate
3147 4053 3584 4127 Scripturarum
3613 4055 3746 4112 freti
3776 4073 3907 4130 pro-

2262 4147 2626 4204 nuntiamus.
2661 4144 2945 4218 Propheta
2984 4159 3240 4216 namque
3269 4142 3412 4198 dicit
3442 4160 3456 4200 :
3487 4144 3601 4214 Ego
3647 4147 3908 4202 Dominus

2260 4236 2552 4294 extendens
2597 4235 2773 4302 caelos,
2800 4241 2851 4290 et
2877 4233 3120 4306 [nudans
3147 4241 3372 4300 terram,
3403 4240 3454 4290 et
3477 4235 3690 4306 ﬁngens
3736 4237 3906 4308 spiri-

2263 4335 2381 4383 tum
2405 4325 2644 4382 hominis
2675 4325 2735 4380 iu
2761 4339 2823 4380 eo
2843 4323 3027 4392 (Zach.
3049 4318 3150 4390 ιιι,
3175 4323 3250 4390 1).
3276 4322 3420 4379 Hinc
3443 4327 3536 4380 est
3562 4323 3719 4397 quod
3749 4323 3910 4380 Psal—

2263 4415 2460 4482 mista,
2483 4430 2618 4471 cum
2666 4411 3030 4486 conspiceret
3065 4428 3271 4468 omnes
3311 4411 3582 4470 homines
3610 4413 3912 4470 subtracta

2263 4504 2464 4562 anima
2490 4506 2676 4560 morte
2703 4500 2964 4571 dissolvi,
2986 4501 3351 4575 receptisque
3371 4501 3688 4560 animabus
3707 4503 3768 4559 in
3794 4502 3911 4559 ﬁne

496 4593 1014 4678 propugnatorem,
1045 4588 1148 4678 sed
1191 4592 1249 4678 et
1285 4588 1629 4678 genitorem,
1661 4589 1845 4646 totius
1874 4590 2154 4648 bonitatis
2182 4612 2231 4678 Ι)
2262 4593 2458 4651 szeculi
2480 4593 2672 4650 denuo
2703 4590 3062 4659 reviviscere,
3085 4591 3204 4648 ait:
3226 4592 3396 4664 Aufer
3419 4591 3682 4663 spiritum
3696 4608 3908 4657 eorum,

496 4684 673 4752 atque
692 4678 924 4752 pietatis
937 4675 1468 4754 decus‘insigne.Et
1484 4677 1724 4735 honeste
1740 4684 1917 4752 atque
1933 4679 2154 4737 utiliter
2183 4675 2217 4678 ᾖ
2259 4693 2312 4741 et
2339 4684 2608 4756 deﬁcient,
2639 4689 2690 4738 et
2717 4683 2776 4737 in
2801 4681 3083 4753 pulverem
3119 4697 3286 4736 suum
3325 4688 3681 4738 revertentur.
3711 4682 3914 4738 Emitte

494 4768 602 4825 tibi
623 4767 930 4841 prospicis.
953 4765 1331 4822 Inhonestum
1351 4783 1604 4838 namque
1621 4771 1870 4836 est,eum
1888 4768 1986 4840 qui
2011 4787 2150 4842 prae-

493 4861 583 4913 est
606 4856 665 4912 in
689 4855 931 4912 scientia
951 4854 1452 4928 deturpari.Porro
1476 4854 1613 4911 utile
1635 4860 1811 4928 atque
1833 4855 2145 4914 honestum

491 4945 931 5018 est,principem
949 4948 1007 5000 et
1023 4960 1234 5000 sensus
1245 4947 1546 5000 venustate
1563 4943 1924 5010 excellere,et
1941 4963 2044 5018 per
2061 4965 2148 5003 sa-

493 5035 774 5107 pientiam
794 5039 968 5106 atque
989 5049 1218 5089 morum
1242 5033 1588 5105 probitatem
1611 5038 1732 5090 tam
1756 5033 1868 5090 sibi
1890 5051 2066 5106 quam
2089 5042 2148 5092 et

494 5124 750 5180 subditis
763 5121 1471 5196 prospicere.Schedulam
1488 5139 1623 5195 ergo
1637 5121 2032 5195 capitulorum
2049 5142 2150 5181 no-

494 5213 587 5270 bis
630 5211 871 5268 allatam
912 5211 1172 5268 studiose
1211 5211 1636 5284 perspeximus,
1677 5211 2146 5285 enucleatimque

495 5301 1020 5369 consideravimus,
1053 5305 1110 5356 et
1160 5300 1232 5356 ad
1273 5299 1507 5374 singula
1534 5317 1639 5372 pro
1663 5305 1837 5374 captu
1869 5301 2144 5376 ingenioli

495 5389 952 5462 nostri,fautrice
971 5389 1369 5458 divinitate,ad
1369 5389 1594 5462 junctis
1611 5389 1785 5446 etiam
1808 5396 2147 5448 sanctorum

495 5479 779 5553 exemplis
826 5479 1154 5548 doctorum,
1197 5478 1548 5550 respondere
1593 5479 1987 5552 disponimus,
2031 5497 2146 5538 non

503 5572 706 5624 nostra
723 5567 1108 5642 intelligentia
1127 5567 1398 5636 nitentes,
1421 5567 1523 5623 sed
1547 5567 1605 5624 in
1627 5567 1743 5626 Deo
1765 5571 2144 5643 conﬁdentes,

492 5720 649 5762 versa
675 5711 728 5761 et
763 5703 1067 5778 multiplici
1104 5704 1316 5778 ratione
1366 5704 1600 5778 enim,
1622 5703 1924 5778 Hincmari
1951 5709 2148 5765 tamen

493 5790 627 5866 esse
679 5774 869 5839 multa
911 5773 1286 5862 persuadent,
1333 5777 1392 5838 et
1437 5773 1641 5840 Carolo
1688 5776 1860 5840 Calvo
1910 5779 2033 5858 regi
2079 5795 2150 5842 ea

2253 4776 2516 4848 spiritum
2541 4780 2696 4828 tuum
2718 4779 2769 4827 et
2794 4770 3146 4837 creabuntur,
3177 4778 3230 4826 et
3253 4770 3539 4827 renovabis
3571 4772 3774 4842 faciem
3799 4779 3910 4827 ter-

2254 4879 2337 4920 ra:
2369 4862 2538 4936 (Psat.
2561 4876 2681 4926 cm,
2702 4862 2757 4926 2,
2779 4859 2834 4926 9,
2859 4860 2974 4928 30).
2993 4858 3140 4914 Hinc
3173 4858 3389 4915 iterum
3421 4859 3578 4916 idem
3619 4860 3912 4934 Propheta

2254 4953 2326 5008 de
2349 4949 2704 5024 quibusdam
2729 4947 3093 5021 principibus
3117 4947 3176 5004 in
3200 4947 3306 5004 hac
3323 4949 3442 5005 vita
3455 4949 3914 5023 supervenienti-

2255 5042 2368 5096 bus
2397 5039 2517 5096 ait:
2544 5037 2730 5094 Exibit
2772 5039 2998 5110 spiritus
3027 5037 3165 5108 ejus,
3187 5046 3238 5094 et
3285 5046 3583 5095 revertetur
3611 5041 3673 5095 in
3704 5049 3912 5096 terram

2253 5146 2416 5186 suam
2443 5127 2614 5197 (Psal.
2637 5143 2798 5194 CXLV,
2824 5128 2898 5199 4).
2931 5126 3045 5182 Nec
3093 5131 3292 5183 tamen
3341 5127 3594 5185 dicimus
3644 5128 3911 5186 animam

2256 5216 2488 5290 proprie
2512 5215 2786 5289 spiritum
2809 5214 3118 5284 nominari,
3143 5233 3278 5272 cum
3301 5216 3454 5274 Deus
3473 5217 3706 5274 dicatur
3733 5219 3911 5292 spiri-

2255 5312 2373 5376 tus,
2408 5305 2561 5363 sicut
2614 5304 2676 5360 in
2731 5304 3042 5378 Evangelio
3097 5304 3280 5362 habes
3313 5323 3327 5362 :
3363 5310 3513 5363 Deus
3562 5308 3792 5379 spiritus
3833 5317 3916 5366 est

2256 5400 2442 5465 (Joan.
2469 5412 2545 5463 ιν,
2565 5396 2682 5464 24),
2703 5399 2763 5451 et
2792 5393 2982 5450 sancti
3011 5392 3202 5468 angeli
3235 5393 3482 5469 spiritus
3508 5401 3808 5465 vocentur,
3840 5403 3912 5454 ut

2256 5489 2345 5542 est
2376 5501 2388 5542 :
2424 5485 2531 5555 Qui
2583 5485 2718 5556 facit
2760 5485 2979 5556 angelos
3019 5501 3146 5544 suos
3189 5486 3418 5558 spiritus
3465 5485 3636 5558 (Psat.
3674 5501 3795 5554 αιιι,
3826 5486 3906 5558 ὅ).

2256 5575 2420 5642 Quod
2452 5589 2666 5631 nomen
2696 5573 2873 5630 etiam
2892 5573 3167 5648 malignis
3196 5574 3388 5647 aptari
3406 5572 3557 5632 solet
3573 5572 3905 5647 spiritibus.

2256 5707 2789 5843 gqguwnveniunt,
2831 5723 2958 5786 quas
3007 5707 3070 5769 in
3120 5707 3462 5771 Prefatione
3506 5706 3905 5794 continentur.
