4204 6472
245 380 362 440 933

1338 380 1440 440 DE
1484 379 1826 442 DIVERSA
1871 378 2146 442 ΑΝΙΜΑΞ
2191 380 2557 440 RATIONE.

3531 382 3650 442 934

248 510 505 568 VOcatur
530 510 706 567 etiam
737 510 935 567 anima
959 511 1202 584 spiritus
1233 511 1492 569 hominis
1523 529 1536 568 :
1572 513 1727 568 unde
1755 511 1891 568 dici-
1919 512 1976 580 Α
2007 512 2316 579 bemaculo,
2345 514 2757 584 ingemiscimus
2813 517 3048 582 gravati,
3081 531 3142 570 eo
3199 515 3338 587 quod
3393 516 3651 571 nolumus

249 607 348 656 tur
375 617 479 672 per
507 599 879 656 Salomonem
917 617 928 656 :
961 602 1136 656 Donec
1165 604 1468 658 revertatur
1490 604 1672 675 pulvis
1702 605 1761 658 in
1792 609 1899 658 ter-

251 692 374 746 ram
415 707 575 746 suam
630 689 774 746 unde
831 697 1076 762 sumptus
1131 699 1225 758 est,
1256 700 1307 747 et
1347 694 1578 765 spiritus
1623 692 1804 748 redeat
1833 691 1903 747 ad

253 781 422 835 Deum
453 781 550 852 qui
577 778 724 835 dedit
741 779 903 835 illum
923 781 1115 852 (Eccle.
1139 798 1238 849 xu,
1267 783 1345 850 7).
1380 783 1491 837 Sed
1521 786 1578 837 et
1610 799 1708 838 aer
1738 797 1901 836 com-

255 874 454 925 motus
499 873 669 925 vento
720 869 961 941 spiritus
1005 875 1398 942 nuncupatur,
1435 871 1588 926 sicut
1617 871 1900 944 scriptum

256 963 346 1013 est
381 975 393 1014 :
427 957 668 1031 Spiritus
720 960 1113 1029 procellarum,
1148 975 1273 1032 quae
1298 962 1514 1032 faciunt
1539 961 1760 1017 verbum
1788 962 1904 1034 ejus

258 1048 428 1120 (Psal.
463 1064 689 1116 chvm,
723 1050 800 1117 8).
831 1049 943 1104 Sed
975 1050 1179 1104 eadem
1212 1049 1545 1106 substantia
1570 1051 1794 1122 corpori
1820 1050 1902 1106 vi-

256 1136 544 1192 viﬁcando
567 1140 742 1208 atque
765 1138 1015 1208 regendo
1039 1137 1328 1193 Creatoris
1350 1155 1590 1194 munere
1602 1139 1905 1208 attributa,

259 1227 460 1282 anima
481 1226 712 1299 proprie
735 1226 951 1282 dicitur
968 1227 1181 1294 vocari,
1207 1227 1375 1299 quasi
1406 1245 1648 1293 anteme,
1673 1229 1730 1284 id
1754 1233 1842 1283 est
1874 1246 1908 1284 a

259 1314 546 1387 sanguine
577 1314 748 1388 longe
777 1313 1050 1371 discreta.
1065 1314 1347 1372 Videlicet
1367 1317 1506 1389 quia
1526 1333 1641 1373 non
1665 1317 1818 1373 sicut
1846 1317 1907 1373 in

261 1403 484 1460 caeteris
515 1403 920 1460 animantibus
961 1404 1263 1461 deﬁciente
1311 1407 1596 1480 sanguine
1645 1406 1819 1463 etiam
1853 1411 1910 1464 et

262 1494 464 1550 anima
494 1493 708 1561 deficit,
737 1492 892 1550 sicut
937 1493 1239 1568 Scriptura
1282 1495 1425 1551 dicit
1455 1513 1468 1551 :
1504 1497 1704 1552 Anima
1732 1498 1910 1553 omnis

261 1583 448 1639 cumis
477 1583 540 1638 in
567 1585 838 1655 sanguine
865 1592 944 1640 est
975 1584 1386 1656 (Lev.xvu,11);
1415 1585 1516 1641 sed
1538 1586 1732 1658 potius
1755 1587 1909 1658 quod

263 1671 569 1728 deﬁciente
597 1688 856 1744 corpore,
892 1689 1173 1745 magnum
1219 1675 1389 1745 cujus
1441 1675 1910 1730 sustentaculum

264 1765 355 1817 cst
365 1760 831 1834 sanguis,anima
845 1777 1215 1834 nequaquam
1231 1762 1726 1819 intereat.Dicitnr
1736 1765 1910 1819 etiam

267 1867 300 1905 a
323 1849 679 1922 quibusdam
708 1849 904 1904 anima
935 1849 1006 1904 ab
1037 1866 1103 1905 eo
1135 1849 1456 1917 nominata,
1480 1852 1634 1922 quod
1667 1851 1908 1918 animet,

265 1939 324 1994 id
346 1942 437 1994 cst
455 1936 705 1994 vivificet
734 1938 1128 1994 substantiam
1160 1939 1520 2011 corporis.Ut
1551 1945 1747 1995 autem
1770 1940 1910 2012 quid

264 2029 337 2083 de
357 2045 427 2083 ea
448 2025 772 2083 sentiamus
793 2026 1024 2100 plenius
1045 2028 1398 2100 aperiamus,
1425 2045 1540 2084 non
1563 2029 1798 2098 nostris,
1823 2046 1914 2084 ve-

267 2133 400 2173 rum
429 2115 720 2172 Creatoris
748 2116 1020 2172 credatur
1049 2117 1351 2189 dictis,qui
1381 2117 1640 2174 animam
1671 2119 1916 2190 spiritus

263 2205 548 2262 vocabulo
566 2222 600 2261 a
615 2221 853 2278 corpore
865 2206 1478 2280 sejungens,naturam
1491 2211 1549 2264 et
1570 2207 1914 2280 dignitatem

268 2297 736 2367 potestatemque
783 2295 912 2366 ejus
945 2312 978 2350 a
1006 2312 1242 2368 corpore
1299 2295 1582 2363 distinxit,
1614 2313 1747 2352 cum
1788 2297 1870 2352 ait
1899 2313 1913 2352 :

270 2381 510 2455 Spiritus
556 2390 636 2440 est
687 2386 784 2456 qui
840 2385 1096 2455 viviﬁcat,
1129 2401 1253 2440 caro
1310 2393 1490 2442 autem
1546 2403 1657 2442 non
1701 2386 1919 2459 prodest

272 2472 578 2544 quidquam
623 2475 808 2542 (Joan.
838 2491 916 2542 γι,
948 2474 1062 2541 64).
1096 2474 1360 2546 Itemque
1395 2492 1408 2530 :
1443 2476 1592 2544 Quod
1621 2485 1815 2531 natum
1841 2485 1920 2533 est

271 2561 340 2617 de
367 2578 550 2629 carne,
579 2578 704 2619 caro
724 2570 802 2618 est
829 2581 849 2619 :
879 2570 930 2618 et
958 2562 1098 2636 quod
1146 2571 1338 2620 natum
1386 2581 1455 2620 ex
1495 2567 1716 2637 spiritu,
1749 2568 1918 2638 spiri-

274 2659 364 2707 tus
393 2659 471 2707 est
503 2651 679 2724 (Joan.
713 2669 795 2720 ιιι,
831 2653 907 2726 6).
941 2655 1288 2725 Quanquam
1337 2654 1446 2709 etsi
1480 2671 1593 2710 non
1625 2671 1760 2710 cum
1793 2672 1916 2710 cor-

273 2757 434 2813 pore,
467 2745 662 2796 tamen
693 2757 828 2796 cum
877 2741 1262 2797 similitudine
1312 2743 1570 2815 corporis
1618 2744 1804 2799 cernit
1832 2744 1919 2799 vel

271 2830 554 2898 cernitur,
573 2829 661 2886 vel
696 2846 830 2886 cum
862 2847 924 2886 se
949 2830 1188 2886 abducit
1212 2836 1269 2886 et
1301 2837 1556 2887 removet
1584 2849 1618 2886 a
1647 2833 1921 2889 sensibus

272 2917 556 2992 corporis,
573 2919 727 2992 quod
751 2919 896 2974 litin
919 2918 1144 2975 somnis
1166 2937 1300 2975 cum
1324 2920 1751 2993 multiplicibus
1779 2922 1922 2978 visis

271 3012 612 3081 occupatur,
636 3007 725 3063 vel
747 3024 880 3062 cum
905 3025 1008 3080 per
1027 3009 1272 3075 ectasin,
1296 3009 1351 3064 id
1377 3014 1467 3065 est
1487 3012 1703 3066 mentis
1723 3028 1921 3067 exces-

273 3114 431 3162 sum,
453 3096 515 3152 in
551 3096 778 3153 diversa
807 3096 1138 3163 abducitur,
1166 3115 1269 3153 seu
1301 3115 1435 3153 cum
1467 3103 1590 3156 tota
1620 3105 1925 3172 separatur

194 3193 210 3209 '
275 3204 312 3240 τι
336 3201 597 3257 corpore,
621 3185 777 3257 quod
816 3186 882 3240 tit
918 3185 977 3240 in
1015 3191 1222 3254 morte,
1251 3190 1306 3242 et
1333 3187 1418 3242 vel
1451 3189 1522 3243 ad
1555 3205 1756 3260 paenae
1785 3206 1920 3260 per-

2007 603 2326 674 ea'spoliari,
2359 603 2450 657 sed
2478 603 2845 674 supervestiri,
2879 611 2940 658 ut
2964 603 3312 659 absorbeatur
3338 605 3475 676 quod
3499 622 3649 660 mor-

2009 692 2123 746 tale
2150 699 2228 746 est
2258 709 2290 747 a
2323 694 2433 747 vita
2464 691 2647 763 (ibid.,
2683 693 2757 760 4).
2792 693 2860 746 Et
2918 697 3050 763 post
3099 710 3213 748 non
3261 693 3448 748 multa
3481 711 3493 748 :
3529 698 3650 749 Au-

2010 781 2214 836 demus
2231 788 2447 851 autem,
2471 786 2523 836 et
2549 781 2759 837 bonam
2789 783 3142 837 voluntatem
3171 782 3656 853 habemus,magis

2004 871 2392 943 peregrinari
2420 887 2459 925 α
2489 887 2751 943 corpore,
2784 876 2840 925 et
2876 877 3188 942 praesentes
3215 887 3332 926 esse
3361 873 3445 928 ad
3475 877 3654 928 Deum

2011 961 2206 1028 (ibi/2.,
2239 978 2290 1015 v.
2323 960 2399 1032 8).
2429 960 2571 1015 Item
2599 960 2722 1032 ipse
2747 977 2760 1016 :
2792 962 3078 1016 Habemus
3108 961 3449 1017 thesaurum
3480 964 3656 1019 istum

2013 1051 2075 1104 in
2102 1051 2258 1104 vasis
2275 1047 2565 1121 ﬁctilibus
2596 1053 2676 1119 (ΙΙ
2705 1054 2835 1108 (lor.
2870 1068 2945 1118 IV,
2968 1053 3043 1120 7).
3077 1050 3453 1106 Demonstrat
3481 1052 3657 1106 etiam

2013 1135 2367 1210 evangelista
2388 1137 2593 1193 mortis
2614 1141 2873 1210 tempore
2904 1138 3162 1194 animam
3194 1156 3228 1194 a
3252 1156 3491 1212 corpore
3524 1157 3661 1212 pro-

2014 1225 2160 1296 dire,
2194 1242 2326 1280 cum
2360 1226 2431 1280 de
2462 1225 2708 1281 Domino
2741 1226 2918 1282 dicit:
2961 1229 3024 1283 Et
3053 1229 3316 1284 inclinato
3346 1230 3521 1300 capite
3549 1236 3660 1284 tra-

2015 1314 2157 1370 didit
2181 1316 2442 1387 spiritum
2465 1315 2671 1385 ((J0an.
2690 1316 2923 1386 x1x,30).
2948 1319 3130 1383 Quem
3151 1316 3344 1374 locum
3367 1335 3662 1391 exponens

2016 1408 2182 1477 pater
2199 1403 2561 1477 Augustinus
2600 1404 2743 1461 dicit
2768 1421 2780 1460 :
2825 1428 2851 1455 «
2877 1407 2999 1473 Quo
3029 1405 3356 1479 signiﬁcata
3385 1412 3474 1472 est
3504 1424 3663 1464 mors

2019 1492 2277 1565 corporis
2301 1493 2496 1548 anima
2516 1497 2780 1550 exeunte.
2809 1516 2836 1544 »
2856 1494 2935 1551 De
2956 1513 3072 1568 qua
3093 1513 3154 1552 re
3175 1495 3385 1553 melius
3425 1496 3663 1552 Patrum

2019 1580 2372 1650 auctoritati,
2406 1598 2584 1654 quam
2619 1587 2827 1638 nostrae
2859 1585 3129 1640 credatur
3157 1586 3486 1642 assertioni.
3523 1585 3662 1641 Bea-

2020 1676 2115 1726 tus
2136 1671 2291 1726 cnim
2331 1671 2676 1726 Ambrosius
2699 1672 2757 1726 in
2781 1671 2927 1726 libro
2959 1673 3316 1729 Hexameron
3349 1679 3556 1746 quarto
3583 1675 3666 1730 ita

2023 1759 2162 1814 dicit
2181 1763 2321 1832 (cap.
2345 1761 2438 1829 6):
2483 1784 2508 1809 ‹‹
2537 1760 2685 1826 Quid
2720 1759 2876 1838 enim
2899 1765 2988 1816 est
3009 1778 3142 1817 caro
3167 1762 3294 1818 sine
3318 1763 3524 1818 animae
3555 1780 3664 1836 gu-

2023 1848 2358 1915 bernaculo,
2386 1849 2601 1903 mentis
2622 1849 2815 1921 vigore
2830 1849 2859 1904 ‘?
2880 1849 3022 1905 Caro
3044 1851 3214 1907 hodie
3236 1852 3512 1922 sumitur,
3535 1869 3665 1908 cras

2022 1936 2332 2009 deponitur
2364 1953 2375 1992 :
2410 1953 2543 1992 caro
2573 1937 2934 2009 temporalis,
2967 1938 3163 1995 anima
3193 1941 3506 1997 diuturna:
3532 1958 3666 1997 caro

2024 2025 2275 2081 amictus
2298 2030 2386 2080 est
2408 2025 2636 2093 animae,
2661 2043 2788 2098 quae
2811 2043 2872 2082 se
2902 2026 3094 2083 induit
3122 2029 3376 2100 quodam
3406 2030 3666 2103 corporis

2021 2114 2388 2169 vestimento.
2413 2114 2538 2169 Non
2569 2114 2752 2186 igitur
2780 2119 2843 2170 tu
2872 2117 3288 2172 vestimentum
3319 2135 3400 2186 es,
3434 2120 3535 2175 sed
3567 2118 3667 2191 qui

2021 2203 2368 2258 vestimento
2390 2203 2644 2258 uteris.»
2678 2204 2822 2258 Item
2855 2204 2978 2276 ipse
3009 2205 3068 2258 in
3100 2205 3359 2278 Epistola
3390 2208 3461 2262 ad
3494 2207 3670 2262 Oron-

2024 2292 2250 2346 tianum
2283 2294 2464 2363 (epist.
2489 2293 2580 2358 31)
2611 2309 2624 2346 :
2659 2313 2686 2340 «
2719 2292 3092 2365 Unaquzeque
3122 2295 3338 2363 anima,
3371 2295 3576 2351 videns
3607 2311 3669 2352 se

2026 2397 2300 2452 corporeo
2320 2381 2432 2435 isto
2453 2380 2712 2436 clausam
2735 2381 3196 2454 gurgustio,quae
3217 2387 3413 2438 tamen
3429 2387 3670 2441 terrenas

2026 2471 2205 2542 hujus
2236 2469 2614 2524 habitationis
2641 2469 2931 2525 consortio
2960 2487 3077 2526 non
3107 2472 3490 2544 degenerarit,
3509 2473 3669 2547 inge-

2028 2558 2223 2613 miscit
2253 2561 2490 2630 gravata
2537 2558 2795 2630 corporis
2846 2558 3025 2630 hujus
3073 2561 3500 2634 conjunctione,
3533 2563 3674 2635 quia

2028 2645 2400 2717 corruptibilc
2430 2662 2642 2718 corpus
2673 2652 2873 2718 gravat
2902 2647 3180 2718 animam,
3204 2654 3261 2705 et
3282 2650 3525 2706 inclinat
3553 2657 3673 2708 ter-

2030 2753 2234 2791 renum
2268 2733 2670 2790 habitaculum
2703 2741 2958 2792 mentem
2991 2737 3308 2794 multarum
3363 2741 3672 2813 cogitatio-

2028 2843 2193 2880 num.
2223 2847 2248 2872 »
2272 2824 2414 2878 Ecce
2445 2823 2637 2894 qualis
2663 2829 2719 2878 et
2750 2831 3006 2895 quantus
3037 2826 3125 2882 vir
3153 2828 3435 2884 amictum
3463 2819 3671 2884 animae

2029 2930 2240 2986 corpus
2278 2912 2563 2979 nominat,
2595 2918 2654 2967 et
2700 2913 2852 2969 intra
2899 2931 3111 2986 corpus
3159 2918 3328 2989 quasi
3377 2919 3673 2990 quoddam

2029 3002 2403 3075 gurgustium
2437 3000 2698 3057 clausam
2731 3006 3261 3061 asseverat.Beatus
3284 3023 3455 3079 porro
3484 3009 3676 3081 Augu-

2032 3091 2244 3156 stinus,
2268 3090 2354 3145 vir
2377 3089 2753 3146 cautissimus
2778 3096 2952 3164 atque
2973 3092 3417 3163 disertissimus,
3442 3096 3501 3151 in
3526 3096 3674 3153 libro

2033 3181 2104 3235 de
2125 3180 2456 3244 Quantitate
2474 3180 2682 3235 animae
2704 3180 3100 3237 deﬁnitionem
3123 3185 3249 3254 ejus
3272 3183 3524 3241 mirabili
3554 3187 3677 3242 bre-

274 3255 506 3347 petuas,
529 3273 615 3330 vel
639 3255 718 3330 ad
751 3273 996 3347 gloriam
1028 3275 1377 3331 transfertur
1401 3255 1699 3333 aeternam.
1734 3255 1806 3333 In
1828 3278 1920 3334 his

2032 3269 2209 3324 vitate
2237 3272 2294 3322 et
2323 3267 2560 3323 veritate
2589 3269 2893 3341 expressit,
2919 3271 3118 3327 dicens
3139 3277 3279 3346 (cap.
3308 3275 3394 3343 13)
3418 3292 3431 3330 :
3469 3299 3494 3325 ‹‹
3528 3276 3676 3332 Nam

276 3379 554 3435 namque,
569 3363 677 3419 etsi
702 3381 815 3419 non
839 3381 1049 3436 corpus
1072 3365 1226 3436 quod
1250 3382 1366 3420 non
1386 3370 1476 3421 est
1497 3367 1624 3438 ipsa
1645 3367 1924 3435 cernitur,

275 3458 476 3509 tamen
503 3452 949 3509 similitudinem
981 3470 1318 3525 corpoream
1350 3454 1563 3511 habere
1592 3457 1870 3513 creditur.

934 3543 1168 3599 CAPUT
1207 3544 1276 3599 II.

446 3633 635 3689 Utrum
663 3634 852 3688 anima
879 3633 1125 3688 localiter
1153 3639 1400 3688 teneatur
1430 3635 1488 3689 in
1519 3651 1758 3708 corpore.

353 3721 692 3778 Secundum
724 3719 1052 3793 capitulum
1084 3721 1424 3778 estzUtrum
1456 3722 1721 3779 localiter
1742 3729 1932 3780 tenea-

278 3815 380 3866 tur
399 3809 458 3865 in
489 3827 747 3883 corpore.
781 3809 1045 3865 Dicimus
1074 3810 1333 3881 quidem,
1358 3815 1416 3867 et
1439 3813 1688 3868 ﬁrmiter
1717 3814 1930 3870 retine-

282 3898 807 3972 mus,utsuperiori
828 3898 1083 3970 capitulo
1105 3899 1801 3972 respondimus,animam
1815 3919 1931 3958 non

280 4003 416 4045 esse
444 4004 656 4060 corpus
684 3989 785 4043 sed
816 3986 1114 4060 spiritum,
1137 3993 1195 4043 et
1214 3988 1487 4060 spiritum
1511 4007 1626 4046 non
1649 3990 1929 4059 localiter,

284 4083 354 4133 ut
372 4077 555 4133 moris
573 4081 661 4132 est
680 4075 1044 4149 corporibus,
1067 4077 1464 4147 determinari,
1491 4083 1554 4134 ut
1571 4078 1709 4135 alibi
1723 4081 1930 4152 major,

283 4166 426 4224 alibi
459 4166 536 4223 sit
566 4165 776 4222 minor.
806 4167 879 4221 At
907 4183 1038 4221 vero
1083 4166 1364 4234 animam,
1396 4183 1530 4224 cum
1563 4168 1641 4224 sit
1669 4167 1934 4241 spiritus,

283 4273 526 4328 corpore
552 4255 838 4312 contineri
888 4255 1140 4311 mirabili
1192 4261 1366 4329 atque
1413 4257 1692 4314 ineffabili
1739 4260 1933 4328 modo,

285 4345 725 4418 Scripturarum
782 4343 1050 4400 novimus
1108 4346 1452 4402 auctoritate
1511 4363 1830 4404 sacrarum.
1869 4347 1938 4404 Ut

285 4438 379 4490 est
407 4434 468 4490 in
497 4434 606 4490 Job
638 4451 652 4490 :
685 4434 815 4490 Ecce
861 4435 957 4505 qui
998 4435 1246 4489 serviunt
1289 4436 1342 4490 ei
1383 4451 1495 4490 non
1535 4444 1665 4492 sunt
1692 4437 1934 4504 stabiles,

284 4533 340 4581 et
359 4525 428 4582 in
457 4524 665 4596 angelis
692 4525 810 4579 suis
839 4525 1040 4595 reperit
1063 4526 1409 4596 pravitatem.
1435 4529 1655 4597 Quanto
1683 4527 1860 4597 magis
1880 4525 1942 4581 hi

2035 3357 2180 3414 mihi
2221 3358 2450 3412 videtur
2497 3374 2645 3427 esse,
2697 3359 3050 3415 subauditur
3096 3361 3313 3432 anima,
3348 3365 3680 3422 substantia

2037 3447 2302 3520 quaedam
2326 3446 2566 3502 rationis
2583 3448 2894 3520 particeps,
2920 3451 3170 3521 regendo
3201 3452 3428 3524 corpori
3459 3471 3681 3511 accom-

2039 3539 2292 3592 modata.
2313 3559 2338 3585 »
2368 3537 2437 3591 Et
2466 3539 2598 3609 post
2626 3554 2742 3592 non
2775 3537 2961 3593 multa
2994 3539 3131 3612 (cap.
3154 3541 3242 3610 14)
3275 3558 3288 3597 :
3324 3566 3352 3592 «
3385 3543 3533 3608 Quid
3566 3544 3672 3599 mi-

2038 3644 2192 3693 rum,
2229 3625 2276 3681 si
2309 3625 2506 3682 anima
2550 3643 2737 3698 neque
2782 3644 3055 3699 corporea
3085 3629 3180 3695 sit,
3214 3647 3404 3702 neque
3434 3630 3554 3688 ulla
3579 3637 3683 3688 aut

2037 3716 2404 3788 longitudine
2435 3720 2718 3786 porrecta,
2744 3719 2845 3771 aut
2876 3716 3182 3774 latitudine
3214 3719 3446 3790 diffusa,
3467 3727 3568 3778 aut
3599 3723 3682 3780 a1-

2038 3804 2289 3860 titudine
2309 3804 2575 3871 solidata,
2592 3807 2647 3858 et
2669 3809 2864 3860 tamen
2885 3809 3114 3861 tantum
3131 3805 3320 3863 valeat
3340 3809 3396 3863 in
3422 3827 3681 3883 corpore,

2043 3899 2108 3950 ut
2141 3911 2316 3967 penes
2347 3909 2476 3947 eam
2509 3892 2765 3965 regimen
2794 3891 2870 3948 sit
2894 3894 3160 3950 omnium
3192 3897 3684 3968 membrorum,et

2042 3982 2210 4056 quasi
2240 3982 2412 4037 cardo
2443 3981 2684 4054 quidam
2707 3982 2762 4036 in
2789 3985 3013 4054 agendo
3045 3989 3389 4043 cunctarum
3422 4006 3684 4063 corpora-

2042 4072 2188 4128 lium
2209 4071 2612 4127 motionum?»
2629 4071 2910 4144 Superius
2930 4089 3122 4144 porro,
3148 4092 3283 4130 cum
3306 4077 3480 4134 sciret
3499 4079 3686 4137 Deum

2044 4161 2241 4218 omnia
2256 4161 2314 4216 in
2330 4163 2670 4215 mensuraet
2683 4178 2926 4217 numero
2947 4165 3004 4217 et
3025 4164 3278 4235 pondere
3300 4166 3683 4240 disposuisse,

2045 4252 2300 4324 spatium
2331 4251 2480 4322 ejus,
2511 4251 2664 4322 quod
2715 4251 2862 4306 Deus
2890 4268 3067 4324 penes
3098 4269 3160 4309 se
3190 4259 3394 4312 notum
3425 4256 3619 4330 habet,
3655 4277 3690 4318 a

2045 4340 2328 4414 corporali
2361 4340 2647 4408 distinxit,
2671 4357 2804 4395 cum
2829 4340 2910 4396 ait
2930 4342 3153 4412 (ibid):
3190 4368 3217 4394 ‹‹
3251 4345 3398 4401 Nam
3432 4349 3689 4420 profecto

2047 4431 2326 4503 quoniam
2349 4446 2559 4501 corpus
2583 4447 2696 4483 non
2719 4434 2806 4484 est
2825 4431 3038 4503 (neque
3076 4431 3232 4488 enim
3273 4433 3441 4492 aliter
3472 4435 3531 4494 in
3563 4455 3690 4495 cor-

2047 4536 2185 4592 pore
2218 4519 2338 4574 ulla
2367 4535 2599 4575 cernere
2629 4517 2861 4588 valeret,
2887 4524 2952 4575 ut
2981 4521 3246 4594 superior
3275 4523 3420 4582 ratio
3450 4527 3688 4585 demon-

287 4615 389 4688 qui
417 4613 666 4670 habitant
683 4612 866 4669 domos
898 4613 1088 4683 luteas,
1124 4615 1220 4686 qui
1266 4621 1541 4670 terrenum
1583 4615 1780 4670 habent
1807 4616 1941 4687 furi-
1972 4630 2018 4695 D
2050 4609 2318 4679 strabat),
2343 4607 2543 4680 procul
2581 4608 2758 4664 dubio
2781 4613 2938 4665 caret
2959 4612 3146 4683 spatio
3169 4629 3284 4686 quo
3305 4630 3548 4688 corpora
3571 4635 3689 4673 me-

289 4704 632 4772 dameatum,
663 4709 1051 4758 cousumentur
1094 4703 1241 4758 velut
1289 4721 1322 4757 a
1352 4704 1544 4759 tinea?
1575 4704 1689 4777 (Job
1719 4721 1793 4771 ιγ,
1827 4703 1940 4777 l8.)

287 4794 556 4865 Itemque
585 4791 644 4847 in
674 4791 934 4848 oratione
958 4791 1092 4847 Elite
1127 4809 1141 4848 :
1171 4792 1396 4848 Domine
1440 4797 1606 4862 Deus,
1640 4801 1942 4850 revertatur

284 4899 386 4943 oro
414 4883 603 4937 anima
627 4883 793 4954 pueri
829 4881 993 4953 hujus
1042 4883 1103 4937 in
1135 4883 1344 4937 viscera
1371 4883 1491 4954 ejus
1521 4885 1620 4951 (ΙΙΙ
1646 4884 1770 4955 Reg.
1803 4901 1939 4951 xvu,

281 4973 427 5041 21);
459 4971 518 5026 et
545 4975 678 5044 post
708 4969 1013 5043 paululum
1049 4987 1061 5026 :
1097 4971 1161 5027 Et
1189 4987 1405 5028 reversa
1433 4980 1511 5028 est
1549 4973 1738 5028 anima
1781 4975 1944 5046 pueri

285 5065 445 5117 intra
470 5077 615 5116 eum.
641 5068 693 5117 et
721 5076 796 5116 re;
816 5062 942 5117 imit.
959 5059 1175 5116 Paulus
1206 5077 1439 5134 quoque
1465 5062 1536 5118 de
1566 5079 1628 5118 se
1657 5067 1714 5118 et
1744 5061 1943 5119 simili-

283 5151 407 5207 bus
437 5149 548 5205 sibi
580 5148 878 5222 loquitur:
910 5149 1013 5205 Sed
1043 5150 1167 5206 licet
1196 5152 1245 5206 is
1289 5153 1387 5224 qui
1441 5153 1579 5224 foris
1635 5159 1715 5208 est
1766 5159 1946 5207 uoster

279 5242 450 5296 homo
472 5241 863 5313 corrumpitur,
893 5247 1073 5296 tamen
1102 5241 1151 5295 is
1191 5241 1288 5313 qui
1330 5243 1479 5297 intus
1533 5249 1612 5298 est
1656 5248 1947 5298 renovatur

279 5331 358 5387 de
397 5329 488 5386 die
531 5331 588 5385 in
641 5329 786 5386 diem
815 5329 894 5402 (II
926 5329 1046 5386 Cor.
1079 5347 1153 5399 ιν,
1189 5329 1297 5402 16).
1356 5332 1426 5386 Et
1483 5331 1622 5387 item
1659 5347 1671 5386 :
1731 5331 1943 5386 Scimus

279 5420 442 5476 enim
468 5420 728 5491 quoniam
762 5419 816 5474 si
861 5421 1132 5476 terrestris
1159 5418 1350 5476 domus
1377 5428 1564 5476 nostra
1592 5421 1755 5492 hujus
1785 5419 1943 5475 habi-

282 5509 520 5567 tationis
548 5508 897 5576 dissolvatur,
931 5508 1072 5581 quod
1099 5508 1522 5581 aediﬁcationem
1549 5526 1619 5567 ex
1646 5510 1751 5565 Deo
1781 5508 1942 5564 habe-

278 5615 439 5670 mus,
470 5599 690 5655 domum
715 5616 828 5656 non
856 5600 1246 5671 manafactam,
1297 5607 1562 5658 aeternam
1607 5602 1667 5655 in
1697 5598 1847 5654 caelis
1876 5597 1949 5671 (ΙΙ

286 5689 484 5761 Cor.v,
517 5689 578 5765 ι).
613 5688 874 5768 Itemque
907 5706 920 5749 :
952 5689 1090 5748 Nam
1138 5697 1191 5750 et
1244 5693 1342 5768 qui
1394 5706 1580 5750 sumus
1637 5691 1698 5747 in
1741 5689 1844 5747 hoc
1871 5694 1946 5746 ta-

2049 4699 2359 4768 tiuntur,et
2378 4697 2485 4752 hoc
2508 4702 2658 4753 recte
2680 4697 2858 4770 credi,
2892 4705 2993 4755 aut
3022 4702 3286 4774 cogitari,
3311 4710 3412 4759 aut
3444 4705 3692 4779 intelligi

2050 4789 2186 4845 talis
2216 4789 2345 4860 ejus
2376 4787 2675 4860 quantitas
2708 4805 2822 4843 non
2853 4793 3100 4861 potest.»
3119 4793 3298 4856 Quem
3322 4809 3560 4848 sensum
3579 4793 3694 4865 ple-

2050 4879 2185 4933 nius
2209 4877 2268 4932 in
2301 4877 2448 4932 libro
2490 4881 2648 4933 sexto
2679 4877 2750 4932 de
2782 4877 3065 4933 Trinitate
3094 4878 3279 4934 isdem
3315 4880 3692 4938 doctissimus

2050 4968 2138 5023 vir
2184 4965 2368 5022 multo
2423 4966 2793 5022 manifestius
2845 4967 3070 5036 excolit,
3121 4967 3365 5023 dicendo
3415 4973 3552 5042 (cap.
3586 4971 3688 5044 6):

2053 5081 2080 5108 ‹‹
2114 5057 2247 5112 Ideo
2292 5055 2615 5128 simplicior
2667 5060 2755 5112 est
2810 5073 3065 5128 corpore,
3100 5057 3451 5114 subauditur
3475 5061 3692 5133 anima,

2053 5147 2192 5219 quia
2222 5163 2338 5200 non
2370 5144 2522 5201 mole
2553 5144 2903 5200 dilI‘unditur
2934 5161 3036 5217 per
3060 5145 3314 5218 spatium
3349 5146 3478 5214 loci,
3500 5149 3601 5204 sed
3634 5149 3693 5205 in

2055 5251 2408 5308 unoquoque
2433 5250 2670 5306 corpore
2688 5237 2746 5288 et
2767 5234 2824 5288 in
2848 5237 2966 5289 toto
2988 5237 3110 5290 tota
3128 5238 3234 5304 est,
3259 5240 3317 5291 et
3347 5236 3404 5292 in
3437 5237 3696 5309 qualibet

2053 5327 2182 5398 ejus
2204 5329 2366 5398 parte
2388 5327 2506 5379 tota
2527 5327 2634 5378 est.
2661 5323 2730 5377 Et
2749 5323 2876 5378 ideo
2899 5339 3033 5378 cum
3058 5323 3122 5378 ﬁt
3142 5322 3364 5396 aliquid
3401 5325 3459 5381 in
3492 5326 3696 5399 quavis

2052 5415 2260 5488 exigua
2316 5412 2603 5488 particula
2649 5411 2928 5484 corporis,
2989 5413 3143 5485 quod
3204 5414 3420 5470 sentiat
3476 5415 3693 5487 anima,

2053 5504 2320 5577 quamvis
2378 5521 2491 5558 non
2537 5502 2637 5557 ﬁat
2684 5501 2743 5556 in
2774 5505 2895 5557 toto
2935 5518 3192 5574 corpore,
3225 5501 3326 5558 illa
3354 5508 3547 5562 tamen
3575 5510 3699 5566 tota
3757 5519 3762 5523 ’

2055 5594 2252 5662 sentit,
2279 5593 2418 5666 quia
2447 5596 2629 5647 totam
2658 5608 2774 5647 non
2804 5590 3005 5646 latet.»
3030 5591 3170 5647 Item
3204 5592 3327 5666 ipse
3357 5593 3417 5650 in
3448 5595 3596 5654 libro
3628 5599 3699 5655 de

2054 5683 2294 5744 Civitate
2316 5681 2418 5744 Dei
2454 5681 2734 5760 vigesimo
2757 5681 2945 5760 primo
2969 5684 3108 5760 (cap.
3128 5682 3181 5757 3)
3208 5699 3220 5740 :
3264 5706 3285 5734 α
3319 5684 3514 5746 Prima
3539 5704 3700 5749 mors
