4204 6464
258 385 375 446 937

1362 392 1462 450 DE
1510 390 1849 449 l)IVEltSA
1897 390 2173 449 ANlM/F.
2220 393 2579 453 llA'l‘lthE.

3557 402 3676 461 938

273 535 409 574 cum
440 520 709 576 alicunde
741 522 1087 593 digreditur,
1122 527 1177 577 et
1207 523 1319 577 alio
1353 528 1691 595 perventum
1725 524 1916 588 fuerit,
1947 525 1997 589 A
2029 524 2159 577 Jam
2177 525 2411 595 quidem
2432 527 2488 579 in
2518 529 2918 598 superioribus
2940 532 3082 585 satis
3105 538 3487 605 superquc,ut
3512 540 3679 606 puta-

265 612 462 662 utrum
489 608 747 663 animam
774 627 832 663 se
855 615 1217 681 vegrtantem
1242 616 1298 665 et.
1322 611 1914 683 viviﬁcantemaliquo

272 697 591 768 reliquerit,
612 697 736 752 sine
769 700 1040 769 cu,jus,ut
1074 700 1292 754 dictum
1322 704 1428 761 est,
1456 701 1762 771 praesentia
1792 718 1912 754 nio-

255 786 404 840 verit
425 802 636 857 corpus
664 787 1012 858 nequiverit.
1040 790 1223 853 Quam
1256 788 1759 859 circumscriptam
1789 807 1915 843 esse

261 875 603 930 auctoritate
640 877 872 931 Patrum
900 882 1148 944 constat,
1181 876 1334 931 sicut
1367 883 1423 932 et
1453 879 1747 950 angeliros
1790 879 1911 949 spi-

262 964 432 1019 ritus.
466 964 570 1028 Qui
606 965 809 1035 utique
841 967 1082 1037 majoris
1114 984 1271 1035 nunc
1318 972 1455 1021 sunt
1503 967 1824 1038 dignitatis,
1860 971 1916 1021 et

262 1054 464 1109 crebro
513 1055 583 1108 ad
633 1053 962 1110 ministeria
1010 1056 1326 1111 mittuntur
1374 1056 1651 1121 humana,
1687 1056 1914 1110 dicente

264 1142 441 1198 Paulo
475 1159 488 1197 :
522 1144 710 1199 Nonne
739 1160 920 1200 omnes
949 1154 1076 1200 sunt
1103 1146 1569 1200 adininistriitorii
1596 1147 1823 1216 spiritus
1856 1148 1911 1200 in

259 1234 639 1287 nu'nisterinm
666 1236 824 1287 missi
840 1243 1055 1305 propter
1073 1253 1157 1287 eos
1178 1237 1273 1305 qui
1293 1236 1660 1289 hsrrrdetatem
1692 1238 1916 1305 mpiunt

260 1323 498 1378 salutis?
527 1323 706 1395 (Hebr.
742 1325 907 1393 1,15.)
935 1324 1094 1378 Unde
1120 1329 1173 1376 et
1198 1326 1401 1377 innatus
1436 1342 1584 1396 papa
1604 1325 1914 1391 Gregorius

263 1412 322 1465 in
357 1410 503 1466 libro
550 1413 808 1467 secundo
858 1412 1164 1467 Moralium
1216 1414 1296 1467 ita
1329 1413 1469 1466 dicit
1504 1416 1641 1485 (cup.
1667 1416 1718 1485 2)
1748 1430 1757 1466 :
1789 1407 1912 1467 «'In

261 1501 374 1557 hoc
396 1502 591 1573 itaque
612 1505 877 1557 estnunc
899 1507 1107 1559 natura
1126 1504 1385 1577 angelica
1405 1523 1437 1559 a
1461 1507 1679 1559 naturm
1704 1509 1912 1559 nostra:

263 1591 594 1648 conditione
625 1592 1093 1666 distincta,quod
1129 1613 1232 1651 nos
1254 1600 1309 1649 et
1334 1596 1455 1647 loco
1489 1594 1912 1648 circumscribi-

263 1699 417 1752 mur,
434 1686 490 1736 et
512 1682 641 1737 croci
654 1683 787 1737 tatis
810 1683 1139 1755 ignorantia
1156 1688 1548 1750 coarctamur;
1573 1683 1911 1752 angelorum

260 1787 398 1825 vero
428 1770 667 1842 spiritus
702 1771 825 1827 loco
855 1773 1092 1843 quidem
1141 1772 1566 1842 circumsm-ipti
1618 1776 1774 1833 sunt,
1812 1772 1910 1825 sed

264 1863 460 1914 tamen
486 1877 687 1915 eorum
717 1861 959 1916 scientia
977 1861 1145 1933 longe
1169 1879 1344 1933 super
1364 1880 1469 1915 nos
1494 1861 1916 1931 inromparabi-
1943 1900 1989 1962 Β

263 1948 397 2005 liter
417 1949 749 2005 dilatatur.»
775 1950 889 2005 Nec
908 1950 1245 2023 ignoramus
1270 1953 1503 2006 beatum
1523 1949 1912 2021 Augustinum

262 2039 625 2109 quibusdam
657 2041 1265 2109 argumentationibus
1297 2042 1367 2095 ad
1403 2041 1509 2095 hoc
1544 2058 1686 2111 pene
1718 2057 1912 2110 perve-

261 2125 445 2189 nisse,
481 2130 542 2179 ut
572 2126 789 2181 diceret
841 2127 1069 2182 animas
1120 2128 1328 2181 moveri
1385 2135 1659 2198 tompi'i're,
1693 2133 1750 2181 et,
1800 2142 1909 2180 non

262 2214 412 2269 loco.
449 2216 519 2269 At
552 2233 704 2279 vero,
740 2220 804 2270 ut
854 2217 1020 2271 nobis
1059 2217 1697 2281 videtur,considerans
1730 2216 1914 2269 multa

263 2304 377 2359 sibi
410 2304 581 2375 objici
616 2323 805 2376 posse,
823 2325 947 2377 qum
978 2306 1068 2359 isti
1098 2306 1430 2361 viderentur
1459 2307 1761 2361 sentculizn
1785 2324 1916 2357 con-

264 2394 460 2461 traire,
487 2406 774 2451 more'suo
810 2396 965 2469 quod
999 2414 1256 2451 asserere
1286 2397 1447 2451 visus
1477 2401 1583 2464 est,
1619 2396 1914 2450 moderate

262 2483 493 2539 studuit
520 2485 1119 2556 temperare,dicendo
1142 2485 1201 2539 in
1223 2485 1371 2539 libro
1395 2486 1463 2541 de
1482 2485 1687 2540 Genesi
1714 2489 1912 2539 octavo

261 2575 408 2644 (cap.
430 2576 523 2641 22)
548 2590 560 2628 :
587 2596 613 2623 ‹‹
640 2573 712 2628 Ut
750 2573 959 2641 dicere,
988 2573 1198 2645 inquit,
1220 2574 1590 2645 cmperam,si
1626 2574 1695 2627 de
1719 2573 1916 2627 anima

266 2662 515 2733 quisque
542 2661 649 2716 hoc
681 2679 797 2717 non
828 2662 951 2717 vult
981 2663 1232 2730 credere,
1258 2680 1370 2717 non
1407 2662 1583 2717 nimis
1617 2664 1913 2733 urgendus

265 2755 416 2806 est.»
448 2750 623 2806 Porro
655 2755 850 2807 autem
885 2751 1021 2824 quid
1050 2751 1248 2807 anima
1269 2752 1326 2805 in
1353 2752 1623 2806 sensibus
1648 2756 1915 2823 operetur

264 2839 548 2912 corporis,
582 2844 637 2894 et
667 2840 807 2912 quia
838 2840 987 2895 inter
1036 2845 1239 2895 castora
1271 2840 1444 2895 etiam
1472 2844 1630 2895 motu
1669 2840 1912 2895 delecte-

266 2933 386 2993 tur,
420 2929 573 2984 idem
604 2930 809 2984 beatus
844 2930 1208 3001 Augustinus
1238 2933 1548 2984 attestatur
1580 2930 1638 2983 in
1666 2929 1812 2985 libro
1844 2930 1914 2984 de

263 3017 598 3083 Quantitate
622 3018 829 3072 animm
862 3019 1002 3090 (cap.
1045 3020 1133 3090 33)
1169 3036 1181 3072 :
1217 3042 1242 3068 ‹‹
1266 3020 1431 3073 Nunc
1460 3021 1611 3091 quod
1649 3020 1912 3074 institue-

262 3124 395 3163 ram
428 3107 683 3175 intende,
716 3124 843 3179 qum
875 3107 924 3161 si
955 3108 1041 3161 vis
1074 3107 1278 3162 anima:
1313 3109 1369 3162 in
1420 3109 1712 3174 sensibus,
1743 3113 1916 3180 atque

259 3197 326 3251 in
347 3196 474 3268 ipso
497 3200 660 3252 metu
682 3197 1097 3253 manifestioris
1118 3197 1457 3261 animantis,
1476 3215 1727 3269 quorum
1748 3198 1915 3251 nobis

2027 614 2258 679 Lamus,
2292 620 2591 670 ostensum
2625 620 2731 679 est,
2765 634 2868 670 nec
2916 618 3098 673 Deum
3144 638 3270 675 esse
3304 640 3669 695 corporeum,

2025 720 2211 771 neque
2247 704 2567 775 angelicam
2601 705 2963 775 dignitatem,
2999 709 3100 762 sed
3135 728 3237 763 nec
3278 712 3671 768 hun'lanal‘um

2026 791 2416 845 substantiam
2436 794 2762 848 animarum
2785 813 2795 848 :
2818 796 3068 850 maxime
3083 814 3214 851 eum
3232 798 3409 854 Filius
3425 801 3521 855 Dei
3547 803 3673 873 ipse

2028 881 2177 933 linus
2211 881 2365 933 dicat
2394 883 2465 935 de
2497 883 2609 935 Deo
2640 888 2694 935 et
2730 885 2891 939 Patre
2924 902 2989 939 ac
3021 886 3239 956 Spiritu
3267 893 3466 942 saneto
3499 907 3512 943 :
3546 890 3669 962 Spi-

2025 971 2163 1023 ritus
2192 978 2268 1024 cst
2300 972 2457 1037 Dens,
2491 981 2540 1026 et
2568 990 2652 1025 eos
2683 976 2780 1043 qui
2826 975 3057 1029 tulerunt
3087 993 3230 1043 eum,
3265 979 3325 1031 in.
3369 980 3571 1049 spiritu
3620 989 3671 1035 et

2022 1061 2248 1113 veritate
2278 1066 2485 1130 oportet
2512 1062 2739 1117 mturare
2769 1064 2952 1133 (Joun.
2987 1082 3062 1133 ιν,
3101 1065 3209 1136 14),
3240 1065 3296 1120 id
3329 1070 3419 1122 est
3447 1084 3564 1122 non
3611 1068 3671 1122 in

2024 1147 2262 1219 templo,
2300 1166 2486 1219 neque
2517 1150 2572 1204 in
2610 1157 2823 1219 monte,
2857 1171 2982 1224 qua)
3014 1158 3154 1208 sunt
3184 1171 3444 1228 corpora,
3478 1157 3578 1211 sed
3612 1156 3670 1211 in

2024 1238 2229 1307 spiritu
2257 1242 2312 1291 rt
2350 1239 2679 1303 veritatmid
2716 1245 2803 1295 est
2832 1241 2885 1295 in
2923 1248 3208 1313 mento,et
3236 1263 3348 1298 non
3382 1244 3439 1299 in
3475 1244 3671 1317 aliqua

2024 1325 2461 1397 imaginatione,
2488 1345 2662 1399 quam
2698 1330 2807 1385 sibi
2843 1331 3139 1387 humanus
3171 1334 3403 1388 animus
3435 1335 3506 1389 de
3556 1335 3671 1389 Deo

2023 1414 2166 1466 solet
2199 1419 2723 1487 contingereQuod
2760 1424 2953 1474 autem
2989 1422 3172 1475 sancti
3207 1422 3396 1493 angeli
3428 1423 3671 1494 spiritus

2023 1504 2160 1569 sint,
2197 1510 2253 1558 et
2287 1524 2396 1559 non
2432 1523 2692 1577 corpora.
2729 1510 2982 1579 Spiritus
3014 1515 3254 1565 sanctus
3286 1529 3387 1583 per
3427 1512 3669 1568 Psalmi-

2024 1598 2173 1647 stam
2199 1592 2477 1665 loquitur,
2496 1597 2565 1648 de
2592 1596 2703 1661 Deo
2736 1598 2934 1652 dicens
2961 1615 2971 1651 :
2999 1600 3103 1665 Qui
3129 1601 3263 1670 facit
3293 1602 3516 1673 angelos
3544 1618 3670 1657 suos

2020 1685 2247 1753 spiritus
2280 1684 2445 1754 (Psal.
2481 1701 2598 1753 om,
2626 1685 2699 1755 4).
2723 1685 3004 1739 Videlicet
3035 1688 3350 1743 ostendens
3389 1688 3528 1760 quia
3547 1706 3665 1756 eos,

2023 1790 2169 1842 quos
2202 1773 2355 1825 Deus
2388 1772 2440 1825 in
2478 1773 2801 1827 ministerio
2824 1791 2929 1828 suo
2957 1792 3187 1847 semper
3207 1777 3447 1848 spiritus
3471 1776 3666 1844 habet,

2023 1861 2303 1916 mittendo
2335 1862 2574 1931 angelos
2602 1864 2656 1916 id
2691 1868 2779 1917 est
2808 1865 3048 1919 nuntios
3082 1866 3234 1921 facit.
3260 1868 3479 1922 Nomen
3511 1868 3668 1923 enim

2026 1948 2362 2018 angtgzlorum
2397 1950 2654 2004 ot'ticium
2689 1954 2796 2018 est,
2828 1969 2941 2005 non
2976 1957 3206 2008 natura.
3240 1955 3351 2009 Sed
3384 1960 3442 2010 et
3467 1955 3672 2011 huma-

2025 2052 2233 2090 narum
2268 2038 2597 2093 animarum
2631 2040 3019 2095 substantiam
3045 2059 3158 2096 non
3182 2059 3310 2098 esse
3330 2045 3669 2115 corpus,sed

2025 2126 2321 2196 spiritum,
2346 2131 2591 2180 i0.~‘itltt]l‘
2614 2128 2827 2182 Paulus
2859 2130 2955 2201 qui
2982 2130 3155 2185 dicit:
3183 2132 3314 2198 Quis
3332 2134 3484 2186 enim
3504 2134 3676 2187 homi-

2022 2232 2156 2268 num
2184 2219 2281 2268 srit
2314 2233 2437 2286 qum
2462 2226 2587 2271 sunt
2620 2220 2876 2281 leoninis,
2908 2222 3022 2272 nisi
3052 2222 3276 2289 xlii/ritus
3308 2223 3549 2275 hominis
3581 2222 3678 2292 qui

2026 2304 2079 2353 in
2117 2303 2230 2372 ipso
2261 2308 2378 2355 est."
2410 2304 2459 2371 (Ι
2486 2307 2605 2356 Cor.
2640 2322 2700 2367 ιι,
2736 2306 2844 2375 il.)
2874 2308 3071 2375 Itaque
3097 2312 3154 2359 et
3184 2307 3460 2374 Deum,ct
3498 2324 3674 2380 ange-

2025 2390 2211 2445 lorum
2239 2390 2688 2463 animarumque
2718 2392 3112 2449 humanarum
3136 2396 3674 2467 substantiam,non

2023 2497 2235 2551 corpus
2266 2480 2538 2547 dicimus,
2572 2482 2669 2535 sed
2700 2482 2994 2553 spiritum.
3028 2484 3137 2538 Sed
3172 2484 3454 2556 Spiritum
3486 2486 3671 2541 Deum

2022 2574 2299 2641 tanquam
2317 2574 2643 2625 Creatorem
2668 2587 2681 2625 :
2703 2571 2940 2642 angelos
2964 2577 3159 2627 autem
3184 2579 3241 2629 et
3258 2573 3485 2631 animas
3498 2574 3669 2648 spiri-

2025 2663 2118 2712 tus
2140 2658 2396 2729 quidem,
2423 2660 2521 2714 sed
2558 2663 2836 2731 tanquam
2859 2678 2892 2714 a
2923 2660 3037 2715 Deo
3056 2663 3426 2718 creatos.Sed
3460 2664 3667 2719 merito

2026 2753 2213 2801 movet
2236 2750 2527 2819 quomodo
2558 2748 2759 2803 beatus
2788 2750 2998 2804 Paulus
3020 2751 3319 2821 apostolus
3340 2753 3525 2807 Deum
3548 2752 3669 2807 lau-

2025 2837 2599 2904 dans,immortalem
2624 2842 2678 2891 et
2699 2837 3048 2893 invisibilem
3091 2839 3282 2894 solum
3314 2845 3494 2896 Deum
3525 2840 3670 2895 dicit

2023 2942 2157 2980 cum
2187 2926 2302 2980 ait:
2332 2927 2460 2995 Regi
2478 2934 2657 2981 autem
2676 2928 3005 2982 secutorum
3028 2929 3345 2994 immortali,
3370 2931 3665 2996 invisibili,

2021 3018 2127 3071 soli
2154 3017 2257 3069 Deo
2289 2998 2531 3071 honoret
2558 3016 2737 3085 gloria
2767 3018 2827 3071 in
2856 3019 3063 3071 smcula
3105 3018 3457 3085 smculorum,
3500 3020 3669 3074 Amen

2023 3107 2071 3173 (Ι
2093 3108 2226 3159 Tim.
2256 3123 2293 3172 Ι,
2332 3105 2438 3176 17),
2471 3122 2605 3159 cum
2638 3110 2861 3161 constet
2907 3111 2963 3161 et
3006 3106 3244 3178 angelos
3283 3106 3683 3174 immortales,

2024 3194 2367 3265 animasque
2402 3195 2707 3263 humanas,
2729 3200 2906 3266 atque
2930 3195 3271 3264 invisibiles,
3288 3199 3575 3269 quantum
3597 3197 3669 3251 ad

262 3303 403 3341 cum
434 3284 524 3340 his
556 3303 682 3357 qua}
723 3286 1019 3342 radicibus
1064 3288 1177 3341 fixa
1208 3292 1347 3341 sunt
1377 3287 1539 3341 nulla
1567 3291 1759 3359 potest
1786 3304 1912 3341 esse
1943 3269 1985 3333 C
2025 3289 2293 3337 naturam
2327 3288 2569 3352 spectat,
2603 3283 2887 3338 conditas.
2923 3284 3183 3355 Itemque
3224 3285 3283 3339 in
3315 3286 3518 3341 eadem
3544 3285 3670 3358 epi-

262 3374 625 3430 communio.
642 3374 895 3429 Intendit
913 3391 973 3430 se
996 3374 1194 3429 anima
1213 3375 1272 3429 in
1295 3380 1603 3443 tactum,et
1621 3393 1684 3431 eo
1707 3375 1913 3441 calida,

263 3461 497 3534 frigida,
531 3480 757 3535 aspera,
791 3463 967 3531 lenia,
1020 3465 1185 3530 dura,
1237 3464 1456 3532 mollia,
1509 3464 1673 3532 levia,
1721 3465 1918 3535 gravia

265 3552 451 3619 sentit
480 3556 654 3624 atque
679 3552 974 3608 discernit.
1010 3553 1229 3608 Deinde
1262 3552 1721 3608 innumerabiles
1753 3553 1916 3608 diffe-

265 3640 489 3697 rentias
549 3658 846 3713 saporum,
899 3643 1165 3708 odorum,
1222 3660 1522 3708 sonorum,
1572 3644 1916 3709 formarum,

264 3731 586 3805 gustando,
616 3731 959 3800 olfaciendo,
985 3731 1294 3803 audiendo,
1308 3732 1675 3803 videndoque
1701 3730 1915 3801 dijudi-

264 3824 382 3876 cat.
400 3823 585 3892 Atque
617 3822 676 3876 in
707 3820 801 3877 his
835 3821 1112 3879 omnibus
1142 3839 1211 3879 ea
1241 3840 1367 3896 qtae
1400 3823 1724 3880 secundum
1757 3826 1920 3877 natu-

263 3926 397 3964 ram
420 3908 512 3963 sui
543 3910 801 3982 corporis
834 3914 972 3965 sunt
993 3911 1228 3966 asciscit
1259 3916 1432 3983 atque
1463 3912 1706 3983 appetit,
1732 3911 1919 3980 rejicit

262 3998 534 4071 fugitque
555 3998 864 4054 contraria.
881 4000 1157 4054 Removet
1181 4017 1241 4054 se
1265 4001 1335 4055 ab
1360 4000 1451 4054 his
1475 4001 1745 4055 sensibus
1764 4004 1917 4053 certo

262 4087 571 4143 intervallo
620 4092 972 4160 temporum,
1008 4092 1064 4144 et
1110 4106 1311 4144 eorum
1366 4092 1560 4143 motus
1612 4089 1776 4161 quasi
1819 4106 1920 4160 per

264 4178 560 4249 quasdam
581 4177 754 4233 ferias
775 4195 1071 4249 reparans,
1092 4177 1378 4250 imagines
1400 4196 1618 4249 rerum,
1641 4195 1788 4248 quas
1818 4194 1920 4249 per

263 4283 368 4321 eos
386 4265 808 4333 hausit,secum
835 4267 1173 4322 catervatim
1196 4271 1266 4322 et-
1283 4268 1685 4340 multipliciter
1707 4284 1790 4322 vel
1806 4270 1915 4322 sat.

264 4356 340 4411 Et
387 4354 494 4409 hoc
543 4358 731 4409 totum
782 4359 871 4411 est
910 4372 1153 4410 somnus
1184 4360 1242 4410 et
1271 4357 1516 4411 somnia.
1553 4358 1713 4427 Smpe
1743 4356 1917 4410 etiam

265 4443 576 4521 gestiendo
597 4461 663 4500 ac
684 4446 948 4517 vagando
970 4444 1246 4500 facilitate
1269 4450 1463 4500 motus
1498 4444 1837 4510 delectatur,
1865 4449 1922 4498 et

268 4534 402 4591 sine
433 4532 629 4589 labore
661 4535 893 4589 ordinat
942 4535 1339 4590 membrorum
1389 4535 1778 4589 concordiam.
1815 4535 1921 4589 Pro

2027 3372 2173 3427 stola
2206 3375 2276 3425 ad
2311 3372 2685 3426 Timotheum
2708 3376 2758 3441 (I
2784 3374 2916 3427 Tim.
2951 3391 3022 3439 v1,
3052 3375 3141 3443 15)
3169 3391 3181 3428 :
3214 3374 3381 3442 Quem
3397 3376 3515 3430 suis
3546 3383 3675 3430 tem-

2021 3463 2248 3532 poribus
2277 3462 2513 3516 ostendet
2562 3462 2743 3516 beatus
2788 3470 2837 3517 et
2885 3463 3032 3517 solus
3078 3472 3284 3533 potens,
3318 3465 3431 3519 Rex
3460 3480 3670 3535 regum,

2025 3560 2077 3605 et
2103 3552 2366 3603 Dominus
2397 3551 2932 3622 dominantium,qui
2958 3552 3106 3606 solus
3136 3551 3295 3607 habet
3343 3551 3673 3609 immortali-

2028 3646 2207 3708 tatem,
2240 3640 2414 3693 iurent
2443 3641 2696 3694 habitans
2726 3642 3490 3706 inureessibilem.Quomodo
3513 3640 3673 3696 enim

2028 3726 2187 3782 solus
2220 3728 2422 3790 beatus
2453 3728 2568 3798 ille,
2596 3746 2726 3783 cum
2754 3730 2981 3785 dicatur
3011 3735 3067 3784 ct
3100 3732 3294 3785 Beatus
3326 3732 3411 3785 vir
3438 3718 3536 3801 qui
3563 3746 3669 3785 non

2028 3821 2164 3874 abiit
2200 3820 2255 3874 iu
2282 3820 2512 3873 concilio
2546 3821 2841 3890 impiorum
2869 3820 3042 3886 (Psal.
3076 3836 3114 3886 ι,
3151 3820 3224 3888 1),
3248 3823 3355 3874 etc.
3399 3820 3505 3876 Et:
3533 3820 3672 3874 Bea-

2027 3920 2117 3964 tnr
2164 3922 2241 3963 est
2282 3913 2365 3964 rir
2409 3911 2503 3980 qui
2551 3912 2699 3963 timet
2749 3910 3041 3963 Dominum
3089 3910 3260 3980 (Psal.
3313 3926 3396 3977 III,
3447 3910 3519 3976 1).
3553 3909 3670 3964 Et:

2030 4001 2220 4053 [tentus
2254 4000 2347 4053 ille
2375 4014 2579 4067 serras,
2606 4014 2762 4068 quem
2792 4015 2913 4051 cum
2944 4000 3147 4053 venerit
3176 3997 3426 4053 dominus
3445 3998 3563 4069 ejus
3594 3998 3678 4052 in-

2028 4090 2233 4143 renerit
2278 4089 2631 4156 vigilantem?
2662 4087 2864 4156 (Matth.
2901 4105 3049 4154 XXIV,
3085 4088 3196 4159 46.)
3237 4088 3536 4153 Quomodo
3584 4103 3676 4143 so-

2028 4176 2121 4232 lus
2154 4181 2376 4248 potens,
2413 4177 2459 4231 si
2492 4179 2644 4231 Dcuti
2693 4180 2802 4231 viri
2847 4194 3028 4233 semen.
3072 4186 3262 4248 potens
3307 4178 3413 4232 erit
3443 4179 3499 4231 in
3534 4184 3680 4232 terra

2029 4268 2194 4337 (I’sal.
2231 4284 2311 4334 m,
2345 4266 2419 4337 2),
2474 4284 2648 4337 quam
2694 4265 3080 4337 intelligimus
3132 4265 3490 4344 viventium?
3528 4267 3680 4331 Quo-

2030 4357 2202 4421 modo
2234 4356 2395 4410 solus
2428 4355 2605 4409 habet
2636 4355 3159 4423 immortalitatem,
3194 4372 3329 4410 cum
3360 4372 3465 4410 nec
3490 4354 3682 4428 angeli

2031 4445 2177 4499 mori
2209 4444 2537 4515 possint,ct
2586 4444 2793 4498 anima}
2842 4444 3114 4499 humanae
3157 4443 3517 4500 immortales
3565 4444 3685 4500 sint

2031 4534 2278 4588 crratm‘?
2308 4533 2416 4587 Sed
2446 4533 2848 4605 intelligimus,
2874 4537 3160 4605 quantum
3193 4533 3429 4606 quidem
3463 4534 3533 4589 ad
3581 4550 3682 4588 na-

268 4620 643 4695 eopulatione
675 4641 846 4679 sexus
877 4623 999 4697 agit
1020 4624 1172 4695 quod
1198 4628 1408 4694 potest,
1425 4628 1598 4694 atque
1622 4623 1679 4676 in
1704 4623 1919 4695 duplici
1940 4645 2001 4707 q)
2038 4629 2227 4677 turam
2263 4623 2773 4694 substantiamque
2805 4640 3007 4678 earum
3052 4624 3279 4695 attinet,
3309 4623 3684 4679 inferiorum-

269 4715 488 4769 natura
520 4713 796 4769 societate
828 4718 1003 4785 atque
1034 4728 1231 4767 amore
1252 4713 1493 4767 molitur
1525 4730 1728 4765 unum.
1764 4713 1825 4766 In
1857 4713 1928 4767 fe-

274 4802 439 4858 tibus
470 4819 585 4856 non
635 4803 762 4873 jam
815 4802 1124 4875 gignendis
1157 4803 1585 4868 tantummmlo,
1620 4803 1716 4856 sed
1751 4802 1927 4855 etiam

273 4891 561 4961 fovendis,
594 4890 937 4963 alendisque
987 4891 1303 4963 conspirat.
1358 4892 1551 4945 Βρὴυε
1602 4891 1753 4944 inter
1783 4907 1929 4961 quas

273 4997 493 5053 corpus
524 4980 664 5053 agit,
698 4986 753 5036 et
783 4980 999 5053 quibus
1030 4998 1241 5053 corpus
1273 4984 1582 5046 sustentat,
1616 4985 1929 5035 consuetu-

272 5069 414 5126 dine
443 5087 571 5125 sese
602 5069 862 5137 innectit,
896 5074 954 5125 et
984 5070 1055 5125 ab
1103 5069 1187 5124 eis
1238 5071 1405 5141 quasi
1458 5070 1737 5142 Ult‘ln’ili'lS
1782 5085 1930 5141 mgre

274 5163 607 5231 separatur.
641 5182 669 5209 »

924 5284 1157 5340 CAPUT
1198 5285 1288 5375 I‘V.

359 5403 548 5459 Utrum
577 5405 754 5459 omnis
783 5410 1033 5485 creatura
1062 5418 1314 5473 corporea
1353 5405 1442 5467 sit,
1475 5410 1523 5456 et
1550 5402 1697 5455 solus
1727 5403 1864 5456 Deus

928 5490 1295 5544 incorporeus.

358 5611 641 5675 Quartum
676 5608 868 5665 locum
902 5612 1061 5665 tenet
1092 5607 1468 5681 percontatio,
1504 5612 1697 5661 utrum
1746 5607 1939 5662 omnis

284 5701 558 5757 creatura
604 5714 882 5773 corporea
913 5698 1008 5765 sit,
1035 5702 1091 5754 et
1120 5697 1281 5754 solus
1335 5698 1488 5754 Deus
1531 5697 1937 5770 incorporeus.

614 5828 882 5888 PATROL.
930 5825 1153 5888 CXXV.

2038 4730 2149 4784 que
2184 4718 2578 4767 creaturarum
2605 4730 2730 4784 quae
2763 4718 2903 4767 sunt
2934 4713 3135 4785 utique
3157 4711 3607 4785 corporales,eas
3628 4715 3685 4765 et

2038 4801 2357 4856 invisibiles
2386 4806 2559 4873 atan
2592 4802 2903 4875 sapientes,
2934 4819 3156 4857 necnon
3179 4806 3233 4856 et
3256 4802 3455 4857 beatas
3484 4804 3541 4855 et
3581 4816 3681 4871 po-

2040 4897 2227 4945 tentes
2278 4895 2333 4945 et
2379 4891 2742 4947 immortales
2791 4908 3033 4946 munere
3084 4890 3409 4945 Creatoris:
3446 4887 3686 4943 collatas

2041 4984 2230 5035 tamen
2257 4982 2528 5045 Creatori,
2551 4984 2782 5052 propter
2813 4979 3187 5035 excellentem
3220 4977 3685 5050 magnitudinem

2039 5068 2183 5123 nihil
2218 5070 2425 5124 horum
2462 5070 2693 5124 habere.
2724 5071 2850 5140 Ipse
2881 5068 3034 5123 enim
3064 5067 3183 5123 hare
3214 5071 3495 5139 tanquam
3526 5065 3686 5121 solus

2039 5158 2234 5224 habet,
2250 5160 2347 5230 qui
2381 5177 2412 5213 a
2443 5160 2601 5213 nullo
2633 5159 2854 5230 accepit
2886 5162 2949 5211 ut
2972 5157 3230 5212 haberet.
3266 5157 3438 5212 Porro
3469 5159 3685 5225 autem,

2042 5248 2160 5302 sive
2192 5248 2433 5320 angelici
2469 5248 2733 5320 spiritus,
2763 5248 2880 5301 sive
2902 5247 3173 5302 humanae
3208 5247 3437 5313 anima,
3458 5263 3527 5302 ex
3561 5246 3689 5318 ejus

2044 5340 2201 5393 fonte
2227 5344 2505 5409 tanquam
2540 5337 2709 5391 rivuli
2733 5340 3099 5408 acceperunt,
3116 5340 3181 5390 ut
3203 5337 3261 5391 in
3282 5353 3380 5392 eos
3402 5336 3524 5391 haac
3544 5353 3692 5392 vena

2047 5426 2350 5498 dignitatis
2383 5431 2698 5481 emanaret.
2735 5426 2907 5480 Porro
2940 5426 2998 5479 in
3026 5425 3270 5497 cpistola
3300 5427 3370 5482 ad
3422 5426 3693 5482 Hebraeos

2047 5515 2126 5571 ita
2153 5517 2326 5571 etiam
2360 5514 2499 5570 dicit
2534 5517 2743 5569 :‘l’irus
2774 5524 2849 5570 est
2876 5518 3025 5570 enim
3051 5517 3151 5570 Dei
3177 5532 3350 5570 sermo
3378 5524 3429 5572 et
3465 5515 3689 5591 efﬁcax,

2047 5615 2099 5661 et
2122 5607 2519 5685 penetratnlior
2568 5608 2718 5660 omni
2765 5603 2948 5673 gladio
2995 5607 3244 5677 anczpiti,
3289 5613 3339 5660 et
3375 5607 3693 5678 pertingens

2049 5713 2219 5771 usque
2251 5695 2319 5751 ad
2363 5694 2688 5752 divisimzem
2736 5696 2942 5754 anima?
2986 5712 3049 5753 ac
3095 5697 3343 5770 spiritus,
3374 5712 3696 5771 compagum

3297 5822 3376 5887 30
