4204 6456
511 384 632 445 940
1311 378 1698 438 HINCMARI
1746 377 1988 439 BHEM.
2037 377 2401 440 ARCHIEP.
2449 377 2854 441 OPUSCULA
2898 379 3156 440 VARIA.
3820 378 3947 444 940

515 531 723 590 quoque
766 520 816 569 et
852 511 1242 578 medullarum,
1274 519 1326 566 et
1371 511 1634 566 diseretor
1675 512 2064 579 cogitationum
2109 519 2160 566 ct
2187 513 2243 580 Α
2275 514 2546 583 spectare
2577 512 2878 580 videnlur,
2902 517 2958 568 et
2987 529 3121 568 cum
3153 511 3271 568 illis
3302 513 3518 569 versari
3546 513 3842 581 videmur,
3857 531 3938 588 qu

515 604 880 660 interi-lienam
908 600 1173 664 cordis,ct
1198 616 1310 654 non
1339 607 1418 655 cst
1444 601 1562 655 ulla
1591 608 1844 654 creatura
1864 599 2162 654 invisibilis
2269 599 2328 654 in
2363 601 2595 656 Perside
2645 605 2787 656 sunt
2819 601 3142 669 constituti,
3177 607 3236 657 et
3287 601 3419 658 illos
3465 603 3738 658 videmus
3786 605 3930 676 quid

516 695 578 749 in
605 697 891 764 conspectu
911 691 1045 761 ejus,
1075 691 1263 744 omnia
1293 697 1474 744 παίωνι
1519 688 1668 744 nuda
1713 697 1843 744 sunt
1877 697 1927 744 ct
1976 697 2163 761 aperta
2271 691 2448 761 agant
2477 689 2534 743 in
2567 689 2779 750 Africa.
2797 689 2856 744 Si
2889 706 3038 762 quos
3067 689 3330 762 cognitos
3362 690 3532 748 bonis
3567 691 3626 747 in
3660 696 3818 747 terra
3838 709 3937 748 su-

515 783 688 838 oculis
718 782 834 840 eius
863 779 1048 848 (Hebr.
1083 796 1158 845 ιν,
1195 778 1302 850 12).
1329 781 1461 844 Quae
1487 777 1822 833 testimonia
1841 777 2050 832 collata
2067 795 2162 832 no-

2271 777 2537 850 sceperit,
2573 777 2880 850 sequimur
2908 778 3737 850 proficiscentesjnhaaremus
3767 797 3934 854 pere-

517 871 660 927 dum
693 867 1030 942 quaestionis
1060 866 1368 940 proposita:
1399 868 1647 939 perfecte
1677 865 2004 935 absolvunt,
2025 867 2166 938 quia
2271 866 2662 939 grinantibus,
2695 865 3042 940 copulamur
3071 868 3434 937 absentibus,
3459 868 3826 942 alloquimur
3843 887 3929 927 se.

517 959 618 1032 qui
651 958 814 1014 solus
839 961 928 1014 est
959 955 1288 1023 invisibilis,
1323 960 1382 1012 et
1433 955 1596 1012 solus
1643 955 1833 1011 lucem
1872 955 2166 1011 inhabitat

519 1045 1006 1115 inaccessibilem,
1038 1049 1096 1101 et
1127 1062 1302 1117 quem
1333 1045 1476 1100 vidit
1497 1043 1803 1100 hominum
1838 1062 2030 1110 nemo,
2063 1044 2163 1099 sed

517 1153 628 1192 nec
657 1135 852 1192 videre
885 1138 1072 1207 potest
1102 1137 1151 1203 (I
1175 1135 1330 1190 Joan.
1367 1136 1465 1203 ιν),
1500 1137 1557 1189 et
1585 1133 1685 1206 qui
1715 1138 2024 1206 exsuperat
2041 1150 2164 1188 om-

524 1242 656 1281 nem
707 1240 947 1282 sensum
998 1223 1226 1296 (Philip.
1260 1223 1459 1292 iv),de
1505 1223 1708 1278 codem
1760 1222 1898 1278 item
1931 1222 2164 1288 dicitur,

521 1315 674 1386 quod
707 1331 822 1368 non
847 1313 926 1368 sit
955 1311 1074 1367 ulla
1104 1315 1370 1366 creatura
1398 1310 1709 1367 invisibilis
1761 1312 1817 1366 in
1851 1315 2167 1384 conspectu

521 1404 746 1475 ejus,et
775 1402 974 1458 omnia
1003 1402 1163 1456 nuda
1191 1406 1332 1456 sunt
1357 1404 1412 1456 et
1433 1405 1634 1472 aperta
1651 1400 1837 1456 oculis
1859 1401 2169 1473 ejus.Cum

521 1507 682 1564 ergo,
711 1492 923 1565 utjam
949 1491 1172 1546 dictum
1203 1493 1312 1554 est,
1345 1488 1468 1561 ipse
1495 1489 1724 1544 dicatur
1751 1489 2084 1560 invisibilis,
2115 1493 2173 1546 et

523 1579 838 1637 invisibilia
858 1580 1059 1636 omnia
1081 1579 1239 1634 nuda
1259 1582 1316 1634 ct
1346 1582 1545 1652 aperta
1575 1577 1694 1634 sint
1724 1578 1910 1635 oculis
1938 1580 2087 1650 ejus,
2113 1579 2169 1634 id

438 1665 448 1677 ’
523 1673 612 1726 est
643 1669 781 1742 quia
802 1669 925 1742 ipse
945 1667 1183 1742 quidem
1203 1666 1400 1722 omnia
1417 1672 1698 1740 tanquam
1722 1669 1882 1723 nuda
1903 1669 2169 1740 aspiciat,

523 1775 558 1815 a
587 1757 749 1814 nulla
779 1762 972 1814 autem
1005 1761 1292 1825 creatura,
1319 1755 1430 1811 nisi
1455 1761 1742 1828 quantum
1772 1756 1898 1829 ipse
1917 1755 2172 1829 gratuito

524 1865 768 1905 munere
791 1847 1097 1920 permittit,
1111 1846 1628 1912 videatur,certum
1654 1850 1744 1901 est
1763 1847 1916 1919 quod
1943 1864 2011 1902 ea
2037 1864 2170 1918 quce

524 1942 737 1994 natura
757 1941 896 1992 sunt
914 1935 1274 2008 incorporea,
1291 1935 1723 2008 comparatione
1743 1935 1902 1992 illius
1923 1936 2174 1992 habean-

523 2033 620 2082 tur
648 2026 817 2100 quasi
849 2043 1143 2098 corporea.
1177 2025 1340 2081 Unde
1371 2026 1579 2082 beatus
1608 2043 1760 2098 papa
1781 2025 2094 2099 Gregorius
2115 2025 2176 2082 in

524 2116 674 2172 libro
700 2115 1009 2172 Moralium
1041 2115 1320 2184 secundo,
1345 2115 1486 2170 dum
1513 2116 1584 2170 de
1613 2115 1708 2171 his
1739 2115 2078 2188 loqueretur
2097 2115 2178 2171 ait

524 2207 663 2278 (cap.
695 2205 750 2277 2)
785 2221 798 2259 :
832 2227 860 2254 «
885 2203 1236 2277 Angelorum
1258 2203 1455 2276 itaque
1477 2203 1722 2259 scientia
1745 2205 2179 2277 comparatione

528 2298 738 2350 nostra:
769 2293 1026 2350 scientiae
1069 2293 1236 2348 valde
1267 2292 1506 2347 dilatata
1537 2293 1761 2360 est,eed
1792 2297 1984 2348 tamen
2018 2310 2175 2365 com-

527 2381 826 2456 paratione
855 2382 1062 2437 divina:
1087 2381 1329 2437 scientia
1357 2386 1623 2454 angusta.
1644 2382 1808 2437 Sicut
1835 2387 1892 2437 et
1921 2382 2030 2454 ipsi
2056 2381 2180 2436 illo-

531 2488 662 2526 rum
695 2470 937 2544 spiritus
966 2471 1400 2544 comparatione
1417 2472 1653 2543 quidem
1688 2477 2017 2527 nostrorum
2051 2489 2175 2527 cor-

531 2578 740 2634 porum
773 2561 1017 2634 spiritus
1049 2565 1204 2628 sunt,
1241 2561 1338 2616 sed
1376 2562 1806 2632 comparatione
1857 2562 2072 2616 summi
2121 2567 2178 2618 et

531 2650 1021 2724 incircumscripti
1046 2651 1288 2723 spiritus
1311 2666 1539 2722 corpus.
1558 2651 1626 2704 Et
1645 2649 1958 2705 mittuntur
1977 2651 2174 2722 igitur,

533 2739 924 2796 etassistunt:
951 2739 1089 2811 quia
1107 2743 1166 2794 et
1188 2756 1289 2812 per
1309 2739 1417 2793 hoc
1431 2739 1584 2810 quod
1598 2739 2024 2811 circumscripti
2039 2743 2180 2794 sunt

533 2832 768 2898 exeunt,
801 2832 858 2884 et
905 2845 1007 2901 per
1054 2829 1161 2883 hoc
1213 2829 1366 2899 quod
1410 2827 1568 2884 intus
1599 2845 1832 2900 quoque
1862 2834 2178 2900 praesentes

531 2919 690 2984 sunt,
710 2933 1012 2988 nunquam
1056 2917 1355 2972 recedunt.
1391 2939 1419 2966 »
1461 2916 1800 2972 Poteramus
1845 2918 2082 2989 quidem
2122 2921 2180 2973 et

527 3005 698 3078 plura
721 3005 986 3078 exempla
1006 3005 1310 3079 ponere,in
1329 3005 1544 3078 quibus
1567 3006 1753 3061 sancti
1780 3007 1968 3062 ,Patrts
1988 3006 2180 3062 solent

526 3095 866 3168 angelorum
889 3095 1132 3167 spiritus
1149 3111 1392 3166 corpora
1415 3095 1718 3151 nominare
1744 3111 1756 3150 :
1783 3097 1883 3151 sed
1907 3095 2177 3151 brevitati

526 3185 828 3240 studentes
859 3185 930 3240 de
960 3184 1056 3240 his
1086 3185 1424 3240 studuimus
1454 3185 1712 3256 rejicere,
1737 3186 1877 3240 dum
1902 3185 2022 3242 hinc
2055 3184 2178 3241 sola

527 3277 805 3346 putamus
836 3273 1123 3328 sufﬁcere.

1188 3406 1420 3462 CAPUT
1466 3411 1530 3462 V.

568 3537 758 3593 Utrum
785 3541 988 3590 natura
1017 3534 1228 3589 anima:
1257 3533 1519 3588 terminos
1559 3532 1864 3604 corporales
1909 3531 2149 3588 excedat.

600 3659 822 3717 Deinde
849 3659 1054 3716 ordine
1077 3675 1184 3715 suo
1208 3658 1450 3730 ponitur
1473 3657 1832 3730 capitulum:
1860 3658 2066 3714 Utrum
2094 3676 2189 3715 na-

528 3755 664 3806 tura
682 3749 890 3806 animze
911 3748 1193 3804 terminos
1215 3747 1544 3820 corporales
1577 3748 1838 3802 excedat.
1875 3748 1938 3802 In
1981 3765 2098 3821 qua
2128 3765 2188 3804 re

527 3858 740 3914 anceps
761 3845 962 3897 noster
985 3839 1230 3894 ﬂuctuat
1249 3837 1602 3906 intellectus,
1626 3854 1775 3909 quos
1800 3837 2080 3894 terminos
2103 3837 2187 3893 di-

525 3949 654 3989 cere
671 3931 808 3988 velit
835 3927 1164 4002 corporales
1189 3944 1200 3984 :
1229 3931 1499 3983 utrumve
1521 3927 1662 3982 istos
1684 3927 1901 3998 quibus
1934 3927 2184 3982 circum-

526 4022 664 4077 data
691 4024 798 4088 est,
815 4019 1095 4074 membris
1131 4015 1354 4073 scilicet
1375 4014 1729 4083 carnalibus,
1747 4032 1818 4069 an
1842 4015 2039 4070 omnia
2059 4033 2183 4072 cor-

525 4127 686 4184 pora,
727 4113 792 4165 ut
813 4112 951 4166 sunt
975 4105 1208 4175 caelum,
1250 4109 1307 4160 et
1327 4110 1502 4172 terra,
1533 4109 1589 4160 et
1615 4121 1743 4175 quae
1767 4103 1859 4159 his
1881 4105 2184 4161 continen-

532 4199 726 4264 tur.Sc
751 4198 862 4253 dad
878 4201 1194 4268 utrumque
1211 4195 1634 4266 respondemus
1655 4210 1758 4265 pro
1771 4198 1945 4266 captu
1959 4199 2181 4250 nostro.

527 4290 746 4346 Anima
763 4302 1025 4358 namque
1055 4283 1338 4340 terminos
1361 4281 1621 4353 corporis
1647 4281 1736 4336 sui
1770 4282 2012 4350 excedit,
2045 4284 2186 4340 dum

530 4377 768 4452 longius
799 4393 903 4450 per
932 4374 1135 4432 oculos
1166 4371 1426 4444 corporis
1459 4370 1825 4444 videt,quam
1849 4371 2044 4444 ipsum
2067 4390 2187 4429 cop-

523 4486 636 4543 pus
669 4466 978 4541 spatiatur,
1009 4461 1244 4536 longius
1290 4459 1475 4526 audit,
1511 4459 1751 4532 longius
1800 4461 2097 4532 odoralur,
2130 4467 2187 4520 et

522 4563 685 4614 extra
714 4573 774 4612 se
803 4558 1025 4611 tactum
1049 4549 1314 4624 porrigit.
1330 4549 1479 4603 Dum
1503 4565 1644 4622 ergo
1665 4549 1774 4605 hos
1799 4567 2009 4607 sensus
2031 4552 2184 4609 ultra

2275 959 2527 1028 paratos.
2562 955 2876 1012 Defunctos
2903 973 3133 1030 quoque
3164 958 3236 1012 ad
3267 957 3626 1030 colloquium
3672 959 3928 1016 suscita-

2275 1062 2428 1112 mus,
2448 1061 2662 1118 eosque
2694 1049 2759 1100 ut
2788 1046 3043 1102 viventes
3074 1046 3518 1120 complectimur
3545 1052 3601 1104 et
3630 1051 3931 1118 tenemus,

2275 1139 2332 1190 et
2360 1134 2490 1189 vitae
2510 1133 2705 1189 officia
2720 1133 2814 1190 his
2837 1151 3132 1207 usumque
3150 1135 3492 1192 deferimus.
3513 1137 3593 1192 Ea
3629 1136 3816 1210 igitur
3850 1143 3941 1195 est

2277 1223 2348 1277 ad
2381 1222 2695 1296 imaginem
2720 1223 2984 1296 Dei,qute
3016 1241 3132 1280 non
3163 1241 3453 1297 corporea
3481 1227 3940 1298 aestimatur,sed

2277 1313 2492 1368 mentis
2510 1312 2705 1385 vigore
2727 1330 2853 1386 quae
2886 1315 3158 1370 absentes
3187 1315 3364 1382 videt,
3385 1315 3786 1372 transmarina
3811 1317 3940 1372 visu

2277 1401 2418 1469 obit,
2451 1402 2736 1474 percurrit
2765 1409 3024 1476 aspectu,
3050 1407 3346 1459 scrutatur
3367 1404 3587 1471 abdita,
3613 1405 3734 1462 huc
3765 1411 3942 1480 atque

2276 1490 2422 1547 illud
2448 1509 2563 1548 uno
2587 1497 2884 1548 momento
2897 1509 3109 1549 sensus
3131 1509 3270 1549 suos
3292 1510 3394 1566 per
3407 1494 3588 1550 totius
3607 1494 3771 1551 orbis
3794 1496 3942 1553 lines

2279 1585 2336 1637 et
2366 1581 2573 1636 mundi
2620 1587 2843 1638 secreta
2889 1583 3246 1638 circumfert.
3283 1584 3417 1649 Quae
3465 1583 3582 1639 Deo
3625 1584 3940 1658 jungitur,

2282 1670 2511 1726 Christo
2561 1671 2900 1727 adhmreret.
2931 1671 3242 1728 Descendit
3297 1672 3356 1728 in
3407 1673 3731 1746 infernum,
3765 1680 3942 1748 atque

2283 1759 2565 1828 ascendit,
2599 1759 2781 1816 libera
2799 1765 3065 1816 versatur
3092 1761 3152 1816 in
3184 1761 3348 1818 cwlo.
3382 1761 3646 1834 Denique
3681 1764 3826 1819 audi
3855 1764 3944 1820 di-

2283 1854 2510 1905 centem
2537 1865 2548 1904 :
2576 1850 2769 1905 Nostra
2795 1859 2975 1906 autem
2995 1853 3327 1907 conversatio
3349 1853 3409 1908 in
3423 1853 3573 1908 castis
3602 1861 3685 1910 est
3701 1855 3944 1926 (Philip.

2292 1955 2374 2007 ιιι,
2397 1939 2547 2007 20).»
2567 1939 2936 2011 Augustinus
2966 1939 3025 1994 in
3057 1939 3304 2013 epistola
3335 1941 3405 1997 ad
3438 1941 3725 1998 Evodium
3762 1943 3945 2016 (epist.

2289 2028 2414 2096 100)
2445 2045 2458 2083 :
2493 2049 2521 2077 ‹‹
2553 2027 2820 2084 Visiones
2850 2032 3046 2084 autem
3081 2027 3213 2095 illae,
3246 2029 3699 2102 futurorumque
3727 2033 3948 2104 praedi-

2286 2116 2506 2172 ctiones
2536 2118 2828 2189 quomodo
2863 2118 3027 2183 ﬁant,
3044 2117 3140 2174 ille
3175 2118 3304 2189 jam
3335 2118 3622 2191 explicare
3670 2127 3947 2188 conetur,

2286 2206 2386 2279 qui
2403 2205 2560 2261 novit
2581 2223 2698 2278 qua
2714 2206 2765 2262 vi
2788 2206 3119 2262 efﬁciantur
3136 2207 3196 2263 in
3221 2224 3574 2280 unoquoque
3595 2208 3801 2265 animo
3823 2215 3950 2265 tan-

2285 2301 2348 2350 ta
2376 2313 2511 2351 cum
2543 2296 2777 2368 cogitat.
2795 2296 3076 2352 Videmus
3101 2296 3279 2364 enim,
3301 2295 3592 2370 planeque
3613 2299 3945 2367 cernimus,

2286 2385 2346 2438 in
2378 2402 2444 2440 co
2467 2385 2587 2440 ﬁeri
2613 2383 2934 2440 multarum
2959 2401 3154 2441 rerum
3173 2385 3582 2456 visibilium,et
3603 2388 3678 2442 ad
3700 2393 3948 2446 caeteros

2285 2475 2544 2547 corporis
2561 2491 2770 2530 sensus
2793 2475 3232 2547 pertinentium,
3251 2475 3714 2534 innumerabiles
3735 2477 3952 2552 imagi-

2288 2581 2390 2620 nes
2407 2581 2420 2618 :
2437 2581 2563 2636 quae
2578 2583 2690 2620 non
2709 2565 2946 2620 interest
2959 2581 3136 2637 quam
3149 2565 3414 2622 ordinate
3425 2566 3511 2622 vel
3527 2567 3759 2624 turbide
3773 2569 3942 2637 ﬁant,

2285 2653 2385 2709 sed
2419 2657 2646 2709 tantum
2678 2654 2817 2727 quia
2837 2654 3005 2722 ﬁunt,
3022 2655 3175 2726 quod
3198 2655 3576 2712 manifestum
3609 2661 3720 2726 est,
3735 2675 3858 2732 qua
3886 2657 3942 2712 vi

2283 2747 2342 2797 et
2371 2743 2662 2816 quomodo
2685 2744 2848 2811 ﬁant,
2879 2742 3150 2815 quisquis
3176 2745 3428 2816 potuerit
3457 2745 3771 2818 explicare,
3809 2763 3942 2820 qua

2285 2831 2484 2886 omnia
2503 2835 2654 2888 certe
2672 2833 3016 2904 quotidiana
3039 2836 3376 2906 suntatque
3405 2833 3704 2904 continua,
3726 2837 3946 2892 audeat

2285 2937 2635 2992 praesumere
2665 2921 2887 2994 aliquid
2908 2938 2974 2977 ac
3005 2921 3449 2989 deﬁnire,etiam
3471 2923 3542 2979 de
3561 2923 3682 2981 illis
3704 2925 3942 2982 rarissi-

2286 3010 2397 3066 mis
2417 3010 2578 3066 visis.
2605 3011 2722 3084 Ego
2745 3015 2941 3067 autem
2970 3014 3133 3066 tanto
3151 3009 3346 3067 minus
3369 3011 3477 3068 hoc
3499 3013 3940 3086 audeo,quantc

2286 3098 2484 3156 minus
2513 3098 2568 3153 id
2593 3115 2824 3172 quoque
2845 3098 2903 3153 in
2930 3097 3121 3164 nobis,
3141 3099 3296 3170 quod
3333 3097 3450 3155 vita
3480 3099 3760 3156 continua
3790 3101 3942 3174 vigi-

2285 3187 2472 3244 lantes
2501 3188 2975 3260 dormientesque
3003 3187 3358 3260 experimur,
3371 3204 3486 3260 quo
3517 3193 3686 3261 pacto
3720 3190 3828 3245 fiat
3853 3207 3948 3246 ex-

2207 3267 2250 3333 C
2288 3277 2502 3352 plicare
2532 3277 2780 3334 sufﬁcio.
2798 3277 2944 3333 Nam
2975 3293 3110 3334 eum
3141 3277 3214 3333 ad
3247 3281 3303 3332 te
3330 3276 3609 3334 dictarem
3643 3277 3798 3335 hanc
3820 3279 3948 3353 epi-

2299 3366 2594 3437 stolam,te
2615 3367 2808 3440 ipsum
2831 3367 3026 3423 animo
3047 3365 3446 3434 eontuebar,te
3467 3367 3668 3440 utique
3699 3367 3950 3424 absente

2298 3461 2472 3530 atque
2498 3455 2883 3525 nesciente,et
2913 3455 3204 3530 quomodo
3233 3454 3426 3528 possis
3455 3455 3548 3512 his
3589 3456 3784 3512 verbis
3819 3475 3949 3514 mo-

2295 3547 2767 3616 veri,sccundum
2784 3546 3051 3602 notitiam
3074 3562 3201 3618 qua:
3223 3544 3368 3600 mihi
3390 3545 3462 3600 de
3483 3549 3538 3600 te
3558 3543 3716 3602 inest
3739 3546 3953 3620 imagi-

2296 3637 2482 3692 nabar
2505 3653 2517 3691 :
2543 3639 2718 3709 atque
2740 3636 2794 3692 id
2817 3651 3074 3708 quonam
3097 3633 3269 3690 modo
3291 3634 3350 3688 in
3372 3633 3568 3690 animo
3603 3651 3734 3690 meo
3760 3635 3948 3706 ﬁeret,

2295 3743 2499 3798 capere
2548 3743 2613 3782 ac
2663 3725 3010 3798 investigare
3042 3741 3156 3780 non
3187 3727 3471 3796 poteram,
3504 3728 3700 3780 certus
3747 3727 3949 3780 tamen

2295 3833 2411 3870 non
2445 3815 2567 3871 ﬁeri
2601 3814 2892 3888 corporeis
2925 3812 3197 3881 molibus,
3236 3830 3340 3869 nec
3371 3813 3664 3885 corporeis
3693 3813 3948 3886 qualita-

2295 3905 2474 3971 tibus,
2516 3922 2650 3961 cum
2681 3903 2906 3976 corpori
2939 3901 3310 3960 simillimum
3362 3902 3483 3958 ﬁat.
3518 3925 3546 3952 ››
3579 3902 3661 3958 Ex
3701 3901 3851 3959 libro
3876 3919 3947 3959 ex

2294 3993 2538 4050 Civitate
2569 3993 2669 4049 Dei
2703 3993 2929 4048 decimo
2961 3991 3164 4064 quinto
3197 4007 3210 4046 :
3249 4013 3278 4042 «
3311 3989 3458 4047 Fieri
3489 3990 3605 4048 ista
3629 3990 3690 4046 in
3723 3991 3942 4064 animo,

2290 4083 2378 4139 vel
2413 4083 2485 4139 ab
2517 4082 2712 4138 animo
2745 4085 2942 4138 nostro
2975 4080 3265 4148 novimus,
3289 4083 3345 4136 et
3374 4079 3688 4136 certissimi
3710 4097 3942 4138 sumus.

2293 4173 2593 4238 Quomodo
2623 4177 2819 4228 autem
2853 4171 3260 4242 ﬁant,quanto
3282 4168 3564 4226 attentius
3583 4168 3942 4227 valuerimus

2293 4261 2786 4328 advertere,tanto
2819 4259 3006 4332 magis
3039 4263 3241 4315 noster
3271 4262 3330 4315 et
3361 4275 3553 4316 sermo
3585 4257 3944 4327 succumbit,

2292 4354 2349 4406 ct
2368 4349 2498 4422 ipsa
2516 4367 2630 4406 non
2652 4349 2929 4423 perdurat
2946 4347 3210 4417 intentio,
3229 4351 3294 4404 ut
3314 4348 3383 4404 ad
3407 4346 3698 4420 liquidum
3717 4346 3942 4421 aliquid

2293 4445 2494 4497 nostra
2522 4438 2908 4513 intelligentia
2936 4437 3045 4496 etsi
3089 4455 3205 4494 non
3255 4437 3459 4510 lingua
3508 4437 3805 4510 perveniat
3837 4453 3852 4492 :
3886 4441 3947 4493 et

2292 4535 2570 4604 putamus
2602 4547 2728 4599 uos,
2750 4534 2950 4585 utrum
2972 4527 3074 4585 Dei
3101 4527 3460 4601 providentia
3480 4528 3684 4584 eadem
3716 4527 3795 4583 sit
3814 4543 3943 4600 qua

521 4662 733 4719 corpus
763 4615 1109 4708 extendit,et
1139 4615 1239 4694 his
1254 4615 1698 4709 aliquandovaut
1719 4639 2043 4696 delectatur
2060 4641 2178 4715 pla-
2204 4655 2252 4719 Β
2293 4619 2666 4719 ωεξηρνίθν-θί
2696 4617 3218 4719 ίοίῡῌίεσρτιιίδνᾳιιὶ
3236 4633 3353 4672 non
3375 4615 3612 4719 siin‘gﬂla
3632 4616 3944 4719 ςδοείιεξηάξ)

520 4737 676 4805 citis,
704 4739 806 4790 aut
855 4735 1162 4804 asperatur
1207 4725 1476 4800 ingratis,
1509 4728 1890 4784 manifestum
1921 4735 2011 4786 est
2039 4747 2164 4786 eam

517 4827 627 4882 hos
653 4823 930 4881 terminos
951 4817 1284 4892 corporales
1305 4817 1598 4872 excedere.
1623 4817 1680 4872 Si
1706 4822 1900 4874 autem
1923 4820 1994 4874 de
2009 4821 2168 4876 omni

519 4931 759 4986 corpore
790 4911 1090 4984 quaeritur,
1125 4912 1322 4964 utrum
1358 4905 1580 4962 scilicet
1609 4907 1809 4962 omnia
1847 4910 2170 4981 corporalia

516 5005 772 5070 excedat,
800 4999 1176 5056 manifestum
1199 5001 1286 5053 est
1309 4997 1428 5050 haec
1449 5013 1562 5050 non
1586 5013 1688 5067 per
1719 5012 1930 5054 sensus
1959 5015 2167 5072 corpo-

515 5093 596 5150 ris
627 5092 740 5150 sibi
767 5091 1084 5161 subjectos,
1101 5087 1200 5142 sed
1226 5103 1328 5158 per
1350 5101 1488 5140 suos
1513 5101 1684 5157 agere
1709 5087 1998 5157 proprios,
2019 5089 2170 5161 cogi-

513 5183 734 5239 tatione
764 5175 1304 5244 scilicet,mcmoria
1333 5179 1389 5229 et
1417 5175 1775 5245 conjectura.
1794 5174 1936 5230 Ilinc
1960 5176 2168 5233 beatus

2283 4711 2618 4782 aspicit,sed
2643 4726 2763 4766 una
2791 4713 2848 4764 ct
2877 4706 3180 4774 aiterna,in
3203 4705 3562 4762 immutabili
3593 4710 3769 4780 atque
3800 4705 3944 4762 inaf-

2280 4800 2440 4856 fabili
2470 4799 2692 4855 visione
2723 4796 3132 4870 complectitur
3160 4799 3371 4852 cuncta
3401 4811 3528 4868 quae
3561 4793 3742 4862 novit,
3774 4799 3940 4852 tanta

2280 4891 2492 4947 mentis
2538 4889 2879 4945 infirmitate
2932 4904 3104 4960 posse
3150 4884 3694 4958 comprehendere?
3725 4885 3790 4940 In
3828 4883 3940 4941 hac

2277 4980 2456 5054 igitur
2485 4977 2832 5035 difﬁcultate
2863 4981 2919 5034 et
2967 4975 3260 5049 angustiis
3313 4973 3456 5030 libet
3493 4972 3821 5030 exclamem
3864 4973 3937 5030 ad

2278 5070 2464 5125 Deum
2495 5069 2691 5124 vivum
2726 5083 2740 5122 :
2775 5067 3065 5138 Miriﬁcata
3094 5073 3177 5122 est
3202 5065 3435 5121 scicmia
3455 5071 3548 5120 tua
3569 5080 3639 5120 ca:
3666 5080 3773 5132 mc,
3791 5065 3942 5120 inva-

2278 5159 2382 5214 luit
2407 5167 2458 5214 et
2485 5175 2596 5214 non
2623 5167 2804 5230 potero
2835 5156 2905 5213 ad
2935 5156 3096 5212 illam
3125 5152 3682 5225 (Psal.cxxxv1n,6).
3705 5151 3790 5208 Ex
3819 5169 3940 5221 me,

512 5269 859 5328 Ambrosius
890 5267 971 5324 ait
993 5240 1139 5336 '(lib.
1171 5282 1227 5320 v1
1257 5240 1542 5318 Hammer:
1577 5278 1627 5316 c.
1661 5265 1716 5330 8)
1750 5279 1764 5318 :
1799 5287 1827 5311 «
1863 5263 1988 5318 Non
2029 5281 2164 5337 ergo
2274 5246 2484 5337 inquit:
2506 5247 2764 5320 intelligo
2793 5263 2970 5319 quam
2993 5245 3069 5300 Sit
3092 5241 3388 5337 ΠὶίῗδβίῙξδ
3415 5245 3472 5297 et
3495 5240 3940 5337 incf’mprehen‘

513 5379 648 5419 caro
678 5364 870 5434 potest
890 5375 1018 5414 esse
1051 5357 1121 5412 ad
1155 5353 1472 5426 imaginem
1496 5351 1726 5419 Dei,sed
1749 5352 1946 5408 anima
1964 5359 2166 5410 nostra

2283 5336 2465 5394 sibilis
2497 5337 2740 5394 scientia
2769 5341 2871 5392 tua
2899 5352 3018 5408 qua
3047 5351 3140 5390 me
3173 5332 3385 5402 fecisti,
3411 5330 3645 5405 quando
3676 5347 3785 5387 nec
3815 5346 3940 5387 me-

513 5468 642 5524 quae
671 5451 856 5507 libera
885 5451 1066 5517 est,et
1096 5442 1326 5500 diffusis
1348 5439 1803 5512 cogitationibus
1825 5446 1997 5514 atque
2027 5459 2162 5500 con-

2274 5429 2469 5502 ipsum
2492 5427 2984 5500 comprehendere
3003 5423 3163 5480 valeo
3185 5439 3364 5496 quem
3397 5420 3585 5477 fecisti
3613 5437 3625 5477 :
3651 5423 3710 5476 et
3737 5425 3938 5477 tamen

513 5509 663 5598 siliis
699 5540 816 5596 huc
863 5509 1040 5610 atque
1083 5535 1220 5590 illuc
1268 5509 1530 5605 vagatur,
1563 5547 1690 5603 qua:
1738 5509 2162 5588 considerando
2270 5519 2330 5575 in
2390 5517 2767 5575 meditatione
2825 5532 2956 5572 mea
2983 5512 3307 5572 εεᾶΐάθδοίῑ
3337 5509 3518 5585 ignis:
3549 5514 3614 5566 ut
3673 5524 3936 5584 quamnn

512 5633 739 5703 spectat
767 5629 985 5686 omnia.
1015 5627 1157 5682 Ecce
1188 5638 1345 5678 nunc
1377 5637 1586 5676 sumus
1617 5619 1676 5674 in
1713 5619 1900 5691 Italia,
1929 5624 1986 5676 et
2013 5621 2162 5694 cogi-

509 5724 710 5782 tamus
737 5735 866 5796 quae
894 5718 968 5776 ad
1016 5711 1339 5775 Orientales
1390 5715 1492 5771 aut
1541 5709 1938 5770 Occidentales
1967 5715 2160 5788 partes

2271 5610 2479 5668 faciem
2507 5613 2670 5666 tuam
2703 5623 2952 5680 semper.
2985 5627 3016 5658 ››
