4204 6454
325 413 434 474 941

495 634 686 690 Utrum
717 635 863 688 Deus
889 648 990 704 per
1017 639 1258 706 tempora
1285 642 1340 692 et
1365 635 1481 692 loca
1505 643 1804 692 moveatur.

389 723 633 778 Sextum
691 721 1014 794 capitulum
1065 723 1372 779 succedit:
1408 724 1614 780 Utrum
1665 725 1820 780 Deus
1872 740 1976 796 per

329 815 596 884 tempora
623 815 680 866 et
705 810 836 868 loca
875 817 1194 868 moveatur.
1231 812 1445 868 Mirum
1495 817 1552 869 et
1597 813 1763 869 valde
1809 812 1982 869 mira-

321 899 438 958 bile
472 904 586 967 est,
616 899 667 955 si
687 901 903 973 aliquis
925 905 1044 956 tam
1070 901 1322 958 stolidus
1344 902 1790 975 reperiatur,qui
1815 905 1980 975 putet

321 992 506 1047 Deum
537 1007 643 1063 per
669 993 941 1063 tempora
969 991 1187 1048 moveri
1218 991 1581 1047 conditorem
1627 996 1973 1064 temporum.

319 1080 622 1146 Quomodo
655 1078 812 1136 enim
852 1079 1070 1136 moveri
1099 1083 1292 1152 potest
1321 1096 1426 1153 per
1443 1084 1708 1154 tempora
1725 1079 1826 1154 qui
1846 1097 1979 1137 con-

333 1167 486 1224 didit
515 1171 931 1241 tempora,quae
955 1172 1095 1224 sunt
1115 1167 1498 1224 mutabilitati
1519 1169 1810 1225 obnoxia?
1829 1169 1978 1226 Nam

323 1257 612 1331 propheta
642 1256 846 1324 David,
880 1256 1257 1314 considerans
1288 1274 1424 1313 eum
1455 1274 1561 1314 nec
1606 1257 1842 1313 initium
1871 1258 1976 1314 ha-

328 1347 485 1415 bere,
519 1363 626 1402 nec
656 1345 906 1402 termino
937 1345 1262 1419 angustari,
1297 1346 1380 1402 ait
1411 1364 1424 1403 :
1456 1347 1623 1404 Initio
1671 1354 1732 1403 tu
1775 1354 1977 1403 terram

316 1435 590 1508 fundasti,
621 1436 926 1504 Domine,et
953 1451 1115 1508 opera
1142 1452 1410 1492 manuum
1439 1443 1660 1492 tuarum
1677 1443 1804 1492 sunt
1833 1435 1972 1492 creti.

309 1525 422 1596 Ipsi
461 1524 738 1597 peribunt,
790 1531 849 1580 tu
893 1532 1074 1582 autem
1098 1541 1406 1598 permanes,
1439 1532 1494 1582 et
1519 1527 1706 1582 omnia
1734 1533 1796 1582 ut
1819 1525 1976 1582 vesti-

309 1621 556 1672 mentum
595 1621 946 1672 oeteroscent.
977 1615 1042 1671 Et
1085 1609 1230 1670 sicut
1271 1616 1535 1671 amictum
1577 1614 1816 1672 mutabis
1862 1631 1970 1689 eos,

309 1712 366 1761 et
392 1705 782 1762 mutabuntur.
818 1705 893 1762 Tu
941 1711 1123 1760 autem
1169 1703 1314 1760 idem
1361 1705 1476 1776 ipse
1521 1721 1596 1773 es,
1627 1709 1681 1761 et
1723 1705 1864 1761 anni
1891 1706 1976 1762 tui

307 1810 420 1850 non
448 1792 701 1866 deﬁcient
731 1793 904 1862 (Psat.
936 1809 1012 1861 cr,
1041 1793 1252 1862 26-28).
1289 1792 1570 1866 Quisquis
1623 1809 1760 1866 ergo
1789 1792 1974 1850 consi-

1424 415 1526 475 DE
1567 413 1906 476 DIVERSA
1947 415 2225 478 ANIMIE
2269 417 2637 482 RATIONE.

2010 550 2068 618 Α
2093 547 2182 605 vel
2204 548 2442 610 inﬁnito
2462 551 2652 624 spatio
2673 553 3090 624 contineri,nec
3111 561 3439 630 temporum
3459 561 3548 618 vel
3567 562 3737 620 finito

3615 432 3734 493 942

2086 635 2174 693 vel
2214 637 2444 696 inﬂnito
2486 641 2784 698 volumine
2829 641 3058 700 variari.
3091 645 3289 718 Neque
3331 647 3488 705 enim
3537 654 3628 706 est
3672 651 3735 708 in

2085 727 2216 798 ejus
2245 728 2580 791 substantia
2609 749 2728 803 qua
2756 731 2910 788 Deus
2953 737 3060 800 est,
3095 735 3251 806 quod
3300 737 3534 794 brevius
3566 739 3644 795 sit
3670 739 3733 796 in

2086 819 2249 887 parte
2281 833 2458 890 quam
2488 819 2548 874 in
2581 821 2882 888 toto,sicut
2911 838 3145 879 necesse
3165 827 3255 878 est
3281 841 3407 881 esse
3429 826 3488 881 in
3509 825 3583 884 iis
3603 843 3733 901 quas

2084 903 2145 959 in
2177 903 2319 961 locis
2351 910 2490 962 sunt
2521 924 2534 963 :
2570 911 2672 964 aut
2695 909 2808 964 fuit
2837 909 2897 965 in
2927 911 3056 982 ejus
3085 912 3416 968 substantia.
3435 917 3591 986 quod
3604 917 3732 988 jam

2085 1009 2201 1048 non
2231 995 2442 1062 est,vel
2471 997 2582 1052 erit
2611 999 2765 1070 quod
2796 1001 3058 1056 nondum
3087 1005 3194 1070 est,
3227 1001 3384 1057 sicut
3411 1003 3471 1058 in
3501 1005 3730 1061 naturis

2085 1097 2214 1154 quae
2243 1089 2494 1156 possunt
2522 1087 2804 1160 temporis
2835 1088 3291 1147 mutabilitatem
3323 1091 3444 1164 pati
3466 1092 3730 1166 (cap.10).

2085 1170 2188 1228 Hic
2217 1189 2360 1246 ergo.
2392 1173 2860 1232 incommutabili
2909 1177 3226 1236 aeternitate
3271 1179 3472 1236 vivens
3519 1180 3735 1238 creavit

2084 1259 2282 1316 omnia
2306 1261 2509 1332 simul,
2535 1279 2604 1320 ex
2630 1263 2846 1337 quibus
2869 1271 3172 1323 currerent
3217 1271 3500 1342 tempora,
3533 1273 3594 1326 et
3619 1269 3732 1326 im-

2082 1347 2384 1420 plerentur
2409 1349 2556 1420 loca,
2589 1353 3129 1428 temporalibusque
3147 1360 3206 1412 et
3226 1355 3511 1415 localibus
3531 1375 3729 1416 rerum

2081 1439 2341 1496 motibus
2365 1439 2578 1498 saecula
2605 1441 2987 1501 volverentur.
3025 1444 3087 1500 In
3119 1445 3335 1518 quibus
3365 1447 3542 1504 rebus
3571 1464 3728 1520 qua:-

2081 1527 2218 1584 dam
2235 1527 2812 1604 spiritalia,quaedam
2827 1533 3420 1606 corporaliacondidit
3435 1552 3448 1592 :
3464 1537 3727 1593 formans

2082 1615 2408 1686 materiam,
2443 1634 2620 1690 quam
2651 1635 2756 1675 nec
2783 1618 2956 1689 alius,
2979 1637 3084 1678 nec
3115 1621 3340 1692 nullus,
3362 1624 3463 1680 sed
3484 1625 3726 1681 omnino

2079 1703 2207 1777 ipse
2235 1703 2548 1764 informem
2581 1724 2647 1764 ac
2668 1708 3034 1766 formabilem
3058 1709 3407 1779 instituit,ut
3425 1713 3724 1770 formatio-

2081 1810 2214 1850 nem
2244 1811 2414 1852 suam
2444 1812 2561 1852 non
2592 1800 2872 1870 tempore,
2907 1799 3010 1854 sed
3041 1799 3265 1874 origine
3294 1799 3652 1872 praeveniret.
3691 1824 3721 1854 »

310 1883 476 1938 derat
503 1882 564 1939 in
595 1881 692 1941 his
737 1881 932 1950 dictis,
965 1883 1123 1955 quod
1172 1881 1364 1950 initio,
1399 1881 1457 1938 id
1493 1887 1583 1938 est
1607 1884 1970 1956 temporibus
2000 1932 2046 1960 η
2079 1883 2338 1941 Isidorus
2361 1885 2422 1940 in
2443 1884 2592 1942 libro
2612 1886 3229 1960 Sententiarum,quod
3250 1889 3366 1946 Deo
3388 1889 3552 1946 nulla
3570 1895 3720 1948 tem-

311 1972 428 2028 inci
435 1971 976 2046 pientibus,terram
997 1975 1054 2028 et
1083 1971 1294 2028 cmlum
1318 1971 1596 2029 Dominus
1616 1972 1966 2042 fundaverit,

1999 1932 2047 1998 B

2075 1988 2286 2045 porum
2315 1973 2608 2032 successio
2637 1975 2967 2032 ascribatur
3009 1977 3094 2034 ita
3139 1977 3282 2034 dicit
3311 1978 3430 2048 (tib.
3465 1995 3504 2048 ι,
3535 1995 3582 2036 c.
3611 1981 3671 2050 8)
3703 1997 3716 2036 :

311 2066 373 2118 et
402 2062 558 2134 quod
590 2061 685 2117 his
715 2061 962 2119 mutatis
989 2060 1146 2118 idem
1177 2061 1303 2134 ipse
1328 2061 1424 2130 sit,
1460 2060 1627 2118 facile
1646 2061 1822 2131 videt,
1847 2079 1964 2119 non
2077 2082 2107 2112 «
2138 2061 2349 2119 Omnia
2373 2067 2637 2136 tempora
2661 2065 2933 2137 praecedit
2963 2065 3160 2122 divina
3187 2066 3499 2124 aeternitas.
3523 2068 3639 2124 Nec
3657 2067 3721 2124 in

308 2167 448 2207 eum
475 2149 565 2207 vel
585 2149 821 2206 initium
842 2149 1068 2222 cepisse
1087 2166 1224 2206 cum
1245 2150 1620 2222 tempore,vel
1640 2151 1816 2206 ﬁnem
1839 2167 1962 2207 sor-

305 2240 405 2296 tiri
418 2257 554 2297 cum
563 2239 1174 2313 temporibus,quibus
1187 2238 1604 2312 incipientibus
1617 2239 1742 2311 ipse
1761 2239 1958 2308 fuerit,

303 2330 588 2403 etquibus
600 2328 1003 2386 occidentibus
1015 2327 1172 2384 idem
1185 2325 1826 2400 ipseincommutabilis
1837 2343 1962 2400 per-

303 2422 556 2476 maneat.
587 2419 658 2475 Et
689 2418 927 2492 quidem
959 2421 1288 2474 creaturam
1322 2433 1428 2490 per
1457 2421 1723 2490 tempora
1743 2416 1960 2472 moveri

295 2509 648 2584 jussit;dum
661 2512 720 2564 et
731 2507 1001 2580 quaedam
1014 2506 1207 2563 sidera
1218 2506 1279 2561 in
1297 2509 1458 2562 motu
1481 2505 1958 2578 constituit,tem-

303 2615 562 2672 poraque
584 2597 714 2670 ipsa
742 2595 856 2652 sibi
885 2596 1198 2652 succedere
1220 2594 1426 2668 jussit,
1441 2594 1592 2651 aeris
1613 2593 1957 2668 qualitatem

299 2688 511 2745 variari
524 2687 896 2756 voluit,terraa
912 2685 1119 2742 faciem
1141 2685 1369 2741 diverso
1395 2685 1568 2740 modo
1587 2683 1845 2740 vicissim
1869 2687 1956 2740 at-

301 2793 418 2850 que
447 2775 780 2834 alternatim
815 2775 1131 2832 succedere
1159 2773 1386 2846 statuit,
1409 2771 1824 2846 hominemque
1853 2789 1958 2846 per

301 2870 501 2923 aetates
531 2865 723 2923 varias
752 2881 942 2938 usque
979 2865 1052 2920 ad
1101 2863 1378 2920 ultimum
1408 2862 1534 2918 vitae
1555 2865 1790 2935 tempus
1830 2861 1954 2918 vol-

299 2972 434 3012 vere
451 2954 761 3027 judicavit,
788 2953 1052 3026 seipsum
1081 2956 1281 3010 tamen
1324 2951 1492 3009 nulla
1539 2950 1952 3008 mutabilitatis

298 3044 426 3118 lege
457 3043 823 3100 constrinxit.
841 3042 1006 3099 Unde
1040 3042 1113 3099 ad
1145 3042 1380 3116 Moysen
1413 3041 1495 3096 ait
1521 3057 1534 3095 :
1567 3041 1678 3110 Ego
1705 3055 1830 3096 sum
1856 3042 1954 3112 qui

297 3151 444 3200 sum,
473 3142 525 3190 et
551 3133 697 3190 dices
725 3133 862 3205 ﬁliis
891 3132 1060 3189 Israel
1090 3149 1110 3188 :
1137 3131 1244 3200 Qui
1287 3139 1366 3187 est
1413 3131 1569 3186 misit
1611 3145 1697 3185 me
1743 3129 1814 3186 ad
1860 3147 1952 3187 vos

299 3221 492 3298 (Exod.
521 3239 610 3291 III,
641 3223 752 3292 14).
787 3221 1093 3278 Moventur
1147 3238 1250 3293 per
1304 3223 1570 3293 tempora
1625 3235 1750 3292 quae
1811 3223 1952 3275 sunt

2073 2149 2188 2208 Deo
2219 2152 2600 2224 praeteritum,
2631 2170 2910 2226 praesens,
2943 2155 3277 2212 futurumve
3325 2154 3545 2228 aliquid
3591 2171 3722 2213 cre-

2071 2239 2251 2309 ditur,
2283 2242 2386 2296 sed
2423 2241 2622 2298 omnia
2667 2243 2979 2315 praesentia
3024 2243 3086 2299 in
3135 2259 3203 2300 eo
3253 2243 3552 2314 dicuntur,
3585 2243 3724 2317 quia

2070 2327 2389 2386 aeternitate
2421 2347 2531 2386 sua
2557 2335 2770 2388 cuncta
2797 2331 3504 2405 complectitur.A1ioquin
3534 2337 3724 2390 muta-

2069 2416 2204 2473 bilis
2234 2421 2324 2473 est
2358 2419 2508 2474 Deus
2538 2420 2884 2490 credendus,
2901 2421 2950 2477 si
2980 2421 3033 2477 ei
3063 2422 3464 2480 successiones
3491 2425 3718 2498 tempo-

2067 2523 2200 2562 rum
2231 2507 2692 2565 ascribuntur.Si
2725 2525 2958 2582 semper
2986 2507 3186 2584 aliqua
3215 2515 3412 2568 essent
3439 2527 3574 2568 cum
3601 2511 3720 2569 Deo

2065 2599 2348 2668 tempora,
2380 2615 2495 2654 non
2527 2602 2683 2655 esset
2709 2603 2964 2672 tempus,
2989 2601 3090 2656 sed
3113 2605 3268 2658 esset
3285 2601 3715 2673 aeternitas,nec

2065 2689 2438 2742 mutarentur
2465 2683 2747 2760 tempora,
2781 2689 2886 2745 sed
2914 2692 3156 2746 starent.
3195 2712 3225 2740 ››

2689 2812 2921 2870 CAPUT
2957 2813 3080 2871 VII.

2313 2929 2504 2986 Utrum
2527 2931 2719 2986 anima
2741 2929 2862 2987 sola
2889 2937 3131 3003 tempore
3157 2938 3459 2988 moveatur.

2131 3043 2460 3117 Septimum
2489 3043 2550 3100 in
2594 3045 2798 3101 ordine
2845 3044 3236 3118 capitulorum
3284 3045 3481 3103 locum
3527 3049 3706 3117 tenet,

2060 3133 2270 3189 Utrum
2301 3133 2498 3190 anima
2545 3132 2670 3190 sola
2715 3137 2976 3206 tempore
3023 3139 3343 3191 moveatur.
3379 3135 3460 3191 De
3501 3135 3708 3208 quain

2059 3221 2344 3295 superiori
2372 3221 2631 3295 capitulo
2650 3222 2872 3279 dictum
2895 3223 3580 3297 continetur.Stupemus
3601 3241 3707 3282 au-

298 3315 494 3368 creata
513 3328 649 3375 cum
677 3310 1140 3383 tcmpore.Solus
1165 3327 1336 3383 porro
1364 3308 1461 3364 ille
1504 3326 1638 3365 cum
1687 3312 1948 3382 tempore
1978 3305 2021 3372 C
2060 3316 2200 3380 tem,
2232 3329 2337 3368 cur
2365 3311 2678 3384 quaesitum
2712 3311 2808 3381 sit,
2842 3315 3042 3368 utrum
3073 3313 3276 3368 anima
3304 3312 3429 3370 sola
3445 3315 3710 3386 tempore

297 3418 417 3457 non
437 3404 629 3474 potest
649 3399 1070 3472 moveri,quem
1093 3402 1320 3456 constat
1341 3397 1504 3455 nulla
1529 3397 1943 3455 mutabilitatis

295 3489 425 3564 lege
453 3489 859 3546 vinciri.Porro
888 3505 992 3562 per
1010 3489 1140 3546 loca
1157 3488 1292 3561 quis
1313 3489 1532 3544 moveri
1551 3488 1735 3544 Deum
1758 3491 1944 3560 putet,

299 3597 436 3637 cum
468 3579 594 3653 ipse
625 3578 695 3634 de
725 3578 1039 3652 semetipso
1069 3578 1228 3635 dicat
1260 3595 1273 3634 :
1309 3579 1515 3635 Caelum
1541 3585 1592 3634 et
1623 3585 1825 3634 terram
1851 3593 1945 3650 ego

299 3669 540 3742 impleo?
568 3670 700 3740 (Jer.
730 3684 894 3736 XXIII,
920 3669 1038 3737 24.)
1065 3668 1136 3723 Et
1163 3667 1304 3724 item
1338 3685 1352 3724 :
1388 3667 1562 3736 Quam
1578 3666 1798 3723 domum
1814 3667 1948 3724 .sedi-
1987 3691 1997 3695 -

285 3759 527 3833 ﬁcabitis
553 3760 717 3828 mihi,
747 3757 884 3814 dicit
910 3758 1192 3824 Dominus,
1226 3765 1322 3813 aut
1368 3759 1494 3829 quis
1546 3757 1693 3813 locus
1741 3757 1946 3829 requie-

284 3851 454 3906 tionis
481 3851 664 3907 meae?
688 3863 870 3906 nonne
897 3864 1096 3904 manus
1121 3864 1245 3904 mea
1269 3847 1398 3920 fecit
1430 3846 1553 3904 haec
1578 3847 1766 3903 omnia
1783 3846 1940 3918 ?(Isa.

283 3956 436 4008 LXVI,
472 3938 547 4012 1.)
581 3942 844 4012 Itemque
883 3937 1160 3994 Salomon
1213 3935 1690 4009 sapientissimus
1737 3937 1819 3992 ait
1867 3935 1946 3992 lo-

284 4045 476 4102 quens
507 4029 579 4084 ad
610 4028 798 4086 Deum
835 4045 848 4086 :
880 4027 945 4084 Si
971 4029 1122 4085 enim
1147 4027 1345 4082 cretum
1373 4033 1424 4083 et
1452 4027 1573 4082 caeli
1615 4026 1874 4082 contorum
1899 4032 1948 4082 te

277 4133 474 4190 capere
499 4133 612 4175 non
633 4125 883 4191 possunt,
915 4124 1119 4189 quanto
1147 4117 1327 4186 magis
1369 4117 1489 4173 haec
1531 4115 1724 4172 domus
1773 4132 1948 4187 quam

277 4207 596 4280 aediﬁcavi?
625 4207 726 4280 (III
748 4207 1004 4277 Reg.vm.
1028 4205 1146 4279 27.)
1166 4206 1236 4262 Et
1264 4204 1480 4261 iterum
1521 4204 1594 4261 de
1627 4203 1946 4286 Sapientia,

285 4313 420 4370 quis
460 4296 616 4354 Deus
647 4301 756 4366 est,
792 4295 1073 4353 scribitur
1104 4312 1118 4352 :
1150 4296 1382 4368 Attingit
1407 4303 1588 4352 autem
1607 4313 1640 4350 a
1657 4296 1767 4367 ﬁne
1781 4307 1952 4367 usque

291 4386 367 4442 ad
409 4387 577 4459 ﬁnem
617 4387 860 4458 fortiter,
908 4393 961 4442 et
1009 4385 1249 4458 disponit
1295 4388 1484 4442 omnia
1527 4387 1770 4442 suaviter
1798 4383 1948 4458 (Sap.

216 4474 226 4482 ’
285 4490 415 4542 VIII,
450 4473 525 4546 1).
559 4473 620 4530 Si
651 4489 788 4548 ergo
821 4473 950 4546 ejus
980 4473 1070 4530 vis
1100 4472 1301 4530 omnia
1327 4476 1684 4546 penetrat,et
1704 4475 1956 4546 angusta

279 4565 376 4620 est
395 4561 686 4619 Creatoris
706 4561 1103 4637 magnitudini
1127 4565 1400 4618 creatura
1415 4579 1518 4636 per
1535 4577 1671 4618 eum
1693 4561 1948 4629 condita,

2054 3405 2374 3470 moveatur,
2408 3399 2543 3456 cuin
2565 3400 2766 3458 omnia
2794 3418 2923 3474 quae
2952 3401 3154 3458 vivunt
3183 3402 3424 3475 quidem
3455 3419 3631 3460 succo
3651 3407 3710 3460 et

2052 3488 2366 3558 viriditate,
2400 3489 2502 3545 sed
2533 3492 2591 3546 et
2617 3506 2686 3546 ea
2714 3505 2844 3562 quae
2886 3489 3093 3546 vivunt
3139 3489 3378 3562 quidem
3425 3489 3628 3547 anima
3651 3493 3710 3547 et

2053 3583 2255 3635 carent
2302 3579 2547 3646 ratione,
2579 3579 2845 3650 subjecta
2891 3579 3011 3636 sint
3057 3579 3247 3636 motui
3303 3597 3408 3652 per
3449 3583 3704 3653 tempus.

2055 3669 2294 3724 Frustra
2317 3667 2500 3741 igitur
2527 3669 2600 3725 de
2627 3668 2827 3724 anima
2855 3667 2982 3726 sola
3021 3671 3223 3724 utrum
3266 3671 3530 3742 tempore
3563 3676 3708 3726 'mo—

2052 3759 2256 3813 veatur
2285 3757 2622 3830 requiritur,
2657 3758 2814 3829 quod
2847 3757 2898 3813 ei
2927 3774 3061 3812 cum
3104 3755 3378 3829 pluribus
3425 3756 3708 3813 creaturis

2053 3862 2366 3902 commune
2385 3863 2513 3902 esse
2534 3847 2837 3920 probatur.
2847 3845 2908 3900 In
2921 3845 3031 3901 hoc
3044 3849 3276 3901 tantum
3293 3844 3708 3918 distans,quod

2053 3952 2122 3992 ea
2151 3936 2516 3993 mutabilitas
2545 3934 2848 4009 temporis,
2881 3951 3008 4008 quae
3038 3933 3170 3991 aliis
3201 3933 3414 3990 accidit
3433 3933 3708 4008 plurimis

2053 4023 2454 4094 increscendo,
2477 4025 2907 4094 imminuendo,
2931 4023 3334 4098 corporalibus
3358 4023 3562 4097 utique
3582 4041 3708 4082 mo-

2057 4117 2168 4184 dis,
2202 4115 2339 4171 huic
2365 4113 2578 4171 accidit
2607 4112 2971 4188 spiritaliter,
3007 4113 3161 4170 sicut
3188 4117 3280 4170 est
3309 4129 3514 4186 sapere
3531 4116 3591 4170 et
3608 4115 3710 4171 de-

2057 4205 2266 4278 sipere.
2300 4205 2366 4259 In
2397 4203 2490 4260 bis
2521 4220 2777 4276 namque
2815 4202 2956 4260 solis
3005 4219 3264 4260 crescere
3292 4205 3351 4258 et
3379 4203 3732 4282 decrescere

2057 4295 2274 4352 dicitur
2301 4294 2672 4351 anima.Nam
2694 4291 3094 4367 temporaliter
3123 4293 3710 4365 movetur,sicutjam

2058 4384 2364 4458 praefatum
2396 4383 2743 4452 est,cum.de
2773 4369 2906 4439 aliis
2937 4382 3011 4438 ad
3045 4380 3162 4438 alia
3187 4381 3560 4452 transfertur,
3594 4390 3711 4438 no'n

2060 4474 2356 4528 cremento
2389 4474 2490 4526 aut
2517 4469 3092 4539 diminutione,sicut
3112 4487 3176 4527 se
3195 4469 3416 4528 habent
3443 4469 3711 4544 plurimis

2061 4563 2359 4630 creaturae,
2393 4577 2522 4633 quae
2551 4563 2862 4616 moventur
2889 4559 3175 4632 corporali
3196 4559 3708 4618 conversione.Sed

283 4649 612 4708 Psalmista
640 4651 868 4709 dicente
903 4667 916 4706 :
946 4651 1346 4722 Magnitudinis
1393 4651 1510 4724 ejus
1555 4667 1667 4708 non
1717 4659 1798 4707 est
1823 4651 1953 4722 ﬁnis
1982 4684 2030 4750 Β
2063 4649 2243 4706 motio
2263 4649 2394 4721 ejus
2415 4648 3714 4722 maximeconsistitinmorumvoluntatisque

281 4742 380 4830 (Ps
394 4741 470 4797 at.
497 4757 682 4830 exuv,
713 4741 791 4814 3),
823 4739 956 4816 quis
987 4741 1220 4830 credere
1251 4741 1603 4830 possitreum
1633 4756 1737 4830 per
1756 4738 1952 4830 locum
1982 4738 2025 4750 ”
2062 4738 2512 4830 permutatione.
2545 4743 2695 4830 Ipsa,
2713 4743 2905 4830 tamen
2937 4738 3133 4795 locum
3177 4738 3443 4830 cardinis.
3480 4741 3710 4830 tenens,

279 4829 540 4900 moveri,
581 4830 676 4886 cui
735 4847 851 4886 non
908 4833 1071 4903 patet
1124 4829 1290 4886 locus
1322 4829 1460 4886 alibi
1493 4829 1854 4886 secedendi?
1893 4829 1954 4886 Si

289 4919 454 4975 enim
487 4919 686 4975 omnia
715 4919 943 4993 implet,
977 4918 1178 4976 nullus
1205 4935 1427 4976 vacuus
1455 4917 1622 4975 locus
1670 4922 1952 4974 remanet.

279 5006 452 5064 Unde
483 5011 654 5080 patet
683 5008 928 5082 implere
957 5009 1160 5066 omnia
1196 5009 1296 5082 qui
1344 5009 1609 5064 condidit
1660 5005 1950 5068 universa.

277 5097 662 5170 Augustinus
694 5097 756 5154 in
786 5097 937 5154 libro
968 5099 1040 5154 de
1069 5099 1278 5154 Genesi
1321 5099 1393 5154 ad
1447 5099 1703 5154 litteram
1751 5101 1954 5154 octavo

278 5190 428 5260 (cap.
450 5186 572 5260 19):
597 5210 626 5238 «
651 5187 917 5244 Dicimus
938 5187 1137 5261 itaque
1163 5187 1360 5261 ipsum
1393 5203 1950 5256 summum,verum,

279 5292 473 5332 unum
491 5293 560 5332 ac
578 5275 770 5333 solum
797 5277 1246 5346 Deum,Patrem
1269 5281 1326 5333 et
1349 5276 1562 5333 Filium
1585 5281 1644 5334 et
1667 5277 1955 5350 Spiritum

281 5368 583 5436 sanctum,
605 5365 665 5422 id
685 5369 775 5423 est
793 5366 1384 5438 Deum,Verbumque
1405 5368 1623 5438 ejus,et
1645 5365 1961 5439 utriusque

281 5453 596 5527 Spiritum,
623 5453 972 5522 Trinitatem
994 5455 1406 5528 ipsam,neque
1429 5455 1602 5511 confu
1616 5471 1964 5527 sam,neque

281 5547 639 5617 separatam,
665 5544 852 5600 Deum
884 5543 986 5618 qui
1017 5544 1182 5601 solus
1214 5544 1392 5601 habet
1408 5543 1956 5613 immortalitatem,

281 5635 346 5690 et
376 5631 570 5688 lucem
598 5632 826 5689 habitat
854 5633 1344 5702 inaccessibilem,
1366 5649 1543 5705 quem
1573 5648 1745 5688 nemo
1765 5632 1958 5688 homi-

281 5737 432 5782 num
459 5721 628 5796 vidit,
662 5739 769 5780 nec
789 5721 986 5781 videre
1015 5726 1338 5799 potest,nec
1368 5719 1635 5782 locorum
1669 5719 1759 5778 vel
1789 5721 1958 5780 ﬁnito

2064 4845 2200 4884 cum
2231 4829 2310 4884 sit
2347 4828 2613 4901 spiritus,
2645 4829 2898 4886 vivificat
2929 4845 2994 4884 ac
3047 4832 3239 4884 movet
3277 4825 3540 4883 localiter
3586 4825 3712 4882 suis

2065 4918 2304 4974 nutibus
2335 4935 2569 4991 corpus.
2596 4919 2911 4974 Moti-onem
2945 4932 3200 4988 namque
3239 4917 3367 4987 ejus
3414 4913 3712 4988 propriam

2062 5012 2228 5080 pater
2254 5008 2621 5081 Augustinus
2649 5023 2811 5062 more
2840 5023 2946 5062 suo
2977 5004 3326 5062 excellenter
3354 5002 3636 5070 insinuat,
3650 5003 3712 5058 in

2061 5095 2420 5169 expositione
2452 5094 2666 5170 psalmi
2697 5094 2999 5151 centesimi
3031 5091 3473 5166 quadragesimi
3521 5090 3714 5164 quinti

2061 5185 2305 5242 dicens:
2341 5210 2369 5238 «
2398 5187 2543 5242 Ecce
2591 5185 2766 5242 homo
2817 5187 2954 5256 stat,
3005 5185 3202 5238 cantat
3248 5181 3364 5237 Deo
3412 5179 3714 5254 aliquanto

2065 5275 2367 5348 prolixius,
2399 5279 2457 5332 et
2482 5291 2632 5347 saepe
2660 5273 2818 5329 labia
2845 5275 3152 5328 moventur
3181 5271 3254 5328 ad
3285 5268 3714 5344 cantum,ng-

2065 5363 2208 5422 tatio
2241 5368 2436 5421 autem
2463 5381 2568 5436 per
2595 5361 2790 5419 nescio
2822 5379 2949 5434 quae
2975 5360 3266 5417 desideria
3305 5359 3480 5417 volat.
3513 5357 3718 5416 Stabat

2067 5470 2204 5528 ergo
2235 5471 2402 5510 mens
2433 5455 2634 5508 nostra
2664 5450 2918 5524 quodam
2949 5449 3123 5506 modo
3155 5450 3229 5506 ad
3256 5448 3494 5506 laudem
3523 5448 3718 5518 Dei,et

2069 5543 2268 5598 anima
2299 5545 2500 5598 nostra
2526 5556 2630 5612 per
2659 5530 2919 5596 diversos
2947 5537 3300 5612 cupiditates
3317 5537 3406 5594 vel
3427 5553 3599 5595 curas
3619 5554 3720 5595 ne-

2067 5633 2360 5706 gotiorum
2389 5631 2498 5686 hac
2529 5632 2704 5702 atque
2750 5627 2883 5684 illac
2924 5627 3210 5684 ﬂuitabat.
3241 5625 3418 5695 Quasi
3467 5627 3721 5702 desuper

2068 5721 2320 5780 attendit
2349 5720 2477 5796 ipsa
2505 5735 2674 5781 mens
2705 5718 2780 5778 ad
2810 5716 3138 5798 ﬂuitantem
3165 5717 3277 5780 hac
3307 5720 3482 5793 atque
3501 5715 3720 5792 illac,et
