4204 6462
473 414 595 477 943
1250 409 1643 472 HINCMARI
1691 407 1931 471 RHEM.
1979 405 2345 468 ARCHIEP.
2391 406 2803 469 OPUSCULA
2854 404 3114 467 VARIA.
3773 402 3899 462 944

465 545 597 618 ejus
626 542 1033 617 inquietudine
1060 541 1466 599 molestiarum
1489 541 1659 615 quasi
1682 555 1962 599 conversa
1980 538 2120 595 allo-
2145 542 2198 606 Α
2229 538 2624 611 promittendo
2658 537 2776 594 illis
2811 554 2824 594 :
2858 538 2966 607 Qui
3002 536 3193 606 diligit
3235 552 3322 591 me
3365 535 3634 605 diligetur
3662 550 3698 590 a
3725 534 3899 591 Patre

466 634 671 708 quitur
700 650 714 690 :
750 633 960 700 Lauda,
982 633 1179 689 anima
1206 648 1350 699 mea,
1377 630 1835 703 Dominum,quid
1857 634 1949 686 est
1967 628 2122 701 quod
2233 643 2369 695 meo,
2401 633 2454 683 ct
2477 643 2576 697 ego
2604 626 2840 696 diligam
2869 643 3015 695 eum,
3043 633 3098 682 et
3120 624 3485 697 mnifestabo
3514 625 3785 696 meipsum
3804 623 3900 680 illi

472 724 544 780 de
572 722 706 781 aliis
734 723 911 779 rebus
954 720 1218 796 satagis?
1247 720 1388 794 quid
1433 725 1524 777 est
1569 720 1725 794 quod
1776 723 1833 775 te
1878 722 2127 792 occupat
2235 715 2419 789 (Joan.
2450 734 2566 784 xxv,
2598 718 2713 786 21).
2748 717 2817 772 Et
2845 732 2961 772 non
2992 714 3187 771 solum
3218 714 3421 782 se,sed
3453 713 3631 770 etiam
3666 711 3895 770 Patrem

473 829 616 868 cura
644 828 841 869 rerum
870 814 1236 867 terrenarum
1267 814 1444 883 atque
1475 808 1818 866 mortalium
1838 808 1868 864 ‘l
1890 809 1993 864 Sta
2014 824 2128 863 me-
2232 807 2293 861 et
2321 803 2606 878 Spiritum
2637 809 2928 873 sanctum,
2950 802 3401 877 inseparabilem
3424 801 3651 859 scilicet
3668 801 3897 858 trinum

475 900 816 969 cum,lauda
843 899 1259 956 Dominum.Et
1285 899 1455 972 quasi
1488 898 1616 971 ipsa
1647 897 1847 954 anima
1876 911 2126 971 prmgra-
2235 893 2444 959 Deum,
2479 892 2860 951 dilectoribus
2890 892 3015 950 suis
3043 891 3336 967 promittit
3363 892 3433 948 ad
3445 892 3733 960 futurum,
3755 907 3895 948 cum

475 993 630 1060 vata,
661 993 721 1046 et
748 1004 867 1046 non
893 987 1096 1045 valens
1124 988 1208 1044 ita
1253 987 1575 1045 consistere
1623 991 1691 1044 ut
1733 986 1981 1060 dignum
2015 988 2126 1054 cst,
2236 983 2420 1040 dicit:
2445 984 2554 1053 Qui
2590 983 2779 1056 diligit
2822 1000 2929 1054 me,
2976 998 3282 1040 sermonem
3322 998 3509 1039 meum
3553 982 3813 1050 servabit,
3846 987 3901 1038 et

479 1077 795 1152 respondet
819 1077 1040 1134 menti:
1065 1076 1247 1133 Laudo
1277 1077 1570 1133 Dominum
1597 1077 1660 1133 in
1689 1078 1802 1133 vita
1828 1073 2127 1142 mea.Quid
2239 1073 2404 1130 Pater
2428 1089 2581 1130 meus
2607 1074 2802 1146 diliget
2826 1090 2972 1141 eum,
3001 1081 3058 1130 et
3077 1073 3149 1130 ad
3176 1089 3303 1130 eum
3327 1073 3628 1140 veniemus,
3657 1079 3713 1129 et
3738 1088 3900 1130 man-

480 1170 573 1225 est
597 1166 659 1224 in
686 1166 809 1224 vita
850 1165 1023 1244 mea?
1049 1165 1190 1240 quia
1236 1166 1411 1222 modo
1459 1166 1521 1222 in
1567 1169 1756 1222 morte
1800 1180 1932 1220 mea
1971 1180 2128 1220 sum.
2236 1163 2449 1219 sionem
2475 1162 2622 1236 apud
2650 1178 2777 1219 eum
2800 1164 3070 1237 faciemus
3101 1161 3283 1235 (ibid,
3314 1162 3432 1235 23).
3463 1161 3576 1219 Sed
3601 1165 3662 1218 et
3680 1160 3753 1217 de
3774 1160 3901 1235 Spi-

480 1256 633 1330 Ergo
657 1255 822 1328 prius
850 1255 1158 1312 exhortare
1186 1260 1264 1323 te,
1295 1259 1355 1311 et
1379 1254 1512 1311 die:
1541 1255 1741 1324 Lauda,
1774 1256 1962 1310 anima
1989 1270 2129 1324 mea,
2241 1251 2356 1308 ritu
2400 1255 2602 1309 sancto
2651 1250 2943 1325 promittit
2989 1251 3145 1325 quod
3194 1252 3350 1325 apud
3400 1267 3501 1308 eos
3547 1254 3806 1316 maneat,
3837 1254 3899 1306 et

483 1346 795 1401 Dominum.
811 1345 1146 1419 Respondet
1175 1343 1281 1400 tibi
1310 1345 1510 1401 anima
1539 1348 1641 1401 tua
1669 1361 1683 1400 :
1718 1344 1916 1401 Laudo
1946 1360 2131 1418 quan-
2240 1345 2303 1401 in
2331 1341 2417 1399 eis
2443 1342 2539 1399 sit.
2572 1341 2683 1398 Sed
2713 1340 2837 1397 hanc
2864 1340 3009 1397 visio
3042 1344 3239 1397 utrum
3284 1357 3387 1413 per
3430 1339 3635 1397 oculos
3682 1356 3899 1412 corpo-

483 1436 616 1490 tum
664 1450 929 1506 possum,
958 1432 1234 1502 tenuiter,
1267 1432 1510 1500 exiliter,
1541 1432 1872 1490 infirmiter.
1904 1431 2136 1500 Quare?
2243 1448 2374 1489 reos
2398 1431 2522 1500 ﬁat,
2552 1446 2627 1486 an
2656 1429 3048 1503 incorporeas,
3082 1429 3267 1495 multo
3297 1429 3547 1504 quaesita
3580 1428 3897 1504 investiga-

484 1521 627 1594 quia
671 1522 934 1596 quandiu
983 1539 1194 1579 sumus
1240 1522 1301 1579 in
1340 1538 1601 1596 corpore,
1633 1521 2078 1596 percgrinamur
2102 1538 2139 1578 a
2240 1526 2372 1578 tum
2403 1523 2576 1590 est,ct
2603 1536 2638 1577 a
2665 1519 2886 1577 sanctis
2917 1518 3188 1577 Patribus
3216 1535 3312 1577 res
3333 1521 3601 1589 tanta,eo
3630 1519 3789 1593 quod
3820 1517 3903 1576 sit

486 1610 757 1669 Domino.
786 1614 977 1679 Quare
1004 1611 1091 1668 sic
1120 1610 1329 1668 laudas
1362 1610 1694 1682 Dominum,
1716 1629 1832 1668 non
1863 1611 2133 1686 perfecte,
2244 1610 2686 1677 obscurissima,
2720 1609 2977 1666 maxima
3005 1608 3400 1682 disputatione
3430 1607 3686 1682 pulsata.
3702 1608 3903 1665 Diceu~

488 1716 605 1757 non
650 1698 979 1757 stabiliter?
1028 1699 1329 1774 Interroga
1373 1699 1757 1773 Scriptorum,
1797 1701 1898 1773 qui
1946 1716 2140 1774 corpus
2246 1699 2409 1757 tibus
2438 1698 2590 1767 aliis,
2624 1699 2780 1772 quod
2811 1698 2966 1755 Deus
2993 1696 3306 1756 invisibilis
3334 1715 3450 1755 non
3482 1701 3684 1772 posset
3712 1697 3902 1754 videri

486 1789 629 1862 quod
652 1790 1027 1862 corrumpitur
1050 1797 1317 1862 aggravet
1349 1791 1616 1860 animum,
1647 1798 1699 1846 et
1724 1790 1984 1863 deprimit
2028 1798 2140 1847 ter-
2249 1805 2353 1863 per
2408 1793 2739 1844 creaturam
2795 1786 3087 1845 visibilem
3146 1791 3324 1862 atque
3376 1802 3718 1861 corpoream
3748 1803 3763 1843 :
3796 1786 3903 1844 sed

486 1879 1036 1981 rena-‘in'l't‘ab‘itatio.
1065 1895 1302 1979 sensum
1361 1879 1541 1981 multa
1603 1881 1933 1950 cogitantem
1986 1879 2137 1954 (Sap.
2167 1914 2218 1981 Β
2249 1876 2406 1952 quod
2433 1876 2746 1952 Apostolus
2777 1877 2922 1934 dicit
2949 1894 2964 1932 :
2996 1877 3154 1981 Nunc
3175 1893 3275 1950 per
3318 1877 3601 1951 speculum
3630 1879 3695 1934 in
3718 1879 3905 1949 ωηίσ-

489 1982 568 2035 xx,
602 1967 712 2037 15).
745 1964 907 2023 Tolle
935 1965 1082 2023 mihi
1111 1983 1326 2040 corpus
1348 1967 1505 2040 quod
1536 1972 1816 2042 aggravat
1856 1969 2140 2038 animam,
2168 1964 2218 1981 "
2252 1974 2414 2037 mate,
2465 1975 2594 2024 tunc
2639 1975 2824 2024 autem
2865 1968 3009 2038 facie
3053 1965 3126 2023 ad
3171 1967 3370 2039 faciem
3408 1967 3459 2038 (I
3481 1966 3605 2025 Cor.
3630 1983 3759 2031 xm.
3790 1968 3903 2041 t2).

490 2058 550 2111 et
577 2055 753 2112 laudo
786 2055 1122 2113 Dominum.
1147 2055 1309 2114 Tolle
1337 2055 1484 2112 mihi
1516 2061 1809 2115 terrenam
1840 2057 2146 2114 habitatio-
2252 2057 2362 2113 hoc
2392 2056 2472 2112 sit
2499 2057 2653 2130 quod
2687 2056 2770 2113 ait
2801 2073 2815 2112 :
2848 2056 3005 2112 Nunc
3028 2071 3288 2125 cognosco
3325 2072 3395 2114 ea:
3435 2064 3614 2128 parte,
3641 2063 3778 2113 tunc
3800 2073 3907 2112 au-

494 2161 628 2200 nem
658 2145 1083 2217 deprimentem
1129 2162 1369 2202 sensum
1401 2145 1590 2203 multa
1618 2146 1995 2219 cogitantem,
2023 2151 2082 2204 et
2109 2165 2144 2205 a
2252 2153 2359 2203 tem
2381 2162 2695 2215 cognoscam
2721 2146 2865 2202 sicut
2889 2154 2943 2202 et
2967 2147 3214 2215 cegnitus
3240 2162 3363 2203 sum
3391 2145 3594 2219 (ibid).
3627 2145 3738 2202 Alii
3769 2162 3908 2203 vero

494 2232 700 2289 multis
729 2233 787 2288 in
827 2250 1013 2289 unum
1062 2235 1355 2291 conﬂuam
1404 2239 1470 2290 ut
1520 2234 1755 2291 laudem
1806 2236 2143 2293 Dominum.

495 2321 787 2389 Quamdiu
818 2327 1015 2379 autem
1044 2323 1129 2380 ita
1158 2340 1314 2396 sum,
1345 2340 1462 2380 non
1499 2340 1763 2397 possum,
1795 2341 2143 2398 prlegravor.

495 2410 648 2479 Quid
681 2412 858 2485 ergo?
892 2411 1114 2482 silebis,
1145 2415 1204 2469 et
1229 2430 1348 2470 non
1376 2411 1648 2470 laudabis
1676 2414 1927 2488 perfecte
1949 2414 2145 2472 Domi-

497 2499 687 2557 num?
718 2501 969 2559 Laubabo
995 2503 1287 2560 Dominum
1316 2503 1379 2559 in
1399 2503 1514 2559 vita
1536 2518 1678 2560 mea.
1709 2524 1738 2555 »ι

1115 2635 1348 2694 CAPUT
1383 2638 1533 2696 VIII.

504 2743 694 2802 Utrum
718 2744 1028 2800 substantia
1053 2743 1365 2822 divinitatis
1392 2747 1771 2822 corporalibus
1813 2749 1987 2806 oculis
2029 2759 2149 2822 post

792 2817 1245 2873 resurrectionem
1269 2817 1560 2890 corporum
1582 2819 1854 2876 videatur.

576 2948 858 3007 Octavum
887 2949 1232 3024 capitulum,
1264 2951 1421 3024 quod
1453 2955 1512 3008 et
1541 2951 1817 3010 ultimum
1847 2955 2153 3030 est,requi-

2253 2240 2527 2292 asserunt
2554 2252 2831 2307 congrue,
2856 2239 2922 2291 ut
2950 2235 3175 2308 corpori
3200 2234 3445 2308 spiritali
3466 2235 3525 2291 id
3549 2233 3912 2291 attribuatur

2255 2324 2620 2395 muneris,‘ut
2648 2325 2918 2398 quamvis
2939 2341 3151 2398 corpus
3173 2323 3415 2397 sit,quia
3434 2323 3684 2398 spiritali
3706 2328 3908 2381 tamen

2254 2414 2562 2488 praeditam
2621 2417 2713 2470 est
2755 2413 3060 2488 dignitate,
3108 2413 3298 2487 ipsam
3357 2413 3765 2488 Redemptoris
3812 2414 3909 2471 sui

2256 2507 2550 2562 mereatur
2567 2501 2816 2578 gloriam
2838 2503 3237 2576 contueri,pro
3255 2502 3427 2575 cujus
3447 2518 3645 2559 amore
3662 2518 3784 2559 non
3804 2502 3914 2559 duo

2254 2592 2462 2650 bitavit
2473 2593 2535 2650 in
2552 2593 2663 2650 hoc
2679 2591 2891 2650 sarculo
2906 2591 3152 2650 diversis
3172 2591 3533 2650 cruciatibus
3553 2595 3733 2665 atque
3748 2589 3915 2649 labo-

2257 2681 2421 2740 ribus
2450 2682 2624 2739 afﬁci.
2648 2682 2730 2739 De
2760 2698 2879 2756 qua
2905 2698 2966 2741 re
2983 2680 3162 2738 unius
3180 2680 3293 2738 hoc
3312 2685 3403 2738 est
3420 2679 3577 2739 beati
3590 2681 3909 2756 Augustini

2256 2773 2414 2830 dicta
2433 2772 2729 2847 ponimus,
2753 2771 2855 2846 qui
2876 2787 3296 2846 praecessorum
3318 2787 3560 2829 suorum
3582 2787 3799 2829 sensus
3816 2786 3883 2828 re
3898 2800 3913 2811 -

2255 2862 2456 2938 legens
2485 2861 2627 2936 quid
2659 2862 2731 2919 de
2758 2861 2870 2919 hoc
2890 2861 3141 2918 senserit
3156 2861 3519 2918 videamus.«
3542 2860 3915 2934 Quapropter

2257 2968 2394 3009 cum
2411 2968 2480 3008 ex
2497 2951 2811 3024 me,inquit
2828 2951 3071 3022 (lib.xxu
3085 2950 3154 3007 de
3174 2950 3335 3008 Civit.
3350 2951 3471 3018 Dei,
3497 2966 3619 3024 cap.
3638 2949 3718 3019 9),
3744 2965 3910 3023 qum-

501 3036 598 3108 rit,
627 3042 828 3095 utrum
853 3039 1187 3096 substantia
1204 3038 1525 3098 divinitatis
1543 3041 1946 3116 corporalibus
1965 3043 2151 3101 oculis
2258 3041 2410 3099 ritur
2428 3040 2570 3114 quid
2592 3039 2780 3097 acturi
2808 3041 2929 3098 sint
2947 3039 3136 3097 sancti
3157 3032 3219 3095 in
3238 3037 3338 3095 illo
3356 3054 3600 3112 corpore
3629 3037 3909 3112 spiritali,

500 3130 636 3200 post
651 3127 1135 3186 resurrectionem
1155 3145 1467 3203 corporum
1485 3129 2012 3190 videatur.Scimus
2027 3133 2153 3208 qui-

2258 3148 2375 3188 non
2402 3131 2532 3187 dico
2562 3129 2717 3202 quod
2742 3130 2871 3203 jam
2902 3128 3088 3200 video,
3118 3128 3219 3186 sed
3253 3127 3384 3184 dico
3410 3127 3567 3201 quod
3596 3127 3792 3196 credo,
3817 3144 3913 3185 se-

500 3217 637 3273 dem
667 3221 1005 3275 sanctorum
1036 3218 1326 3276 desideria
1354 3218 1415 3276 in
1445 3218 1556 3276 hac
1580 3219 1702 3277 vita
1729 3221 2056 3294 positorum
2077 3226 2148 3283 ad
2195 3287 2231 3294 _
2257 3221 2519 3278 cundum
2550 3218 2692 3276 illud
2725 3218 2881 3292 quod
2911 3217 2973 3274 in
3004 3217 3234 3276 Psalmo
3259 3217 3426 3292 lego:
3453 3215 3675 3274 Credidi
3686 3225 3916 3291 propter

501 3304 999 3379 hocpotissimum
1012 3307 1572 3377 anhelare,utDeum
1585 3287 2146 3372 mereanturvidere.
2184 3287 2232 3358 α
2257 3310 2399 3384 quod
2428 3311 2636 3366 locutus
2670 3287 2796 3366 sum
2841 3308 3014 3382 (Psal.
3047 3324 3175 3375 cxv,
3209 3308 3283 3381 1).
3316 3287 3454 3363 Dico
3501 3287 3704 3380 itaque
3747 3287 3910 3380 quod

501 3393 574 3452 Et
600 3393 713 3452 boc
740 3398 930 3452 totum
969 3399 1078 3466 est,
1107 3401 1345 3470 pr0pter
1386 3399 1544 3471 quod
1592 3398 1688 3455 hic
1734 3416 1970 3459 carnem
2018 3420 2149 3460 ma-
2256 3398 2439 3458 visuri
2467 3402 2608 3456 sunt
2630 3398 2816 3456 Deum
2845 3397 2906 3454 in
2937 3396 3065 3471 ipso
3095 3412 3354 3470 corpore.
3387 3396 3500 3453 Sed
3552 3401 3753 3452 utrum
3806 3411 3913 3469 per

500 3487 704 3540 cerant
721 3483 969 3557 jejuniis
997 3489 1056 3542 et
1083 3485 1320 3560 vigiliis,
1352 3485 1602 3560 aliisque
1638 3488 2024 3548 afﬂictionum
2049 3509 2148 3568 ge-
2257 3487 2637 3563 ipsum,sicut
2665 3505 2768 3563 per
2795 3504 3010 3561 corpus
3058 3503 3217 3544 nunc
3262 3484 3532 3543 videmus
3577 3485 3788 3553 solem,
3818 3484 3911 3543 luo

501 3571 1152 3644 neribus,sicutPaulus
1168 3575 1472 3650 apostolus
1491 3576 1659 3647 dicit;
1677 3582 2079 3655 propterquod
2091 3585 2150 3640 et
2257 3595 2416 3649 nam,
2449 3577 2671 3648 stellas,
2703 3594 2885 3648 mare,
2917 3594 2986 3635 ac
3009 3581 3248 3645 terram,
3276 3579 3337 3632 et
3374 3591 3504 3649 que
3554 3578 3696 3632 sunt
3724 3574 3785 3632 in
3816 3590 3910 3646 ea,

499 3660 898 3721 emolumenta
924 3669 1138 3722 cuncta
1165 3669 1548 3724 contemnant
1575 3668 1941 3744 temporalia,
1960 3688 2146 3746 quan-

501 3754 629 3807 tum
658 3751 786 3809 ﬁeri
814 3756 1043 3826 potest:
1066 3758 1124 3811 et
1151 3753 1201 3812 si
1232 3754 1552 3813 necessitas
1579 3757 1855 3832 exegerit,
1885 3759 2062 3818 etiam
2090 3766 2148 3820 et

500 3855 716 3914 corpus
744 3858 920 3899 suum
948 3841 1308 3901 multimoda:
1333 3845 1577 3901 tradunt
1604 3846 1885 3919 passioni.
1913 3850 1984 3905 Et
2008 3850 2147 3924 quia

498 3928 598 3987 hic
620 3931 817 4004 positi,
848 3930 908 3989 id
939 3937 1030 3990 est
1056 3934 1253 3990 carnis
1280 3951 1455 3991 onere
1500 3937 1865 4008 praegravati,
1895 3954 2031 3995 eum
2058 3939 2142 3996 vi-

497 4018 635 4077 dere
662 4026 981 4095 nequeunt,
1003 4023 1161 4080 sicut
1186 4022 1472 4080 Dominus
1502 4024 1686 4098 Moysi
1716 4026 1834 4083 ait:
1857 4027 1977 4085 Non
1995 4032 2146 4088 enim

495 4109 702 4168 videbit
724 4126 814 4168 me
838 4111 1016 4183 horno,
1049 4119 1100 4168 et
1127 4113 1269 4169 vivet
1294 4112 1686 4184 (Evodxxxm,
1717 4115 1831 4186 30),
1864 4122 2144 4193 satagunt

496 4198 593 4258 bic
611 4200 791 4257 corda
808 4201 1096 4258 mundare
1112 4204 1172 4258 et
1189 4207 1478 4276 quantum
1499 4218 1671 4276 posse
1682 4208 1772 4261 est
1781 4206 1853 4262 ad
1868 4205 1978 4263 hoc
1987 4210 2145 4280 puri-

493 4288 690 4358 ﬁcare,
722 4293 791 4346 ut
817 4290 891 4346 ad
922 4289 1109 4362 ipsius
1127 4291 1410 4348 visionem
1433 4296 1772 4350 mereantur
1788 4295 2139 4371 pertingere,

492 4376 591 4434 hic
618 4378 857 4435 interim
882 4396 986 4452 per
1012 4380 1316 4454 speculum
1339 4382 1399 4439 in
1421 4381 1750 4457 aanigmate,
1765 4387 1825 4442 et
1841 4389 1974 4460 post
1994 4387 2141 4446 facie

492 4467 564 4523 ad
596 4467 825 4536 faciem,
848 4467 1108 4527 dicentes
1136 4475 1248 4527 Deo
1277 4471 1504 4530 intimis
1534 4473 1808 4548 suspiriis
1841 4492 1855 4531 :
1889 4478 2136 4550 Domine,

490 4554 670 4613 dilexi
693 4556 936 4614 decorem
965 4557 1156 4616 dmnus
1183 4568 1316 4630 tam,
1344 4563 1523 4619 locum
1559 4563 1914 4623 habitationis
1941 4569 2142 4638 gloriae

2257 3686 2373 3726 non
2404 3685 2582 3744 parva
2599 3668 2842 3743 quastio
2861 3671 2970 3725 est.
2993 3665 3217 3724 Durum
3238 3668 3332 3723 est
3350 3665 3509 3722 enim
3533 3663 3911 3738 dieere,quod

2256 3760 2443 3816 sancti
2471 3757 2614 3816 talia
2640 3774 2886 3832 corpora
2910 3761 3053 3814 tunc
3081 3755 3400 3824 habebunt,
3435 3757 3502 3811 ut
3528 3770 3645 3812 non
3676 3753 3913 3828 possint

2254 3848 2456 3906 oculos
2485 3847 2757 3906 claudere
2791 3851 2967 3920 atque
2996 3845 3221 3920 aperire
3250 3861 3387 3901 cum
3415 3843 3619 3901 volunt
3648 3860 3663 3900 :
3696 3842 3911 3902 durius

2253 3939 2637 4012 autem,quod
2665 3936 2745 3993 ibi
2769 3936 2957 3993 Deum
2976 3935 3248 4009 quisquis
3266 3933 3468 3991 oculos
3485 3931 3763 3991 clauserit
3782 3949 3902 3990 non

2250 4027 2556 4086 videbit.Si
2574 4027 2731 4083 enim
2745 4024 3282 4100 prophetaElisaaus
3291 4040 3541 4098 puerum
3553 4039 3731 4081 suum
3742 4022 3905 4081 Giexi

2252 4117 2467 4175 absens
2486 4132 2725 4190 corpore
2742 4114 2886 4172 vidit
2904 4114 3285 4188 accipientem
3308 4128 3710 4186 munera,quae
3739 4111 3904 4170 dedit

2251 4208 2303 4264 ei
2317 4207 2577 4264 Naaman
2598 4207 2982 4280 Syrus,quem
3004 4204 3289 4278 propheta
3308 4201 3901 4275 memoratusalepra

2249 4296 2618 4354 deformitate
2628 4293 3196 4367 mundaverat,quod
3208 4309 3413 4351 servus
3434 4308 3688 4365 nequam
3707 4291 3902 4349 domi-

2250 4403 2326 4444 no
2347 4403 2454 4444 suo
2476 4402 2593 4442 non
2619 4384 2853 4442 vidente
2881 4383 3131 4441 latenter
3152 4400 3216 4440 se
3243 4381 3450 4440 fecisse
3481 4385 3789 4456 potaverat
3808 4380 3905 4455 (IV

2250 4478 2685 4551 Reg.v),quanto
2697 4474 2888 4550 magis
2899 4473 2960 4530 in
2974 4471 3074 4531 illo
3090 4489 3331 4548 corpore
3346 4470 3595 4546 spiritali
3614 4471 3904 4529 videbunt

2248 4568 2435 4625 sancti
2466 4566 2809 4635 omnia,non
2839 4563 3031 4621 solum
3064 4561 3115 4619 si
3144 4561 3346 4620 oculos
3375 4559 3675 4633 claudant,
3694 4576 3900 4621 verum

493 4654 610 4707 εαέε
634 4649 808 4719 (Ρδαιι
838 4666 970 4719 Ην»
1001 4652 1077 4719 8).
1102 4651 1362 4725 Itemque
1395 4669 1409 4708 :
1447 4655 1568 4711 Tibi
1610 4655 1757 4713 dixit
1797 4673 1892 4714 cor
1935 4675 2138 4731 meum,
2163 4667 2215 4734 Β
2242 4660 2419 4719 etiam
2433 4651 3641 4728 undesuntcorporeabscntes?Tuncenim
3656 4649 3911 4724 eritper-

492 4741 791 4813 acquisivit
820 4747 872 4796 te
896 4741 1069 4813 facies
1092 4757 1235 4809 mea,
1263 4743 1465 4814 faciem
1488 4751 1659 4813 tuam,
1694 4750 1945 4817 Domine,
1957 4754 2143 4822 requi-

493 4846 637 4887 ram.
684 4831 762 4887 Ne
807 4838 1017 4887 avertas
1059 4833 1259 4903 faciem
1303 4840 1454 4888 tuam
1481 4850 1515 4889 α
1542 4850 1648 4904 me,
1687 4851 1759 4891 ne
1800 4835 2035 4894 declines
2080 4841 2145 4896 in

496 4923 584 4977 ira
613 4938 650 4977 ιι
673 4937 828 4978 servo
857 4928 951 4977 tuo
979 4921 1152 4990 (Psal.
1183 4938 1337 4992 xxw,
1367 4923 1444 4995 8).
1476 4922 1587 4979 Sed
1627 4927 1686 4979 et
1731 4923 1875 4981 illud
1910 4942 1924 4981 :
1956 4926 2146 4986 Sitivit

493 5012 683 5067 anima
708 5027 829 5065 mea
857 5010 928 5065 ad
954 5010 1124 5065 Deum
1157 5011 1360 5079 vivum,
1392 5012 1611 5083 qugndo
1642 5015 1855 5069 veniam
1891 5023 1945 5070 et
1969 5031 2142 5090 appa-

491 5101 618 5157 rebo
647 5108 774 5157 ante
807 5101 1011 5173 faciem
1051 5101 1151 5156 Dei
1174 5102 1288 5157 mei
1299 5102 1322 5156 Ρ
1342 5101 1514 5172 (Psal.
1548 5118 1662 5167 XLI,
1692 5103 1774 5171 3.)
1805 5102 2140 5164 Certissima

489 5189 646 5247 enim
679 5189 894 5261 sciunt,
927 5188 1067 5262 quia
1094 5190 1489 5247 remuneratio
1520 5189 1787 5247 laborum
1816 5209 2018 5250 eorum
2048 5200 2141 5254 est

486 5278 636 5335 visio
664 5279 994 5336 Conditoris
1023 5279 1137 5335 sui.
1171 5280 1335 5347 Quod
1366 5279 1623 5336 ostendit
1652 5281 1960 5340 Psalmista
2004 5303 2141 5343 cum

488 5364 631 5424 dicit
661 5367 908 5424 Domino
939 5385 953 5424 :
986 5368 1250 5426 Satiabor
1293 5369 1426 5426 dum
1470 5371 1914 5444 niani/cswbitur
1954 5376 2143 5449 gloria

487 5462 587 5512 tua
614 5457 783 5529 (Psal.
814 5474 930 5527 xw,
964 5458 1072 5530 15).
1106 5459 1267 5525 Quod
1301 5459 1481 5515 etiam
1526 5459 1650 5532 ipse
1701 5463 2005 5533 Dominus,
2037 5465 2139 5538 qui

491 5560 788 5602 summam
813 5546 1195 5605 beatitudinis
1216 5553 1484 5605 constare
1505 5549 1957 5621 demonstrat,in
1979 5570 2141 5629 aspee

491 5637 590 5691 ctu
619 5633 934 5693 Dominicis
965 5635 1229 5706 visionis,
1252 5637 1498 5696 dicendo
1523 5656 1537 5695 :
1560 5642 1716 5699 Beati
1730 5641 1933 5698 mundo
1957 5644 2135 5713 corde,

2251 4751 2469 4808 fectum
2500 4746 2646 4803 illud
2678 4745 2750 4802 de
2787 4761 2903 4818 quo
2950 4743 3200 4816 loquens
3243 4740 3557 4817 Apostolus
3590 4757 3604 4796 :
3636 4740 3723 4797 Ea:
3746 4748 3905 4815 plu-te

2248 4842 2398 4897 enim
2415 4837 2807 4908 cognoscimus,
2839 4833 3054 4907 inquit,
3083 4841 3136 4891 et
3178 4850 3249 4890 ex
3292 4839 3448 4905 parto
3490 4831 3899 4905 prophetamu.

2251 4930 2386 4987 Cum
2410 4936 2594 4984 autem
2620 4926 2828 4982 venerit
2856 4922 2998 4997 quod
3021 4924 3323 4996 perfectum
3347 4930 3447 4992 est,
3478 4920 3621 4996 quod
3644 4937 3717 4977 ex
3740 4928 3905 4994 parte

2245 5027 2327 5077 est
2350 5016 2705 5075 cvawabitur
2732 5018 2784 5084 (Ι
2808 5014 2931 5070 Cor.
2962 5028 3087 5081 xm,
3118 5012 3198 5082 9).
3228 5011 3448 5069 Deinde
3496 5015 3565 5067 ut
3600 5010 3902 5084 quomodo

2247 5111 2446 5181 posset
2474 5104 2674 5177 aliqua
2700 5101 3087 5160 similitudine
3117 5101 3464 5171 ostenderet,
3497 5103 3789 5174 quantum
3820 5099 3900 5156 ab

2247 5195 2351 5252 illa
2382 5212 2510 5268 quae
2540 5195 2737 5250 futura
2765 5197 2855 5250 est
2883 5192 3063 5249 distet
3092 5190 3216 5249 haec
3259 5189 3400 5259 vita,
3434 5207 3549 5246 non
3600 5188 3898 5262 qualium-

2249 5301 2482 5358 cunque
2510 5282 2843 5356 hominum,
2869 5298 3074 5338 verum
3105 5280 3282 5338 etiam
3330 5278 3431 5354 qui
3479 5279 3774 5352 prmcipua
3800 5276 3899 5333 hic

2249 5373 2558 5430 sanctitate
2587 5375 2728 5428 sunt
2755 5370 2981 5445 praediti
3014 5387 3027 5426 :
3058 5371 3195 5428 Cum
3228 5385 3418 5437 essem,
3450 5367 3664 5441 inquit,
3692 5382 3899 5440 pam-

2248 5463 2355 5532 lus,
2388 5465 2550 5536 quasi
2572 5462 2842 5535 parvulus
2868 5461 3166 5534 sapiebam,
3198 5461 3360 5534 quasi
3400 5458 3667 5532 parvulus
3713 5457 3896 5528 loque-

2247 5553 2366 5623 bar,
2395 5554 2559 5626 quasi
2609 5553 2874 5627 parvulus
2929 5553 3254 5621 cogitabam.
3303 5551 3441 5608 Cum
3486 5556 3671 5604 autem
3720 5546 3897 5619 factus

2244 5659 2367 5699 sum
2393 5645 2501 5712 vir,
2530 5642 2792 5700 evacuavi
2816 5656 2944 5715 quae
2969 5642 3194 5714 parvuli
3233 5647 3411 5697 erant
3448 5637 3701 5697 Videmus
3743 5648 3895 5690 nunc

494 5724 757 5802 quoniam
782 5726 895 5802 ipsi
920 5727 1091 5785 Deum
1136 5726 1394 5787 videbunt
1436 5729 1642 5806 (Matth.
1671 5749 1730 5801 v,
1765 5732 1840 5807 8).
1876 5731 2138 5809 Itemque
2238 5750 2341 5810 per
2365 5733 2646 5810 speculum
2695 5733 2758 5789 in
2802 5732 3115 5807 aenigmate,
3147 5740 3277 5790 tunc
3319 5736 3503 5789 autem
3539 5728 3684 5804 facie
3708 5724 3779 5784 ad
3802 5724 3891 5799 fd-
