4152 6510
331 486 449 546 953

1330 488 1430 546 DIC
1474 488 1961 549 COERCENDIS
2010 489 2340 551 MlLI'l‘UM
2391 489 2728 548 RAPlNlS.

3611 490 3732 552 954

1954 787 2112 852 IV.

578 934 721 1017 DE
793 872 1493 1021 COEtttlltNDiS
1576 936 1981 1024 MlLl'i‘U

2072 937 2075 1019 ί
2153 936 2612 1045 RAPIi‘élS,
2694 939 2835 1020 Al.)
2914 935 3484 1022 (lAliOLUM

1732 1087 2023 1142 CALVUM
2065 1086 2333 1141 REGEM.

726 1210 871 1274 Cum
900 1211 959 1269 in
983 1212 1300 1290 procinctu
1333 1212 1479 1271 belli
1500 1224 1638 1271 esset
1668 1222 1729 1272 ut
1755 1212 2044 1272 Ludovici
2067 1212 2285 1292 fratris
2317 1214 2593 1293 impetum
2626 1212 2977 1283 retunderet,
3007 1231 3162 1274 anno
3183 1214 3322 1275 8’59.

1213 1344 1399 1416 (Apud
1431 1347 1726 1413 eumdem,
1763 1364 1831 1400 ex
1859 1346 2055 1400 codice
2086 1346 2145 1401 S.
2182 1345 2427 1418 Remigii
2454 1346 2845 1418 Rhcmensis.)

392 1601 636 1657 Domino
663 1602 914 1674 glorioso
948 1603 1108 1658 salus
1140 1608 1196 1659 et
1224 1605 1356 1659 vita.

394 1691 523 1746 Scio
554 1708 654 1746 vos
685 1692 877 1747 dolere
907 1694 978 1747 de
1012 1694 1139 1749 istis
1174 1693 1363 1755 malis,
1399 1712 1524 1766 qum
1558 1713 1672 1750 non
1712 1695 1901 1750 solum
1936 1715 1969 1752 a

318 1782 694 1854 paganis,sed
720 1785 875 1855 quod
897 1784 1081 1855 magis
1100 1785 1425 1839 timendum
1449 1786 1831 1842 etdolendnm
1857 1793 1965 1855 est,

318 1889 353 1926 a
383 1871 736 1928 Christianis
765 1872 824 1926 in
860 1890 1035 1945 regno
1083 1878 1272 1929 vestro
1322 1876 1489 1942 liunt,
1523 1880 1579 1930 et
1628 1877 1785 1947 quod
1842 1877 1967 1933 sine

316 1962 751 2032 comparatione
774 1961 904 2032 plus
925 1962 1279 2017 horrendum
1297 1965 1769 2019 etdetestandnm
1795 1970 1966 2036 atque

319 2049 862 2120 reprehendendum
896 2056 1003 2119 est,
1020 2051 1080 2106 in
1103 2051 1318 2123 palatio
1340 2056 1711 2125 vestro,qnml
1735 2073 1964 2110 sacrum

321 2138 599 2209 appellari
632 2143 688 2193 et
719 2157 845 2194 esse
876 2141 1064 2207 debet,
1099 2145 1155 2195 et
1186 2141 1243 2195 in
1278 2141 1420 2198 locis
1463 2142 1561 2197 ubi
1583 2162 1684 2199 vos
1716 2144 1875 2209 estis,
1911 2149 1967 2199 et

320 2244 426 2298 per
456 2246 583 2299 qua:
614 2228 953 2284 ambulatis.
988 2230 1112 2283 Non
1145 2231 1299 2285 enim
1332 2232 1457 2286 sine
1490 2250 1697 2303 pavore
1729 2251 1826 2288 cor
1873 2252 1963 2289 ve-

323 2318 481 2371 trum
532 2318 780 2373 transire
830 2323 1015 2389 potest
1067 2321 1219 2390 quod
1273 2321 1555 2376 Dominus
1606 2341 1706 2393 per
1757 2324 1962 2377 Isaiam

322 2404 464 2461 dicit
498 2422 510 2459 :
544 2408 756 2478 Rapina
783 2425 1040 2478 pauperis
1089 2411 1148 2463 in
1180 2409 1332 2465 domo
1373 2420 1547 2465 vestra
1581 2412 1704 2483 (Isa.
1740 2430 1820 2476 ιιι,
1856 2412 1962 2483 14).

320 2495 393 2549 Et
428 2512 439 2550 :
475 2496 653 2550 Causa
684 2498 863 2553 uirtute
904 2515 1011 2551 non
1061 2500 1369 2566 ingreditur
1405 2501 1473 2553 art
1502 2518 1589 2555 eos
1622 2504 1746 2568 (Isa.
1782 2519 1821 2567 1,
1851 2502 1963 2571 23).

320 2583 392 2638 Et
427 2601 439 2640 :
473 2585 511 2639 A
540 2587 731 2655 planta
760 2586 910 2657 pedis
938 2604 1105 2658 usque
1132 2589 1200 2641 (ut
1240 2592 1491 2644 verticem.
1535 2608 1645 2645 non
1692 2598 1766 2645 est
1797 2592 1855 2645 in
1885 2608 1963 2658 eo,

322 2671 381 2727 id
412 2678 501 2727 est
532 2674 589 2728 in
640 2692 818 2745 regno
866 2676 1000 2739 isto,
1047 2680 1259 2731 sanitas
1302 2678 1428 2748 (Isa.
1463 2697 1500 2743 ι,
1535 2681 1607 2745 6).
1662 2682 1731 2734 Et
1780 2680 1913 2734 item
1951 2697 1963 2734 :

319 2761 664 2818 Adulterium
695 2773 745 2820 et
769 2765 1128 2820 homieidimn
1153 2776 1204 2821 et
1234 2770 1451 2838 rapina?
1482 2771 1969 2837 inmutarermzt,ct

318 2854 548 2920 sanguis
577 2856 902 2924 sanguinem
932 2857 1107 2923 tetigit
1136 2855 1274 2925 (Ose.
1313 2874 1386 2923 ιν,
1420 2857 1494 2926 :2),
1530 2856 1585 2911 id
1619 2861 1709 2912 est
1747 2859 1967 2913 crimen

320 2938 553 2995 crimini
604 2960 665 2996 se
712 2942 997 3013 adiunxit.
1028 2944 1098 2998 Et
1138 2944 1513 3000 manifestum
1562 2947 1820 3017 estquia
1868 2947 1965 3001 ubi
2000 2983 2046 3046 B

323 3033 333 3046 ,
381 3027 420 3046 ,.
612 3033 622 3046 .
683 3031 724 3046 π
910 3031 921 3041 .
967 3032 976 3041 .
1066 3033 1079 3046 .
1118 3034 1129 3044 .
1199 3033 1234 3046 ..
1281 3034 1290 3044 .
1837 3041 1845 3046 .
1928 3040 1936 3046 .

318 3027 462 3085 talia
492 3033 649 3098 sunt,
683 3031 836 3086 Deus
868 3031 976 3087 nisi
1013 3033 1082 3086 ad
1106 3033 1399 3103 judicium
1431 3051 1558 3090 esse
1590 3053 1704 3089 non
1755 3040 1964 3107 potest.

319 3118 429 3184 Qui
462 3119 600 3173 item
634 3137 736 3190 per
765 3121 1109 3191 prophetam
1148 3122 1379 3177 dicitad
1417 3142 1514 3179 eos
1551 3124 1650 3196 qui
1686 3125 1741 3179 in
1775 3127 1966 3181 medio

319 3207 528 3262 talium
551 3212 717 3263 erant
748 3225 761 3263 :
796 3215 1023 3281 Propter
1051 3213 1209 3282 quod,
1232 3213 1684 3283 inquiens,e.rite
1709 3216 1773 3271 (te
1793 3216 1967 3273 medio

315 3313 524 3364 eorum,
554 3305 606 3352 et
636 3298 977 3354 immundum
1018 3317 1087 3355 ne
1135 3302 1437 3370 tetigeritis,
1471 3313 1520 3358 et
1565 3321 1661 3372 ego
1704 3307 1966 3376 recipiam

316 3403 426 3453 vos,
460 3395 510 3441 et
544 3388 855 3443 inhabitabo
890 3390 1033 3444 inter
1070 3408 1177 3456 vos,
1210 3399 1260 3445 et
1304 3408 1394 3446 ero
1428 3394 1574 3447 vobis
1608 3395 1665 3447 in
1695 3396 1884 3461 Deum,
1915 3404 1966 3450 et

314 3492 407 3531 vos
431 3478 584 3531 eritis
614 3478 756 3531 mihi
786 3479 843 3532 in
872 3479 1017 3548 ﬁlios
1047 3487 1099 3534 et
1124 3481 1272 3550 ﬁlias
1302 3481 1373 3548 (ll
1405 3480 1523 3535 Cor.
1544 3484 1723 3550 v1,16,
1748 3483 1961 3549 17,18).

315 3563 471 3620 Nihil
502 3565 655 3620 enim
687 3571 775 3621 est
804 3566 961 3622 aliud
997 3570 1148 3640 quod
1182 3568 1275 3623 isti
1313 3570 1550 3637 l'aciunt,
1582 3572 1691 3625 nisi
1723 3590 1967 3644 prrrcur-

317 3654 405 3708 sio
437 3655 725 3710 exercitus
754 3655 1121 3723 Antichristi,
1156 3659 1325 3728 cujus
1374 3677 1511 3715 voce
1559 3661 1781 3716 dictum
1828 3667 1916 3717 est
1948 3680 1960 3717 :

313 3744 433 3798 Non
490 3746 740 3799 movebor
784 3763 817 3799 (ι.
872 3749 1221 3814 generatione
1285 3750 1344 3802 in
1398 3752 1800 3820 generationem
1847 3754 1966 3806 sine

313 3833 459 3888 male
484 3834 657 3901 (Psat.
690 3850 745 3899 Χ,
777 3836 855 3901 6),
889 3834 945 3888 id
979 3838 1088 3901 est,
1122 3839 1283 3890 tanta
1314 3837 1468 3892 mala
1499 3840 1705 3893 faciam
1740 3840 1796 3894 in
1847 3859 1963 3896 uno

314 3920 461 3990 loco,
482 3926 547 3976 ut
576 3926 891 3993 antequam
929 3925 1002 3978 ad
1034 3923 1214 3978 alium
1250 3923 1439 3980 locum
1474 3928 1721 3997 veniam,
1748 3931 1960 3984 adven-

312 4013 440 4065 tum
472 4028 668 4066 meum
702 4011 779 4066 ibi
813 4012 1144 4068 habitantes
1177 4013 1441 4082 timeant,
1477 4016 1631 4071 sicut
1677 4022 1735 4072 et
1764 4024 1965 4089 postea

312 4099 588 4155 sentient.
614 4100 776 4156 Unde
806 4101 1012 4156 timere
1042 4120 1143 4158 vos
1175 4102 1483 4175 scio,quod
1508 4106 1700 4161 omnis
1732 4111 1964 4178 preptcr

310 4187 423 4243 hoc
482 4189 826 4260 deprecatur
882 4189 1179 4246 Ecclesia:
1214 4193 1476 4264 Exsurge,
1521 4194 1749 4250 Domine
1799 4197 1958 4265 Deus,

309 4278 582 4333 multetur
605 4295 801 4334 manus
829 4287 925 4334 tua
955 4280 1136 4351 (ibtd.,
1171 4282 1279 4348 12),
1312 4280 1370 4336 id
1404 4287 1510 4352 est,
1545 4284 1616 4338 ad
1645 4284 1957 4340 vindictam

2003 1610 2052 1674 Α
2084 1608 2251 1680 plebe
2284 1609 2391 1663 sibi
2435 1608 2753 1663 commissa
2801 1606 3070 1675 crassari,
3108 1612 3164 1663 et
3207 1609 3278 1664 ab
3329 1609 3728 1667 admonitione

2078 1699 2329 1753 reticuit.
2366 1699 2694 1768 Propterea,
2733 1698 2997 1761 Domine,
3033 1699 3188 1770 quod
3248 1698 3439 1753 solum
3499 1717 3567 1755 ex
3615 1699 3726 1756 hoc

2074 1787 2237 1843 valeo
2280 1787 2446 1853 facio,
2481 1787 2535 1841 id
2569 1791 2659 1842 est
2690 1787 2791 1841 Dei
2826 1786 3285 1843 misericordiam
3318 1787 3452 1844 inde
3482 1792 3636 1861 peto,
3670 1792 3728 1845 et

2074 1896 2176 1933 vos
2207 1877 2409 1933 exinde
2441 1894 2803 1946 commoneo,
2828 1881 2886 1931 et
2917 1894 3019 1949 per
3043 1875 3230 1943 villas,
3267 1877 3324 1931 in
3357 1877 3575 1949 quibus
3608 1896 3723 1934 non

2076 1967 2265 2021 solum
2298 1967 2568 2021 homines
2599 1965 2921 2032 caballarii,
2955 1966 3053 2021 sed
3087 1966 3263 2021 etiam
3297 1966 3407 2038 ipsi
3426 1966 3724 2024 cocciones

2077 2056 2311 2126 rapinas
2367 2054 2607 2123 faciunt,
2645 2054 3073 2110 admonitiones
3106 2055 3458 2127 presbyteris
3509 2059 3573 2111 ut
3624 2073 3724 2112 eas

2078 2145 2409 2214 raptoribus
2430 2144 2687 2216 relegant
2709 2144 2897 2216 dirigo
2924 2161 2935 2197 :
2964 2161 3214 2215 quarum
3238 2144 3725 2217 exemplardomi-

2076 2233 2293 2287 nationi
2327 2238 2525 2287 vestrm
2557 2233 2912 2300 transmitte,
2938 2237 3003 2287 ut
3032 2238 3252 2288 secrete
3283 2250 3417 2288 eum
3450 2233 3721 2299 teneatis,

2075 2326 2131 2377 et
2163 2325 2231 2377 ad
2264 2323 2517 2393 aliquem
2551 2321 2703 2375 diem
2728 2323 2988 2392 jubeatis
3018 2321 3213 2377 venire
3249 2322 3448 2377 ﬁdeles
3476 2325 3721 2389 vestros,

2075 2410 2334 2464 dicentes
2384 2410 2521 2481 quia
2566 2409 2649 2463 eis
2699 2409 3071 2481 adcognitare
3112 2408 3289 2464 vultis
3337 2410 3725 2482 undecunque

2073 2498 2239 2552 vobis
2270 2498 2458 2570 placet
2489 2499 2700 2564 dicere,
2734 2502 2789 2553 et
2820 2503 3131 2569 antequam
3167 2500 3238 2553 de
3271 2503 3607 2570 peramento
3629 2516 3723 2555 ve-

2076 2590 2195 2641 stro
2228 2588 2295 2641 ad
2331 2587 2663 2641 mansiones
2694 2589 2951 2653 redeant,
2988 2592 3352 2643 commoneto
3382 2606 3480 2644 eos
3509 2603 3724 2644 secun-

2077 2678 2217 2731 dum
2253 2676 2597 2747 sapientiam
2630 2676 2792 2730 vobis
2844 2693 2877 2731 a
2925 2677 3039 2730 Deo
3088 2677 3307 2731 datam.
3340 2678 3411 2731 Et
3460 2676 3724 2733 habeatis

2077 2766 2431 2820 avunculum
2464 2771 2718 2821 vestrum
2746 2765 3085 2831 llodull'um,
3121 2765 3219 2836 qui
3253 2766 3435 2819 Deum
3467 2764 3636 2820 timet
3667 2769 3725 2821 et

2078 2854 2297 2909 malum
2332 2855 2473 2919 odit,
2497 2860 2553 2910 et
2580 2872 2679 2909 vos
2712 2872 2777 2909 ac
2809 2872 3053 2925 regnum
3080 2858 3336 2910 vestrum
3362 2855 3603 2909 charum
3626 2854 3723 2910 ha-

2077 2944 2194 3014 bet,
2227 2946 2296 2999 de
2345 2945 2453 2999 hoc
2502 2944 2947 3009 commonitnm,
2978 2947 3044 2998 ut
3073 2961 3173 2999 vos
3205 2944 3457 3014 adjuvet,
3489 2947 3547 2998 et
3578 2943 3721 2999 alios

2076 3032 2221 3087 tales
2254 3034 2452 3088 ﬁdeles
2481 3038 2721 3098 vestros,
2755 3032 2908 3087 sicut
2939 3032 3121 3087 scitis.
3169 3033 3240 3087 Et
3282 3049 3415 3087 cum
3448 3049 3722 3087 mansue-

2076 3122 2279 3177 tudine
2309 3122 2949 3190 intcrmiscendo,sicut
2982 3138 3135 3177 nunc
3166 3126 3398 3193 tempus
3429 3138 3491 3176 se
3520 3121 3719 3187 habet,

2078 3227 2206 3265 raro
2240 3214 2296 3265 et
2319 3229 2429 3267 non
2462 3210 2639 3265 nimis
2672 3209 2911 3277 duriter,
2945 3210 3431 3265 comminationes
3480 3209 3527 3265 si
3560 3210 3722 3265 vobis

2074 3299 2441 3361 videtur,non
2468 3299 2613 3354 alias
2637 3299 2826 3354 minas
2846 3299 3337 3365 intentando,nisi
3360 3298 3500 3371 quia
3520 3297 3577 3353 in
3611 3299 3722 3355 hoc

2074 3388 2345 3443 videbitis
2378 3390 2474 3459 qui
2510 3390 2624 3444 Deo
2660 3388 2849 3444 fidelis
2879 3394 2985 3454 est,
3021 3393 3079 3444 et
3115 3406 3216 3444 vos
3246 3389 3490 3443 charum
3521 3388 3718 3457 habet,

2076 3479 2228 3532 etde
2255 3478 2419 3533 vobis
2452 3496 2517 3532 ex
2550 3495 2726 3548 regno
2765 3483 2955 3533 vestro
3006 3479 3152 3533 bene
3194 3476 3408 3532 habere
3452 3477 3632 3550 cupit,
3667 3480 3725 3532 et

2076 3566 2157 3621 illi
2185 3568 2389 3621 mereri
2424 3568 2531 3621 hoc
2564 3567 2897 3635 studebitis,
2923 3567 2968 3621 si
3001 3567 3163 3622 vobis
3187 3567 3422 3637 adjutor
3441 3566 3726 3622 exstiterit

2076 3657 2144 3711 ad
2181 3674 2551 3711 communem
2586 3656 2986 3722 salvatii‘mem,
3023 3660 3085 3709 ut
3137 3655 3249 3710 ista
3295 3654 3451 3710 mala
3499 3655 3571 3710 de
3611 3655 3721 3712 isto

2077 3764 2251 3817 regno
2284 3747 2574 3801 recedant.
2615 3745 2679 3800 Et
2709 3746 2805 3817 qui
2859 3746 2916 3800 in
2964 3746 3180 3800 talibus
3233 3744 3329 3799 Dei
3378 3746 3631 3816 adjutor,
3663 3750 3722 3800 et

2072 3839 2260 3889 vester
2310 3834 2535 3889 amicus
2593 3852 2659 3888 ac
2711 3853 2854 3889 suus
2909 3852 3023 3888 non
3076 3833 3265 3897 fuerit,
3303 3849 3417 3886 non
3456 3831 3721 3904 poteritis

2074 3924 2286 3978 habere
2320 3924 2830 3988 delectamentnm,
2869 3926 2931 3976 ut
2963 3922 3105 3977 illud
3138 3923 3357 3976 bonum
3383 3920 3433 3976 ei
3467 3920 3717 3992 faciatis,

2073 4012 2226 4084 quod
2252 4011 2504 4066 faceritis
2526 4012 2573 4066 si
2597 4011 2875 4065 veraciter
2895 4028 3029 4065 eum
3070 4010 3326 4065 amicum
3354 4010 3718 4082 cognovisse-

2071 4101 2166 4156 tis.
2182 4100 2282 4155 Vel
2306 4100 2439 4167 isto,
2461 4105 2562 4155 aut
2583 4099 2695 4155 alio
2714 4101 2906 4167 modo,
2936 4099 3088 4171 quod
3114 4098 3324 4155 melius
3355 4098 3517 4154 scitis
3539 4115 3718 4171 quam

2070 4207 2175 4261 ego
2205 4189 2367 4245 vobis
2401 4189 2619 4261 possim
2646 4189 2928 4254 dicere,et
2958 4186 3168 4243 melius
3191 4186 3542 4261 cognoscitis
3572 4188 3718 4244 ﬁde—

2069 4279 2213 4334 lium
2242 4284 2565 4334 vestrorum
2585 4278 2895 4350 qualitates
2918 4294 3096 4349 quam
3128 4293 3254 4350 ego,
3269 4280 3326 4333 et
3356 4277 3483 4332 ideo
3510 4294 3716 4333 secun-

308 4383 384 4421 ne
432 4366 792 4422 obliviscaris
846 4386 1162 4441 pauperem
1212 4370 1516 4442 populum.
1550 4374 1620 4427 Et
1681 4374 1959 4431 Dominus
1991 4357 2033 4422 C
2073 4370 2211 4423 dum
2262 4368 2414 4440 quod
2465 4368 2629 4423 scitis
2668 4367 2982 4439 unicuique
3038 4367 3366 4435 convenire,
3400 4369 3719 4437 temperate

309 4456 411 4528 qui
447 4474 561 4511 non
596 4456 878 4512 mentitur
921 4460 1277 4530 repromittit
1319 4460 1518 4515 dicens
1554 4478 1565 4514 :
1602 4468 1829 4533 Propter
1855 4467 1961 4519 mi—

305 4546 664 4601 sericordiam
694 4548 917 4617 inopum
935 4556 986 4602 et
1005 4550 1201 4617 gemitu
1210 4566 1263 4603 γη
1278 4566 1582 4620 pauperum
1602 4568 1749 4606 nunc
1768 4569 1960 4607 exsur-

307 4651 456 4703 gam,
488 4635 624 4689 dicit
654 4637 920 4691 Dominus
953 4638 1120 4703 (Psat.
1154 4654 1231 4705 x1,
1262 4638 1338 4707 6),
1376 4639 1430 4692 id
1483 4643 1589 4707 est,
1633 4640 1758 4710 jam
1803 4641 1958 4710 jam-

308 4740 425 4794 que
457 4724 515 4777 in
550 4724 811 4794 proximo
833 4723 1151 4779 vindictam
1183 4728 1478 4781 exercebo.
1512 4729 1579 4781 Et
1610 4745 1712 4798 pro
1744 4729 1960 4785 talibus

307 4817 367 4867 et
398 4811 490 4867 his
540 4813 856 4881 similibus,
889 4832 990 4869 vos
1040 4814 1485 4871 contristantcm
1536 4817 1747 4883 sciens,
1781 4818 1957 4874 simul

307 4918 442 4955 cum
469 4903 721 4972 peccatis
745 4903 982 4971 mcis,et
1004 4922 1137 4958 cum
1161 4906 1575 4961 afflictionibus
1595 4908 1789 4979 populi
1815 4909 1956 4963 mihi

306 4989 551 5060 indigno
584 4991 904 5058 commissi,
938 4993 1253 5065 gemitibus
1286 4996 1490 5050 vestris
1536 4996 1858 5068 compatior
1903 5002 1960 5052 et

306 5076 584 5151 gemisco.
609 5080 718 5135 Sed
752 5080 1009 5136 invenire
1033 5098 1146 5136 non
1169 5099 1409 5154 possum
1443 5085 1691 5156 qualiter
1720 5103 1832 5153 me,
1865 5086 1957 5140 ni-

306 5165 423 5223 mis
454 5167 694 5223 anxium
726 5187 829 5241 pro
860 5173 1051 5225 vestro
1102 5175 1158 5226 et
1206 5188 1333 5226 meo
1382 5173 1659 5243 periculo,
1694 5179 1751 5229 et
1779 5175 1957 5232 totius

303 5255 507 5328 populi
547 5257 874 5328 perditione
924 5263 1099 5331 atque
1151 5260 1486 5327 afflictione,
1522 5262 1688 5318 aliter
1731 5264 1971 5320 valeam.

303 5344 617 5413 consolari,
654 5346 766 5402 nisi
827 5347 967 5418 quia
1022 5349 1151 5403 viva
1198 5366 1333 5403 voce
1394 5367 1507 5405 non
1560 5368 1821 5422 possum,
1855 5372 1955 5410 vos

302 5431 516 5488 litteris
544 5432 679 5491 inde
706 5452 1132 5504 commoneam,
1166 5437 1403 5492 territus
1435 5456 1468 5493 a
1497 5443 1727 5510 pastore
1759 5447 1954 5512 pasto-

302 5538 461 5590 rum,
493 5522 593 5594 qui
625 5525 806 5580 dicit:
842 5525 1206 5581 Mercenarius
1254 5536 1303 5581 et
1353 5529 1451 5598 qui
1495 5545 1602 5583 non
1648 5538 1723 5585 est
1749 5540 1951 5601 pastor,

301 5610 447 5681 videt
476 5612 668 5683 lupum
689 5616 1009 5681 venientem,
1025 5622 1075 5669 et
1103 5615 1329 5670 dimittit
1358 5633 1475 5671 oves
1506 5625 1556 5670 et
1597 5620 1743 5689 fugit
1772 5620 1949 5687 (Joan.

2071 4475 2422 4513 sermonem.
2470 4457 2701 4511 Scimus
2758 4456 2937 4524 enim,
2971 4456 3111 4527 quia
3157 4455 3306 4512 lenis
3363 4454 3590 4523 sibilus,
3616 4455 3717 4528 qui

2070 4564 2350 4618 equorum
2387 4546 2741 4601 ferocitatem
2789 4545 3040 4617 mitigat,
3076 4563 3288 4601 canum
3338 4546 3715 4619 sagacitatem

2070 4635 2331 4707 instigat.
2362 4637 2430 4690 Et
2459 4635 2531 4690 ad
2560 4635 2706 4690 tales
2740 4635 3031 4701 homines,
3065 4653 3210 4707 quos
3257 4637 3426 4691 modo
3477 4652 3589 4691 non
3630 4638 3719 4691 est

2068 4725 2231 4779 vobis
2282 4743 2517 4781 necesse
2563 4729 2758 4780 tenere
2790 4724 3112 4791 vobiscum,
3146 4729 3203 4780 et
3251 4724 3349 4796 qui
3402 4725 3530 4779 ideo
3579 4741 3714 4778 cum

2069 4814 2224 4869 omni
2254 4833 2430 4887 prope
2453 4814 2674 4871 familia
2694 4832 2802 4870 sua
2818 4815 2888 4869 de
2902 4815 3026 4869 suis
3040 4813 3444 4869 mansionibus
3460 4816 3711 4878 movent,

2070 4910 2132 4961 ut
2163 4906 2231 4960 de
2262 4904 2467 4960 alienis
2494 4904 2794 4960 laboribus
2815 4905 3028 4971 vivant,
3045 4902 3447 4957 commendata
3467 4917 3594 4972 quae
3616 4917 3711 4955 vo-

2067 4995 2156 5050 bis
2187 4999 2327 5049 sunt
2356 4992 2571 5066 placita
2599 4997 2655 5047 et
2688 4992 3105 5057 necessaria,et
3138 4991 3374 5046 redeant
3403 4989 3475 5044 ad
3507 4990 3712 5045 domos

2066 5083 2325 5150 suas,vel
2342 5100 2476 5138 cum
2495 5083 2693 5154 paucis
2718 5081 3017 5137 vobiscum
3041 5083 3214 5151 stent,
3240 5082 3303 5133 ut
3327 5094 3460 5133 cum
3477 5077 3714 5149 justitia

2064 5174 2252 5229 vivere
2284 5173 2530 5244 possint,
2564 5172 2704 5243 quia
2749 5172 2808 5225 in
2861 5168 3133 5225 solidiore
3182 5166 3344 5240 regni
3383 5167 3555 5222 vestri
3588 5168 3710 5223 loco

2066 5261 2297 5335 degitis,
2322 5279 2510 5334 usque
2541 5262 2681 5315 dum
2716 5258 3016 5332 plenitudo
3045 5257 3303 5313 fidelium
3326 5256 3426 5311 ubi
3448 5256 3713 5312 condixe-

2065 5352 2191 5408 ritis
2210 5353 2281 5407 ad
2303 5370 2403 5407 vos
2420 5350 2917 5421 veniant,quando
2942 5348 2998 5402 in
3021 5347 3279 5420 aliquam
3302 5347 3709 5403 necessitatem

2063 5441 2146 5497 ire
2163 5440 2483 5497 volueritis.
2504 5441 2612 5495 Sed
2638 5438 2889 5493 multum
2918 5436 3260 5508 timeo,quia
3280 5436 3412 5492 talis
3433 5437 3706 5509 populus,

2065 5531 2202 5603 quia
2223 5531 2305 5587 sic
2338 5532 2522 5585 Deum
2554 5527 2794 5583 offendit
2824 5531 2881 5583 et
2926 5545 3031 5581 son
3078 5544 3139 5582 se
3179 5526 3437 5599 corrigit,
3474 5545 3579 5583 nec
3609 5544 3711 5584 vos

2064 5638 2168 5675 nec
2231 5620 2509 5691 seipsnm,
2579 5618 2811 5689 quando
2878 5634 3113 5672 necesse
3180 5616 3374 5683 fuerit,
3434 5616 3710 5688 adjuvare

238 5734 243 5739 -
301 5718 359 5794 x,
515 5701 681 5774 Fugit
699 5708 914 5771 autem,
940 5703 1630 5777 quiaviditiniquitatem
1653 5711 1709 5761 et
1732 5709 1946 5763 tacuit:
1983 5730 2026 5794 ί)
2061 5710 2295 5765 valebit.
2328 5710 2395 5764 Et
2442 5706 2656 5761 mittite
2706 5706 2971 5761 homines
3032 5706 3355 5761 secundum
3397 5710 3708 5763 consuetu-

298 5787 449 5845 vidit
497 5794 756 5862 raptores
804 5798 859 5848 et
904 5794 1161 5865 rapinas,
1195 5800 1251 5848 et
1301 5798 1535 5849 cmteras
1586 5795 1850 5853 miserias
1888 5798 1944 5852 in

2060 5798 2255 5853 dinem
2309 5796 2800 5868 przedecessorum
2850 5798 3200 5863 vestrorum,
3236 5796 3336 5867 qui
3386 5795 3446 5849 in
3478 5795 3708 5867 longius
