4152 6522
455 453 576 515 955

1233 451 1615 514 HINGMARI
1661 447 1907 510 RHEM.
1953 445 2318 508 ARCHIEP.
2366 447 2778 512 OPUSCULA
2819 449 3088 510 VABIA.

3744 451 3868 514 956

456 587 702 660 pergant
729 588 968 660 propter
997 584 1302 655 fodrarios,
1335 589 1393 642 et
1439 603 1640 642 curam
1672 587 1742 642 de
1773 603 1913 660 pace
1959 585 2104 642 acci-
2131 580 2186 647 A
2219 579 2334 636 voli
2357 585 2458 637 aut
2473 579 2734 638 dolentes
2753 580 3060 638 diﬂ'amant
3078 598 3313 639 rumore
3343 600 3356 639 :
3387 581 3527 656 quia
3545 599 3682 641 cum
3709 585 3868 658 regis

456 675 638 749 piant.
655 677 726 732 Et
753 675 902 732 tales
933 675 1168 744 mittite,
1183 676 1286 748 qui
1316 693 1432 731 non
1456 675 1576 732 sint
1596 677 1668 733 de
1686 675 1780 732 his
1800 677 1872 732 de
1888 676 2104 749 quibus

458 765 602 822 dicit
630 764 946 838 Apostolus
970 783 982 821 :
1009 765 1116 833 Qui
1138 764 1410 838 praedicas
1438 783 1548 822 non
1565 767 2106 838 furandumfuraris

455 855 634 923 (Rom.
666 872 728 920 ιι,
749 853 862 927 21).
881 855 1037 911 Tran
1047 853 1246 911 smitto
1265 853 1450 924 vobis,
1470 855 1624 911 sicut
1653 855 1791 923 dixi,
1812 855 2108 928 exemplar

459 942 877 1000 admonitionis
903 947 1136 1012 nostris,
1179 960 1356 1016 quam
1397 961 1501 1018 per
1527 944 1697 1002 villas
1727 945 1929 1014 direxi,
1960 949 2026 1001 ut
2057 946 2106 1002 si

455 1033 625 1088 vobis
654 1032 863 1105 placet,
897 1036 1030 1106 post
1058 1032 1516 1090 admonitionem
1545 1039 1821 1103 vestram,
1855 1036 1914 1090 in
1946 1052 2110 1092 cons-

461 1125 632 1195 pectu
660 1125 851 1179 vestro
881 1139 1010 1179 eam
1044 1123 1317 1180 ﬁdelibus
1332 1125 1542 1180 vestris
1557 1125 1819 1194 juheatis
1837 1125 2107 1198 relegere,

461 1214 518 1266 et
550 1211 878 1284 praedicetis
907 1211 1202 1285 illis,quia
1233 1213 1347 1269 ista
1373 1214 1552 1270 verba
1566 1213 1666 1269 Dei
1691 1219 1847 1282 sunt,
1867 1219 1924 1270 et
1944 1215 2108 1270 missi

462 1299 563 1356 Dei
596 1304 754 1369 sunt,
773 1305 831 1356 et
860 1318 977 1358 non
1010 1318 1079 1357 ea
1107 1302 1323 1358 debent
1351 1301 1410 1357 in
1443 1319 1505 1359 se
1533 1303 1621 1358 vel
1672 1303 1731 1358 in
1777 1303 1900 1360 suis
1928 1304 2110 1377 negli-

461 1405 616 1462 gere.
635 1391 707 1446 Et
735 1390 820 1447 sic
841 1391 1130 1447 custodite
1159 1409 1228 1447 ea
1255 1408 1382 1464 quae
1409 1408 1658 1464 suggero
1681 1396 1735 1448 et
1757 1393 2111 1459 transmitte,

463 1481 531 1534 ut
560 1483 695 1535 ante
726 1479 875 1534 nihil
905 1479 1096 1536 sciant
1135 1480 1248 1536 nisi
1281 1499 1384 1553 per
1418 1499 1521 1538 vos
1550 1497 1563 1536 :
1600 1481 1740 1554 quia
1769 1482 1816 1538 si
1853 1482 2112 1550 scierint,

463 1567 656 1637 potest
685 1565 806 1621 ﬁeri
837 1568 901 1621 ut
931 1583 1048 1622 non
1078 1584 1177 1622 eos
1207 1568 1458 1640 pleniter
1481 1569 1898 1626 habeatis.Vos
1919 1574 2114 1627 tamen

2215 670 2611 728 ministerium
2642 672 2743 744 sit,
2757 689 2820 728 se
2847 675 2907 727 et
2934 689 3074 729 suos
3104 672 3204 745 qui
3237 675 3368 730 bene
3395 682 3568 746 agunt
3587 676 3647 730 in
3665 675 3866 730 melius

2215 777 2447 834 semper
2463 761 2732 834 dirigere,
2748 765 2804 818 et
2823 778 3031 835 pravos
3051 779 3085 818 a
3106 762 3279 820 malis
3298 761 3868 836 corrigere,impium

2217 855 2308 906 est
2335 851 2406 906 de
2429 867 2605 924 regno
2636 851 2749 908 sibi
2779 852 3044 924 subjecto
3075 852 3229 908 dona
3265 856 3323 909 et
3352 851 3590 909 servitia
3617 871 3652 909 a
3675 854 3869 925 subje-

2218 939 2331 995 ctis
2350 939 2600 1013 exigere,
2629 944 2686 996 et
2713 939 2799 998 eis
2831 945 2897 997 ut
2943 958 3072 1014 qua:
3122 941 3410 998 debentur
3453 946 3512 998 et
3555 941 3872 1016 exiguntur

2218 1027 2474 1084 habeant
2512 1031 2668 1086 unde
2699 1031 2937 1087 reddere
2963 1030 3193 1104 possint
3221 1047 3335 1086 non
3367 1030 3692 1103 providere,
3717 1035 3774 1087 et
3802 1049 3870 1087 ea

2219 1135 2346 1190 quae
2367 1117 2452 1173 illi
2476 1117 2926 1192 placentjubere
2945 1123 3118 1192 atque
3157 1119 3485 1192 disponere,
3503 1123 3563 1176 et
3584 1137 3713 1193 quae
3751 1121 3866 1176 Deo

2220 1205 2533 1280 displicent
2555 1225 2668 1263 non
2697 1207 3000 1281 prohibere
3023 1212 3079 1264 et
3094 1225 3379 1265 amovere.
3403 1210 3568 1276 Quod
3584 1209 3716 1265 ideo
3736 1226 3870 1283 sug-

2220 1312 2418 1368 gerere
2437 1302 2640 1354 vestra:
2663 1297 3046 1354 dominationi
3069 1315 3378 1371 praesumo,
3395 1299 3535 1370 quia
3563 1315 3744 1372 regno
3773 1316 3867 1372 pa-

2221 1385 2328 1442 tris
2359 1391 2416 1442 et
2445 1387 2534 1442 avi
2567 1387 2740 1443 vestri
2783 1387 2843 1443 in
2883 1387 3086 1444 multis
3126 1385 3621 1460 diviso,capitalia
3643 1387 3772 1444 loca
3797 1389 3870 1444 de

2223 1491 2400 1549 regno
2429 1480 2620 1532 vestro
2653 1476 2838 1533 multa
2867 1477 3138 1550 perdunt,
3172 1481 3230 1534 et
3256 1477 3419 1533 vobis
3449 1495 3554 1550 pro
3584 1477 3744 1550 regio
3765 1478 3869 1534 ho-

2225 1581 2364 1620 nore
2385 1564 2484 1638 qui
2514 1582 2616 1620 vos
2637 1565 2932 1636 condecet,
2948 1583 3184 1623 necesse
3203 1569 3293 1623 est
3311 1570 3376 1622 ut
3393 1566 3538 1622 nihil
3560 1566 3874 1623 imminua-

465 1653 600 1710 inde
631 1654 856 1710 debetis
886 1655 1198 1712 consilium
1229 1657 1534 1730 prendere,
1561 1662 1627 1713 ut
1646 1658 1910 1729 jubeatis
1943 1659 2116 1716 alicui
2225 1657 2326 1708 tur
2345 1655 2416 1710 de
2438 1653 2530 1710 his
2550 1671 2677 1726 quae
2699 1655 3154 1728 praedecessores
3179 1653 3355 1712 vestri
3376 1672 3445 1711 ex
3475 1655 3700 1712 eisdem
3731 1655 3877 1712 locis

465 1741 564 1814 qui
595 1746 789 1800 vestra
817 1744 940 1800 vice
972 1745 1234 1817 quotidie
1265 1763 1363 1802 eos
1393 1748 1726 1814 admoneat,
1760 1752 1824 1803 ut
1873 1748 1922 1805 si
1971 1749 2118 1806 tales
2227 1742 2494 1799 solebant
2517 1743 2749 1812 habere,
2783 1749 2839 1800 et
2867 1743 3078 1817 pagani
3104 1762 3169 1800 ac
3193 1744 3321 1802 falsi
3355 1744 3673 1802 Christiani
3695 1747 3876 1802 maxi-

465 1835 607 1887 sunt
636 1832 737 1904 qui
769 1837 940 1890 antea
970 1833 1122 1890 hanc
1153 1836 1612 1910 admonitionem
1645 1855 1760 1893 non
1805 1837 2118 1904 audierint,
2230 1849 2386 1888 mam
2406 1837 2632 1906 partem
2654 1834 2725 1890 de
2747 1839 2910 1906 parte
2932 1835 3091 1907 regni
3115 1834 3292 1890 vestri
3315 1835 3690 1908 absumptam
3715 1853 3882 1892 usur-

465 1919 550 1976 eis
579 1921 840 1994 quotidie
871 1925 1108 1996 quando
1137 1926 1209 1981 ad
1242 1930 1649 1997 paramentum
1671 1931 1930 1984 vestrum
1957 1943 2119 1984 vene‘
2150 1956 2197 1998 η
2232 1925 2393 1993 pant.
2426 1924 2496 1978 Et
2527 1923 2572 1978 si
2608 1922 2997 1995 portiuncula,
3031 1924 3090 1979 in
3115 1942 3228 1998 qua
3259 1923 3431 1980 vestri
3465 1923 3668 1980 ﬁdeles
3687 1924 3882 1980 vobis-

465 2009 584 2066 rint
599 2011 820 2084 relegat
843 2029 856 2066 :
879 2017 1174 2085 quatenus
1203 2019 1262 2072 et
1291 2014 1400 2087 ipsi
1435 2015 1862 2072 inexcusabiles
1888 2017 2030 2084 sint,
2061 2022 2120 2074 et
2152 2009 2194 2020 ”
2229 2029 2362 2068 cum
2393 2013 2603 2085 degere
2627 2013 2957 2079 debent.ita
2987 2013 3314 2070 annihilata
3335 2012 3634 2090 perfuet‘jt,
3653 2029 3760 2069 nec
3779 2031 3880 2070 V08

463 2115 566 2156 vos
597 2099 854 2172 aliquam
887 2102 1319 2159 excusationem
1343 2121 1540 2160 coram
1561 2104 1677 2162 Deo
1695 2105 1910 2162 habere
1938 2107 2120 2179 possi-
2228 2120 2334 2158 nec
2353 2101 2438 2158 illi
2459 2101 2675 2159 ibidem
2701 2103 2964 2176 poteritis
2987 2104 3328 2160 conducere.
3347 2103 3608 2160 Alterum
3629 2107 3723 2160 est
3741 2104 3881 2176 quia

465 2188 564 2257 tis,
598 2189 647 2246 si
677 2193 908 2246 tantum
944 2191 1138 2249 facitis
1169 2197 1456 2266 quantum
1488 2212 1592 2266 per
1610 2194 1892 2251 rationem
1925 2199 2116 2269 potes-
2227 2191 2451 2248 dictum
2483 2196 2573 2249 est
2604 2192 2770 2260 mihi,
2798 2192 3078 2265 quoniam
3112 2192 3460 2248 clamatores
3489 2191 3590 2265 qui
3615 2193 3686 2248 ad
3711 2192 3880 2265 pala-

466 2278 562 2333 tis.
596 2278 666 2336 Et
697 2278 876 2335 nolite
906 2280 1200 2353 negligere
1231 2282 1334 2338 illa
1371 2283 1648 2356 capitula,
1681 2301 1808 2356 quae
1859 2286 2119 2358 synodus
2225 2281 2378 2337 tium
2406 2286 2666 2337 vestrum
2714 2283 2976 2353 veniunt,
3001 2281 3224 2337 nullam
3262 2280 3727 2338 consolationem
3773 2299 3878 2339 nec

467 2367 540 2424 de
568 2365 860 2425 Carisiaco
890 2386 993 2442 per
1020 2370 1386 2427 Wenilonem
1418 2377 1474 2430 et
1503 2373 1902 2430 Erchanraum
1935 2379 2120 2432 trans-
2228 2370 2402 2427 etiam
2426 2371 2645 2426 bonum
2670 2388 3016 2444 responsum
3039 2369 3118 2427 ibi
3150 2370 3443 2442 accipant;
3469 2371 3626 2443 quod
3667 2370 3877 2427 simili-

467 2456 632 2512 misit
659 2457 732 2514 ad
762 2457 921 2514 hunc
935 2459 1294 2516 Attiniacum
1324 2463 1613 2534 praeterito
1645 2481 1797 2519 anno
1831 2465 2118 2522 Ludovico
2229 2463 2318 2515 ter
2337 2461 2570 2516 credere
2594 2458 2774 2529 ΠοῙυί,
2795 2459 2986 2517 δοίθηε
3009 2477 3111 2516 V08
3131 2459 3303 2516 corde
3323 2458 3570 2516 retinere
3591 2460 3748 2531 qu0d
3771 2459 3882 2515 ΠΟ·

469 2545 636 2630 fratri
667 2550 880 2614 vestro,
911 2552 969 2604 et
994 2565 1088 2605 me
1123 2551 1552 2622 transmittente
1583 2553 1931 2611 Hincmarus
1961 2555 2118 2612 ﬁlius
2230 2549 2429 2606 minus
2451 2549 2628 2605 dioit:
2657 2552 2772 2624 Qui
2799 2552 3016 2607 obturat
3041 2567 3231 2607 aurem
3268 2566 3428 2606 suam
3466 2549 3540 2605 αά
3583 2550 3880 2606 Clamorem

469 2651 639 2692 meus
657 2635 824 2692 vobis
852 2637 1032 2702 dedit,
1065 2641 1296 2711 quando
1326 2641 1628 2697 vobiscum
1679 2642 1738 2698 in
1782 2645 2121 2717 Burgundia
2223 2641 2574 2710 pauperis,et
2595 2641 2710 2711 ipse
2731 2640 2990 2696 clamabit
3009 2647 3184 2696 etnon
3215 2639 3542 2696 exaudiatur
3559 2643 3876 2708 (Pramum,

470 2723 601 2779 fuit.
635 2723 746 2780 Sed
777 2725 1012 2800 relegite
1039 2745 1108 2784 ea
1141 2727 1471 2802 diligenter,
1499 2731 1659 2803 quia,
1701 2732 1845 2788 mihi
1878 2733 2116 2802 credite,

470 2811 604 2886 plus
635 2830 738 2886 pro
767 2815 932 2871 vobis
963 2833 1139 2888 quam
1171 2835 1274 2891 pro
1306 2817 1404 2874 illo
1436 2819 1587 2876 facta
1617 2821 1871 2878 fuerunt.
1905 2821 2118 2878 Crede-

469 2901 605 2957 bam
633 2901 788 2958 enim
821 2905 976 2976 quod
1009 2906 1108 2962 Dei
1140 2907 1541 2965 misericordia
1569 2927 1673 2966 vos
1701 2927 1966 2968 revocare
2018 2913 2116 2968 de-

470 2989 714 3056 buisset,
747 2996 804 3048 et
834 2992 935 3050 illa
963 2995 1286 3053 admonitio
1315 2997 1480 3054 vobis
1514 3000 1841 3056 necessaria
1871 3003 1927 3057 et
1956 3000 2118 3057 utilis

470 3095 598 3135 esse
617 3079 850 3138 valeret.
877 3081 1592 3153 Caeterum,Domine,tria
1621 3089 1691 3144 ad
1725 3106 1819 3145 me
1840 3107 2118 3162 pervene-

470 3173 629 3236 runt,
653 3187 782 3244 quae
810 3171 1050 3230 reticere
1069 3173 1235 3230 vobis
1252 3173 1628 3250 disposui,ne
1658 3178 1812 3234 inter
1841 3177 1956 3234 alia
1982 3177 2118 3235 inde

469 3257 604 3332 plus
616 3263 805 3316 vester
823 3259 1058 3318 animus
1081 3267 1428 3320 moveretur.
1447 3265 1556 3321 Sed
1582 3265 1890 3341 recogitavi
1905 3267 2118 3324 melius

472 3329 600 3404 esse
632 3352 698 3404 ut
726 3347 890 3404 vobis
919 3347 1023 3406 illa
1052 3349 1376 3423 signiﬁcem
1412 3369 1426 3410 :
1459 3329 1749 3426 quoniam:
1771 3373 1896 3429 quae
1927 3358 2000 3412 ad
2026 3375 2121 3413 ve-
2153 3329 2196 3395 (ἶ

472 3439 625 3493 tram
656 3435 925 3493 notitiam
956 3454 1073 3494 non
1104 3441 1470 3511 perveniunt,
1511 3460 1626 3499 non
1659 3445 1902 3517 potestis
1942 3445 2121 3501 corri--

472 3541 609 3599 gere
641 3541 654 3580 :
687 3530 746 3582 et
774 3531 1301 3602 quantumcunque
1328 3531 1592 3587 divinum
1633 3532 1952 3604 judicium,
1984 3534 2124 3608 quia

474 3614 652 3671 etiam
678 3614 736 3670 in
766 3631 882 3671 non
914 3615 1139 3673 levibus
1169 3618 1365 3674 causis
1383 3619 1454 3674 de
1485 3620 1816 3692 ignorantia
1835 3622 2125 3695 vapulavi-

476 3719 632 3770 mus,
653 3703 700 3759 si
737 3703 837 3760 illa
868 3704 1148 3778 ignoretis
1164 3708 1236 3762 ad
1270 3724 1444 3780 quem
1478 3709 1728 3781 pertinet
1757 3712 1907 3783 quod
1939 3712 2124 3768 asub-

475 3791 614 3848 ditis
661 3793 869 3849 vestris
920 3794 978 3850 in
1023 3795 1278 3868 generali
1323 3813 1501 3853 causa
1549 3799 1959 3867 committitur,
2007 3819 2121 3857 non

473 3881 717 3954 potestis
747 3882 999 3957 effugere
1032 3901 1046 3938 :
1080 3889 1138 3941 et
1170 3885 1361 3942 sciens
1386 3904 1514 3959 qua:
1545 3887 1710 3943 vobis
1742 3887 1882 3946 utile
1932 3894 2021 3945 est
2051 3891 2122 3946 ad

475 3969 801 4040 sciendum,
835 3971 884 4028 si
913 3973 984 4029 ad
1016 3977 1269 4030 vestram
1317 3975 1588 4032 notitiam
1644 3994 1758 4032 non
1807 3979 2121 4050 pertulere,

474 4060 801 4134 periculum
833 4062 958 4118 sine
989 4063 1354 4121 dubitatione
1401 4064 1657 4121 incurro.
1690 4066 1770 4122 De
1801 4065 1891 4122 his
1933 4067 2125 4124 tribus

475 4167 604 4223 quae
635 4149 830 4207 audivi
860 4152 976 4207 duo
1008 4153 1240 4208 credere
1268 4153 1701 4223 nolui,tertium
1731 4156 1874 4212 satis
1906 4157 2124 4215 invitus

477 4239 717 4296 credidi.
747 4242 1003 4306 Quorum
1027 4241 1284 4312 primum
1307 4245 1416 4308 est,
1435 4243 1574 4316 quia
1604 4262 1706 4317 per
1734 4245 2124 4318 plurimorum

477 4345 579 4384 ora
607 4327 884 4400 vulgatur
929 4345 1030 4384 vos
1060 4328 1270 4399 dicere,
1295 4331 1574 4403 quoniam
1623 4334 1696 4390 de
1745 4334 1872 4392 istis
1903 4335 2124 4408 rapinis

478 4423 655 4489 atque
675 4416 1207 4489 depraedationibus
1221 4420 1366 4476 nihil
1383 4439 1485 4479 vos
1506 4422 1767 4479 debeatis
1787 4424 2122 4496 misculare,

480 4504 891 4579 unusquisque
905 4508 1298 4566 suadetendat
1314 4515 1378 4566 ut
1404 4516 1611 4584 potest.
1634 4515 1797 4579 Quod
1820 4513 1956 4570 licet
1967 4531 2123 4572 men-

479 4592 714 4649 dacium
732 4611 860 4652 esse
881 4597 1269 4668 cognoverim,
1285 4599 1445 4656 nolui
1463 4601 1627 4676 vobis
1649 4603 2024 4673 abscondere,
2060 4610 2126 4662 ut

2232 2728 2340 2796 13).
2364 2729 2433 2784 Et
2462 2729 2696 2802 quando
2720 2728 3061 2801 hujusmodi
3084 2727 3405 2786 clamantes
3428 2746 3544 2785 non
3563 2729 3878 2784 exaudien-

2229 2820 2326 2872 tur
2355 2817 2722 2873 demonstrat
2751 2817 3132 2892 Evangelium
3172 2817 3412 2874 dicens:
3448 2818 3673 2874 Venient
3687 2817 3882 2873 dicen-

2227 2914 2304 2962 tes
2337 2925 2355 2962 :
2386 2907 2634 2974 Domine,
2666 2908 2912 2975 Domine,
2945 2909 3100 2980 aperi
3125 2909 3314 2976 nobis;
3342 2915 3394 2963 et
3421 2907 3516 2962 ille
3553 2907 3882 2979 respondens

2231 2995 2372 3052 dicet
2398 3015 2418 3050 :
2444 2996 2612 3052 Amen
2638 2996 2758 3053 dico
2787 2999 2956 3066 vobis,
2989 2998 3180 3055 Nescio
3226 3013 3318 3054 vos
3359 2996 3578 3069 (Matth.
3603 3014 3736 3062 xxv,
3767 2998 3879 3065 11).

2227 3085 2462 3141 Nescire
2491 3085 2648 3142 enim
2679 3086 2781 3142 Dei
2839 3103 3016 3159 quem
3060 3085 3206 3156 nihil
3257 3085 3398 3143 latet
3429 3085 3741 3159 reprobare
3769 3091 3882 3150 est,

2227 3175 2366 3247 quia
2383 3174 2462 3230 ibi
2483 3176 2609 3247 jam
2631 3193 2666 3232 a
2697 3176 2813 3232 Deo
2835 3193 2951 3232 non
2974 3180 3165 3250 potest
3184 3175 3393 3232 mereri
3413 3175 3568 3248 quod
3591 3173 3760 3248 petit,
3782 3173 3885 3247 qui

2235 3263 2330 3320 hic
2352 3263 2542 3320 noluit
2562 3265 2766 3322 audire
2785 3266 2940 3338 quod
2957 3267 3222 3338 jussit,et
3241 3265 3341 3338 qui
3361 3269 3596 3338 tempus
3610 3280 3886 3338 congruae

2233 3353 2586 3426 pmnitentize
2609 3354 2880 3426 perdidit,
2896 3354 3115 3411 frustra
3145 3358 3280 3410 ante
3300 3353 3462 3427 regni
3477 3353 3725 3425 januam
3747 3370 3885 3409 cum

2231 3442 2503 3514 precibus
2524 3442 2698 3498 venit.
2733 3443 2998 3499 Tertium
3029 3448 3139 3510 est,
3163 3443 3319 3516 quod
3348 3441 3494 3498 satis
3521 3441 3742 3498 invitus
3765 3458 3890 3498 cne-

2231 3531 2374 3602 didi,
2399 3531 2538 3606 quia
2574 3537 2707 3605 post
2754 3537 3024 3606 percepta
3057 3531 3274 3599 omnia,
3298 3549 3426 3605 quae
3454 3531 3527 3588 ad
3557 3530 3780 3588 victum
3822 3535 3883 3587 et

2231 3625 2436 3693 potum
2469 3622 2797 3678 necessaria
2827 3626 2985 3690 sunt,
3011 3622 3081 3678 de
3110 3620 3374 3678 ecclesiis
3395 3623 3656 3693 raptores
3672 3624 3777 3676 aut
3797 3637 3882 3676 re-

2232 3710 2631 3781 demptionem
2651 3711 2914 3784 exigunt.
2937 3715 3039 3766 aut
3059 3728 3157 3768 eas
3187 3710 3536 3783 infringunt.
3552 3709 3716 3766 Unde
3739 3726 3880 3764 cum

2232 3801 2451 3874 gemitu
2475 3801 2633 3874 gravi
2656 3800 2785 3857 dico
2816 3799 2957 3873 quid
2987 3801 3058 3856 de
3080 3799 3300 3857 talibus
3323 3797 3536 3872 poterit
3563 3814 3692 3854 esse
3715 3797 3882 3853 Chri-

2233 3889 2461 3945 stianis.
2496 3889 2710 3946 Paulus
2741 3889 2897 3945 enim
2932 3890 3006 3946 ad
3037 3888 3440 3946 testimonium
3469 3886 3710 3944 deducit
3748 3904 3883 3959 qua:

2231 3978 2388 4035 inter
2411 3979 2760 4053 gravissima
2789 3982 3027 4052 peccata
3053 3978 3319 4052 graviora
3365 3975 3589 4052 putavit
3634 3975 3837 4033 dicens
3863 3993 3880 4032 :

2235 4070 2342 4138 Qui
2369 4069 2708 4125 abominaris
2738 4069 2886 4126 idola
2913 4070 3268 4140 sacrilegium
3292 4069 3434 4141 facis
3464 4069 3637 4136 (Rom.
3679 4084 3742 4134 ιι,
3764 4069 3884 4136 22),

2233 4162 2290 4214 et
2316 4158 2413 4214 isti
2445 4175 2579 4214 cum
2609 4159 2885 4216 omnibus
2917 4158 3048 4216 aliis
3077 4156 3454 4216 accumulant
3484 4155 3883 4230 sacrilegium,

2233 4251 2292 4303 et
2322 4265 2438 4303 non
2469 4247 2888 4304 abominantur
2931 4247 3108 4316 idola,
3144 4247 3283 4320 quia
3329 4251 3389 4304 et
3435 4247 3590 4302 idem
3639 4249 3886 4302 sanctus

2235 4335 2450 4394 Paulus
2471 4336 2613 4393 dicit
2646 4354 2660 4393 :
2691 4339 2768 4394 Et
2785 4339 3049 4406 avaritia,
3081 4353 3206 4410 quae
3232 4345 3311 4394 est
3339 4336 3610 4394 idolorum
3646 4338 3886 4392 servitus

2232 4427 2447 4498 (Ephes.
2479 4443 2532 4495 ν,
2559 4427 2637 4496 5).
2677 4427 2830 4483 Deus
2851 4426 3222 4500 omnipotens
3252 4425 3578 4484 secundum
3607 4425 3888 4481 eumdem

2230 4515 2577 4589 Apostolum
2602 4517 2700 4573 det
2728 4516 2892 4573 vobis
2937 4521 2995 4573 et
3022 4515 3166 4573 velle
3194 4519 3252 4572 et
3282 4515 3556 4589 perﬁcere
3585 4531 3690 4588 pro
3731 4513 3890 4570 bona

2230 4606 2529 4662 voluntate
2560 4607 2714 4679 quod
2753 4606 2920 4663 vobis
2959 4609 3017 4663 et
3047 4605 3216 4662 nobis
3237 4623 3303 4662 ac
3335 4622 3511 4678 regno
3540 4604 3706 4662 vobis
3733 4620 3892 4662 com-

480 4683 894 4742 dsmonstretis
915 4701 1086 4758 opere
1106 4686 1261 4758 quod
1283 4687 1497 4746 faisum
1529 4694 1618 4746 est
1646 4693 1801 4764 quod
1833 4698 1935 4750 aut
1951 4696 2123 4753 mali-
2152 4716 2202 4782 Β
2233 4696 2414 4756 misso
2438 4699 2528 4754 est
2558 4713 2726 4770 opus.
