4152 6536
285 543 404 606 95⁵7

1125 547 1228 608 DE
1270 547 1548 608 VERBIS
1575 547 1876 635 _PSALMI
1916 565 1929 606 :
1979 545 2302 609 HERODII
2343 545 2638 618 DOMUS,
2684 545 2854 607 ETC.

1936 792 2018 856 V

3579 545 3700 610 058

1427 916 1571 1000 DE
1624 840 2042 1002 VERBIS.
2085 913 2484 1002 PSALMI
2527 929 2544 1000 Σ

1048 1066 1536 1144 ΗΕΗΟΒῙῙ,
1579 1065 1925 1128 DOMUS

2013 1065 2223 1130 DUX
2277 1065 2492 1128 EST
2545 1065 2933 1129 EORUM

1447 1191 1532 1235 AD
1560 1189 1901 1236 ιυοονιοωί
1931 1189 2256 1235 GERMANIE
2284 1189 2512 1237 REGEM.

1153 1282 1352 1354 (Apud
1381 1281 1675 1350 eumdem,
1709 1297 1778 1336 ex
1808 1279 2004 1336 codice
2035 1281 2094 1336 S.
2131 1281 2381 1354 Remigii
2412 1281 2806 1354 Rhemensis.)

343 1477 592 1533 Domino
623 1477 914 1534 Lunovmo
943 1479 1063 1551 regi
1114 1479 1366 1552 glorioso
1415 1473 1782 1547 Hmcmmus,
1816 1496 1919 1534 no-
1949 1478 2005 1545 Α
2034 1479 2271 1551 quidem
2303 1480 2520 1546 Romae,
2549 1481 2806 1536 secundo
2828 1480 3124 1537 Bethleem
3146 1483 3218 1537 ad
3243 1481 3482 1538 Paulam
3505 1484 3563 1536 et
3580 1481 3690 1536 Eu-

272 1567 433 1623 mine
462 1584 580 1622 non
611 1566 818 1624 merito
849 1567 1207 1626 Rhemorum
1241 1568 1570 1642 episcopus,
1601 1568 1788 1642 plebis
1819 1569 1918 1626 Dei

273 1656 551 1713 famulus.
1654 1681 1658 1684 '

341 1746 540 1820 Nuper
569 1747 804 1820 quando
833 1747 894 1804 in
921 1748 1168 1806 Tusiaco
1199 1766 1332 1806 cum
1361 1749 1598 1806 domino
1629 1766 1758 1806 meo
1786 1766 1918 1823 rege

268 1833 474 1892 Carolo
505 1836 678 1893 unico
703 1837 880 1894 fratre
920 1842 1112 1896 vestro
1141 1839 1321 1896 locuti
1369 1839 1532 1910 estis,
1565 1841 1721 1897 sicut
1767 1842 1916 1897 bene

267 1923 568 1982 reminisci
613 1925 842 1996 valetis,
892 1929 1148 2001 quadam
1197 1929 1310 1998 die,
1345 1929 1625 1986 accersito
1669 1930 1914 1986 Altfrido

263 2014 593 2071 venerando
612 2015 906 2090 episcopo,
921 2019 1074 2092 apud
1097 2019 1472 2094 exiguitatem
1494 2038 1917 2091 meam,secun-

265 2101 410 2157 dum
441 2100 790 2174 sapientiam
818 2105 984 2162 vobis
1014 2125 1048 2164 a
1077 2108 1194 2165 Deo
1223 2109 1443 2181 datam,
1459 2110 1530 2164 de
1557 2109 1913 2182 quibusdam

265 2206 445 2246 sacrae
477 2192 788 2266 Scripturae
820 2195 1046 2274 abditis
1067 2200 1124 2252 et
1153 2196 1578 2254 difﬁcilioribus
1610 2198 1914 2255 sententiis

265 2295 524 2350 quaerere
544 2284 601 2337 et
619 2282 914 2340 subtiliter
931 2285 1280 2360 investigare
1301 2289 1657 2360 coapistis,de
1677 2288 1912 2362 quibus,

266 2371 444 2441 prout
488 2369 774 2430 Dominus
804 2375 984 2448 dedit,
1008 2379 1065 2432 et
1103 2379 1510 2450 opportunitas
1540 2379 1820 2451 temporis
1849 2396 1916 2434 ac

265 2456 381 2514 loci
409 2459 696 2532 permisit,
719 2465 1070 2536 respondere
1101 2467 1318 2522 curavi.
1343 2468 1455 2524 Sed
1487 2467 1792 2540 inquisitio
1821 2485 1914 2524 ve-

268 2549 393 2603 stra
420 2565 497 2611 eu
518 2567 705 2622 usque
733 2554 1040 2624 processit,
1067 2559 1132 2610 ut
1160 2560 1218 2611 et
1247 2556 1558 2629 quzesitum
1591 2560 1766 2630 atque
1797 2556 1917 2614 dis-

269 2639 492 2693 sertum
525 2639 838 2708 foret,cum
863 2644 1033 2715 juxta
1069 2644 1370 2701 veritatem
1394 2645 1704 2718 Scriptum
1735 2647 1916 2702 Gene-

268 2723 354 2782 sis
381 2726 579 2782 omnia
607 2745 782 2802 opera
810 2731 912 2787 Dei
953 2733 1106 2789 bona
1145 2734 1264 2790 sint
1290 2735 1457 2790 valde
1480 2735 1630 2807 (Gen.
1657 2739 1726 2805 1);
1761 2737 1916 2808 quod

2027 1569 2323 1624 stocbium
2353 1569 2498 1642 ipsis
2540 1570 2896 1642 petentibus,
2929 1571 3142 1627 deinde
3187 1572 3262 1627 ad
3309 1571 3598 1628 Sunniam
3629 1573 3689 1626 et

2027 1658 2313 1714 Fretelam
2349 1659 2632 1726 scribens,
2654 1658 2810 1715 sicut
2837 1659 2896 1714 in
2919 1659 3048 1731 ejus
3078 1659 3373 1716 invenitur
3395 1658 3684 1733 epistolis,

2025 1751 2083 1804 et
2139 1765 2318 1821 quam
2371 1747 2495 1820 ipse
2543 1749 2830 1820 exposuit,
2877 1766 3065 1822 quave
3121 1747 3580 1822 Hierosolymitae
3626 1752 3686 1804 et

2025 1837 2282 1894 Orientis
2310 1836 2600 1907 Ecclesiae,
2626 1839 2728 1895 sed
2761 1842 2818 1895 et
2846 1855 3004 1894 nunc
3035 1837 3185 1895 Galli
3207 1841 3476 1905 utuntur,
3498 1837 3580 1894 ita
3600 1837 3686 1894 di-

2023 1927 2102 1982 cit
2125 1942 2138 1982 :
2161 1926 2575 1984 Saturabuntur
2615 1930 2767 1999 ligna
2795 1931 3000 2000 campi,
3029 1935 3082 1986 et
3119 1928 3271 1984 cedri
3318 1927 3515 1984 Libani
3545 1943 3682 1999 quas

2016 2015 2312 2088 plantavit,
2354 2018 2476 2072 illic
2519 2033 2766 2090 passeres
2812 2017 3200 2090 nidiﬁcabunt,
3231 2017 3445 2074 herodii
3489 2015 3682 2072 domus

2025 2107 2140 2162 duo:
2167 2115 2247 2163 est
2290 2125 2495 2164 eorum.
2519 2105 2850 2164 Translatio
2899 2125 3034 2164 vero
3083 2107 3437 2176 communis,
3465 2124 3592 2180 quae
3622 2095 3684 2167 εξ

2021 2196 2280 2270 vulgata,
2305 2197 2389 2252 sic
2419 2196 2633 2252 habet:
2658 2197 3070 2254 Saturabuntur
3087 2199 3276 2253 omnia
3297 2197 3451 2268 ligna
3476 2197 3678 2268 campi,

2021 2293 2073 2342 et
2100 2286 2250 2342 cedri
2279 2287 2480 2341 Libani
2507 2303 2642 2358 quas
2677 2287 2964 2358 plantasti,
2998 2287 3118 2342 illic
3151 2301 3394 2358 passeres
3421 2285 3680 2356 nidiﬁca-

2025 2377 2175 2444 bunt,
2207 2377 2398 2448 fulica:
2426 2375 2615 2430 domus
2653 2376 2768 2430 dua:
2808 2383 2889 2431 est
2927 2392 3134 2432 eorum.
3167 2375 3250 2430 De
3279 2391 3398 2446 qua
3425 2373 3678 2430 transla-

2023 2465 2181 2521 tione
2223 2465 2426 2520 beatus
2459 2463 2845 2536 Hieronymus
2877 2465 3116 2537 praefata
3144 2462 3392 2536 epistola
3419 2463 3492 2518 ad
3524 2464 3676 2520 Sun-

2025 2555 2187 2611 niam
2217 2558 2275 2610 et
2320 2553 2604 2610 Fretelam
2641 2553 2724 2609 ita
2763 2553 2906 2609 dicit
2926 2553 3099 2626 (epist.
3122 2552 3322 2624 cxxxv)
3347 2569 3396 2608 :«
3423 2551 3678 2609 Breviter

2027 2645 2335 2708 admoneo,
2357 2647 2426 2698 ut
2445 2642 2644 2700 sciatis
2665 2642 2838 2698 aliam
2862 2660 2992 2699 esse
3013 2642 3536 2716 editionem,quam
3555 2641 3677 2699 Ori-

2026 2751 2202 2807 genes
2230 2737 2289 2790 et
2317 2733 2688 2790 Caesariensis
2735 2731 3042 2800 Eusebius,
3077 2747 3399 2804 omnesque
3445 2730 3673 2788 Graecisa

265 2817 326 2870 et
354 2816 666 2918 confirmat
695 2820 1009 2892 Apostolus
1039 2823 1239 2880 dicens
1273 2841 1285 2880 :
1323 2823 1520 2880 Omnia
1549 2833 1678 2882 sunt
1711 2825 1919 2882 munda
1946 2852 1994 2918 B
2026 2828 2368 2880 tractatores
2387 2833 2572 2892 κοινήν,
2595 2823 2653 2878 id
2675 2826 2764 2879 est
2783 2837 3157 2878 communem
3179 2819 3480 2892 appellant
3501 2823 3674 2892 atque

260 2905 486 2961 mundis
529 2907 658 2976 (Tit.
681 2909 864 2982 1,15);
899 2913 956 2966 et
987 2929 1000 2967 :
1035 2913 1188 2968 Nihil
1225 2915 1580 2986 rejiciendum
1609 2915 1749 2987 quod
1787 2931 1912 2986 cum

258 2994 572 3061 gratiarum
589 2999 802 3054 actione
814 3001 1122 3072 percipitur
1139 3001 1189 3070 (Ι
1209 3003 1342 3058 Tim.
1368 3003 1452 3070 Iv,
1470 3003 1555 3072 l1);
1579 3019 1683 3058 cur
1701 3001 1910 3076 inlege

259 3083 452 3152 (Levii.
477 3083 556 3156 x1)
569 3087 846 3158 quaedam
869 3088 1177 3147 immunda
1197 3095 1254 3148 et
1275 3107 1390 3146 non
1412 3091 1788 3164 percipienda
1806 3091 1909 3147 Dei

257 3169 477 3243 populo
506 3173 932 3233 describantur.
957 3179 1181 3234 Etcum
1207 3180 1451 3252 quaestio
1481 3179 1794 3237 traditione
1823 3198 1914 3236 ca-

255 3257 612 3318 tholicorum
642 3265 864 3322 exstitit
889 3266 1182 3342 absoluta,
1203 3267 1608 3343 interrogastis
1629 3269 1769 3342 quid
1797 3269 1910 3325 sibi

254 3347 431 3405 vellet
459 3353 616 3423 quod
644 3353 706 3409 in
737 3354 969 3412 Psalmo
1013 3357 1282 3416 canitur:
1311 3359 1544 3416 Herodii
1577 3359 1768 3416 domus
1795 3358 1912 3414 duo:

254 3443 339 3493 est
361 3453 552 3496 eorum
588 3441 759 3514 (Psal.
783 3460 903 3511 cur,
930 3445 1038 3518 18).
1061 3447 1146 3502 Ad
1191 3464 1318 3520 quae
1369 3451 1778 3521 praeoccupant
1806 3465 1909 3504 vo—

255 3541 382 3582 cem
411 3544 624 3599 meam,
643 3535 710 3588 ut
729 3534 878 3591 Saxo
900 3553 1109 3610 genere
1129 3553 1195 3592 ac
1215 3553 1320 3609 per
1337 3537 1448 3593 hoc
1468 3536 1758 3594 naturalis
1778 3553 1913 3609 pru-

251 3615 466 3674 dentia:
487 3621 706 3678 suatim
731 3625 1102 3698 me'paratior
1119 3625 1180 3680 in
1203 3625 1789 3696 sermone,Altfridus
1807 3625 1914 3682 Ve-

251 3707 554 3764 nerandus
574 3710 888 3784 episcopus
913 3713 1242 3787 dixit,quod
1269 3716 1655 3788 Interpretum
1681 3719 1914 3788 septua-

250 3797 417 3870 ginta
460 3799 767 3856 translatio
811 3801 1067 3859 diceret:
1100 3805 1310 3862 Fulica:
1349 3805 1539 3861 domus
1583 3813 1664 3861 est
1698 3822 1906 3862 eorum.

251 3886 390 3944 Post
409 3904 586 3960 quem
602 3905 739 3945 cum
761 3893 1114 3964 respondere
1135 3892 1616 3966 inciperem,quia
1635 3895 1752 3950 duo
1769 3898 1909 3952 sunt

245 3991 466 4048 genera
483 3977 880 4047 herodiorum,
905 3980 1060 4036 sicut
1079 3985 1140 4036 et
1159 3981 1277 4038 duo
1301 3987 1440 4038 sunt
1458 3999 1673 4054 genera
1699 3982 1908 4054 pelica-

244 4083 480 4134 norum,
503 4068 660 4124 unde
684 4069 744 4124 in
769 4069 1087 4126 centesimo
1107 4070 1300 4142 primo
1330 4070 1558 4142 psalmo
1589 4072 1660 4126 ad
1693 4071 1906 4128 discre-

243 4153 467 4212 tionem
488 4173 623 4213 cum
655 4158 997 4216 addimento
1036 4159 1304 4216 canitur:
1331 4161 1552 4217 Semilis
1577 4163 1756 4232 factus
1779 4178 1902 4216 sum

2020 2913 2351 2986 vulgatam,
2401 2916 2458 2968 et
2505 2929 2560 2968 a'
2586 2913 2882 2986 plerisque
2930 2927 3084 2967 nunc
3129 2920 3389 2973 Λουκιανὸς
3434 2909 3668 2976 dicitur,

2019 2990 2206 3059 aliam.
2217 3002 2593 3076 septuaginta
2621 3003 3034 3074 Interpretum,
3060 3018 3187 3075 quas
3207 2999 3268 3055 in
3289 2997 3554 3071 hexaplis
3573 3015 3668 3055 co-

2019 3092 2250 3149 dicibus
2280 3091 2586 3164 reperitur,
2611 3095 2668 3148 et
2688 3108 2723 3147 a
2741 3091 2910 3147 nobis
2941 3091 3000 3146 in
3032 3090 3306 3145 Latinum
3337 3104 3667 3145 sermonem

2019 3181 2266 3238 ﬁdeliter
2282 3197 2450 3237 versa
2469 3185 2576 3247 est,
2601 3184 2659 3236 et
2690 3178 3097 3252 Hierosolyma:
3121 3182 3296 3251 atque
3323 3176 3385 3232 in
3417 3175 3668 3234 Orientis

2018 3271 2292 3328 Ecclesiis
2304 3271 2664 3326 decantatur.
2677 3269 2928 3326 nEtitem
2939 3269 3094 3324 idem
3106 3267 3168 3323 in
3181 3267 3385 3324 eadem
3397 3264 3662 3339 epistola:

2020 3383 2047 3410 «
2071 3369 2221 3430 Κοινή
2244 3363 2439 3416 autem
2461 3359 2593 3427 ista,
2613 3358 2724 3415 hoc
2745 3362 2835 3414 est
2855 3357 3188 3414 communis
3207 3355 3408 3423 editio,
3430 3345 3560 3428 ipsa
3579 3357 3669 3410 est

2019 3467 2146 3522 quae
2167 3454 2255 3505 est
2275 3449 2334 3504 in
2352 3448 2874 3522 Septuaginta.Sed
2894 3447 3006 3504 hoc
3021 3446 3266 3502 interest
3280 3444 3434 3501 inter
3449 3437 3670 3500 utramq

2019 3540 2320 3612 que,quod
2342 3547 2500 3608 ποινή,
2524 3555 2628 3610 pro
2648 3537 2791 3594 locis
2824 3540 2881 3593 et
2922 3533 3308 3608 temporibus,
3335 3536 3392 3590 et
3431 3549 3536 3606 pro
3564 3549 3662 3588 vo-

2019 3628 2244 3685 luntate
2291 3628 2662 3700 scriptorum,
2684 3630 2854 3682 vetus
2902 3627 3178 3696 corrupta
3219 3622 3398 3678 editio
3427 3625 3519 3679 est
3549 3637 3564 3678 :
3597 3638 3665 3678 ea

2019 3723 2214 3775 autem
2248 3737 2376 3792 quae
2402 3718 2652 3774 habetur
2681 3716 2740 3770 in
2770 3713 3052 3786 hexaplis,
3076 3715 3132 3768 et
3161 3729 3340 3784 quam
3371 3727 3479 3766 nos
3498 3709 3666 3766 verti-

2019 3824 2174 3874 mus,
2194 3805 2320 3878 ipsa
2341 3810 2573 3878 estquae
2593 3805 2652 3858 in
2675 3802 3038 3859 eruditorum
3059 3799 3226 3856 libris
3245 3799 3584 3870 incorrupta
3603 3803 3664 3856 et

2017 3894 2397 3952 immaculata
2425 3893 2797 3965 septuaginta
2824 3891 3212 3962 Interpretum
3241 3887 3546 3944 translatio
3579 3904 3659 3943 re-

2015 3988 2298 4041 servatur.
2321 3981 2615 4055 Quidquid
2641 3997 2777 4054 ergo
2807 3981 2879 4035 ab
2909 3979 3019 4034 hac
3047 3977 3358 4049 discrepat,
3381 3975 3527 4031 nulli
3557 3977 3661 4032 du-

2014 4073 2178 4130 bium
2209 4076 2299 4129 est
2328 4071 2468 4145 quin
2500 4072 2582 4127 ita
2607 4074 2665 4127 et
2691 4071 2764 4126 ab
2798 4070 3165 4126 Hebraeorum
3201 4065 3542 4122 auctoritate
3569 4065 3656 4121 di-

2013 4164 2232 4220 cordat.
2257 4185 2286 4213 »
2318 4164 2474 4217 Hanc
2517 4163 2711 4216 autem
2740 4174 3114 4216 communem
3159 4155 3498 4227 editionem,
3527 4154 3660 4228 quae

237 4247 497 4320 pelicano
523 4247 844 4305 solitudinis
874 4249 1044 4320 (Psal.
1072 4265 1146 4320 Cl,
1167 4253 1245 4320 7),
1269 4249 1408 4324 quia
1449 4253 1538 4306 est
1565 4227 1623 4306 et
1653 4249 1896 4308 alterius
1929 4227 1972 4294 (ἶ
2007 4252 2150 4309 dicit
2177 4253 2384 4308 Fulica)
2407 4251 2597 4308 domus
2615 4249 2732 4304 dum
2747 4256 2829 4306 est
2844 4264 3050 4314 eorum,
3075 4264 3194 4320 qua
3210 4249 3352 4302 tunc
3372 4227 3656 4318 temporis

243 4335 498 4410 generis,
513 4336 764 4394 ﬂuvialis
783 4337 1006 4395 scilicet
1026 4339 1348 4412 pelicanus,
1363 4340 1698 4412 supervenit
1717 4339 1901 4396 domi-

244 4441 362 4482 nus
388 4441 557 4482 meus
587 4442 686 4482 rex
713 4426 952 4483 Carolus
982 4427 1194 4486 unicus
1225 4429 1402 4484 frater
1423 4433 1632 4497 vester,
1659 4432 1717 4484 et
1737 4445 1896 4485 com-

241 4517 522 4570 monente
549 4513 650 4572 illo
693 4515 1031 4588 perrexistis
1073 4517 1146 4572 ad
1187 4517 1660 4574 annuntiandum
1689 4518 1898 4574 vestris

241 4601 541 4674 ﬁdelibus,
565 4608 922 4678 quapropter
941 4609 1260 4663 conventus
1279 4609 1470 4662 vester
1489 4605 1772 4663 exstiterit
1795 4624 1808 4662 :
1841 4611 1898 4663 et

237 4693 302 4749 in
334 4689 527 4750 eundo
561 4693 826 4750 servituti
855 4713 998 4752 mea;
1027 4695 1236 4751 vestris
1266 4695 1435 4752 bonis
1465 4695 1771 4752 desideriis
1800 4696 1894 4752 in-

228 4777 756 4856 jungere'placuit,
782 4787 841 4840 et
869 4783 1335 4858 promisisseme
1364 4784 1627 4854 memini,
1653 4789 1720 4842 ut
1737 4786 1892 4857 quod

237 4875 383 4929 tunc
403 4871 542 4929 inde
561 4875 913 4948 respondere
944 4873 1283 4944 debueram,
1307 4873 1524 4948 scripto
1555 4873 1816 4948 alligare,
1838 4879 1896 4931 et

235 4960 627 5018 dominationi
672 4967 878 5020 vestrm
924 4961 1222 5021 studerem
1268 4963 1682 5021 transmittam.
1725 4966 1892 5034 Quod

237 5049 387 5128 quia
407 5053 581 5108 antea
607 5053 962 5126 exsequendi
1003 5053 1498 5127 opportunitatem
1539 5070 1654 5110 non
1685 5053 1890 5124 habui,

235 5157 397 5197 nunc
416 5133 666 5198 breviter
687 5159 818 5216 quae
837 5160 907 5200 ex
927 5159 1279 5216 magnorum
1299 5142 1435 5200 inde
1467 5143 1780 5200 traditione
1799 5143 1887 5200 di-

235 5228 378 5302 dici,
399 5233 604 5288 vestrae
633 5231 932 5306 sapientiae
963 5232 1208 5289 auribus
1237 5232 1532 5301 intimare,
1554 5237 1612 5290 et
1639 5233 1888 5307 promis-

235 5312 424 5377 sionis
463 5337 604 5377 meae
654 5321 918 5379 debitum
949 5321 1242 5378 exsolvere
1287 5323 1614 5394 procuravi.
1648 5323 1731 5380 De
1778 5323 1890 5380 hoc

233 5409 396 5466 unde
443 5410 656 5483 agitur,
696 5405 1114 5484 interpretante
1158 5411 1326 5468 beato
1373 5412 1744 5484 Hieronymo,
1777 5413 1886 5470 He-

232 5496 436 5556 braica
462 5501 674 5557 veritas
705 5499 788 5557 ita
815 5497 993 5558 habet
1015 5516 1029 5558 :
1051 5501 1463 5558 Saturabuntur
1487 5503 1644 5570 ligna
1683 5505 1882 5575 campi,

2005 4358 2209 4399 omnes
2239 4357 2386 4414 pene
2415 4341 2734 4397 utebantur
2761 4337 2974 4404 Latini,
2995 4335 3263 4410 exposuit
3283 4337 3346 4392 B.
3370 4335 3655 4410 Augusti-

2005 4449 2138 4500 nus,
2171 4435 2230 4486 et
2258 4434 2392 4503 post
2420 4446 2556 4486 eum
2595 4429 2860 4500 Prosper,
2897 4427 3110 4483 deinde
3139 4424 3541 4483 Cassiodorus.
3573 4425 3657 4482 De

2004 4537 2123 4592 qua
2168 4519 2400 4576 volucre
2447 4517 2588 4574 dicit
2627 4519 2689 4574 B.
2721 4509 3088 4590 Augustinus
3119 4532 3133 4570 :
3162 4537 3191 4566 ‹‹
3224 4513 3465 4584 Fulicia,
3501 4513 3656 4572 sicut

2004 4625 2209 4665 omnes
2233 4607 2522 4673 novimus,
2542 4605 2770 4664 marina
2793 4605 2916 4661 avis
2945 4608 3064 4674 est;
3088 4603 3176 4660 vel
3207 4605 3268 4660 in
3294 4604 3521 4678 stagnis
3540 4607 3650 4674 est,

2000 4697 2090 4754 vel
2111 4697 2171 4753 in
2198 4697 2345 4754 mari
2377 4701 2486 4754 est.
2506 4696 2690 4753 Habet
2709 4695 3024 4768 quamdam
3047 4695 3312 4763 domum,
3336 4711 3453 4750 non
3484 4691 3652 4752 facile

2002 4787 2062 4842 in
2091 4787 2286 4844 littore
2317 4791 2504 4857 terrae,
2527 4789 2630 4844 aut
2678 4802 3014 4858 nunquam;
3047 4785 3150 4841 sed
3199 4785 3260 4840 in
3307 4783 3382 4840 ii
3429 4800 3557 4856 quis
3587 4783 3650 4838 in

2001 4875 2197 4934 media
2225 4893 2380 4950 aqua
2421 4881 2558 4933 sunt
2592 4893 2606 4932 :
2640 4876 2986 4950 plerumque
3031 4889 3168 4948 ergo
3197 4873 3258 4928 in
3287 4871 3470 4945 petris
3499 4888 3646 4944 quas

1999 4983 2154 5040 aqua
2199 4966 2546 5022 circumdat.
2575 4988 2602 5015 »
2634 4967 2692 5022 S.
2725 4981 2958 5038 quoque
3005 4963 3252 5036 Prosper
3291 4979 3362 5018 ες(
3399 4961 3643 5030 Domus,

1997 5055 2210 5128 inquit,
2236 5055 2426 5112 fulicae
2447 5072 2575 5128 quae
2603 5053 2832 5111 marina
2850 5056 2940 5110 est
2966 5051 3108 5118 avis,
3132 5067 3248 5106 non
3269 5053 3360 5106 est
3387 5049 3448 5104 in
3477 5053 3645 5106 terrea

1997 5143 2408 5214 foraminibus,
2427 5161 2615 5219 neque
2644 5143 2706 5199 in
2733 5141 2914 5200 ramis
2933 5140 3232 5208 arborum,
3257 5138 3356 5196 sed
3387 5137 3448 5194 in
3479 5141 3644 5211 petra

1997 5253 2124 5309 quae
2155 5252 2310 5308 aqua
2349 5235 2428 5292 sit
2467 5233 2872 5292 circumdata:
2905 5233 3070 5304 petra
3113 5245 3248 5286 vero
3293 5226 3644 5300 intelligitur

1995 5326 2284 5384 Christus.
2303 5348 2331 5376 »
2347 5326 2418 5382 Et
2437 5323 2819 5382 Cassiodorus
2855 5338 2926 5378 ex
2965 5321 3029 5376 B.
3054 5317 3367 5392 Augustini
3415 5320 3476 5374 et
3505 5318 3640 5374 Pro-

1994 5416 2146 5489 speri
2171 5417 2229 5472 in
2252 5414 2610 5488 expositione
2627 5415 2699 5468 de
2725 5409 3008 5470 Sensibus
3031 5425 3086 5464 :«
3107 5407 3307 5465 Fulica
3333 5410 3642 5464 mansueta

1993 5505 2117 5562 avis
2146 5510 2203 5562 et
2231 5505 2400 5579 nigra
2426 5507 2534 5572 est,
2561 5506 2731 5559 anate
2753 5501 2993 5574 quidem
3025 5499 3274 5571 parvior,
3297 5497 3398 5554 sed
3431 5513 3640 5570 corpo-

229 5587 386 5644 cedri
405 5589 607 5646 Libani
625 5607 759 5663 quas
777 5591 1062 5663 plantasti,
1084 5591 1165 5648 ibi
1183 5608 1306 5648 aves
1325 5591 1702 5664 nidi/imbuat,
1725 5593 1887 5648 milvi
1912 5604 1960 5668 D
1993 5595 2075 5651 ris
2095 5595 2379 5667 positione
2397 5591 2876 5664 consimilis,quae
2899 5589 2958 5644 in
2977 5586 3202 5661 stagnis
3219 5585 3642 5644 delectabiliter

228 5677 382 5734 abies
411 5677 602 5736 domus
638 5680 756 5752 ejus
782 5681 952 5754 (Psal.
976 5695 1097 5750 cm,
1121 5682 1230 5755 16).
1255 5681 1636 5754 Septuaginta
1681 5684 1876 5738 autem
1987 5688 2402 5743 commoratur.
2425 5684 2550 5738 Hzec
2573 5681 2645 5737 ad
2673 5679 3052 5754 baptizandos
3072 5678 3220 5734 bene
3241 5675 3510 5746 refertur,
3535 5678 3640 5750 qui

227 5767 620 5840 Interpretum
649 5771 975 5840 translatio,
1010 5789 1188 5844 quam
1219 5769 1410 5840 tertio,
1443 5769 1716 5843 plurimis
1749 5789 1878 5828 eam
1988 5769 2048 5831 in
2069 5771 2452 5831 sacratissimi
2475 5771 2655 5828 fontis
2678 5772 2866 5845 gratia
2885 5772 3273 5845 perseverant.
3293 5765 3514 5824 Horum
3535 5769 3642 5830 ita-

225 5855 608 5931 falsantibus,
639 5861 845 5918 beatus
885 5861 1216 5918 emendavit
1253 5861 1658 5933 Hieronymus,
1691 5860 1880 5934 primo

1991 5881 2104 5936 que
2124 5861 2482 5932 mansiones,
2499 5860 2559 5918 id
2581 5863 2670 5918 est
2693 5859 3066 5934 baptismatis
3087 5858 3496 5934 perseveratio,
3519 5859 3637 5916 dux
