4152 6502
509 459 634 526 ‘959

1297 456 1675 518 IlINCMAlll
1726 456 1969 517 RHEM.
2017 454 2376 516 ARClllEP.
2425 454 2826 519 OPUSCULA
2870 455 3134 518 VARIA.

3819 456 3946 519 960

501 595 594 648 est
623 607 928 665 passerum
959 591 1060 664 qui
1093 590 1152 646 in
1180 591 1372 646 cedris
1401 590 1705 646 nidiﬁcant
1729 607 1742 644 :
1768 589 1993 646 scilicet
2021 587 2160 661 quia
2189 587 2239 654 Α
2273 591 2492 658 gravat,
2520 587 2775 643 multum
2796 588 2950 661 quod
2984 586 3154 644 levat.
3177 589 3249 644 At
3267 591 3470 645 contra
3494 588 3759 647 struthio
3791 591 3946 646 rari

501 681 775 737 omnium
800 681 1270 737 Christianorum
1295 698 1460 736 sacer
1482 681 1608 734 fons
1631 681 1746 734 dux
1767 683 1876 743 est,
1901 679 2042 732 dum
2075 695 2174 732 eos
2281 676 2488 747 pennis
2511 677 2795 743 induitur,
2812 681 2870 732 et
2889 677 3134 734 immani
3157 695 3395 750 corpore
3422 683 3725 750 gravatur,
3743 685 3810 735 ut
3829 680 3942 736 etsi

503 770 576 826 ad
607 769 887 827 ccelorum
912 787 1091 842 regna
1115 770 1436 842 perducit.»
1465 770 1526 824 In
1560 768 1726 823 libris
1748 767 1998 838 denique
2031 766 2168 836 Phy—

501 858 789 928 sicorum,
817 859 918 931 qui
969 861 1041 915 de
1086 859 1311 914 naturis
1350 858 1676 922 volucrum,
1711 855 2078 923 animalium,
2112 859 2170 909 et

505 948 892 1021 serpentium,
927 952 985 1003 et
1012 949 1312 1016 arborum,
1349 952 1525 1018 atque
1569 947 1884 1001 herbarum
1918 947 2167 1016 scripse-

503 1041 664 1106 runt,
695 1039 767 1092 de
797 1039 1002 1094 eadem
1033 1055 1136 1093 ave
1174 1037 1256 1092 ita
1299 1036 1472 1108 relegi
1511 1053 1576 1091 :u
1614 1036 1834 1102 Fulica,
1869 1035 2162 1106 inquiunt,

503 1128 660 1183 dicta
690 1132 781 1183 est
811 1129 967 1200 quod
1001 1145 1136 1183 caro
1167 1129 1299 1198 ejus
1331 1126 1660 1198 leporinam
1696 1124 1904 1196 sapiat.
1943 1125 2164 1194 Lageos

505 1217 661 1272 enim
691 1216 859 1288 lepus
881 1216 1130 1272 dicitur:
1157 1217 1312 1270 unde
1333 1221 1388 1270 et
1420 1216 1572 1287 apud
1601 1216 1829 1270 Graecos
1849 1223 2036 1285 λαγωός
2065 1231 2161 1267 vo-

506 1311 692 1362 catur.
725 1306 827 1362 Est
855 1305 1011 1360 enim
1059 1306 1182 1361 avis
1225 1304 1578 1376 slagnensis,
1610 1304 1834 1360 habens
1864 1304 2069 1358 nidum
2101 1303 2160 1357 in

508 1395 702 1451 medio
732 1412 918 1466 aqum,
952 1394 1040 1450 vel
1073 1394 1132 1448 in
1160 1395 1342 1466 petris
1380 1411 1527 1465 quas
1575 1411 1738 1464 aqum
1770 1393 2158 1457 circumdant,

508 1485 923 1558 maritimaque
945 1502 1176 1556 semper
1195 1484 1518 1540 delectatur
1537 1484 1845 1555 profundo,
1869 1500 1996 1554 qua:
2018 1482 2158 1538 dum

506 1578 912 1647 tempestatem
963 1573 1334 1646 persenserit,
1369 1573 1598 1644 fugiens
1639 1572 1698 1627 in
1729 1574 1876 1627 vado
1926 1571 2097 1626 ludit.
2126 1593 2154 1621 »

507 1665 618 1722 Sed
651 1668 707 1720 et
736 1664 794 1720 in
823 1666 1044 1720 eisdem
1077 1663 1243 1719 libris
1274 1663 1384 1734 legi
1409 1680 1537 1734 qua:
1569 1663 1924 1734 subjungcre
1957 1679 2158 1733 procu-

506 1758 668 1824 rabo,
702 1757 858 1812 unde
889 1759 1053 1828 puto,
1087 1753 1240 1810 sicut
1288 1757 1346 1809 et
1393 1771 1494 1809 vos
1545 1751 1808 1825 poteritis
1846 1751 2153 1823 conjicere,

505 1847 646 1920 quia
677 1845 1067 1920 Symmachus
1105 1844 1342 1900 fulicam
1395 1860 1499 1914 pro
1548 1841 1786 1897 herodio
1833 1839 2152 1896 transtulit.

2283 764 2472 820 volare
2489 771 2744 838 appetat,
2762 766 2889 839 ipsa
2911 784 3235 838 pennarum
3259 767 3526 839 paucitas
3545 767 3766 824 molem
3787 769 3940 824 tanti

2279 855 2536 926 corporis
2566 855 2624 910 in
2657 873 2788 911 aere
2821 873 2936 911 non
2982 857 3322 928 suspendat.
3358 857 3487 912 Hmc
3518 874 3760 930 quoque
3807 857 3942 930 ipsa

2278 943 2626 1000 struthionis
2657 962 2848 1016 penna
2871 945 2944 1001 ad
2971 963 3197 1018 pennas
3217 945 3438 1002 herodii
3461 950 3519 1001 et
3539 945 3842 1019 accipitris
3865 947 3942 1001 si-

2277 1031 2672 1088 militudinem
2704 1034 2916 1089 coloris
2947 1033 3140 1102 habet,
3164 1035 3399 1091 virtutis
3419 1051 3552 1090 vero
3583 1033 3938 1091 similitudi-

2275 1138 2407 1175 nem
2433 1139 2548 1176 non
2570 1121 2766 1177 habet.
2789 1122 3028 1177 Illorum
3050 1139 3306 1196 namque
3324 1122 3613 1179 conclusae
3636 1127 3694 1179 et
3715 1125 3940 1180 firmio-

2273 1225 2366 1264 res
2387 1215 2545 1277 sunt,
2569 1215 2628 1266 et
2656 1210 2850 1266 volatu
2884 1227 3076 1267 aerem
3109 1228 3368 1283 premere
3390 1211 3600 1268 virtute
3637 1229 3759 1267 suae
3793 1212 3934 1268 soli-

2272 1299 2472 1354 ditatis
2503 1304 2789 1371 possunt:
2815 1305 2874 1355 at
2904 1304 3106 1356 contra
3131 1299 3484 1356 struthionis
3515 1318 3720 1374 penna:
3744 1301 3936 1357 disso-

2267 1385 2426 1458 lutze,
2472 1393 2530 1443 et
2571 1388 2829 1444 volatum
2877 1405 3107 1445 sumere
3157 1393 3480 1461 nequeunt,
3513 1406 3631 1462 quo
3675 1391 3751 1447 ab
3799 1389 3934 1463 ipso

2267 1495 2443 1549 quem
2475 1494 2734 1550 premere
2763 1479 3087 1534 debuerant
3118 1496 3249 1534 aere
3277 1479 3839 1535 transcenduntur.»

2339 1567 2484 1622 llinc
2507 1569 2676 1638 juxta
2709 1567 2961 1624 litteram
2993 1569 3064 1623 de
3094 1567 3269 1624 fulica
3309 1573 3366 1624 et
3411 1567 3794 1624 herodiorum
3825 1585 3928 1641 ge-

2267 1655 2506 1712 neribus
2535 1673 2602 1712 ex
2642 1673 2988 1730 magnorum
3031 1657 3266 1730 scriptis
3295 1661 3497 1713 vestrae
3525 1655 3921 1713 dominationi

2265 1747 2588 1802 secundum
2616 1747 2946 1818 jussiouem
2975 1752 3230 1802 vestram
3261 1747 3516 1802 scribere
3545 1746 3774 1803 studui.
3803 1747 3924 1803 Ce-

2266 1840 2454 1891 terum
2487 1836 2624 1908 quia
2663 1854 2766 1892 nee
2796 1854 2897 1891 vos
2937 1836 3226 1908 jussistis,
3253 1853 3358 1891 nec
3405 1835 3705 1909 indigetis,
3742 1851 3927 1908 quem

506 1936 784 2027 Scribunt
813 1935 968 1990 enim
1021 1935 1195 1988 iidem
1247 1932 1492 2006 physici,
1527 1931 1784 1987 dicentes
1831 1931 2155 1986 diomedias
2189 1964 2234 2027 Β
2268 1925 2547 1980 Deminus
2578 1926 2745 1980 docet
2775 1925 2872 1997 qui
2906 1925 3073 1981 docet
3103 1923 3396 1980 hominem
3431 1924 3766 1992 scientiam,
3799 1930 3858 1981 et
3897 1943 3933 1980 ι

508 2011 641 2082 dves
670 2043 705 2081 a
734 2021 912 2082 sociis’
950 2023 1246 2078 Diomedis
1297 2021 1638 2094 appellatas,
1663 2038 1812 2093 quos
1852 2021 2044 2076 ferunt
2075 2022 2157 2075 fa-

508 2113 659 2171 bula:
690 2115 749 2170 in
784 2114 1020 2170 easdem
1069 2111 1334 2167 volucres
1381 2111 1562 2166 fuisse
1611 2127 1940 2178 conversos,
1975 2111 2160 2166 forma

510 2205 699 2262 fulica:
741 2203 986 2270 similes,
1020 2200 1423 2274 magnitudine
1471 2218 1779 2272 agnorum,
1802 2200 1991 2255 colore
2022 2219 2156 2256 can-

511 2294 668 2362 dido,
703 2293 868 2348 duris
898 2296 955 2348 et
984 2291 1305 2364 grandibus
1336 2290 1560 2346 rostris.
1595 2293 1746 2345 Sunt
1779 2295 1971 2346 autem
2005 2291 2157 2346 circa

513 2383 880 2457 Apuliam,in
905 2381 1098 2438 insula
1115 2381 1416 2437 Diomedia
1435 2381 1586 2436 inter
1606 2379 1873 2452 scopulos
1895 2379 2157 2434 littorum

512 2477 570 2529 et
599 2490 739 2530 saxa
767 2471 1098 2528 volitantes.
1123 2472 1402 2528 Judicant
1439 2471 1592 2526 inter
1631 2489 1771 2526 suos
1798 2475 1854 2526 et
1884 2471 2154 2526 advenas.

512 2561 658 2618 Nam
678 2561 726 2618 si
741 2562 976 2617 Grazcus
991 2564 1098 2626 est,
1113 2560 1352 2633 propius
1368 2561 1654 2616 accedunt
1668 2564 1725 2614 et
1747 2559 2155 2614 blandiuntur:

514 2650 564 2708 si
585 2650 934 2723 alienigena,
952 2666 1150 2705 morsu
1175 2650 1524 2721 impugnant
1544 2653 1599 2703 et
1619 2648 1945 2714 vulnerant,
1969 2648 2158 2720 lacry-

515 2741 697 2796 mosis
719 2739 887 2812 quasi
911 2739 1150 2794 vocibus
1173 2738 1435 2794 dolentes
1450 2739 1534 2793 vel
1561 2756 1725 2794 suam
1751 2739 2156 2805 mutationem,

513 2829 598 2886 vel
632 2828 787 2903 regis
811 2827 1134 2884 interitum.
1160 2829 1304 2884 Nam
1337 2829 1645 2884 Diomedes
1674 2829 1748 2882 ab
1781 2827 1990 2900 lllyriis
2020 2828 2161 2882 inte-

514 2923 779 2991 remptus
800 2922 906 2973 est.
933 2918 1027 2973 Hae
1051 2923 1244 2973 autem
1269 2935 1402 2973 aves
1419 2918 1622 2973 Latine
1639 2917 1942 2972 diomedis:
1957 2933 2162 2972 vocan-

513 3012 630 3076 tur,
655 3007 836 3064 Graeci
871 3025 970 3063 eas
1001 3007 1272 3063 herodios
1303 3007 1527 3062 dicunt.
1555 3006 1694 3062 llinc
1725 3007 1932 3062 beatus
1963 3005 2158 3061 lliero-

514 3113 728 3170 nymus
759 3097 817 3151 in
851 3097 1088 3168 praefata
1117 3094 1361 3168 epistula
1379 3096 1450 3152 ad
1481 3094 1767 3151 Sunniam
1791 3099 1849 3150 ct
1877 3094 2159 3149 Fretelam

515 3185 659 3241 dicit
681 3203 731 3240 :«
757 3186 864 3241 Pro
905 3184 1161 3252 herodio,
1187 3184 1342 3257 quod
1372 3183 1431 3239 in
1465 3185 1702 3240 Ilebrwo
1731 3183 1946 3239 dicitur
1975 3182 2157 3252 asida,

517 3273 907 3347 Symmachus
927 3282 1124 3342 ἰκτῖνον,
1146 3273 1202 3328 id
1225 3278 1314 3330 est
1339 3273 1602 3340 milvum,
1617 3273 2032 3346 interpretatus
2051 3277 2158 3329 est.

517 3362 778 3434 Denique
799 3365 856 3418 et
877 3380 982 3417 nos
1003 3362 1081 3418 ita
1105 3363 1388 3439 vertimus
1409 3363 1468 3418 in
1494 3363 1764 3418 Latinum
1791 3380 1803 3417 :
1827 3363 1912 3417 lbi
1929 3380 2050 3418 aves
2079 3364 2161 3418 ni-
2191 3337 2234 3404 α

519 3451 838 3523 diﬁcabunt,
859 3452 1018 3506 milvi
1039 3452 1187 3508 abies
1216 3451 1406 3508 domus
1435 3461 1548 3508 est:
1573 3453 1726 3524 quod
1761 3451 1982 3507 scilicet
2012 3469 2163 3506 scm-

520 3557 624 3614 per
643 3539 700 3594 in
724 3538 966 3596 excelsis
989 3544 1046 3596 et
1065 3541 1264 3597 arduis
1285 3542 1593 3597 arboribus
1625 3540 1792 3596 nidos
1823 3543 2006 3597 facere
2028 3559 2164 3597 con-

521 3629 792 3686 sueverit.
815 3630 978 3686 Unde
1007 3634 1063 3685 et
1091 3634 1253 3685 sexta
1283 3631 1460 3685 editio
1493 3630 1862 3686 manifestius
1893 3630 2169 3703 interpre-

519 3724 644 3775 tata
673 3724 765 3774 est
790 3738 802 3775 :
826 3719 985 3774 Miluo
1009 3737 1293 3792 cupressus
1323 3720 1392 3775 ml
1421 3721 1838 3792 nidi/imputant.
1876 3721 1978 3776 l’ro
2011 3721 2165 3775 abic-

521 3809 680 3865 tibus
695 3814 890 3865 autem
909 3813 964 3865 et
981 3811 1275 3882 cupressis
1295 3811 1351 3864 in
1372 3810 1608 3865 llcbrzco
1627 3810 1864 3882 ponitur
1877 3810 2164 3877 barusim,

519 3900 673 3972 quod
709 3898 898 3971 magis
928 3898 1148 3955 abictes
1171 3917 1348 3972 quam
1382 3917 1693 3972 cupressos
1721 3899 2030 3971 signiﬁcat.
2051 3923 2078 3948 »
2103 3900 2171 3954 Et

520 3989 659 4062 quia
688 3988 803 4043 duo
835 3993 993 4053 sunt,
1037 3988 1192 4044 sicut
1219 3989 1383 4044 vobis
1432 3992 1573 4044 tunc
1619 3987 1758 4055 dixi,
1794 3988 2168 4043 herodiorum

520 4094 752 4150 genera,
775 4077 1183 4132 demonstrant
1212 4077 1418 4132 beatus
1439 4077 1826 4148 Hieronymus
1848 4081 2021 4148 atque
2043 4093 2172 4132 san-

406 4179 414 4187 '
520 4171 652 4222 ctus
674 4166 1009 4236 Gregorius.
1025 4165 1214 4221 Unum
1235 4165 1500 4221 videlicet
1520 4165 1894 4238 majus,quod
1925 4182 2080 4220 nunc
2101 4182 2171 4220 ex

520 4255 714 4310 verbis
735 4254 1109 4326 physicorum
1133 4255 1382 4320 ostendi,
1397 4255 1467 4310 de
1489 4272 1604 4326 quo
1626 4260 1681 4310 et
1704 4257 1764 4310 Β.
1787 4254 2171 4326 Hieronymus

523 4343 582 4399 in
614 4343 972 4416 expositione
1011 4343 1191 4416 hujus
1229 4361 1433 4400 versus
1463 4344 1604 4400 dicit
1637 4362 1685 4398 ;‹‹
1713 4344 1852 4412 Illic,
1877 4345 2168 4416 inquiens,

525 4449 793 4505 passeres
811 4431 1516 4505 nidiﬁcabunt,sapientes
1531 4435 1904 4490 mdilicabunt
1925 4434 2170 4505 herodii,

525 4521 636 4576 hoc
666 4524 756 4575 est
785 4519 1010 4575 herodii
1041 4523 1253 4577 domus
1302 4524 1419 4577 dux
1469 4528 1558 4578 est
1596 4541 1819 4578 eorum.
1856 4524 2041 4593 Major
2085 4529 2175 4580 est

525 4609 683 4665 enim
715 4607 977 4663 omnium
1008 4609 1465 4682 volatilium,qui
1500 4612 1758 4684 aquilam
1788 4613 1969 4670 vincit
1999 4618 2055 4669 et
2085 4631 2176 4669 co-

2270 2015 2440 2084 cujus
2474 2015 2616 2070 facie
2647 2020 2737 2070 est
2767 2015 3055 2088 sapientia
3096 2019 3154 2070 et
3191 2013 3542 2082 intellectus,
3565 2014 3740 2086 juxta
3771 2014 3924 2087 typi-

2269 2121 2396 2158 cam
2421 2103 2506 2159 vel
2539 2103 2818 2159 moralem
2851 2103 3295 2177 intelligentiam
3317 2121 3446 2176 quae
3478 2103 3617 2158 hinc
3649 2103 3926 2159 catholici

2269 2193 2532 2250 doctores
2581 2199 2995 2260 tractaverunt,
3029 2193 3194 2249 vobis
3251 2193 3426 2248 latius
3485 2192 3742 2248 scribere
3805 2211 3920 2248 non

2267 2284 2638 2355 prmsumpsi,
2661 2301 2732 2338 ne
2762 2285 3073 2338 referretur
3101 2282 3246 2338 mihi
3277 2282 3420 2337 illud
3454 2281 3746 2355 poeticum
3772 2300 3788 2338 :

2452 2374 2526 2422 Tu
2554 2387 2622 2422 ne
2653 2375 2788 2422 forte
2819 2374 2955 2422 feras
2985 2373 3040 2422 in
3070 2372 3260 2422 silvam
3288 2372 3435 2436 ligna
3465 2372 3656 2422 viator.

2269 2472 2380 2528 Sed
2411 2489 2483 2527 nc
2516 2471 2573 2526 in
2598 2474 2785 2527 totum
2814 2471 3141 2545 praaterisse
3163 2470 3476 2543 mysticum
3499 2487 3743 2526 sensum
3764 2470 3926 2527 vide-

2268 2577 2380 2628 rer,
2397 2561 2661 2633 quaedam
2691 2561 2886 2632 potius
2912 2559 3245 2633 significare
3267 2576 3447 2630 quam
3469 2575 3760 2631 exponam
3781 2575 3923 2615 cen-

2269 2649 2382 2706 sui.
2418 2651 2848 2714 Salurabuntur,
2871 2649 3064 2721 inquit
3109 2648 3397 2714 Psalmus,
3431 2649 3589 2717 ligna
3628 2651 3835 2719 campi,
3871 2649 3926 2704 id

2269 2745 2359 2795 est
2391 2740 2587 2812 plebes
2619 2739 2993 2812 populorum,
3023 2739 3212 2812 gratia
3241 2735 3511 2810 spiritali,
3533 2744 3584 2793 et
3614 2736 3770 2792 cedri
3792 2738 3930 2792 liba-

2266 2831 2348 2896 ni,
2374 2829 2429 2884 id
2463 2834 2552 2885 est
2582 2828 2806 2885 nobiles
2838 2832 3013 2900 atque
3060 2827 3345 2884 sublimes
3391 2824 3622 2894 mundi,
3652 2843 3792 2898 qua:
3823 2829 3928 2882 Do-

2266 2923 2454 2975 minus
2499 2920 2769 2990 plantavit
2800 2919 2967 2989 (Psal.
3000 2919 3258 2987 c111,”),
3282 2915 3383 2990 qui
3431 2915 3608 2972 etiam
3657 2915 3732 2972 de
3781 2915 3926 2972 divi-

2268 3008 2428 3065 tibus
2452 3013 2509 3065 et
2538 3007 2868 3065 illustribus
2899 3007 3118 3064 multos
3141 3004 3506 3080 justiticavit,
3529 3005 3632 3080 qui
3665 3005 3878 3063 dicunt
3907 3025 3921 3062 :

2271 3099 2400 3171 Ipse
2423 3099 2557 3154 fecit
2578 3116 2683 3154 nos
2704 3103 2895 3155 etnon
2919 3097 3030 3170 ipsi
3053 3114 3180 3164 nos,
3195 3097 3334 3170 quia
3351 3097 3503 3152 sicut
3523 3114 3634 3153 nos
3653 3095 3925 3152 homines

2271 3192 2328 3244 et
2357 3187 2637 3255 illustres,
2650 3187 2731 3244 ita
2761 3187 3144 3243 nihilominus
3161 3191 3219 3242 et
3237 3187 3434 3258 justos
3465 3186 3621 3242 fecit.
3645 3186 3774 3241 Illic
3796 3202 3923 3258 pa:-

2269 3295 2412 3334 seres
2459 3279 2838 3350 nidi/imbuat,
2871 3277 3095 3334 scilicet
3151 3275 3211 3332 in
3261 3275 3392 3332 istis
3439 3275 3631 3331 cedris
3689 3274 3920 3340 Libani,

2273 3385 2419 3440 quas
2444 3367 2632 3439 gratia
2650 3367 2750 3423 Dei
2772 3366 2998 3439 plantat
3017 3369 3073 3421 et
3094 3365 3287 3431 satiat,
3311 3363 3701 3419 nidificabunt
3730 3379 3926 3435 passe-

2274 3474 2388 3522 res,
2403 3456 2463 3512 hi
2483 3455 2748 3512 videlicet
2763 3455 2862 3528 qui
2883 3454 3182 3526 elegerunt
3196 3453 3232 3508 h
3243 3451 3610 3518 umilitatem,
3625 3457 3687 3506 et
3706 3450 3928 3508 relictis

2274 3563 2402 3618 qua:
2435 3545 2730 3600 habebant
2761 3549 2862 3600 aut
2889 3543 3163 3608 venditis,
3187 3541 3332 3597 nihil
3355 3540 3466 3597 sibi
3498 3539 3558 3596 in
3582 3539 3692 3596 hoc
3714 3539 3930 3596 amulo

2276 3639 2664 3700 reservarunt,
2699 3635 2796 3688 sed
2853 3633 3100 3688 divitum
3132 3631 3600 3687 Christianorum
3648 3629 3931 3684 domibus

2275 3725 2550 3796 agrisque
2582 3723 2871 3794 susceptis
2903 3721 3250 3777 necessariis
3294 3718 3520 3774 solatiis
3551 3719 3932 3789 adjuvantur.

2276 3814 2384 3880 Qui
2409 3816 2603 3868 tamen
2625 3811 2760 3866 licet
2781 3811 2837 3866 in
2863 3810 3172 3866 cedrorum
3195 3806 3504 3864 altitudine
3535 3807 3937 3879 requiescant,

2277 3919 2392 3958 non
2417 3901 2560 3974 ipsis
2587 3900 2775 3958 cedris
2795 3900 3045 3956 ducibus
3069 3896 3450 3964 utuntur,sed
3473 3895 3687 3952 domus
3707 3895 3934 3951 herodii

2277 3993 2394 4048 dux
2423 3995 2513 4046 est
2540 4007 2765 4046 eorum.
2802 3989 3087 4045 Herodius
3117 3988 3273 4044 enim
3317 3987 3559 4059 majoris
3589 3985 3845 4059 generis,
3871 3990 3937 4041 ut

2277 4081 2470 4136 verbis
2491 4078 2824 4151 Hieronymi
2847 4077 3126 4146 diximus,
3142 4077 3331 4148 major
3346 4081 3438 4132 est
3456 4074 3722 4131 omnium
3734 4075 3938 4130 volati-

2278 4170 2445 4236 lium,
2471 4168 2572 4241 qui
2602 4168 2882 4239 aquilam,
2910 4184 3038 4239 qua:
3070 4184 3168 4222 rex
3192 4164 3516 4221 volatilium
3549 4163 3704 4220 sicut
3731 4164 3822 4220 leo
3843 4169 3940 4220 est

2280 4259 2622 4324 bestiarum,
2643 4256 2822 4312 vincit
2870 4261 2928 4312 et
2955 4254 3225 4312 comedit.
3251 4256 3412 4327 Saepe
3451 4253 3611 4310 enim
3647 4253 3707 4308 in
3736 4253 3936 4326 Scrip-

2281 4349 2430 4405 turis
2473 4365 2574 4420 per
2632 4345 2890 4418 aquilam
2949 4345 3317 4418 significatur
3343 4343 3635 4409 diabolus,
3666 4348 3726 4399 et
3759 4343 3940 4414 juxta

2279 4437 2670 4512 evangelicum
2703 4436 3024 4502 verilatem,
3048 4436 3256 4491 fortem
3279 4437 3571 4490 armatum
3599 4433 3938 4489 custodien-

2281 4531 2400 4582 tem
2458 4525 2672 4581 atrium
2732 4541 2928 4592 suum,
2963 4522 3108 4578 etin
3153 4539 3294 4595 pace
3349 4539 3456 4577 sua
3511 4521 3936 4594 possidentem,

2284 4617 2340 4671 id
2373 4619 2462 4671 est
2493 4615 2698 4670 fortem
2735 4613 3057 4682 diabolum,
3093 4613 3381 4668 mundum
3414 4611 3514 4684 qui
3569 4611 3629 4666 in
3675 4609 3940 4683 maligno

526 4698 729 4754 medit.
751 4696 1012 4753 Alterum
1045 4698 1264 4753 minus.
1288 4700 1358 4754 de
1380 4717 1495 4771 quo
1517 4706 1605 4756 est
1637 4701 1694 4756 in
1725 4701 1873 4757 libro
1894 4703 2003 4757 Job
2030 4703 2173 4759 scri-
2207 4714 2252 4777 Ι)
2285 4705 2514 4777 positus
2566 4707 2674 4770 est,
2708 4719 2896 4774 usque
2926 4703 2998 4758 ad
3040 4703 3358 4757 adventum
3410 4698 3730 4757 Salvatoris
3785 4698 3942 4755 male

528 4794 692 4862 ptum
719 4805 732 4844 :
760 4793 951 4844 Penna
969 4789 1293 4843 simillimis
1328 4791 1530 4844 similis
1558 4798 1636 4845 est
1661 4794 1856 4862 pennis
1886 4793 2098 4847 herodii
2124 4802 2175 4848 et

527 4879 807 4950 twc'ipitris
836 4877 958 4948 (Job
994 4896 1108 4945 χιχ,
1145 4879 1251 4948 13).
1279 4901 1306 4926 ››
1334 4878 1494 4934 Unde
1538 4880 1743 4935 beatus
1789 4881 1930 4934 dicit
1961 4884 2172 4952 Grego-

529 4967 653 5022 rius
685 4967 916 5038 (Moral.,
951 4966 1051 5023 lib.
1084 4985 1236 5035 xxxu,
1269 4985 1395 5038 cap.
1419 4969 1477 5035 5)
1501 4985 1548 5022 :u
1575 4969 1715 5033 Quis
1765 4969 2069 5025 hei-odium
2117 4975 2175 5025 et

527 5055 862 5128 accipitrem
897 5057 1119 5112 nesciat
1147 5074 1281 5112 aves
1313 5056 1570 5128 reliquas
1591 5063 1811 5128 quanta
1831 5059 2057 5114 volatus
2084 5059 2175 5114 sui

528 5145 830 5202 velocitate
869 5147 1327 5201 transcendant?
1357 5145 1616 5201 Struthio
1646 5164 1778 5201 vero
1827 5165 2027 5218 penna:
2075 5167 2175 5204 eo-

531 5253 660 5290 rum
682 5235 1128 5292 similitudinem
1149 5235 1447 5304 habet,scd
1465 5236 1688 5292 volatus
1704 5254 1904 5292 eorum
1925 5238 2180 5292 celerita-

530 5331 646 5380 tem
681 5343 796 5381 non
831 5326 1023 5381 habet.
1048 5327 1092 5380 Α
1121 5330 1274 5381 terra
1294 5326 1508 5399 quippe
1537 5326 1744 5381 elevari
1779 5344 1890 5381 non
1917 5326 2087 5393 valet,
2122 5331 2180 5381 et

532 5412 654 5469 alas
675 5415 846 5487 quasi
864 5415 934 5470 ad
961 5415 1216 5470 velatum
1240 5417 1428 5488 specie
1457 5423 1627 5471 tenus
1649 5416 1837 5488 erigit,
1859 5415 1955 5471 scd
1985 5421 2178 5471 tamen

535 5519 834 5574 nunquam
867 5522 929 5558 se
956 5522 990 5558 a
1021 5509 1176 5559 terra
1205 5505 1452 5560 volando
1494 5506 1820 5576 suspendit.
1847 5528 1872 5552 ν
1896 5505 1961 5558 Et
1989 5503 2127 5559 item
2163 5524 2175 5561 :

535 5613 562 5638 ‹‹
587 5592 893 5663 Aceipitris
924 5593 1138 5666 quippe
1168 5600 1223 5650 et
1256 5595 1474 5650 herodii
1509 5613 1683 5666 parva
1730 5600 1868 5652 sunt
1916 5613 2177 5667 corpora,

537 5679 634 5733 sed
670 5681 876 5750 pennis
896 5683 1267 5738 densioribus
1299 5683 1466 5754 fulta,
1489 5689 1546 5739 et
1577 5684 1790 5739 ideirco
1811 5702 1944 5739 cum
1981 5685 2180 5740 celeri-

537 5772 654 5826 tate
703 5769 1082 5839 transvolant,
1118 5771 1256 5844 quia
1285 5772 1368 5826 eis
1417 5790 1624 5844 parum
1680 5773 1829 5828 inest
1879 5775 2034 5845 quod
2082 5792 2180 5847 ag-

2286 4798 2520 4866 peccato
2576 4791 2892 4864 potientem
2952 4791 3218 4864 imperio,
3254 4790 3458 4847 fortior
3517 4790 3940 4862 superveniens

2281 4883 2548 4939 Christus
2577 4880 2736 4947 vicit,
2767 4885 2825 4937 et
2878 4881 3151 4936 universa
3207 4881 3337 4952 ejus
3395 4896 3560 4935 arma
3603 4879 3664 4934 in
3717 4879 3940 4950 quibus

2282 4971 2613 5027 confidebat
2643 4969 2905 5036 abstulit,
2937 4978 2994 5024 et
3042 4969 3228 5040 spolia
3274 4969 3424 5040 ejus,
3449 4967 3604 5040 quod
3654 4972 3746 5022 est
3792 4965 3938 5022 insi-

2283 5078 2394 5132 gne
2433 5056 3496 5130 triumphantis,distrihuit,quoniam
3524 5055 3779 5111 astutias
3807 5055 3940 5126 ejus

2285 5147 2599 5214 dextruxit,
2630 5152 2688 5202 et
2731 5147 3072 5203 hominibus
3103 5146 3362 5219 deceptis
3419 5145 3493 5200 ab
3546 5161 3615 5200 eo
3672 5143 3938 5209 salvatis,

2286 5235 2572 5308 captivam
2595 5237 2814 5292 ducens
2844 5235 3238 5308 captivitatem
3267 5236 3421 5292 dona
3449 5232 3754 5289 distribuit
3781 5234 3934 5302 (ιυτ.

2286 5332 2386 5395 xi),
2420 5325 2476 5380 id
2534 5331 2624 5382 est
2683 5327 2937 5398 Spiritus
2995 5327 3182 5382 sancti
3241 5326 3572 5396 dona,qme
3625 5322 3942 5396 Apostolus

2288 5421 2612 5479 enumerat,
2637 5434 2740 5488 pro
2771 5416 3240 5486 uniuscujusque
3269 5419 3440 5487 captu
3472 5413 3727 5468 donavit.
3757 5413 3942 5483 Cujus

2289 5506 2512 5561 herodii
2571 5507 2803 5574 domus,
2839 5506 2896 5560 id
2935 5510 3025 5560 est
3080 5509 3332 5560 rectores
3391 5502 3680 5569 Ecclesiae,
3713 5502 3940 5556 dicente

2292 5596 2466 5652 Paulo
2508 5613 2632 5668 qum
2683 5597 2896 5651 domus
2955 5576 3160 5651 sumus
3219 5612 3343 5662 nos,
3373 5594 3554 5649 duces
3609 5607 3936 5665 passerum,

2291 5685 2496 5741 mundi
2538 5685 2805 5740 videlicet
2851 5689 3343 5756 contemptorum,
3378 5700 3553 5754 super
3601 5697 3848 5754 egenum
3881 5684 3940 5734 et

2293 5792 2609 5848 pauperem
2635 5774 3112 5846 intelligentiam,
3126 5771 3464 5846 sumptibus
3478 5776 3936 5829 sustentatorum
