4152 6572
288 508 401 570 961

1382 509 1483 569 DE
1528 509 1707 569 FIDE
1750 508 2054 567 CAIlOL‘.)
2102 507 2283 567 REGI
2328 508 2600 566 SELVA.

3578 508 3696 569 962

286 659 416 699 esse
450 645 793 698 noscuntur.
827 643 897 697 Et
924 658 1030 697 nec
1072 642 1131 697 in
1183 643 1405 697 minore
1455 642 1678 697 herodii
1728 658 1937 714 genere
1970 645 2013 709 Α
2050 639 2356 711 deprimat,
2381 639 2568 695 multa
2598 639 2783 695 virtus
2812 640 2974 695 bona:
3006 641 3249 697 actionis
3281 643 3540 715 suppetit
3568 659 3696 715 quae

290 732 413 786 haec
462 729 849 803 intelligentia
898 730 1174 785 abhorret
1222 749 1256 785 a
1303 749 1454 797 vero,
1489 749 1623 785 cum
1674 731 1936 785 dicitur:

280 820 517 876 ‘Herodii
543 820 732 875 domus
769 820 885 874 dum
932 837 1139 875 eorum.
1174 820 1319 886 Quia
1358 821 1531 891 juxta
1574 819 1938 891 Apostolum,

292 910 584 980 Christus,
610 925 744 963 cum
767 910 927 963 dives
949 914 1104 964 esset
1125 914 1357 981 propter
1380 926 1483 963 nos
1510 926 1732 980 pauper
1756 909 1943 962 laetus

293 1003 404 1064 est,
434 1002 500 1053 ut
521 1015 626 1053 nos
659 997 846 1070 ipsius
876 998 1074 1070 inopia
1104 998 1428 1053 ditaremur
1457 999 1529 1066 (ll
1561 998 1680 1053 Cor.
1714 1014 1835 1068 vm,
1865 998 1941 1064 9).

294 1090 364 1144 Et
394 1087 677 1160 propheta
705 1088 775 1143 de
806 1087 903 1143 illo
936 1087 1078 1143 dicit
1110 1105 1122 1142 :
1159 1088 1403 1144 Vidimus
1449 1103 1575 1141 eum
1616 1095 1803 1141 etnon
1832 1094 1947 1141 erat

296 1184 558 1250 aspectus,
600 1179 658 1232 et
696 1180 918 1243 caetera,
968 1193 1155 1248 usque
1215 1176 1377 1242 dum,
1427 1191 1525 1231 nec
1580 1177 1949 1246 reputavimus

296 1282 422 1322 eum
450 1266 578 1338 (Isa.
615 1282 730 1332 LIII,
765 1266 842 1334 3).
876 1265 983 1330 Qui
1017 1266 1186 1320 nobis
1235 1264 1473 1336 reliquit
1519 1263 1850 1335 exemplum
1883 1266 1949 1318 ut

299 1372 619 1425 sequamur
646 1354 890 1424 vestigia
922 1354 1069 1423 ejus.
1103 1355 1284 1423 Cujus
1316 1354 1537 1407 herodii
1589 1355 1800 1408 domus
1834 1353 1949 1407 dux

298 1448 388 1499 est
418 1460 745 1515 passerum,
780 1443 838 1497 id
869 1448 958 1498 est
1008 1443 1211 1498 mundi
1261 1446 1729 1514 contempturum
1764 1459 1777 1497 ε
1813 1443 1951 1514 quia

300 1549 453 1605 saepe
473 1530 647 1587 etiam
671 1531 731 1586 in
755 1530 1153 1598 sacularibus,
1177 1531 1236 1586 in
1260 1548 1510 1602 quorum
1543 1532 1818 1585 cordibus
1851 1548 1953 1604 per

303 1622 476 1675 tidem
508 1619 734 1675 habitat
776 1619 1067 1688 Christus,
1100 1624 1156 1674 et
1188 1619 1247 1673 in
1282 1636 1531 1691 quorum
1561 1636 1731 1691 opere
1764 1619 1952 1691 ipsius

300 1709 502 1765 lucent
531 1708 816 1781 exempla,
848 1726 963 1763 non
995 1708 1189 1764 solum
1220 1708 1599 1764 ecclesiastici
1630 1707 1717 1763 vel
1752 1726 1951 1763 mona-

302 1799 419 1868 chi,
453 1798 512 1853 in
545 1798 800 1855 subditis
843 1799 1085 1871 praelati,
1119 1797 1178 1853 in
1210 1799 1452 1870 privatis
1484 1797 1643 1871 regia
1669 1802 1954 1871 potestate

305 1887 588 1962 praecelSi,
618 1888 814 1943 videre
844 1888 1039 1942 valent
1087 1888 1243 1959 quod
1290 1888 1594 1943 imitentur
1627 1905 1639 1942 :
1671 1905 1872 1943 verum
1899 1890 1956 1941 et

305 1979 462 2034 unde
492 1995 554 2033 se
579 1976 1008 2050 reprehendant
1041 1981 1098 2032 et
1121 1977 1489 2047 erubescant,
1522 1976 1661 2049 quia
1691 1981 1830 2031 sunt
1862 1977 1953 2030 in-

304 2068 540 2123 terdum
569 2066 825 2121 minores
855 2065 1083 2134 merito,
1119 2065 1219 2137 qui
1252 2070 1391 2120 sunt
1416 2066 1665 2137 majores
1699 2065 1956 2131 nomine,

305 2163 365 2213 et
387 2156 798 2212 laudabiliores
820 2155 1147 2210 sanctitatis
1168 2156 1530 2210 infructuose
1552 2155 1959 2210 bonnre.Unde

308 2246 592 2318 propheta
624 2244 765 2300 dicit
800 2261 811 2299 :
846 2246 1129 2305 Erubesee,
1190 2245 1376 2300 Sidon.
1441 2247 1527 2299 Ait
1584 2247 1731 2299 enim
1784 2260 1957 2310 mare,

306 2335 565 2406 fortitudo
594 2336 768 2387 maris
797 2334 980 2387 dicens
1011 2335 1140 2402 (Lm.
1174 2351 1331 2397 xxm,
1354 2336 1426 2401 4).
1457 2334 1559 2387 Per
1587 2334 1764 2387 Sidon
1790 2333 1960 2405 quip-

316 2441 409 2496 pe,
442 2421 742 2495 religionis
799 2424 1036 2477 nomine
1083 2424 1249 2495 quasi
1311 2423 1565 2494 quadam
1606 2423 1961 2477 fortitudine

312 2512 525 2567 muniti
557 2516 614 2565 et
643 2511 916 2578 decorati,
953 2529 1055 2584 per
1103 2529 1264 2567 mare
1310 2517 1501 2567 autem
1536 2512 1842 2567 saeculares
1874 2513 1960 2566 in-

314 2600 784 2674 telliguntur,qui
808 2604 873 2655 ut
899 2617 1070 2656 verus
1101 2601 1377 2657 herodius
1406 2601 1705 2656 velocitate
1736 2601 1963 2656 volatus

315 2696 378 2746 et
411 2689 894 2763 magnanimitate
922 2689 1174 2759 virtutis,
1211 2690 1379 2762 quasi
1426 2691 1660 2762 capiens
1701 2684 1964 2747 volucres

313 2796 523 2837 semen
572 2781 744 2851 juxta
798 2778 955 2835 viam
1008 2780 1396 2847 comedentes,
1430 2780 1487 2835 id
1529 2785 1615 2835 est
1672 2782 1964 2839 dmmones

313 2870 557 2926 verbum
586 2870 656 2925 de
687 2870 859 2925 corde
889 2869 1257 2925 audientium
1292 2868 1559 2925 tollentes
1578 2880 1651 2925 ne
1667 2872 1965 2926 credentes

314 2958 462 3017 salvi
488 2960 653 3027 ﬁant,
680 2963 906 3014 coercet
936 2963 992 3014 et
1022 2958 1460 3029 comprimit,ne
1480 2963 1707 3014 tantum
1740 2959 1968 3030 possint

312 3052 542 3105 tentare
591 3047 880 3113 homines,
913 3046 1071 3103 velut
1115 3047 1281 3102 docet
1314 3064 1327 3102 :
1361 3049 1579 3114 Discite,
1611 3047 1902 3120 inquiens,
1934 3065 1968 3103 a

313 3155 425 3205 me,
458 3139 591 3210 quia
633 3138 788 3193 mitis
832 3153 957 3192 sum
984 3144 1034 3191 et
1065 3137 1293 3191 Immitis
1329 3136 1485 3191 corde
1515 3136 1718 3205 (Matth.
1743 3154 1820 3204 x1,
1853 3140 1964 3204 29),

319 3227 484 3300 parvi
503 3230 642 3283 sunt
661 3226 817 3299 apud
839 3242 900 3281 se
923 3224 980 3279 in
1006 3226 1197 3292 corde,
1223 3228 1281 3281 et
1306 3225 1459 3296 apud
1482 3225 1748 3280 homines
1775 3225 1966 3280 laude.

321 3316 432 3382 Qui
452 3316 560 3372 etsi
581 3333 721 3370 cura
741 3316 823 3371 rei
855 3314 1160 3370 familiaris
1189 3328 1255 3369 ac
1283 3318 1514 3370 terrena
1545 3314 1859 3385 fragilitate
1878 3331 1972 3386 ag-

321 3405 567 3478 gravati,
598 3404 858 3477 quandiu
891 3404 949 3459 in
979 3404 1087 3460 hac
1117 3403 1236 3460 vita
1277 3408 1417 3461 sunt
1459 3405 1585 3461 sine
1617 3403 1800 3476 culpa:
1833 3421 1966 3460 con-
1999 3403 2040 3471 C

318 3494 479 3568 tagio
508 3510 637 3551 esse
668 3511 783 3549 non
818 3496 1091 3565 possunt,
1121 3497 1318 3549 tamen
1350 3510 1486 3548 cum
1512 3493 1597 3549 eis
1628 3493 1780 3549 inest
1810 3493 1964 3564 quod

2055 730 2184 783 illus
2205 729 2261 783 in
2295 748 2549 801 superna
2578 730 3039 785 sustollat.Unde
3061 748 3193 786 eum
3218 734 3472 787 maxime
3489 733 3699 789 timore

2053 836 2118 874 ac
2150 824 2683 891 tremore,cnmque
2717 820 2973 873 maxima
3004 820 3395 876 sollicitudine
3425 822 3699 878 continue

2052 909 2419 963 considerare
2450 914 2623 979 atque
2657 909 2859 963 timere
2888 909 3271 973 debemus,nc
3301 928 3406 965 nos
3437 912 3535 983 qui
3569 912 3700 983 plus

2015 1038 2032 1049 .
2055 998 2277 1052 emteris
2312 999 2370 1052 in
2402 998 2510 1052 hoc
2542 999 2763 1052 mundo
2807 998 3099 1070 accepisse
3131 999 3352 1070 aliquid
3385 1001 3698 1070 cernimur,

2055 1087 2127 1141 ab
2161 1090 2395 1141 auctore
2447 1086 2651 1141 mundi
2702 1088 2935 1160 gravius
2986 1088 3118 1143 inde
3169 1089 3527 1159 judicemur.
3559 1097 3702 1147 Cum

2056 1175 2210 1230 enim
2233 1179 2525 1246 augentur
2556 1176 2990 1242 dona,rationes
3021 1178 3198 1233 etiam
3230 1184 3502 1235 crescunt
3531 1181 3706 1236 dono—

2058 1282 2212 1320 rum.
2247 1266 2434 1319 Tanto
2465 1282 2600 1335 ergo
2648 1282 2775 1319 esse
2800 1266 3105 1341 humilior
3145 1272 3319 1339 atque
3345 1270 3417 1324 ad
3450 1269 3704 1325 servien-

2058 1354 2198 1407 dum
2235 1353 2558 1424 promptior
2605 1354 2855 1424 quisque
2896 1356 3063 1408 debet
3093 1374 3160 1409 ex
3193 1374 3452 1429 munere,
3488 1364 3705 1430 quanto

2060 1460 2120 1497 se
2151 1443 2551 1515 obligatiorem
2579 1459 2706 1497 esse
2736 1443 3019 1515 conspicit
3046 1445 3102 1498 in
3136 1446 3431 1502 reddenda
3461 1449 3703 1505 ratione.

2061 1520 2261 1587 Sciens
2291 1533 2428 1604 quia
2456 1532 2547 1586 cui
2582 1533 2714 1605 plus
2744 1534 3152 1601 committitur,
3173 1535 3303 1606 plus
3335 1538 3406 1593 ab
3437 1555 3503 1594 eo
3534 1540 3710 1612 exigi-

2060 1623 2420 1691 tur,etjuxta
2438 1621 2749 1692 Scripturre
2772 1623 3121 1678 sententiam
3149 1642 3161 1679 :
3196 1627 3442 1682 Potentes
3465 1637 3711 1700 potenter

2061 1718 2324 1765 tormenta
2380 1713 2676 1782 patientur,
2716 1713 2915 1780 exiguo
2972 1714 3287 1769 concedetur
3331 1718 3711 1774 misericordia

2062 1800 2213 1871 (Sep.
2244 1818 2320 1867 vx,
2352 1801 2427 1871 7).

2131 1889 2388 1960 Accipite
2434 1888 2546 1943 ista
2595 1888 2953 1944 succinctius
2986 1890 3158 1945 dicta.
3194 1892 3253 1947 Si
3286 1898 3480 1949 autem
3506 1897 3705 1967 jusse-

2068 1977 2215 2045 ritis,
2249 1982 2306 2031 et
2336 1978 2404 2032 de
2436 1978 2545 2033 hoc
2576 1982 2633 2033 et
2662 1980 2731 2033 de
2783 1978 2913 2034 aliis
2973 1980 3281 2053 Scriptura;
3341 2000 3519 2040 sacrae
3576 2003 3708 2043 sen-

2070 2067 2288 2132 tentiis,
2322 2070 2378 2121 et
2420 2083 2522 2137 pro
2577 2067 2852 2138 imposito
2912 2069 3258 2138 ministerio,
3294 2077 3351 2127 et
3381 2091 3484 2145 pro
3515 2076 3713 2132 debita

2068 2156 2230 2209 vobis
2288 2148 2638 2222 obedientia,
2690 2156 2967 2227 quoniam
3028 2159 3346 2230 apostolica
3396 2163 3714 2220 auctoritas

2068 2243 2301 2300 obedire
2332 2243 2390 2297 in
2419 2243 2646 2299 Christo
2669 2250 2725 2299 et
2746 2246 3041 2317 subjectos
3074 2248 3193 2319 regi
3226 2266 3332 2305 nos
3361 2267 3489 2307 esse
3505 2253 3715 2309 debere

2069 2334 2461 2399 commendat,
2494 2333 2682 2388 sciens
2731 2334 3015 2406 scriptum
3064 2338 3229 2393 vobis
3259 2354 3273 2392 :
3306 2340 3583 2411 Interroga
3624 2359 3713 2397 sa-

2068 2423 2302 2476 eerdntes
2360 2423 2527 2491 legem
2579 2438 2757 2477 meum
2814 2423 2968 2494 (Λεία.
3005 2441 3065 2491 II,
3104 2428 3226 2493 12);
3262 2432 3320 2481 et
3365 2429 3533 2484 nobis
3566 2446 3580 2484 :
3615 2431 3720 2486 Au-

2070 2512 2224 2565 diens
2254 2528 2323 2565 ea;
2365 2526 2456 2565 ore
2497 2527 2632 2577 meo,
2684 2528 3000 2578 sermonem,
3032 2516 3321 2570 izuntiubis
3377 2519 3457 2572 eis
3510 2536 3581 2573 ex
3632 2537 3719 2577 me

2070 2600 2283 2669 (Er-celi.
2314 2617 2511 2667 xxxm,
2544 2600 2621 2670 7),
2655 2617 2781 2670 qua:
2831 2602 2902 2655 ad
2964 2601 3213 2658 salutem
3262 2610 3319 2659 et
3374 2605 3716 2664 instructio-

2072 2705 2206 2742 nem
2238 2687 2585 2743 eruditionis
2618 2692 2815 2743 vestra:
2849 2690 3129 2761 proﬁcere
3160 2695 3717 2764 poterunt,libentis-

2074 2777 2218 2832 sime
2249 2781 2535 2848 quantum
2568 2776 2692 2847 ipse
2724 2779 3067 2850 dederit,qui
3104 2781 3255 2835 fideli
3287 2800 3450 2840 servo
3481 2788 3720 2857 promit-

2074 2866 2189 2921 tit:
2226 2868 2389 2937 Aperi
2435 2883 2491 2921 es
2533 2876 2707 2933 tuum,
2756 2875 2807 2921 et
2863 2884 2958 2935 ego
3012 2870 3317 2941 (aliinplebo
3374 2875 3515 2928 illud
3543 2877 3716 2944 (Psal.

2075 2973 2236 3021 Lxxx,
2274 2957 2380 3023 11),
2415 2960 2471 3010 et
2497 2955 2688 3009 verbis
2737 2960 2794 3010 et
2838 2955 3047 3013 litteris
3103 2958 3389 3017 disserere
3441 2968 3500 3018 et
3554 2965 3719 3021 vobis

2073 3045 2378 3116 explanare
2409 3045 2644 3100 curabo.

2148 3135 2435 3222 Tempora
2466 3135 2758 3222 concedat
2775 3134 3043 3222 Christus
3074 3137 3264 3222 l'elicia
3294 3139 3455 3222 regni

2224 3207 2407 3276 IIUJUS
2438 3210 2495 3260 et
2523 3206 2869 3273 :eterni'rex,
2903 3207 3009 3262 tibi
3041 3209 3211 3265 cbare
3242 3206 3409 3266 mihi.

2152 3275 2379 3351 Floreat
2408 3277 2637 3351 internis
2668 3282 2860 3351 tecum
2894 3280 3181 3351 sapientia
3210 3282 3398 3351 donis,

2223 3348 2293 3427 Ut
2322 3348 2433 3427 tibi
2456 3355 2795 3427 permaneat
2825 3348 2980 3416 laus,
3009 3351 3213 3427 honor,
3249 3348 3421 3427 atque
3453 3357 3634 3413 salus.

2150 3419 2475 3501 Desterahte
2504 3420 2717 3501 Christi
2750 3439 2994 3501 semper:
3008 3425 3279 3501 defendat
3310 3419 3543 3501 tibique.

2221 3491 2355 3547 Vive
2387 3492 2501 3547 Deo
2534 3492 2685 3561 felix,
2719 3497 2775 3547 et
2804 3491 2929 3549 sine
2964 3496 3074 3550 fine
3104 3496 3250 3551 vale.

497 3910 637 4057 All
730 3906 1302 4057 EPISCOPOS
1396 3907 1524 4054 ΕΤ
1613 3751 2153 4054 PROCEllllS
2246 3905 2858 4055 PROVINCl/E
2962 3909 3551 4059 llllllllllNSlS

1352 4125 1455 4183 DE
1497 4124 1673 4183 FIDE
1718 4123 2024 4184 CAROLO
2071 4124 2249 4182 REGI
2296 4123 2715 4183 SEBVANDA

622 4258 793 4321 ‘Cum
821 4258 1155 4321 Ludovicus
1185 4261 1399 4319 iterum
1435 4257 1646 4320 Caroli
1667 4257 1882 4338 fratris
1910 4257 2010 4316 sui
2032 4276 2304 4335 regnum,
2334 4256 2436 4317 illo
2466 4256 2720 4331 absente,
2756 4258 3055 4338 impetere!
3084 4279 3239 4320 anno
3269 4264 3408 4323 855.

1324 4394 1510 4466 (Apud
1544 4393 1838 4461 eumdem,
1871 4409 1940 4448 ex
1967 4390 2104 4448 edit.
2140 4391 2400 4463 Mogunt.
2433 4391 2485 4446 J.
2522 4391 2725 4447 Busaei.

386 4601 729 4657 HINcuAaus
752 4598 1064 4671 episcopus
1078 4616 1144 4654 ac
1157 4597 1343 4671 plebis
1358 4599 1459 4654 Dei
1474 4597 1729 4653 famulus
1745 4597 1975 4653 dilectis

314 4689 601 4747 fratribus
616 4693 672 4745 et
685 4689 1117 4746 venerabilibus
1138 4688 1428 4761 episcopis
1454 4688 1807 4743 lthemorum
1834 4687 1975 4743 dice-

315 4796 539 4835 668808.

388 4868 584 4925 CAR].
608 4869 687 4925 De
720 4868 1018 4924 communi
1051 4867 1338 4923 anxietate
1370 4871 1588 4936 nostra,
1622 4868 1693 4922 de
1723 4885 1843 4940 qua
1868 4866 1979 4923 exi-

316 4958 608 5032 guitatem
641 4976 832 5013 meam
862 4957 1091 5012 dilectio
1113 4961 1304 5012 vestra
1324 4956 1976 5029 consuluit,proponens

316 5047 469 5103 mihi
497 5048 675 5103 verba
706 5047 893 5103 sancti
944 5046 1222 5101 Bonifacii
1265 5064 1447 5118 papze,
1483 5047 1698 5118 quibus
1732 5045 1872 5101 dicit
1903 5046 1974 5100 ad

319 5136 611 5192 Hilarium
640 5137 1079 5193 Narbonensem
1123 5135 1648 5208 archiepiscopum,
1685 5154 1979 5209 exponens

319 5226 649 5299 capitulum
681 5226 896 5283 Niczeni
932 5224 1247 5281 coneiliide
1269 5225 1589 5298 privilegiis
1610 5226 1975 5297 singularum

320 5313 769 5386 provinciarum,
799 5333 811 5370 :
851 5337 878 5365 ‹‹
908 5316 1203 5380 Advertet,
1239 5314 1532 5386 inquiens,
1569 5316 1822 5372 charitas
1854 5321 1973 5385 tua,

318 5404 465 5459 adeo
498 5420 606 5459 nos
637 5420 930 5460 canonum
962 5408 1252 5477 praecepta
1283 5421 1531 5472 servare,
1567 5410 1630 5460 ut
1664 5405 1744 5461 ita
1771 5406 1980 5461 consti-

318 5492 469 5547 tutio
485 5509 718 5565 quoque
742 5497 944 5549 nostra
965 5493 1531 5565 difﬁniat,quatenus
1546 5494 1975 5564 metropolitani

319 5576 801 5654 s'uiunaquzeque
831 5581 1130 5653 provincia
1158 5582 1217 5635 in
1249 5582 1525 5637 omnibus
1559 5582 1732 5637 rebus
1752 5583 1979 5638 ordina-

316 5670 542 5726 tionem
574 5687 807 5743 semper
835 5675 1184 5743 exspectet,»
1208 5688 1336 5743 quze
1367 5671 1620 5725 donante
1649 5670 1893 5727 Domino
1911 5690 1977 5727 ex

322 5759 595 5817 doctrina
627 5761 866 5816 Patrum
917 5764 1251 5816 nostrorum
1286 5760 1474 5816 sentio
1507 5759 1741 5832 scriptis
1774 5766 1974 5815 vestrae

323 5849 598 5908 charitati
630 5851 974 5925 respondeo.
996 5851 1245 5909 Sanctus
1265 5850 1609 5908 Ambrosius
1640 5850 1700 5907 in
1732 5849 1977 5924 epistola

2086 4599 2156 4653 ad
2191 4597 2587 4652 Theodosium
2617 4598 2948 4669 Augustum
2985 4598 3136 4653 inter
3166 4602 3373 4654 caetera
3393 4600 3538 4656 dicit
3557 4604 3736 4676 (epist.

2084 4688 2202 4758 29):
2230 4688 2400 4741 «Non
2430 4690 2519 4742 est
2552 4686 3208 4758 imperiale,libertatem
3241 4689 3471 4746 dicendi
3505 4710 3737 4766 negare,

2087 4793 2274 4848 neque
2302 4776 2675 4843 sacerdotale,
2711 4776 2851 4848 quid
2903 4777 3123 4835 sentias
3182 4797 3295 4834 non
3339 4780 3548 4836 dicere.
3582 4780 3739 4836 Nihil

2087 4864 2240 4919 enim
2276 4865 2333 4919 in
2365 4866 2528 4921 vobis
2560 4865 3015 4937 imperatoribus
3060 4872 3180 4923 tam
3226 4869 3501 4941 populare
3532 4873 3589 4923 et
3617 4874 3738 4925 tam

2087 4954 2336 5009 amabile
2367 4960 2659 5027 est,quam
2694 4954 3022 5011 libertatem
3053 4957 3227 5011 etiam
3261 4957 3319 5010 in
3352 4957 3444 5012 bis
3476 4956 3737 5030 diligere,

2088 5044 2186 5116 qui
2233 5045 2512 5115 obsequio
2571 5044 2792 5099 militia}
2853 5045 3014 5099 vobis
3073 5046 3293 5100 subditi
3348 5050 3505 5099 sunt.
3547 5045 3740 5118 Siqui-

2088 5134 2216 5188 dem
2252 5134 2359 5187 hoc
2405 5134 2650 5189 interest
2708 5134 2860 5188 inter
2907 5135 3090 5189 bonos
3120 5138 3177 5189 et
3209 5133 3394 5188 malos
3426 5133 3740 5207 principes,

2008 5246 2055 5310 D
2088 5223 2243 5294 quod
2264 5222 2396 5277 boni
2428 5222 2759 5277 libertatem
2779 5223 3347 5288 amant,seavitutem
3376 5222 3747 5294 improbi.Ni-

2087 5311 2169 5366 hil
2188 5312 2363 5366 etiam
2383 5312 2439 5365 in
2456 5314 2754 5366 sacerdote
2790 5317 2907 5366 tam
2945 5311 3337 5383 periculosum
3362 5312 3514 5385 apud
3535 5312 3741 5391 Deum,

2086 5406 2204 5457 tam
2241 5406 2408 5473 turpe
2440 5403 2593 5473 apud
2643 5401 2914 5455 homines
2965 5418 3142 5471 quam
3188 5402 3345 5472 quod
3378 5402 3598 5457 sentiat
3628 5418 3744 5458 non

2091 5492 2269 5546 libere
2303 5490 2701 5563 pronuntiare.
2738 5489 3038 5560 Siquidem
3091 5489 3374 5561 scriptum
3407 5495 3535 5546 est:
3569 5492 3633 5547 Et
3663 5492 3747 5547 l0-

2089 5583 2298 5652 quebar
2328 5581 2391 5635 de
2427 5580 2754 5634 testimoniis
2784 5580 2894 5631 tuis
2928 5579 2983 5635 in
3007 5587 3291 5649 conspectu
3319 5596 3531 5649 regum,
3561 5587 3611 5636 et
3634 5596 3747 5637 non

2087 5670 2465 5742 ean/mulebar
2497 5667 2665 5739 (Psal.
2691 5684 2883 5733 exvm,
2902 5667 3007 5735 46).
3034 5666 3101 5720 Et
3131 5666 3267 5722 alibi
3303 5686 3314 5724 :
3349 5669 3459 5724 Fili
3486 5668 3747 5744 hominis,

2085 5762 2481 5832 speculaturem
2525 5765 2574 5813 te
2616 5759 2779 5827 posui
2828 5756 3019 5811 domus
3072 5757 3240 5812 Israel
3271 5757 3483 5827 (Ezech.
3514 5773 3600 5826 nl,
3635 5760 3746 5830 17)-

2086 5850 2149 5906 In
2178 5867 2264 5920 eo,
2290 5848 2506 5924 inquit,
2530 5850 2594 5903 ut
2627 5846 2677 5903 si
2711 5850 3006 5904 avertatur
3027 5846 3239 5921 justus
3261 5865 3296 5907 a
3315 5847 3570 5925 justitiis
3598 5847 3746 5910 suis’
