4152 6512
557 442 670 503 971

1337 439 1716 502 ΗΙΝΟΜΑΙΠ
1766 437 2010 500 ltHEM.
2059 432 2419 498 ARCHIEP.
2467 439 2876 504 OPUSCULA
2917 441 3183 502 VARIA.

3855 443 3980 501 972

558 588 790 628 morum
848 573 1182 646 epiccopus,
1216 573 1318 645 qui
1376 577 1639 646 tempore
1695 571 2088 628 Vandalorum
2151 569 2210 623 in
2241 572 2296 636 Α
2329 570 2636 627 utilitatem
2671 572 3024 645 pertinuisse
3054 572 3497 646 eognoscitis,ut
3519 573 3681 631 salva
3709 573 3983 630 clemen—

556 661 966 734 persecutione
996 661 1252 735 generali
1285 680 1454 718 suam
1479 679 1593 718 non
1617 661 1874 718 deseruit
1895 661 2209 727 civitatem,

556 755 615 806 et
645 750 799 806 intra
830 751 1082 823 parietes
1105 750 1362 806 ecclesias
1385 751 1662 824 martyrio
1687 751 1901 806 meruit
1923 748 2208 805 coronari.

557 839 654 895 Sic
682 841 887 896 eodem
918 846 1178 914 tempore
1208 845 1446 896 sanctus
1471 840 1915 906 Anianus,sicut
1937 838 1994 894 in
2028 839 2213 894 sacris

562 929 824 985 historiis
853 929 1086 1002 legitur.
1103 929 1196 986 Sic
1219 930 1424 985 beatus
1449 931 1739 1001 Lupus,ut
1759 929 1817 984 in
1840 931 1970 1000 ejus
1994 928 2212 1002 hymno

561 1017 822 1074 canitur:
847 1017 998 1074 Dum
1022 1017 1175 1073 bella
1192 1022 1404 1074 cuncta
1425 1018 1976 1091 perderent,orando
1999 1019 2212 1073 Treeas

561 1106 895 1163 muniit.Sic
907 1111 1150 1162 sanctus
1173 1107 1474 1180 Remigius
1501 1105 1855 1162 Rbemorum
1880 1106 2210 1178 episcopus,

562 1195 1110 1268 supervenientibus
1137 1195 1375 1252 Francis
1405 1196 1650 1268 paganis
1680 1197 1740 1251 in
1763 1195 2053 1268 Belgicam
2077 1195 2216 1250 dim-

561 1301 759 1341 ceseos
790 1301 909 1341 suae
942 1285 1322 1358 provinciam,
1342 1285 1659 1340 Ecelesiam
1692 1302 1860 1340 suam
1893 1301 2008 1339 non
2041 1286 2211 1340 dese-

561 1374 700 1444 ruit,
734 1374 836 1430 sed
865 1374 1252 1441 orationibus,
1286 1377 1345 1429 et
1375 1375 1595 1430 sanctis
1625 1374 1907 1447 exemplis
1947 1373 2210 1429 ferocita-

559 1469 679 1521 tem
709 1465 903 1538 gentis
929 1463 1282 1538 perdomuit,
1317 1469 1376 1520 et
1425 1465 1483 1519 in
1532 1465 1727 1520 verbis
1775 1464 1900 1519 suis
1949 1467 2212 1519 monstra

559 1553 813 1627 placavit
843 1569 855 1609 :
888 1557 946 1609 et
977 1570 1090 1608 non
1125 1551 1315 1608 solum
1351 1553 1707 1626 provinciam
1757 1569 1926 1608 suam
1958 1569 1993 1608 a
2019 1551 2211 1624 gladio

557 1641 762 1715 gentili
792 1641 1028 1714 eripuit,
1050 1659 1252 1697 verum
1277 1646 1335 1697 et
1365 1647 1598 1714 gentem
1625 1658 1914 1714 paganam
1939 1643 2009 1697 ad
2037 1642 2210 1697 fidem

557 1730 795 1800 Christi,
828 1735 1175 1804 cooperante
1205 1731 1418 1803 gratia,
1453 1731 1756 1799 convertit,
1789 1736 1848 1786 et
1877 1731 1991 1786 tria
2028 1729 2212 1786 millia

559 1835 921 1892 paganorum
962 1836 1079 1875 una
1111 1836 1245 1874 cum
1280 1835 1414 1892 rege
1445 1820 1503 1874 in
1535 1819 1732 1892 vigilia
1763 1818 1948 1874 sancti
1979 1819 2210 1874 Pascha:

559 1909 630 1965 ad
661 1908 912 1982 gratiam
945 1907 1225 1982 baptismi
1259 1908 1548 1980 perduxit,
1579 1909 1686 1963 rite
1716 1909 2031 1964 observans
2056 1909 2211 2006 quod
2241 1942 2289 2006 Β

557 2003 800 2054 sanctus
831 1997 1146 2070 Gregorius
1178 1998 1235 2052 in
1269 1997 1513 2054 homilia
1553 1997 1868 2052 Ezechielis
1916 1996 2210 2070 prophetae

558 2086 818 2143 Danielis
860 2103 1156 2158 exponens
1205 2085 1563 2142 sententiam
1593 2088 1761 2154 (hom.
1791 2086 1828 2141 5
1857 2088 1913 2142 in
1946 2087 2160 2159 Ez-ech.)
2195 2103 2208 2142 :

565 2177 812 2232 Thronus
839 2177 957 2248 ejus
985 2176 1213 2246 ﬂamma
1243 2177 1413 2244 ignis,
1445 2183 1583 2232 τοίω
1610 2176 1728 2248 ejus
1757 2177 1905 2244 ignis
1935 2192 2209 2232 accensus.

557 2289 584 2315 α
622 2265 689 2320 Hi
720 2265 904 2332 enim,
935 2263 1148 2337 inquit.
1182 2265 1282 2338 qui
1315 2265 1651 2320 animarum
1684 2266 1957 2320 custodes
1988 2269 2213 2333 sunt,et

552 2353 832 2426 pascendi
863 2353 1059 2425 gregis
1089 2369 1268 2408 onera
1295 2356 1937 2426 susceperunt,mutarc
1958 2352 2085 2408 loca
2106 2355 2214 2408 mi-

558 2443 716 2498 nime
748 2442 1175 2514 permittuntur
1207 2459 1220 2496 :
1250 2443 1351 2497 sed
1384 2441 1524 2514 quia
1552 2459 1669 2497 uno
1701 2442 1758 2496 in
1785 2441 1910 2497 loco
1934 2443 2103 2515 positi
2128 2443 2212 2498 di-

552 2531 815 2587 vinitatis
838 2529 896 2586 in
915 2547 977 2585 se
999 2531 1366 2602 praesentiam
1389 2535 1626 2603 portant
1645 2536 1703 2586 ct
1725 2531 2020 2599 ardent,th
2030 2549 2209 2587 renus

563 2622 665 2680 Dei
697 2621 936 2676 ﬂamma
969 2620 1122 2693 ignis
1155 2620 1389 2676 dicitur.
1427 2643 1455 2670 »
1488 2621 1558 2676 Et
1588 2621 1724 2676 hinc
1755 2627 1994 2679 sanctus
2021 2623 2214 2693 Augu-

553 2712 750 2768 stinus
770 2709 828 2766 in
853 2709 1092 2783 praefata
1112 2708 1360 2782 epistola
1387 2710 1458 2764 ad
1483 2709 1842 2765 Honoratum
1867 2711 2208 2784 episcopum

547 2802 724 2874 (epist.
759 2800 883 2867 180)
913 2799 986 2855 ad
1013 2797 1208 2854 locum
1239 2798 1384 2853 dicit
1418 2815 1430 2854 :
1467 2821 1496 2848 ‹‹
1531 2801 1646 2852 Cur
1672 2797 1829 2853 enim
1864 2799 1972 2854 sibi
2000 2806 2209 2870 putant

548 2889 950 2946 indifferenter
976 2887 1369 2944 obediendum
1413 2892 1721 2960 praecepto,
1759 2888 1858 2942 ubi
1911 2887 2114 2961 legunt
2137 2890 2208 2946 de

549 2979 785 3036 civitate
814 2978 874 3034 in
904 2975 1200 3034 civitatem
1227 2993 1356 3033 esse
1397 2975 1763 3048 fugiendum,
1795 2981 1853 3032 et
1902 2994 2206 3035 mercena-

553 3069 708 3125 rium
740 3084 856 3124 non
885 3065 1216 3133 exhorrent,
1249 3067 1350 3138 qui
1377 3065 1534 3121 videt
1557 3065 1763 3136 lupum
1796 3066 2125 3123 venientem
2147 3073 2206 3125 et

549 3157 723 3232 fugit,
755 3154 1036 3230 quoniam
1089 3172 1205 3210 non
1251 3159 1341 3210 est
1387 3153 1438 3209 ci
1486 3171 1628 3209 cura
1675 3154 1746 3210 de
1795 3155 2043 3212 ovibus?
2071 3178 2100 3206 »
2136 3157 2205 3212 Et

549 3246 726 3322 paulo
757 3249 931 3318 post:
965 3267 993 3295 ‹‹
1029 3243 1201 3316 Fugit
1245 3243 1578 3316 Apostolus,
1604 3259 1739 3299 cum
1772 3261 1806 3300 a
1829 3251 2198 3318 persecutore

2323 659 2414 714 tiae
2443 665 2646 716 vestris
2679 663 2864 730 venia,
2896 661 3165 718 charitati
3197 679 3288 718 me
3326 666 3383 718 et
3428 663 3705 735 precibus
3755 662 3982 718 civium

2323 767 2436 804 non
2480 766 2772 822 negarem,
2807 756 2916 805 etc.
2956 774 2982 799 υ
3014 751 3082 806 Et
3111 749 3168 805 in
3202 749 3451 824 epistola
3497 753 3571 807 ad
3619 751 3988 808 Martianum

2319 841 2650 910 Augustum
2711 840 2887 912 (epist.
2949 840 3039 911 44)
3081 856 3092 895 :
3137 840 3478 896 Sacerdotes
3542 841 3986 912 provinciarum

2321 925 2584 982 omnium
2617 928 2956 1000 congregari
2992 928 3305 1000 praesentis
3334 929 3616 1002 temporis
3661 929 3992 986 necessitas

2321 1014 2484 1071 nulla
2511 1016 2734 1071 ratione
2763 1016 3065 1089 permittit,
3098 1017 3375 1090 quoniam
3409 1016 3520 1072 illa
3553 1019 3894 1091 provinciae,
3915 1019 3988 1074 de

2321 1105 2536 1176 quibus
2569 1105 2821 1160 maxime
2853 1111 2993 1161 sunt
3021 1106 3692 1180 evocandi,inquietante
3723 1107 3986 1175 bello,ab

2321 1193 2595 1249 Ecclesiis
2625 1195 2752 1250 suis
2790 1211 2890 1249 eos
2939 1211 3056 1250 non
3107 1195 3410 1267 patiuntur
3452 1196 3784 1252 abscedere.
3819 1197 3892 1252 Et
3923 1198 3984 1252 in

2319 1283 2652 1339 Canonibus
2697 1283 2902 1338 Africa:
2949 1283 3257 1356 provinciae
3308 1289 3450 1358 (cap.
3481 1287 3574 1352 57,
3607 1286 3674 1340 de
3709 1287 3986 1358 episcopis

2318 1373 2564 1444 Numid.)
2594 1372 2847 1445 legimus
2878 1373 3183 1446 episcopos
3233 1375 3304 1429 de
3354 1373 3631 1430 Numidia
3676 1376 3986 1448 provincia

2311 1463 2472 1532 juste
2501 1466 2558 1517 et
2602 1461 3029 1517 rationabiliter
3073 1467 3404 1531 excusatos,
3439 1461 3578 1536 quia
3629 1462 3858 1536 legatos
3907 1465 3984 1519 ad

2321 1550 2645 1606 universale
2675 1549 2986 1606 concilium
3021 1551 3198 1606 etiam
3229 1568 3334 1624 pro
3363 1551 3784 1608 communibus
3807 1558 3864 1608 et
3881 1569 3982 1608 ec-

2319 1639 2664 1696 clesiasticis
2683 1639 2930 1711 negotiis
2954 1657 3069 1695 non
3094 1640 3691 1714 miserunt,quoniam
3717 1641 3982 1698 tumultu

2319 1729 2576 1785 tironum
2609 1729 2859 1802 propriis
2889 1728 3339 1786 necessitatibus
3371 1730 3430 1785 in
3460 1730 3802 1787 civitatibus
3827 1732 3978 1798 suis,

2321 1824 2424 1874 aut
2452 1819 2737 1891 impediti,
2771 1823 2874 1874 aut
2900 1817 3160 1874 excusati
3201 1823 3630 1876 remanserunt.
3661 1843 3690 1870 η

2391 1908 2518 1964 CAP.
2548 1908 2688 1964 ΧιΧ.
2725 1907 2867 1963 Ilinc
2918 1923 3055 1980 ergo
3105 1912 3194 1964 est
3239 1905 3660 1982 colligendum,
3695 1910 3745 1966 si
3785 1927 3976 1966 causa:

2322 1998 2454 2053 fidei
2471 2003 2530 2053 et
2545 1997 2799 2069 generali
2821 1997 3350 2053 ecclesiasticarum
3371 1998 3784 2055 definitionum
3809 2015 3978 2072 nego-

2321 2087 2401 2142 tio
2433 2087 2647 2142 civium
2680 2087 2956 2154 charitas,
2989 2103 3118 2159 qua:
3149 2091 3458 2142 attestante
3485 2087 3764 2160 Apostolo
3789 2091 3978 2161 major

2321 2181 2412 2232 est
2459 2177 2571 2232 ﬁde
2618 2179 2665 2249 (1
2695 2178 2818 2232 Cor.
2846 2179 2992 2244 xm),
3034 2175 3292 2248 praeponi
3341 2176 3535 2245 debet,
3585 2177 3741 2256 sicut
3783 2179 3977 2235 verbis

2322 2264 2508 2321 sancti
2542 2266 2750 2321 Leonis
2779 2269 2836 2320 et
2865 2282 3166 2321 sacrorum
3197 2281 3490 2320 canonum
3513 2266 3973 2332 demonstratur,

2322 2359 2522 2409 utrum
2555 2371 2659 2426 pro
2689 2369 3043 2428 quacunque
3071 2353 3189 2408 alia
3219 2371 3396 2408 causa
3427 2353 3716 2410 Ecclesiae
3745 2360 3802 2410 et
3843 2373 3977 2412 oves

2321 2443 2492 2499 nobis
2521 2443 2870 2498 commissas
2901 2443 3029 2498 sine
3049 2441 3308 2514 periculo
3329 2442 3632 2499 valeamus
3654 2431 3974 2512 dimittere,

2320 2538 2378 2588 et
2417 2533 2475 2587 in
2524 2531 2670 2588 alias
2714 2548 3097 2604 quascunque
3145 2536 3340 2603 partes
3391 2533 3679 2588 secedere.
3715 2533 3977 2606 Denique

2319 2638 2455 2678 cum
2487 2625 2710 2693 partem
2747 2621 2828 2676 1m
2837 2619 2980 2693 perii
3000 2625 3205 2676 contra
3226 2621 3622 2677 Theodosium
3646 2627 3704 2677 et
3723 2621 3978 2678 Valenti-

2320 2711 2563 2766 nianum
2586 2711 2878 2766 Maximus
2899 2708 3205 2781 usurpavit
3225 2713 3283 2764 et
3303 2716 3536 2782 cogeret
3555 2711 3862 2784 episcopos
3885 2712 3970 2768 vel

2319 2805 2520 2856 contra
2551 2801 2722 2854 fidem
2755 2797 3039 2872 agere,vel
3071 2797 3360 2854 Ecclesiae
3392 2816 3533 2856 suas
3563 2800 3850 2869 deserere,
3871 2808 3972 2857 aut

2316 2887 2430 2944 alio
2461 2887 2722 2961 quolibet
2751 2888 2924 2944 modo
2946 2887 3485 2960 persequi,sanctus
3509 2889 3798 2946 Martinus
3817 2892 3970 2962 ejus-

2315 2979 2449 3033 dem
2482 2977 2716 3033 Maximi
2745 2976 3113 3050 priescntiam
3143 2981 3200 3033 et
3228 2976 3587 3050 colloquium
3620 2995 3737 3035 non
3783 2979 3971 3036 decli-

2314 3066 2744 3134 navit,minime
2773 3071 2971 3122 autem
3003 3066 3320 3122 Ecclesium
3349 3083 3520 3124 suam
3550 3067 3832 3124 desuerit.
3852 3069 3964 3125 Sed

2313 3173 2447 3212 cum
2478 3155 2674 3229 plures
2703 3174 2772 3212 ex
2801 3155 3045 3212 diversis
3077 3155 3345 3228 partibus
3383 3155 3638 3229 episcopi
3671 3158 3742 3213 ad
3778 3157 3968 3214 Maxi-

2312 3261 2475 3299 mum
2509 3243 2713 3300 ferocis
2743 3242 2961 3316 ingenii
2992 3249 3185 3299 virum
3217 3248 3276 3299 et
3299 3243 3582 3300 bellorum
3604 3244 3867 3302 civilium
3893 3247 3968 3302 vi-

546 3312 780 3410 proprie
807 3334 935 3406 ipse
959 3312 1338 3406 quaereretur,
1370 3332 1502 3389 aliis
1535 3333 1736 3406 utique
1787 3312 2195 3392 necessitatem
2227 3312 2270 3379 (ἶ
2307 3333 2492 3389 ctoria
2519 3331 2739 3388 elatum
2771 3312 3197 3400 convenissent,
3211 3337 3269 3388 et
3289 3332 3440 3388 foeda
3458 3333 3615 3389 circa
3635 3334 3964 3408 principem

541 3424 802 3490 similem
831 3439 945 3478 non
979 3421 1400 3488 babentibus,a
1417 3422 1636 3494 quibus
1657 3421 1777 3478 illic
1800 3423 2197 3480 ministerium

547 3513 705 3571 absit
754 3514 822 3568 ut
867 3511 1232 3568 desereretur
1287 3510 1575 3568 Ecclesiis.
1617 3511 1711 3568 Sic
1761 3513 1910 3584 fugit
1955 3519 2196 3570 sanctus

541 3600 832 3658 Athenius
886 3598 1244 3656 Alexandria:
1301 3599 1633 3672 episcopus,
1675 3616 1810 3655 eum
1869 3616 2004 3656 eum
2062 3619 2194 3674 spe-

542 3690 770 3748 cialiter
799 3689 1234 3763 apprehendere
1262 3689 1641 3746 Constantius
1671 3695 1910 3762 cuperet
1941 3691 2191 3763 impera-

539 3784 652 3838 tor.
687 3803 718 3832 »

609 3870 749 3927 ΟΑΡ.
782 3845 980 3926 xv‘iu.
1024 3869 1299 3943 Legimus
1345 3867 1520 3924 etiam
1571 3867 1629 3922 in
1681 3868 1944 3940 epistolis
1994 3870 2192 3942 magni

540 3960 751 4017 Leonis
810 3976 994 4032 pupis,
1044 3959 1202 4031 quod
1253 3975 1388 4013 cum
1439 3957 1802 4030 Eutychiana
1847 3958 2083 4014 haeresis
2131 3959 2190 4014 in

536 4047 934 4106 Orientalibus
981 4048 1248 4121 partibus
1294 4047 1700 4119 conﬂagraret,
1734 4046 1808 4101 ab
1841 4047 2190 4119 imperatore

537 4137 696 4212 idem
727 4135 1086 4210 apostolicus
1116 4135 1394 4208 pontifex,
1419 4135 1518 4189 sed
1552 4138 1609 4189 et
1628 4134 2039 4207 llesperiarum
2063 4153 2190 4209 pars

535 4226 686 4281 tium
715 4225 1020 4298 pontifices
1063 4225 1138 4280 ad
1187 4222 1574 4280 universalem
1627 4225 1916 4294 synodum
1971 4225 2190 4281 fuerint

536 4315 780 4372 evocati.
805 4313 968 4371 Unde
997 4313 1152 4369 idem
1185 4316 1427 4368 sanctus
1461 4312 1593 4378 Leo,
1627 4317 1690 4367 ut
1721 4313 1950 4385 proprie
1999 4314 2187 4386 ipsius

531 4404 709 4460 verba
748 4421 1060 4478 ponamus,
1091 4401 1244 4456 inter
1272 4406 1479 4457 caetera
1508 4401 1805 4474 rescripsit
1825 4403 1896 4458 ad
1921 4403 2188 4460 Theodo-

541 4491 698 4550 sium
747 4495 1080 4568 Augustum
1129 4494 1308 4564 (epist.
1353 4493 1441 4562 17)
1475 4509 1487 4548 :
1521 4515 1550 4542 «
1581 4493 1858 4559 Quamvis
1907 4495 1977 4549 ad
2031 4495 2186 4551 diem

537 4581 773 4639 concilii
803 4579 1175 4655 episcopalis,
1207 4597 1379 4652 quem
1415 4581 1600 4653 pietas
1629 4587 1819 4638 vestra
1858 4584 2184 4654 constituit,

2305 3421 2570 3478 omnium
2601 3421 2859 3478 adulatio
2889 3420 3273 3488 notaretur,in
3297 3421 3420 3478 solo
3443 3422 3693 3479 Martino
3736 3431 3969 3498 aposto-

2305 3511 2418 3568 lica
2446 3512 2766 3567 auctoritas
2798 3511 3349 3584 permanebat.Nam
3381 3511 3489 3568 etsi
3520 3529 3624 3585 pro
3661 3513 3968 3586 aliquibus

2305 3601 2758 3674 supplicandum
2792 3599 2911 3672 regi
2944 3599 3386 3674 fuit,imperavit
3425 3602 3619 3673 potius
3657 3619 3840 3676 quam
3873 3622 3964 3660 ro-

2303 3690 2480 3764 gavit,
2511 3695 2570 3746 et
2598 3707 2633 3746 a
2662 3689 2922 3746 convivio
2952 3689 3080 3760 ejus
3110 3689 3446 3762 frequenter
3484 3695 3724 3764 rogatus
3775 3693 3966 3750 absti-

2303 3780 2662 3856 _nuit,dicens
2674 3795 2736 3834 se
2751 3795 2964 3834 mensa:
2976 3779 3104 3849 ejus
3115 3778 3460 3852 participem
3473 3795 3602 3836 esse
3623 3798 3738 3837 non
3761 3799 3962 3856 posse,

2287 3851 2403 3942 ‘qui
2433 3869 2836 3941 imperatores,
2867 3884 3050 3923 unum
3079 3883 3279 3940 regno,
3314 3867 3564 3924 alterum
3603 3870 3724 3926 vita
3762 3851 3962 3944 expu-

2300 3958 2810 4024 lisset.Postremo,
2845 3973 2981 4012 cum
3012 3955 3305 4013 Maximus
3334 3974 3396 4014 se
3427 3974 3544 4013 non
3567 3963 3777 4031 sponte
3797 3977 3962 4018 sum-

2298 4050 2487 4122 psisse
2510 4047 2824 4119 imperium
2857 4047 3197 4115 afﬁrmaret,
3233 4047 3333 4103 sed
3385 4047 3726 4119 impositam
3771 4049 3889 4105 sibi
3923 4069 3960 4107 a

2299 4138 2588 4195 militibus
2639 4135 2834 4190 divino
2887 4136 3246 4208 nutufregni
3306 4136 3714 4192 necessitatem
3765 4140 3958 4196 armis

2298 4227 2650 4290 defendisse,
2681 4229 2737 4280 et
2767 4242 2882 4280 non
2915 4224 3166 4280 alienam
3205 4225 3278 4281 ab
3325 4242 3392 4282 eo
3439 4225 3538 4282 Dei
3586 4225 3958 4285 voluntatem

2295 4317 2499 4384 videri,
2534 4332 2712 4388 penes
2742 4331 2917 4386 quem
2945 4318 3064 4370 tam
3095 4314 3424 4371 incredibili
3456 4321 3665 4372 eventu
3705 4317 3958 4375 victoria

2296 4409 2524 4474 fuisset,
2560 4403 2906 4476 nullumque
2937 4421 3007 4459 ex
3036 4405 3382 4461 adversariis
3414 4405 3529 4461 nisi
3563 4407 3621 4461 in
3641 4407 3764 4463 acie
3785 4424 3960 4465 occu-

2297 4497 2516 4564 buisse,
2549 4494 2787 4550 tandem
2817 4492 3006 4549 victus
3035 4492 3120 4550 vel
3161 4494 3384 4551 ratione
3428 4495 3516 4551 vel
3565 4495 3842 4568 precibus
3877 4500 3954 4554 ad

2295 4585 2625 4643 convivium
2655 4583 2829 4638 venit.

528 4687 832 4729 occurrere
865 4688 958 4728 me
990 4669 1139 4726 ratio
1171 4668 1332 4724 nulla
1357 4671 1814 4741 permittat,cum
1849 4690 1953 4727 nec
1983 4673 2182 4746 aliqua
2213 4685 2259 4752 D
2362 4679 2495 4733 CAP.
2529 4673 2642 4729 XX.
2675 4673 2747 4728 Et
2778 4672 2918 4727 item
2949 4671 3010 4726 in
3040 4673 3159 4729 vita
3198 4673 3355 4730 illius
3403 4674 3690 4748 scriptum
3741 4681 3834 4734 est
3867 4679 3956 4735 ita

524 4777 595 4817 ex
626 4759 735 4817 hoc
765 4758 1032 4833 exempla
1063 4759 1562 4832 praecesserint,et
1585 4759 1920 4830 temporalis
1941 4765 2189 4820 necessi-

523 4853 614 4906 tas
659 4858 752 4906 me
801 4867 916 4906 non
971 4849 1228 4921 patiatur
1287 4849 1553 4904 deserere
1604 4847 1916 4906 civitatem.
1953 4873 1982 4900 ››
2015 4852 2084 4907 Et
2111 4855 2182 4910 ad

523 4938 895 4995 Pulcheriam
939 4940 1269 5011 Augustam
1320 4939 1499 5010 (epist.
1549 4938 1633 5007 13)
1667 4954 1679 4990 :
1713 4961 1740 4987 ‹‹
1775 4938 1921 4993 Nam
1968 4940 2182 5014 inquit,

521 5026 668 5082 illud
701 5028 858 5100 quod
891 5027 1079 5100 pietas
1102 5025 1477 5098 imperatoris
1507 5025 1685 5080 etiam
1709 5043 1800 5080 me
1821 5029 2069 5086 credidit
2089 5033 2182 5088 de-

520 5115 656 5171 bere
688 5116 970 5172 iuteresse
999 5115 1265 5183 concilio,
1298 5113 1530 5170 etiamsi
1565 5115 1888 5170 secundum
1940 5117 2180 5192 aliquod

519 5205 856 5278 praecedens
905 5205 1234 5277 exigeretur
1284 5202 1638 5276 exemplum,
1673 5221 1827 5259 nunc
1859 5210 2053 5262 tamen
2090 5228 2183 5266 ne-

533 5310 835 5367 quaquam
865 5301 1063 5368 posset
1094 5294 1344 5366 impleri,
1377 5293 1515 5365 quia
1558 5311 1748 5349 rerum
1801 5299 2178 5368 pra-sentium

517 5383 697 5439 nimis
740 5383 960 5440 incerta
1008 5385 1265 5441 conditio
1295 5401 1328 5439 a
1359 5388 1534 5438 tanta:
1587 5384 1751 5440 urbis
1799 5387 2033 5459 populis
2083 5406 2174 5446 me

515 5471 722 5528 abesse
752 5488 869 5528 non
904 5473 1144 5540 sineret,
1171 5477 1228 5529 et
1261 5473 1317 5526 in
1351 5471 1822 5544 desperationem
1854 5477 2172 5546 quamdam

516 5560 699 5617 animi
731 5561 1223 5618 tumultuantium
1257 5562 1648 5629 mitterentur,
1681 5563 1730 5619 si
1762 5581 1867 5636 per
1917 5567 2171 5623 occasio-

517 5665 650 5707 nem
683 5666 876 5707 causaa
906 5651 1310 5708 ecclesiasticae
1341 5653 1565 5708 viderer
1597 5654 1850 5726 patriam
1873 5659 1930 5709 ct
1951 5663 2173 5728 aposto-

512 5739 688 5803 licam
715 5739 917 5804 scdem
944 5741 1089 5810 velle
1110 5742 1547 5812 deserere.0uia
1570 5743 1753 5818 igitur
1773 5743 1845 5802 ad
1869 5744 2168 5820 publicam

2297 4769 2582 4841 (Severus,
2596 4764 2733 4818 dial.
2768 4777 2830 4829 ii,
2860 4778 2981 4834 cap.
3008 4764 3064 4835 6)
3098 4780 3112 4819 :
3148 4787 3174 4813 ‹‹
3209 4766 3330 4831 Quo
3377 4769 3637 4837 tempore
3685 4767 3952 4838 primum

2293 4858 2604 4930 episc0pus
2629 4853 2802 4908 datus
2832 4852 3058 4920 est,fuit
3087 4853 3139 4908 ei
3173 4854 3490 4910 necessitas
3517 4855 3682 4911 adire
3709 4858 3955 4913 comita-

2292 4940 2890 5003 tnm.Valentinianus
2919 4945 3044 4996 tum
3077 4943 3268 5015 major
3295 4959 3490 4998 rerum
3523 4943 3952 5014 pbtiebatusz

2291 5052 2426 5091 cum
2458 5031 2776 5088 Martinum
2809 5047 2877 5086 ea
2906 5035 3100 5102 petere
3129 5031 3494 5105 cognovisset
3513 5048 3642 5105 quae
3668 5040 3951 5106 priestare

2292 5124 2545 5186 nolebat,
2569 5120 2753 5191 jussit
2782 5137 2916 5175 eum
2940 5119 3140 5190 palatii
3161 5121 3386 5177 foribus
3407 5123 3847 5180 areeri.Etenim
3872 5126 3948 5182 ad

2291 5214 2556 5270 animum
2585 5211 2746 5267 illius
2774 5210 3060 5265 immitem
3084 5227 3149 5265 ac
3173 5213 3490 5283 superbum
3517 5229 3661 5269 uxor
3681 5230 3948 5271 accesse-

2292 5307 2382 5358 rat
2417 5302 2650 5368 Ariana,
2683 5316 2810 5372 quae
2861 5303 3048 5354 totum
3097 5298 3265 5354 illum
3296 5317 3331 5356 a
3360 5306 3560 5356 sancto
3609 5301 3754 5366 viro,
3788 5320 3860 5358 ne
3890 5314 3948 5369 ei

2284 5391 2542 5447 debitam
2591 5388 2973 5444 reverentiam
3023 5393 3347 5460 praestaret,
3391 5395 3695 5446 averteret.
3739 5391 3949 5464 Itaque

2285 5477 2704 5547 Martinus,ubi
2727 5481 2911 5532 semel
2946 5482 3121 5549 atque
3142 5478 3354 5534 iterum
3378 5479 3700 5552 superbum
3721 5481 3944 5554 princi-

2283 5587 2415 5643 pem
2439 5570 2659 5625 frustra
2679 5567 2839 5622 adire
2860 5566 3458 5635 tentavit,recurritad
3483 5574 3620 5624 nota
3643 5569 3940 5641 praesidia.

2279 5659 2479 5717 Cilicio
2508 5656 2850 5721 obvolvitur,
2881 5655 3074 5712 cinere
3096 5657 3656 5730 conspergitur,cibo
3677 5663 3944 5732 potaque

2281 5749 2559 5821 abstinet,
2590 5745 2882 5807 orationes
2913 5745 3120 5806 diebus
3151 5747 3539 5823 noctibusque
3568 5753 3937 5823 perpetuat.»
