4152 6544
468 407 588 471 9'19

1239 406 1629 480 HINCMARI
1675 408 1920 472 RHEM.
1965 406 2325 470 ARCHIEP.
2373 406 2785 472 OPUSCULA
2827 407 3092 471 VARIA.

3761 406 3888 470 980

409 591 420 598 .
467 539 666 622 debita
697 538 811 597 fide
840 540 1256 610 exorbitantes,
1283 559 1640 616 quemquam
1686 542 1746 598 in
1789 541 1948 598 illius
1985 558 2110 616 reg-
2141 541 2202 610 Α
2227 540 2554 614 praepositis
2601 541 3024 614 delinquimus,
3054 541 3184 614 ejus
3222 539 3575 598 ordinationi
3623 541 3728 616 qui
3781 557 3890 600 eos

467 645 609 684 num
639 627 839 686 missis
867 629 956 686 vel
999 629 1290 704 episcopis
1319 631 1406 688 vel
1439 631 1887 705 quibuscuuque
1935 631 2114 687 inter-

465 716 712 786 nuntiis,
738 717 1072 788 invitemus,
1097 735 1204 776 nec
1246 737 1350 793 pro
1380 721 1633 777 abbatiis
1659 721 1746 777 vel
1797 720 2118 776 honoribus

463 807 910 882 temporalibus,
933 811 1108 882 atque
1152 809 1329 865 rebus
1360 809 1446 865 vel
1481 809 1856 866 facultatibus
1887 827 1994 866 nos
2025 828 2117 867 vc-

466 898 825 964 nundemus,
857 897 1022 954 Judaa
1054 897 1278 954 similes
1309 899 1515 968 effecti,
1549 899 1650 972 qui
1683 899 1886 956 abiens
1913 901 1983 956 ad
2014 900 2118 956 Ju-

469 989 624 1042 dieos
657 987 803 1042 dixit
832 1005 846 1042 :
880 987 1026 1058 Quid
1055 989 1220 1044 vultis
1257 990 1400 1044 mihi
1436 989 1587 1058 dare,
1617 997 1670 1046 et
1695 1007 1788 1062 ego
1820 993 1968 1046 vobis
1997 1007 2123 1045 eum

472 1076 724 1132 tradam?
752 1075 956 1145 (Matth.
979 1095 1132 1144 xxv1,
1167 1079 1274 1146 15).

542 1165 678 1220 CAP.
711 1165 950 1222 XXXIII.
983 1166 1084 1222 Est
1129 1167 1330 1234 etiam,
1363 1167 1640 1240 quoniam
1691 1169 1762 1224 ab
1815 1169 1927 1226 alio
1977 1187 2123 1243 quo-

2227 631 2398 688 nobis
2427 631 2685 704 praetulit
2715 631 3042 688 obviamus.
3071 653 3100 684 »

2299 717 2435 774 CAP.
2469 718 2679 774 XXXV.
2704 719 3094 776 Consulamus
3142 719 3339 788 etiam,
3364 723 3676 793 quantum,
3710 722 3888 795 adju-

2225 811 2396 863 vante
2426 807 2694 876 Domino,
2718 808 3063 880 poterimus,
3088 808 3262 866 sociis
3291 813 3350 865 et
3377 809 3892 868 commilitonibus

2229 895 2471 962 nostris,
2515 897 2887 954 exhortantes
2943 914 3062 966 eos,
3109 902 3175 954 ut
3207 899 3402 973 ﬁdem
3453 899 3714 956 debitam
3746 917 3894 974 erga

2231 1001 2366 1040 eum
2398 985 2725 1054 observent,
2747 990 2806 1042 et
2844 986 2891 1043 si
2940 987 3042 1060 qui
3087 986 3322 1060 fuerint,
3353 992 3419 1044 ut
3446 990 3750 1057 audimus,
3782 991 3893 1064 qui

2231 1073 2428 1130 dicant
2447 1075 2602 1146 quod
2634 1093 2807 1132 omne
2830 1093 3076 1148 regnum
3106 1077 3165 1132 in
3198 1094 3376 1134 manu
3409 1095 3518 1134 sua
3547 1085 3608 1135 et
3637 1097 3892 1136 suorum

2232 1162 2574 1234 spccialium
2603 1167 2864 1234 tenet,de
2886 1165 3102 1238 quibus
3122 1183 3292 1223 nemo
3321 1184 3426 1240 per
3453 1169 3892 1241 servitium,vel

475 1270 728 1332 cumque
758 1255 925 1328 juste
952 1259 1010 1311 et
1039 1256 1462 1314 rationabiliter
1489 1257 1644 1313 credi
1668 1276 1782 1314 non
1805 1260 2124 1332 poterimus

2246 1269 2338 1324 per
2373 1252 2770 1310 defensionem
2803 1258 2861 1310 et
2891 1254 3206 1311 utilitatem
3248 1256 3407 1330 regni
3441 1257 3558 1313 nisi
3605 1275 3710 1331 per
3757 1277 3891 1332 pre-

477 1330 666 1416 neque
687 1343 1047 1412 debemus,si
1066 1361 1416 1419 quocunque
1433 1349 1664 1403 terreno
1685 1330 1848 1404 lucro
1858 1348 1945 1405 vel
1967 1349 2130 1405 illata
2231 1339 2381 1397 tium
2402 1341 2706 1410 obtinebit,
2725 1347 2782 1399 et
2801 1343 2914 1400 nisi
2941 1361 3044 1417 per
3070 1344 3324 1417 pretium
3355 1345 3594 1402 obtenta
3611 1330 3850 1404 tenebit
3875 1368 3890 1404 :

476 1425 882 1504 injuria,salva
910 1433 971 1488 in
996 1434 1180 1490 Deum
1202 1435 1555 1502 ﬁde,seniori
1585 1440 1784 1494 nostro
1806 1440 1980 1496 fidem
2010 1457 2126 1496 non
2234 1433 2293 1485 θῐ
2321 1447 2512 1496 nemo,
2543 1431 2697 1487 Sicut
2727 1449 2831 1488 nec
2861 1433 2932 1488 de
2971 1431 3314 1502 honoribus,
3350 1433 3431 1490 ita
3469 1452 3576 1492 nec
3605 1435 3678 1492 ἀεὶ
3707 1437 3892 1493 fami-

480 1521 926 1579 servaverimus.
941 1523 1002 1579 In
1024 1525 1200 1580 veteri
1223 1541 1477 1598 namque
1494 1525 1710 1599 populo
1735 1528 1971 1585 Samuel
2003 1547 2130 1602 pro—
2237 1516 2510 1590 liaritatc,
2530 1517 2590 1574 in
2613 1535 2746 1576 eum
2771 1523 2962 1594 Ροίθδι
2980 1521 3192 1578 habet“
3213 1521 3661 1594 θάυοίαωεουω
3681 1543 3892 1584 omnes

481 1608 856 1682 pheta,cujus
876 1611 1071 1668 locum
1094 1613 1153 1668 in
1175 1613 1434 1670 Ecclesia
1453 1633 1609 1671 nunc
1628 1619 1829 1673 tenent,
1849 1619 2126 1692 episcopi,
2237 1624 2386 1680 quos
2405 1607 2712 1665 deliciosos
2735 1613 2792 1666 et
2816 1609 3136 1667 familiares
3167 1611 3456 1681 habuerit,
3476 1629 3684 1672 exosos
3707 1615 3892 1672 deho-

483 1698 648 1766 adeo,
677 1702 742 1754 ut
769 1716 938 1756 sacra
963 1702 1160 1774 prodit
1187 1701 1453 1773 historia,
1479 1705 1618 1761 Saul
1649 1723 1842 1780 regem
1875 1726 1978 1781 pro
2005 1726 2132 1782 pec-

2246 1698 2529 1754 noraverit
2558 1704 2734 1773 atque
2779 1699 3058 1773 abjecerit
3083 1717 3096 1756 :
3125 1705 3183 1757 et
3210 1701 3312 1775 qui
3361 1703 3767 1778 improperant
3793 1723 3894 1762 ec-

481 1786 630 1842 catis
668 1787 794 1844 suis
823 1807 858 1844 a
887 1789 1133 1846 Domino
1163 1793 1536 1864 reprobatum
1569 1795 1734 1868 luxit,
1756 1801 1823 1852 ut
1851 1796 2129 1855 dixeritei

2246 1786 2582 1845 clesiastieis
2599 1789 2652 1845 vi
2662 1789 2923 1862 ris,quod
2947 1807 3118 1847 nemo
3134 1789 3217 1848 sic
3233 1790 3520 1850 Ecclesiae
3539 1809 3645 1866 per
3659 1794 3896 1852 diversa

483 1875 646 1985 Deus
713 1877 1098 1985 Esquequonti:
1110 1882 1302 1985 “iuges
1329 1883 1502 1985 sua},
1704 1901 1800 1958 ego
1842 1887 2132 1959 abjeccrgm
2164 1920 2212 1985 Β
2241 1875 2476 1985 ipgenia
2505 1880 2880 1985 oppresserit,
2903 1883 3076 1953 atque
3108 1880 3533 1985 d‘espoliavprit‘,
3562 1880 3702 1985 licet
3729 1900 3889 1958 qua-

482 1981 608 2020 eum
629 1964 678 2038 (Ι
704 1967 831 2037 Reg.
853 1985 969 2037 xw,
995 1970 1090 2041 1)?
1110 1970 1180 2026 Et
1208 1972 1384 2028 David
1414 1972 1500 2028 vir
1538 1971 1870 2045 bellicosus,
1895 1979 1951 2031 et
1981 1994 2136 2033 unus

485 2053 558 2111 de
607 2054 965 2128 primoribus
1009 2059 1169 2129 Saul,
1194 2065 1252 2116 et
1297 2061 1473 2118 etiam
1523 2079 1702 2136 gener
1747 2065 1896 2136 ejus,
1929 2065 2029 2138 qui
2077 2065 2138 2121 in

487 2143 693 2202 multis
721 2163 837 2202 non
870 2147 1064 2204 solum
1095 2150 1240 2223 regi,
1263 2151 1365 2206 sed
1394 2155 1452 2207 et
1475 2168 1652 2226 regno
1683 2153 1921 2225 profuit,
1946 2157 2138 2210 etnon

486 2235 719 2289 tantum
750 2234 921 2294 bellis
944 2242 1148 2294 contra
1174 2240 1540 2297 adversarios
1572 2241 1712 2297 Saul
1741 2246 1798 2298 et
1826 2243 1987 2317 regni
2012 2244 2140 2316 ejus

489 2321 630 2395 egit,
647 2325 746 2380 sed
769 2329 826 2382 et
854 2325 1052 2398 ipsum
1083 2345 1278 2401 regem
1299 2334 1571 2386 vexatum
1595 2349 1629 2387 a
1650 2331 1908 2404 maligno
1931 2331 2140 2404 spiritu

489 2412 724 2469 blandis
745 2414 1044 2488 obsequiis
1062 2417 1652 2491 delinibat,quzesitus
1671 2419 2142 2492 frequentissime

490 2520 526 2560 a
556 2519 690 2577 rege
717 2509 784 2561 ut
804 2506 1184 2584 occideretur,
1200 2525 1438 2565 servans
1465 2508 1717 2565 fideliter
1737 2511 1891 2582 quod
1913 2511 1984 2566 de
2014 2530 2140 2584 pro-

495 2594 685 2665 posito
734 2582 874 2669 rege.
905 2599 961 2652 et
989 2595 1226 2652 domino
1248 2597 1510 2654 dixerat:
1545 2600 1854 2672 Imposaisti
1897 2582 2141 2658 homines

489 2699 652 2756 super
679 2687 862 2757 capita
896 2695 1085 2743 nostra
1115 2686 1291 2756 (Psat.
1328 2705 1450 2760 va,
1494 2688 1596 2762 l2),
1627 2690 1932 2746 dominum
1965 2696 2022 2748 et
2051 2709 2138 2749 re-

487 2787 620 2844 gem
677 2773 871 2846 ipsum
919 2781 1351 2848 persecutorem
1401 2794 1577 2834 suum
1601 2780 1862 2849 vocabat,
1889 2785 1949 2836 et
2002 2799 2138 2840 cum

484 2878 636 2935 saepe
656 2863 925 2921 habuerit
945 2865 1444 2938 opportunitatem
1467 2871 1530 2922 ut
1562 2866 1732 2924 illum
1761 2873 1958 2942 posset
1979 2871 2138 2928 occi-

479 2953 764 3021 dere,non
806 2952 998 3010 solum
1050 2971 1166 3010 non
1199 2953 1431 3026 occidit,
1459 2957 1562 3013 sed
1590 2960 1645 3014 et
1665 2957 1854 3015 socios
1892 2959 1968 3016 ab
2006 2961 2136 3032 ejus

479 3042 769 3100 occisione
808 3043 1189 3116 compescuit,
1223 3044 1424 3102 dicens
1460 3062 1473 3101 :
1507 3046 1662 3104 Absit
1684 3056 1744 3103 ut
1774 3050 1988 3106 mittam
2015 3067 2136 3106 ma-

480 3150 612 3188 num
661 3136 721 3190 in
766 3133 1035 3190 christum
1086 3135 1326 3204 Domini,
1368 3137 1502 3209 quia
1547 3145 1745 3194 unctus
1793 3141 2018 3195 Domini
2060 3149 2140 3197 est

481 3223 531 3294 (Ι
555 3223 684 3292 Reg.
713 3239 866 3292 xxxv,
896 3223 1002 3292 tl).
1025 3223 1096 3278 Et
1130 3221 1290 3295 quia,
1317 3227 1383 3279 ut
1423 3224 1662 3298 signum
1712 3231 1911 3298 posset
1937 3231 2136 3284 osten-

2246 1967 2382 2022 dam
2406 1967 2477 2024 de
2506 1969 2680 2024 rebus
2713 1968 2900 2042 pretio
2921 1972 3192 2048 suscepto
3223 1969 3625 2040 contulerit,et
3647 1989 3900 2048 regnum

2247 2055 2333 2112 sic
2359 2073 2531 2114 omne
2551 2057 2894 2126 vendiderit,
2909 2058 2980 2114 de
3005 2059 3230 2116 Domini
3255 2059 3348 2116 ﬁsi
3370 2060 3778 2119 misericordia
3797 2081 3903 2138 pro

2247 2144 2388 2202 talia
2417 2147 2813 2219 quaerentibus
2846 2165 3262 2222 proponamus,
3285 2149 3447 2222 quia,
3471 2150 3520 2207 si
3552 2149 3721 2208 illum
3745 2153 3904 2210 Deus

2249 2237 2456 2292 reverti
2489 2255 2622 2294 cum
2671 2237 3054 2311 prosperitate
3084 2237 3302 2308 fecerit,
3326 2240 3483 2312 quod
3530 2240 3680 2298 bene
3727 2243 3908 2316 erepit

2248 2329 2306 2381 et
2335 2325 2454 2399 egit
2483 2327 2760 2402 perﬁciet.
2785 2328 2874 2396 Et,
2898 2329 3032 2400 quia
3060 2343 3170 2385 non
3199 2325 3279 2385 est
3303 2329 3460 2387 homo
3507 2331 3568 2388 in
3605 2339 3780 2401 terra,
3809 2336 3907 2406 qui

2245 2416 2384 2485 facit
2412 2417 2632 2482 bonum,
2663 2425 2714 2473 et
2742 2433 2853 2474 non
2886 2425 3068 2490 peccet
3095 2417 3290 2490 (Eccle.
3313 2436 3414 2488 vn,
3434 2420 3548 2490 21),
3572 2422 3908 2480 mutabitur

2249 2503 2308 2560 in
2339 2504 2530 2560 virum
2562 2505 2765 2575 alium,
2794 2509 2851 2562 et
2896 2505 3020 2563 haec
3065 2506 3176 2564 erit
3222 2507 3468 2566 mutatio
3516 2509 3764 2567 dexterae
3797 2512 3908 2568 Ex-

2249 2594 2410 2651 celsi.
2435 2596 2730 2670 Scriptum
2762 2600 2850 2652 est
2878 2595 3034 2652 enim
3060 2614 3073 2654 :
3107 2597 3256 2654 Verte
3286 2599 3504 2672 impios,
3525 2607 3578 2656 et
3605 2616 3716 2656 non
3743 2612 3908 2659 erant

2247 2685 2434 2754 (Prov.
2457 2689 2682 2756 xu,7):
2717 2703 2829 2742 non
2863 2686 3006 2759 quia
3030 2703 3147 2743 non
3175 2691 3350 2744 erunt
3395 2687 3454 2742 in
3492 2690 3772 2758 essentia,
3805 2691 3906 2748 sed

2247 2770 2388 2844 quia
2419 2789 2535 2828 non
2585 2777 2760 2829 erunt
2812 2773 2870 2829 in
2923 2773 3244 2847 impietatis
3273 2774 3464 2850 culpa,
3488 2775 3642 2834 sicut
3690 2777 3906 2837 Paulus

2246 2861 2548 2934 apostolus
2577 2863 2648 2919 de
2680 2862 2872 2936 seipse
2901 2863 3084 2919 dicit:
3117 2864 3244 2920 Vivo
3271 2872 3470 2934 autem,
3493 2866 3618 2938 jam
3643 2883 3755 2925 non
3783 2885 3902 2941 ego,

2245 2954 2380 3008 vivit
2399 2969 2522 3009 vero
2538 2955 2599 3008 in
2613 2969 2700 3009 me
2714 2952 2955 3009 Christus
2966 2951 3109 3022 (Gal.
3124 2969 3186 3021 ιι,
3198 2953 3312 3027 20).
3331 2954 3664 3014 Exstinctus
3685 2957 3902 3032 quippe

2245 3042 2436 3099 fuerat
2458 3059 2644 3098 saevus
2668 3040 2768 3098 ille
2795 3045 3152 3114 persecutor,
3175 3045 3236 3099 et
3261 3042 3450 3101 vivere
3475 3051 3739 3119 emporat
3767 3047 3900 3121 pius

2244 3131 2608 3206 praedicator.

2316 3222 2453 3278 CAP.
2485 3219 2729 3276 XXXVI.
2761 3219 3153 3276 Consulamus
3189 3219 3367 3277 etiam
3397 3221 3472 3289 ei,
3498 3222 3548 3279 si
3587 3223 3736 3280 forte
3765 3225 3900 3298 quis

482 3313 639 3382 dere,
663 3327 839 3385 quem
887 3311 1082 3368 locum
1131 3312 1401 3369 habuerit
1428 3296 1506 3370 ut
1522 3296 1740 3373 valeret
1788 3315 1953 3373 illum
1982 3317 2133 3374 occi—
2165 3296 2209 3364 C
2245 3310 2548 3384 fuerit,qui
2579 3309 2640 3366 in
2673 3309 2940 3366 absentia
2969 3310 3100 3383 ejus
3129 3326 3375 3384 regnum
3407 3309 3598 3384 ipsius
3627 3296 3904 3371 moliatur

483 3401 642 3471 dere,
664 3401 915 3459 abscidit
949 3419 1114 3458 oram
1144 3401 1470 3476 chlamydis
1499 3404 1650 3476 ejus,
1674 3407 1732 3461 et
1761 3405 1821 3461 in
1852 3423 1913 3462 se
1944 3423 2134 3463 rever-

484 3508 588 3548 sus
615 3489 907 3564 pereussit
932 3508 1032 3547 cor
1059 3508 1256 3560 suum,
1283 3508 1350 3549 eo
1379 3493 1535 3566 quod
1574 3494 1890 3552 fcedaverat
1915 3499 2134 3553 vestem

485 3579 708 3637 domini
737 3581 852 3636 sui.
913 3603 916 3607 ι

515 3671 687 3726 .CAP.
718 3669 952 3727 XXXIV.
989 3671 1153 3728 Unde
1199 3672 1405 3728 beatus
1453 3673 1768 3746 Gregorius
1824 3674 1883 3730 in
1933 3676 2135 3749 regula

482 3760 767 3817 Pastorali
815 3760 958 3816 dicit
995 3765 1169 3832 (Past.
1204 3779 1291 3830 ιιι,
1321 3779 1371 3817 c.
1403 3763 1500 3831 5):
1527 3784 1556 3812 ‹‹
1589 3763 1954 3820 Admonendi
1992 3770 2135 3822 sunt

479 3850 722 3920 subditi,
752 3867 824 3907 ne
853 3867 989 3907 cum
1020 3849 1224 3924 culpas
1254 3852 1701 3926 praepositorum
1733 3854 2133 3924 considerant,

479 3945 684 4010 contra
712 3957 812 3997 eos
859 3939 1200 3996 audaciores
1251 3941 1414 4009 ﬁant,
1449 3942 1550 3997 scd
1603 3942 1706 4008 sic,
1741 3943 1789 3998 si
1821 3959 1937 4015 qua
1966 3944 2134 4000 valde

480 4035 620 4090 sunt
647 4047 851 4087 eorum
891 4047 1088 4103 prava,
1110 4031 1264 4104 apud
1300 4031 1650 4102 semetipsos
1693 4030 2036 4103 diiudicent,
2071 4038 2136 4090 ut

479 4127 677 4178 tamen
699 4119 894 4176 divino
924 4119 1134 4176 timore
1153 4119 1475 4187 constricti,
1501 4120 1649 4176 ferre
1679 4121 1788 4177 sub
1811 4121 1896 4178 eis
1917 4123 2132 4196 jugum

481 4209 814 4268 reverentiae
847 4226 962 4266 non
993 4211 1282 4266 recusent.
1307 4208 1470 4274 Quod
1500 4207 1712 4265 melius
1741 4209 2130 4280 ostendimus,

483 4299 531 4357 si
552 4300 770 4356 factum
792 4297 967 4356 David
989 4299 1062 4355 ad
1086 4296 1348 4354 medium
1369 4297 1898 4356 deducamus.Saul
1916 4300 2134 4374 quippe

482 4392 818 4462 persecutor
837 4404 973 4444 cum
1001 4388 1073 4444 ad
1104 4386 1476 4458 purgandum
1497 4391 1759 4446 ventrem
1789 4388 2132 4461 speluncam

481 4477 691 4534 fuisset
718 4477 1042 4550 ingressus,
1067 4475 1184 4531 illic
1211 4490 1346 4531 cum
1366 4475 1504 4532 viris
1537 4476 1660 4534 suis
1705 4477 1881 4534 David
1923 4479 2130 4548 inerat,

481 4567 582 4642 qui
605 4568 733 4640 jam
754 4572 876 4623 tam
896 4566 1071 4638 longo
1093 4571 1353 4636 tempore
1378 4566 1804 4644 persecutionis
1820 4569 1955 4640 ejus
1977 4568 2134 4624 mala

480 4656 786 4714 tolerabat.
809 4656 1074 4726 Cumque
1104 4670 1240 4709 eum
1265 4653 1373 4710 viri
1404 4653 1495 4711 sui
1525 4657 1597 4712 ad
1634 4655 1962 4714 feriendum
1994 4659 2135 4715 Saul
2165 4673 2214 4738 Ι)

477 4747 882 4813 accenderent,
899 4742 1070 4817 fregit
1087 4759 1186 4799 eos
1217 4742 1868 4817 responsionibus,quia
1887 4765 2135 4805 manum

476 4837 707 4892 mittere
739 4836 798 4891 in
821 4832 1111 4890 christum
1133 4832 1366 4889 Domini
1393 4850 1509 4887 non
1529 4834 1786 4890 deberet.
1803 4835 1911 4902 Qui
1936 4841 2132 4894 tamen

475 4925 702 4982 occulte
733 4921 1004 4990 surrexit,
1037 4925 1096 4977 et
1119 4938 1282 4978 oram
1327 4920 1654 4996 chlamydis
1689 4924 1819 4995 ejus
1857 4925 2127 4982 abscidit.

475 5014 626 5083 Quid
670 5013 826 5071 enim
877 5028 980 5084 per
1023 5010 1162 5068 Saul
1202 5009 1316 5066 nisi
1347 5011 1486 5067 mali
1521 5017 1795 5080 rectores,
1827 5015 1969 5086 quid
2029 5033 2133 5088 per

475 5103 658 5160 David
689 5101 803 5159 nisi
844 5101 982 5156 boni
1031 5099 1252 5156 subditi
1301 5099 1736 5172 designantur?
1783 5102 1918 5158 Saul
1955 5104 2132 5177 igitur

476 5198 739 5250 ventrem
771 5207 1044 5264 purgare,
1065 5193 1157 5247 est
1185 5206 1392 5264 pravos
1422 5189 1771 5262 praepositos
1789 5198 2130 5266 conceptam

477 5282 537 5338 in
559 5281 733 5339 corde
763 5279 1049 5337 malitiam
1076 5296 1261 5351 usque
1290 5279 1361 5335 ad
1387 5295 1563 5351 opera
1593 5279 1791 5335 miseri
1818 5281 2015 5338 odoris
2037 5299 2132 5338 ex-

481 5372 736 5436 tendere,
761 5373 819 5426 et
848 5368 1104 5440 cogitata
1133 5369 1287 5441 apud
1336 5385 1398 5422 se
1429 5367 1600 5423 noxia
1630 5369 1798 5424 factis
1837 5369 2132 5426 exteriori-

478 5461 592 5516 bus
611 5459 981 5531 exsequendo
1001 5464 1357 5524 monstrare;
1376 5461 1433 5512 et
1448 5458 1616 5529 quasi
1632 5475 1792 5514 oram
1807 5459 2133 5532 chlamydis

481 5548 753 5619 praasaliii
785 5547 1025 5604 silenter
1045 5546 1485 5618 incidunt-,quia
1510 5547 1796 5612 videlicet,
1816 5547 1955 5602 dum
1981 5566 2130 5620 pra:-

481 5637 609 5690 fata:
639 5636 910 5708 dignitati
944 5635 1152 5692 saltem
1195 5636 1428 5692 innoxie
1459 5641 1515 5692 et
1553 5636 1799 5694 latenter
1827 5637 2130 5710 derogant,

480 5724 648 5797 quasi
682 5725 836 5798 reg's
868 5725 1220 5800 superpositi
1241 5730 1460 5782 vestem
1494 5730 1711 5783 secant.
1736 5727 1880 5782 Nam
1913 5743 2047 5784 cum
2071 5729 2129 5784 in

2245 3399 2570 3474 subripere,
2595 3404 2661 3455 nt
2690 3416 3037 3456 moneamus
3065 3416 3201 3456 eum
3231 3400 3305 3456 de
3335 3402 3722 3459 sacramentis
3749 3403 3902 3460 inter

2243 3507 2306 3552 se
2336 3493 2393 3545 et
2423 3489 2712 3546 seniorem
2764 3493 3038 3545 nostrum
3068 3487 3262 3558 factis,
3283 3505 3411 3562 quae
3459 3507 3560 3547 rex
3608 3497 3811 3550 noster
3837 3510 3900 3550 se

2244 3596 2474 3635 servare
2503 3577 2651 3634 velle
2681 3579 2916 3645 fatetur,
2941 3581 3000 3634 et
3037 3594 3441 3652 proponamus
3469 3579 3520 3636 ei
3547 3581 3899 3638 sententiam

2244 3668 2472 3727 Domini
2506 3667 2793 3740 prolatam
2826 3684 2930 3741 per
2972 3666 3288 3724 Jeremiam
3318 3668 3664 3742 prophetam
3695 3675 3902 3728 contra

2242 3756 2608 3826 Sedechiam,
2634 3757 2734 3829 qui
2758 3756 2984 3830 juravit
3011 3755 3553 3816 Nabuchodonosor
3579 3759 3784 3834 gentili
3809 3778 3896 3817 re-

2242 3847 2300 3920 gi
2331 3847 2390 3902 in
2421 3846 2659 3902 nomine
2688 3845 2920 3903 Domini
2957 3863 2971 3901 :
3006 3852 3318 3918 Propterea,
3353 3845 3546 3920 inquit
3569 3848 3896 3922 Scriptura,

2230 3938 2612 4010 juramentum
2634 3937 2774 4009 quod
2801 3938 3023 4009 sprevit,
3047 3943 3098 3992 et
3123 3936 3300 4008 foedus
3329 3935 3472 4010 quod
3493 3941 3897 4010 prevaran

2241 4033 2338 4094 est,
2393 4043 2597 4098 ponam
2653 4028 2712 4081 in
2766 4033 2929 4098 caput
2982 4026 3100 4099 ejus
3158 4026 3368 4096 (Ezech.
3400 4043 3538 4094 xvu,
3587 4027 3696 4097 19).
3732 4028 3898 4086 Unde

2245 4115 2629 4187 Hieronymus
2661 4133 2711 4170 :u
2736 4115 2819 4170 Ne
2848 4119 3210 4187 putaremus,
3233 4114 3446 4188 inquit,
3459 4115 3892 4188 juramentum,

2242 4208 2301 4260 et
2332 4205 2540 4271 foedus,
2564 4208 2622 4260 et
2649 4208 2909 4276 pactum,
2934 4203 3090 4278 regis
3109 4220 3239 4261 esse
3269 4203 3695 4278 Babylonii,vel
3727 4206 3902 4264 Sede-

2243 4293 2386 4350 chiaz
2427 4293 2524 4366 qui
2576 4295 2810 4360 fecerat,
2845 4293 3116 4366 sequitur
3146 4310 3160 4349 :
3194 4295 3258 4351 In
3281 4296 3744 4368 praevaricatione
3788 4313 3902 4369 qua

2241 4383 2486 4456 despexit
2506 4399 2609 4439 me.
2633 4384 2783 4457 Ergo
2804 4383 2906 4456 qui
2929 4383 3253 4440 contemnit
3271 4383 3703 4455 juramentum,
3726 4383 3904 4444 illum

2243 4471 2512 4544 despicit,
2546 4489 2648 4544 per
2679 4489 2854 4544 quem
2877 4471 3100 4545 juravit
3131 4490 3145 4529 :
3179 4471 3384 4546 illique
3413 4472 3556 4530 facit
3583 4472 3902 4547 injuriam;

2243 4563 2414 4633 cujus
2443 4562 2668 4617 nomini
2716 4562 2966 4618 credidit
3009 4560 3397 4620 adversarius.
3431 4562 3672 4635 Propter
3715 4580 3904 4637 quam

2243 4666 2485 4706 causam
2513 4667 2524 4708 :
2552 4651 2915 4724 Expandam,
2937 4649 3151 4724 inquit,
3180 4668 3358 4724 super
3375 4667 3512 4708 eum
3533 4657 3655 4709 rete
3675 4670 3904 4723 meum,

2245 4744 2304 4796 et
2323 4741 2854 4812 comprehendetur
2876 4757 3093 4814 sagena
3115 4757 3265 4808 mea,
3288 4745 3346 4798 et
3365 4741 3656 4798 adducam
3676 4760 3814 4800 eum
3837 4745 3904 4803 in

2244 4829 2620 4903 Babylonem,
2644 4835 2702 4886 et
2735 4830 3018 4902 judicabo
3050 4846 3187 4887 eum
3217 4829 3360 4887 illic.
3391 4831 3687 4904 Quidquid
3719 4833 3907 4906 igitur

2241 4923 2446 4975 contra
2475 4920 2818 4976 Sedechiam
2861 4920 2996 4976 fecit
3033 4919 3592 4988 Nabuchodonosor,
3614 4938 3732 4978 non
3771 4923 3902 4981 suis

2241 5009 2376 5064 fecit
2416 5009 2662 5077 viribus,
2684 5009 2785 5066 sed
2834 5011 2921 5066 ira
2951 5007 3073 5079 Dei,
3107 5009 3168 5065 in
3197 5010 3370 5082 cujus
3421 5009 3660 5067 nomine
3707 5011 3901 5069 fuerat

2241 5098 2634 5169 pejuratum.»
2659 5097 2936 5172 Legimus
2967 5098 3126 5154 enim
3157 5097 3502 5156 Sedechiam
3533 5104 3771 5173 captum
3793 5103 3901 5158 du-

2241 5193 2403 5243 ctum
2425 5205 2554 5244 esse
2574 5187 2632 5243 in
2667 5187 2952 5245 Iteblatha
2971 5189 3064 5260 (ιγ
3080 5189 3210 5259 Reg.
3233 5188 3386 5261 xxv),
3412 5189 3612 5262 ibique
3632 5189 3900 5248 interfec-

2245 5277 2320 5332 tis
2369 5276 2506 5335 ﬁliis
2553 5282 2924 5348 excaecatum,
2949 5282 3006 5335 et
3051 5278 3237 5335 instar
3261 5279 3394 5336 fere
3422 5278 3692 5337 clausum
3721 5296 3900 5340 cavea

2245 5367 2593 5424 translatum
2624 5367 2684 5424 in
2720 5367 3072 5442 Babylonem
3099 5385 3113 5424 :
3137 5372 3195 5424 et
3223 5369 3294 5425 de
3324 5368 3674 5440 gravissima
3693 5371 3896 5443 perju-

2243 5455 2310 5512 rii
2340 5457 2596 5514 vindicta
2641 5457 3022 5514 manifestum
3050 5461 3109 5512 et
3137 5456 3552 5530 gravissimum
3588 5462 3897 5530 peccatum

2240 5565 2368 5604 esse
2389 5545 2736 5621 perjurium,
2761 5545 2916 5602 sicut
2933 5551 2991 5602 et
3011 5551 3252 5603 sanctus
3273 5546 3643 5620 Augustinus
3663 5547 3724 5602 in
3746 5547 3897 5605 libro

2241 5639 2312 5694 ad
2343 5637 2612 5694 consulta
2641 5636 2842 5693 Ililarii
2876 5640 3168 5692 monstrat
3193 5638 3301 5708 (ep.
3327 5635 3420 5704 99,
3447 5636 3504 5691 in
3537 5635 3694 5707 fine).

2310 5729 2444 5783 CAP.
2480 5725 2745 5783 XXXVII:
2781 5725 2841 5780 Si
2889 5730 3087 5782 autem
3135 5729 3193 5782 et
3253 5729 3456 5782 contra
3513 5725 3891 5802 praepositum
