4152 6510
254 462 375 527 985

1214 463 1687 528 INSTRUCTIO
1729 465 1834 525 AD
1874 459 2333 526 LUBOVICU'M
2373 461 2718 526 BALBUM.

3542 438 3667 531 sse

258 610 451 653 mores
480 594 775 653 discordia
802 599 930 653 orta
953 598 1062 665 est,
1085 597 1362 670 quoniam
1393 597 1577 671 aliqui
1609 597 1739 654 sine
1768 596 1908 653 alio-
1934 595 1990 664 Α
2019 611 2192 651 carne
2224 594 2583 669 propinquos
2613 599 2671 653 et
2698 596 3062 656 Christianos
3088 602 3318 658 tantum
3349 601 3572 660 malum
3606 607 3670 662 et“

259 702 392 742 rum
420 685 666 743 consilio
695 687 825 758 ejus
845 687 1322 744 constitutionem
1347 688 1641 743 vindicare
1672 686 1784 744 sibi
1814 703 1908 742 vo-
2015 688 2135 741 tam
2167 685 2388 758 grande
2420 685 2744 760 periculum
2776 687 2837 742 in
2870 688 3189 747 Fentanido
3220 691 3662 767 d’evenit,quan-

260 775 517 832 luerunt.
551 778 686 842 Quae
718 776 1012 832 discordia
1041 793 1156 833 non
1184 777 1310 833 sine
1333 776 1755 850 impedimento
1795 774 1909 831 fuit

263 864 872 939 paciﬁcata.Legimus
901 865 1040 939 quia
1057 867 1196 922 boni
1219 882 1384 938 reges
1405 864 1707 921 constituti
1724 866 1908 921 bonos

263 954 376 1011 sibi
405 953 772 1011 consiliarios
803 955 1216 1025 adhibuerunt,
1238 959 1295 1011 et
1328 972 1431 1028 per
1448 956 1634 1010 bonos
1661 971 1826 1027 reges
1853 956 1911 1010 et

261 1044 446 1099 bonos
469 1043 837 1100 consiliarios
857 1061 1170 1117 regnorum
1192 1044 1394 1117 populi
1421 1044 1606 1099 multa
1630 1044 1784 1099 bona
1802 1042 1907 1099 ha-

264 1122 537 1201 buerunt,
571 1135 628 1188 et
656 1150 758 1205 per
786 1133 973 1189 malos
1002 1150 1167 1206 reges
1214 1137 1272 1190 et
1316 1132 1504 1189 malos
1547 1132 1911 1189 consiliarios

266 1238 581 1295 regnorum
613 1222 812 1295 populi
844 1222 1032 1278 multa
1060 1221 1217 1278 mala
1245 1222 1674 1279 sustinuerunt.

336 1312 472 1367 CAP.
493 1311 563 1367 II.
586 1311 658 1368 Ut
687 1312 758 1368 de
790 1311 1212 1369 recentioribus
1232 1311 1495 1368 historiis
1523 1311 1688 1368 vobis
1709 1328 1915 1384 propo-

266 1417 406 1457 nam
463 1401 774 1474 exempla:
810 1403 1052 1467 Quando
1109 1400 1391 1475 Pippinus
1447 1401 1666 1457 abavus
1725 1405 1916 1457 vester

267 1489 565 1564 mgrotavit
609 1490 670 1546 in
718 1490 1064 1546 inﬁrmitate
1111 1491 1182 1546 de
1229 1507 1347 1566 qua
1386 1494 1444 1546 et
1490 1492 1759 1546 mortuus
1803 1495 1911 1560 est,

269 1581 429 1652 apud
458 1580 879 1636 monasterium
912 1580 1100 1637 sancti
1151 1580 1409 1654 Dionysii
1458 1580 1620 1653 regni
1673 1580 1763 1636 sui
1797 1580 1914 1653 pri-

268 1686 461 1727 mores
490 1670 840 1738 convocavit,
856 1673 913 1726 et
942 1686 1144 1726 eorum
1176 1668 1419 1726 consilio
1448 1667 1759 1743 disposuit,
1780 1687 1918 1744 qua-

267 1759 407 1816 liter
428 1763 562 1832 post
590 1770 725 1815 eum
758 1758 863 1814 ﬁlii
895 1758 987 1814 sui
1017 1757 1442 1815 Carlomannus
1461 1762 1518 1815 et
1545 1758 1915 1832 Carolus,qui

271 1866 407 1905 cum
435 1865 502 1905 eo
532 1851 716 1917 erant,
750 1864 998 1922 regnum
1039 1848 1167 1921 ejus
1215 1848 1454 1921 paciﬁca
1501 1850 1914 1922 gubernarent.

272 1940 506 2039 Mert'uq
531 1942 739 1995 autem
758 1936 963 2039 illotet
987 1954 1134 2038 cum.
1155 1954 1370 2012 magna
1399 1937 1699 2039 devotione
1731 1939 1920 2012 sepul-
1948 1973 1998 2039 B

271 2032 353 2097 to,
381 2026 804 2084 Carlomannus
834 2027 905 2083 ad
938 2025 1303 2095 Suessiones,
1338 2031 1396 2083 et
1425 2027 1664 2084 Carolus
1711 2029 1794 2084 ad'
1815 2028 1922 2084 No-

270 2118 531 2174 viomum
569 2119 873 2185 veneruut,
907 2119 964 2172 et
992 2116 1219 2172 decimo
1250 2116 1457 2189 quinto
1487 2116 1581 2171 die
1600 2120 1733 2189 post
1761 2115 1920 2173 illius

271 2208 500 2265 obitum
531 2206 774 2263 consilio
808 2210 865 2262 et
888 2204 1103 2262 auxilio
1126 2205 1290 2278 regni
1321 2206 1647 2279 primorum
1667 2205 1728 2260 in
1755 2223 1920 2279 reges

270 2297 443 2355 levati
466 2300 692 2364 sunt,et
711 2295 1123 2369 unusquisque
1143 2297 1214 2350 de
1233 2294 1395 2368 regni
1413 2295 1772 2368 primoribus
1795 2296 1922 2351 sine

274 2387 398 2444 ulla
427 2385 798 2443 contentione
822 2387 894 2441 ad
927 2402 1122 2458 regem
1153 2400 1328 2440 suum
1350 2384 1782 2441 convenit.Post
1803 2389 1921 2440 tres

272 2477 504 2532 circiter
533 2493 719 2532 annos
750 2479 982 2530 mortuo
1013 2475 1401 2531 Carlomanno
1424 2474 1480 2528 in
1506 2474 1918 2542 Salmontiaco,

275 2566 434 2622 venit
463 2564 703 2621 Carolus
732 2566 806 2619 ad
837 2564 1300 2630 Corbennacum,
1331 2568 1389 2618 et
1421 2562 1580 2635 regni
1614 2564 1919 2634 primores,

274 2654 371 2728 qui
407 2670 542 2709 cum
573 2653 960 2709 Carlomanno
994 2653 1248 2719 fuerunt,
1284 2651 1423 2706 illuc
1455 2652 1525 2706 ad
1554 2668 1688 2706 eum
1717 2669 1921 2708 conve—

275 2746 509 2811 nerunt,
542 2742 798 2815 exceptis
829 2741 1056 2814 paucis,
1089 2742 1160 2797 de
1192 2740 1409 2812 quibus
1457 2757 1573 2795 non
1622 2744 1713 2797 est
1750 2741 1923 2805 modo

275 2832 673 2890 necessarium
705 2831 918 2887 dicere.

345 2923 481 2978 CAP.
511 2921 610 2976 ΙΙΙ.
644 2920 873 2976 Mortuo
905 2923 1102 2975 autem
1131 2918 1336 2975 Carolo
1366 2918 1808 2991 imperatore,et
1834 2936 1924 2975 se-

275 3010 441 3085 pulto
472 3011 534 3066 in
562 3008 746 3087 Aquis
776 3008 1013 3081 palatio,
1048 3009 1211 3081 regni
1243 3007 1659 3081 primores,qui
1691 3026 1828 3065 cum
1859 3026 1926 3065 eo

277 3104 465 3166 erant,
500 3099 791 3155 miserunt
819 3099 893 3154 ad
915 3098 1273 3153 Ludovicum
1305 3115 1479 3153 avum
1508 3100 1791 3166 vestrum,
1824 3100 1925 3172 qui

274 3189 493 3247 erat'in-
520 3188 826 3245 Teutuado
856 3204 868 3242 :
902 3186 1002 3260 qui
1032 3186 1338 3260 trigesimo
1369 3186 1464 3243 die
1508 3190 1642 3260 post
1678 3193 1926 3245 mortem

274 3279 460 3352 patris
487 3278 581 3334 sui
608 3275 767 3333 venit
794 3276 1064 3359 Aquis,et
1091 3291 1227 3331 cum
1251 3276 1415 3349 regni
1446 3275 1772 3348 primorum
1796 3294 1928 3333 con-

2019 779 2145 831 tum
2179 775 2330 832 inter
2356 776 2718 833 Christianos
2765 794 2883 832 non
2934 778 3145 835 accidit
3174 797 3243 836 ex
3284 798 3350 837 eo
3379 784 3661 856 tempore,

2020 882 2134 937 quo
2161 864 2417 939 primum
2449 864 2691 922 Carolus
2721 883 2858 921 cum
2893 867 3259 941 Raganfredo
3290 868 3664 932 in,Vinciano

2020 954 2319 1027 pugnavit.
2353 955 2464 1010 Sed
2487 972 2602 1010 non
2634 972 2738 1028 pro
2760 950 2862 1012 illa
2891 956 3201 1025 occisione,
3227 975 3353 1030 quae
3386 960 3537 1017 facta
3556 962 3669 1021 fuit

2020 1044 2081 1098 in
2131 1044 2468 1112 Fontanido,
2503 1061 2614 1116 pax
2660 1044 2720 1099 in
2768 1062 2945 1117 regno
2996 1046 3278 1119 provenit,
3312 1047 3413 1109 sed
3463 1049 3668 1110 tandiu

2021 1131 2123 1187 illa
2152 1132 2389 1189 miseria
2436 1133 2589 1188 inter
2637 1133 3034 1191 Christianum
3067 1135 3352 1208 populum
3402 1141 3460 1193 et
3496 1155 3671 1199 carne

2023 1222 2385 1295 propinquos
2416 1222 2652 1288 mansit,
2686 1222 2890 1292 donec,
2919 1222 3135 1280 vellent
3164 1225 3674 1294 nollent,et'senio-

2024 1328 2117 1367 res
2147 1315 2204 1368 et
2224 1310 2386 1385 regni
2416 1311 2702 1385 primores
2732 1312 2792 1368 in
2812 1317 2931 1370 tres
2950 1318 3159 1386 partes,
3177 1331 3423 1388 regnum
3455 1317 3672 1379 divise-

2025 1404 2248 1471 runt,et
2276 1418 2380 1474 per
2408 1404 2777 1458 sacramenta
2805 1401 2994 1475 ipsam
3027 1402 3372 1461 divisionem
3404 1404 3681 1467 stabilem.

2025 1506 2154 1546 esse
2184 1491 2394 1546 debere
2423 1490 2940 1547 conﬁrmaverunt.

2097 1580 2234 1636 CAP.
2266 1580 2335 1635 V.
2370 1581 2598 1635 Mortuo
2629 1579 2924 1647 Lothario,
2950 1579 3054 1636 ﬁlii
3086 1582 3213 1654 ejus
3244 1598 3490 1656 regnum
3516 1583 3676 1647 illius

2028 1669 2178 1725 inter
2206 1686 2267 1725 se
2299 1667 2811 1725 diviserunt.Unde
2827 1669 3020 1735 adhuc
3040 1668 3158 1726 illis
3178 1670 3504 1729 viventibus
3526 1675 3679 1731 facta

2026 1762 2116 1815 est
2146 1758 2393 1813 ﬁrmitas
2414 1775 2518 1835 per
2536 1762 2972 1821 sacramentum
2993 1758 3149 1815 inter
3167 1763 3394 1833 patrem
3414 1752 3675 1819 vestrum

2028 1852 2086 1905 et
2114 1851 2390 1920 patruum
2411 1850 2670 1903 vestrum
2703 1847 3543 1912 Ludovicum-Mortuoautem
3568 1852 3675 1913 Lo-

2028 1937 2216 1993 thario
2248 1937 2366 1993 ﬁlio
2390 1936 2809 2009 Lotharii,post
2840 1937 3058 2001 multas
3080 1940 3504 2003 controversias
3524 1941 3678 2001 facta

2029 2030 2118 2084 est
2148 2027 2353 2083 divisio
2384 2026 2536 2083 inter
2564 2029 2789 2099 patrem
2820 2029 3099 2095 vestrum,
3133 2029 3201 2083 et'
3239 2032 3515 2102 patruum
3544 2047 3680 2088 ves-

2027 2121 2185 2172 trum
2209 2116 2587 2184 Ludovicum,
2622 2117 2694 2173 de
2724 2119 2891 2189 parte
2930 2115 3101 2190 regni
3138 2117 3417 2179 Lotharii.
3449 2116 3683 2177 Mortuo
3790 2175 3801 2179 _

2029 2209 2223 2261 autem
2254 2203 2543 2260 Ludovico
2574 2205 2749 2259 fratre
2775 2202 3034 2259 Lotharii
3062 2204 3122 2259 in
3158 2205 3679 2279 Langobardla,re-

2030 2293 2249 2367 quisita
2277 2297 2366 2349 est
2396 2292 2547 2365 patri
2574 2297 2768 2349 vestro
2799 2310 2847 2355 a,
2874 2293 3050 2348 fratre
3081 2310 3187 2349 suo
3216 2298 3274 2350 et
3301 2312 3336 2355 θ.
3366 2293 3504 2351 ﬁliis
3552 2298 3685 2372 ejus

2032 2401 2167 2457 pars
2197 2385 2269 2439 de
2300 2399 2478 2455 regno
2503 2381 2864 2439 illius:unde
2889 2380 3084 2437 adhuc
3114 2382 3338 2438 vivente
3369 2384 3679 2453 Ludovico,

2031 2474 2128 2529 sed
2152 2476 2208 2528 et
2230 2490 2383 2527 anno
2400 2470 2862 2544 prmterito,tales
2881 2471 3239 2525 devenerunt
3256 2470 3685 2541 miseriae,sicut

2029 2562 2195 2617 vobis
2225 2564 2364 2616 sunt
2394 2564 2561 2623 notae,
2580 2563 2637 2615 et
2667 2559 2774 2614 hoc
2805 2575 2958 2615 anno
2983 2558 3116 2614 talis
3137 2560 3410 2631 provenit
3430 2558 3685 2635 lugenda

2033 2650 2364 2719 infelicitas,
2391 2668 2518 2721 quae
2551 2667 2653 2721 per
2704 2649 3037 2704 universum
3085 2666 3233 2721 pene
3280 2651 3595 2721 mundum,
3628 2654 3699 2708 et'

2032 2758 2137 2814 per
2166 2741 2363 2795 futura
2391 2744 2657 2810 tempora
2683 2737 2889 2794 merito
2917 2737 3035 2801 erit
3053 2738 3113 2794 in
3144 2738 3555 2815 opprobrium...

2106 2830 2241 2885 CAP.
2274 2829 2365 2883 VI.
2405 2828 2712 2900 Propterea
2756 2826 2989 2883 videtur
3026 2827 3341 2909 exiguitati.
3379 2845 3541 2899 meae,
3588 2847 3682 2886 ve-

2034 2922 2222 2975 strum
2253 2933 2384 2974 esse
2415 2916 2822 2985 consilium,ut
2844 2918 2914 2972 de
2937 2912 3198 2989 antiquis
3219 2918 3483 2980 historiis
3504 2930 3687 2992 quan-,-

2034 3012 2161 3063 tum
2192 3008 2438 3080 potestis
2472 3005 2811 3074 attendatis,
2842 3023 2914 3062 ne
2941 3005 3265 3068 inlexordlo
3297 3008 3460 3087 regni
3507 3010 3683 3065 vestri

2034 3097 2189 3153 inter
2218 3095 2503 3176 primores
2524 3094 2687 3169 regni
2718 3096 2790 3151 d’e
2804 3098 3001 3154 vestro
3025 3096 3552 3171 regimiheoriatur
3570 3094 3683 3157 dis-

2036 3187 2252 3253 cordia,
2287 3204 2413 3259 quze
2447 3202 2564 3247 non
2595 3185 3397 3259 sineimpedlmentbpossit‘
3425 3194 3557 3247 esse
3586 3204 3683 3247 se—

2037 3276 2174 3332 data
2206 3294 2219 3332 :
2253 3278 2310 3332 et
2357 3274 2519 3349 regni
2564 3275 2869 3348 primores,
2903 3275 3021 3349 qui.
3054 3275 3358 3354 vobiscum
3406 3280 3567 3346 sunt,
3598 3276 3683 3339 sic

276 3347 408 3425 silio
438 3366 678 3440 paciﬁca
708 3347 954 3439 regnum
983 3347 1296 3438 disposuit,
1323 3347 1721 3435 d‘onec,causa
1741 3385 1926 3424 emer-
1955 3347 2013 3414 (Τ
2039 3365 2264 3439 seipsos
2293 3368 2351 3421 et
2376 3347 2517 3425 suas
2559 3347 2890 3423 voluntates
2929 3347 3396 3444 contemperent‘;
3429 3373 3501 3423 ne
3539 3365 3684 3425 alias

276 3461 448 3532 gente
478 3473 657 3530 quam
705 3473 820 3511 non
854 3458 1081 3528 oportet
1128 3473 1285 3511 nunc
1328 3456 1538 3520 dicere,
1570 3456 1722 3513 inter
1757 3456 1927 3514 illum

277 3549 334 3603 et
363 3545 515 3602 ﬁlios
540 3545 674 3618 ejus
721 3547 811 3602 est
857 3548 985 3600 orta
1032 3543 1344 3613 discordia,
1390 3562 1495 3616 pro
1544 3562 1661 3618 qua
1713 3563 1949 3624 magna,

277 3653 414 3709 pars
444 3636 517 3691 de
548 3635 709 3709 regni
740 3633 1097 3708 primoribus
1123 3650 1258 3690 cum
1291 3634 1564 3703 Lothario
1596 3636 1847 3708 perrexit
1866 3636 1927 3693 in

279 3724 768 3798 L‘augobardiam.

348 3814 486 3870 CAP.
510 3812 601 3869 IV.
622 3812 850 3869 Mortuo
882 3811 1173 3867 Ludovico
1201 3812 1683 3885 imperatore,avo
1713 3819 1926 3886 vestro,

279 3903 519 3976 quidam
571 3902 644 3958 de
689 3902 863 3958 istius
912 3900 1076 3973 regni
1124 3900 1485 3973 primoribus
1547 3908 1931 3959 evocaverunt

279 3978 643 4059 Lotharium,
670 3995 728 4047 et
748 3990 1038 4064 primores
1067 3989 1170 4062 qui
1200 4006 1336 4046 cum
1368 3990 1468 4046 illo
1499 3993 1763 4060 erant,de
1786 3993 1931 4050 Lan-

279 4080 559 4157 gobardia
604 4081 665 4136 in
713 4080 875 4136 istud
919 4095 1187 4153 regnum.
1236 4080 1308 4135 Et
1354 4080 1596 4152 quidam
1645 4081 1717 4137 de
1765 4081 1929 4156 regni

278 4169 637 4244 primoribus
682 4170 922 4226 fuerunt
970 4185 1106 4224 cum
1148 4167 1350 4225 Carolo
1406 4172 1570 4241 patre
1623 4173 1837 4240 vestro,
1872 4174 1930 4227 et

282 4260 523 4334 quidam
553 4276 692 4315 cum
714 4256 1007 4314 Ludovico
1030 4260 1241 4330 patruo
1260 4259 1472 4321 vestro.
1493 4258 1722 4314 Interea
1742 4276 1928 4333 ccepe-

280 4348 602 4423 runt-regni
623 4346 1039 4421 primores,qui
1061 4364 1195 4403 cum
1218 4346 1407 4403 tribus
1440 4346 1721 4403 fratribus
1741 4352 1927 4416 erant,

279 4437 626 4513 singillatim
657 4439 881 4493 certare
917 4436 988 4492 de
1030 4435 1376 4505 honoribus,
1403 4436 1627 4508 quique
1666 4435 1931 4511 illorum,

278 4529 437 4585 unde
466 4527 719 4604 majores
751 4529 808 4582 et
837 4524 1307 4598 plurespossent
1334 4525 1598 4582 obtinere
1631 4542 1644 4580 :
1681 4531 1737 4582 et
1766 4529 1928 4600 parvi

276 4617 599 4691 pendentes
630 4616 997 4674 sacramenta
1044 4614 1116 4671 de
1146 4612 1431 4671 divisione
1476 4614 1638 4686 regni
1669 4616 1841 4683 facta,
1873 4621 1947 4673 et-

2035 3454 2209 3511 istius
2241 3454 2403 3529 regni
2435 3453 2720 3527 primores
2751 3453 2823 3509 ad
2857 3451 3203 3510 scandalum
3232 3472 3336 3529 per
3377 3473 3545 3523 suam
3584 3474 3684 3515 cu-

2036 3544 2339 3619 piditatem
2389 3547 2490 3600 aut
2531 3541 2945 3617 negligentiam
2993 3546 3323 3615 provocent.
3358 3545 3686 3607 Praesertim

2036 3653 2171 3692 cum
2203 3652 2315 3690 non
2351 3632 2617 3689 habeatis
2639 3633 2979 3700 fratrem,ad
2999 3640 3174 3705 quem
3204 3633 3459 3711 populus
3481 3635 3687 3693 debeat

2038 3741 2101 3785 se
2131 3722 2570 3791 dividere,sicut
2598 3738 2703 3777 nec
2735 3721 2957 3783 divisus
2987 3724 3077 3777 est
3104 3720 3309 3779 Carolo
3331 3723 3685 3796 imperatbre

2039 3816 2290 3881 mortuo,
2324 3811 2425 3867 sed
2456 3827 2518 3866 se
2556 3809 2743 3865 univit
2788 3826 2935 3873 cum,
2970 3810 3257 3873 Ludbvi'co
3303 3808 3465 3869 illius
3512 3811 3705 3872 uniCo.

2038 3900 2178 3957 ﬁlio.
2205 3901 2351 3957 Nam
2385 3900 2437 3955 si
2463 3898 2547 3954 illi
2568 3899 2705 3954 boni
2738 3899 2986 3955 barones
3006 3901 3140 3975 post
3160 3900 3683 3975 mortem.Pippini,

2038 4007 2175 4048 cum
2203 3990 2433 4047 duobus
2463 3989 2742 4051 fratribus
2775 3987 2859 4045 sic
2889 4005 3039 4044 sano
3063 3986 3308 4048 consilio
3339 3992 3604 4063 egerunt,
3621 3994 3706 4047 ut.

2039 4097 2151 4154 pax
2180 4080 2333 4135 inter
2362 4078 2569 4137 fratres
2600 4093 2765 4152 reges
2813 4077 3053 4135 etinter
3097 4076 3263 4151 regni
3302 4077 3591 4152 primores
3621 4094 3687 4134 ac

2039 4168 2323 4244 populum
2371 4166 2765 4235 esset,,multo
2814 4165 3066 4233 facilius,
3100 4166 3219 4225 nisi
3263 4184 3326 4222 se
3370 4166 3591 4224 invidia
3630 4171 3703 4225 et‘

2039 4258 2330 4332 cupiditas
2358 4255 2802 4327 intermiserint,
2817 4256 3119 4312 vobiscum
3141 4256 3258 4313 Deo
3289 4256 3604 4329 adjuvante
3628 4274 3690 4314 se

2040 4350 2121 4411 ad.
2142 4349 2244 4405 Dei
2272 4346 2653 4413 voluntatem,
2684 4349 2743 4402 et
2771 4363 2941 4402 suam
2985 4344 3244 4401 salutem
3286 4346 3482 4402 venire
3529 4346 3689 4402 vale-

2038 4440 2207 4508 bunt,
2243 4438 2613 4495 attendentes
2638 4440 2862 4508 quanta
2912 4434 3152 4491 miseria
3200 4434 3414 4492 accidit
3467 4436 3539 4493 de
3569 4436 3688 4495 dis-

2038 4527 2258 4595 cordia,
2291 4543 2419 4599 quae
2449 4525 2603 4582 facta
2629 4528 2719 4581 est
2748 4525 2909 4587 inter,
2936 4524 3308 4582 tres.fratres
3350 4528 3486 4603 post
3533 4541 3688 4583 mor-

2038 4621 2159 4675 tem
2188 4615 2464 4672 Ludovici
2495 4613 2886 4687 imperatbris.

276 4705 413 4780 plus
442 4706 734 4762 certantes
763 4705 837 4761 de
864 4703 1102 4760 illorum
1150 4703 1492 4776 cupiditate,
1526 4720 1705 4776 quam
1737 4705 1808 4761 de
1840 4722 1928 4767 se:
1962 4723 2027 4789 Π
2111 4706 2247 4761 CAP.
2273 4703 2396 4760 VII.
2427 4703 2544 4765 Vos
2573 4702 2757 4774 scitis,
2782 4702 3118 4777 quiapater
3139 4707 3329 4762 vester
3358 4703 3521 4779 prius
3543 4702 3691 4761 Rhe-

276 4795 513 4851 niorum
544 4796 788 4851 suorum
808 4797 866 4850 et
884 4794 955 4850 de
980 4810 1090 4850 sua
1109 4792 1383 4863 salute,et
1402 4794 1473 4849 de
1495 4796 1711 4849 sanctae
1733 4793 1928 4855 Eccle-

276 4882 376 4940 siae
409 4900 475 4940 ac
508 4881 710 4956 populi
741 4899 902 4956 pace,
934 4882 1035 4955 qui
1069 4899 1205 4939 cum
1238 4881 1513 4938 Lothario
1545 4882 1931 4949 erant,immi-

276 4976 483 5031 serunt
518 4972 688 5029 illum
716 4971 777 5029 in
809 4972 940 5041 hoc,
972 4976 1041 5028 ut
1069 4971 1277 5028 fratres
1326 4988 1465 5028 suos
1512 4972 1924 5042 exhaercdaret,

272 5065 334 5120 et
360 5062 524 5142 regni
554 5062 841 5136 primores
887 5061 989 5134 qui
1020 5077 1157 5117 cum
1203 5059 1322 5118 illis
1371 5064 1551 5126 erant,
1575 5061 1923 5132 annullaret,

274 5151 556 5225 quoniam
585 5151 713 5225 ipse
741 5151 1167 5237 primogenitus
1193 5152 1252 5207 et
1276 5150 1338 5207 in
1362 5150 1600 5218 nomine
1621 5151 1929 5226 imperato-~

273 5241 361 5298 ris
389 5243 532 5298 erat.
566 5239 657 5298 Illi
684 5243 880 5297 autem
911 5241 1012 5314 qui
1044 5243 1212 5298 erant
1238 5257 1374 5305 cum
1415 5240 1616 5298 Carolo
1649 5244 1705 5303 et
1735 5243 1925 5303 Ludo-

271 5329 868 5402 vico,dicebant,quia
896 5329 1153 5387 seniores
1177 5328 1415 5393 illorum
1437 5330 1694 5386 Lotharii
1717 5334 1927 5389 tratres

273 5422 464 5489 erant,
486 5423 544 5475 et
572 5437 675 5493 per
704 5424 1073 5476 sacramenta
1094 5436 1339 5493 regnum
1370 5419 1524 5474 inter
1553 5437 1652 5476 eos
1673 5421 1926 5477 divisum

274 5510 486 5575 fuerat,
517 5512 575 5565 et
603 5508 688 5563 illi
722 5526 825 5565 nec
873 5526 1106 5583 genere,
1137 5525 1244 5565 nec
1290 5513 1578 5581 potestate
1625 5509 1929 5565 inferiores

271 5601 464 5665 erant,
496 5614 673 5671 quam
707 5597 791 5653 illi
841 5598 942 5671 qui
991 5615 1127 5655 cum
1176 5597 1446 5655 Lothario
1495 5602 1679 5668 erant,
1714 5603 1771 5654 et
1799 5598 1928 5655 ideo

274 5703 396 5744 non
428 5705 489 5745 se
519 5691 721 5755 contra
747 5687 879 5744 illos
905 5688 1339 5746 concrederent.
1364 5688 1529 5746 Unde
1558 5688 1715 5744 mala
1744 5688 1931 5745 multa

276 5780 338 5834 et
365 5776 622 5835 maxima
649 5777 1020 5834 increverunt
1057 5776 1118 5833 in
1151 5781 1327 5847 terra,
1362 5794 1549 5850 usque
1597 5777 1740 5834 dum
1778 5777 1931 5834 inter

2041 4793 2154 4851 mis
2183 4794 2254 4849 de
2283 4791 2703 4851 constitutione
2731 4796 2937 4853 vestra.
2952 4797 3087 4867 post
3116 4792 3286 4850 illum
3314 4793 3375 4849 in
3407 4792 3688 4867 regimine

2037 4883 2201 4958 regni
2251 4900 2386 4938 cum
2431 4881 2797 4955 primoribus
2836 4882 2999 4955 regni
3046 4882 3138 4938 sui
3186 4882 3524 4955 disposuit:
3562 4881 3683 4949 ubi,

2038 4976 2325 5047 quantum
2353 4973 2648 5042 recordor,
2680 4970 2933 5031 maxime
2962 4986 3167 5027 omnes
3194 4969 3366 5045 regni
3400 4971 3688 5043 primores

2036 5063 2295 5131 fuerunt,
2329 5065 2568 5135 excepto
2598 5059 2911 5121 venerabili
2942 5060 3151 5119 abbate
3178 5056 3535 5132 HugoneLet
3551 5061 3686 5117 Ber-

2036 5153 2221 5209 nardo
2252 5150 2463 5209 comite
2489 5151 2851 5209 Arvernense
2875 5166 2889 5205 :
2915 5154 2973 5206 et
2992 5166 3197 5207 omnes
3227 5149 3552 5209 secundum
3575 5150 3690 5206 dis-

2037 5241 2386 5316 positionem
2417 5239 2602 5314 patris
2630 5239 2807 5297 vestri
2844 5239 2905 5295 in
2943 5242 3137 5296 vestra
3187 5238 3360 5313 regia.
3393 5238 3685 5296 constitu-

2037 5333 2193 5389 tione
2222 5330 2744 5389 consenserunt.Et
2763 5329 2996 5414 quando
3028 5328 3291 5402 proxime
3311 5328 3372 5385 in
3392 5325 3685 5385 Carisiaco

2040 5422 2178 5477 inde
2214 5419 2525 5493 disposuit,
2558 5421 2616 5473 et
2662 5417 2916 5473 nomina.
2944 5418 3131 5473 vobis.
3159 5416 3454 5491 descripta
3499 5417 3681 5486 dedit,

2040 5528 2290 5585 quorum
2320 5507 2562 5566 consiiio
2595 5512 2652 5564 et
2682 5506 2897 5563 auxilio
2930 5507 3092 5581 regni
3124 5507 3357 5581 negotia
3377 5508 3685 5581 disponam

2039 5598 2329 5656 deberetis
2350 5598 2524 5671 (inter
2552 5613 2698 5669 quos
2731 5596 2955 5653 et'Boso
2978 5596 3311 5670 adscriptus
3342 5600 3685 5670 est),omnes

2037 5692 2354 5761 praesentes
2384 5686 2717 5754 adfuerunt,
2751 5689 2987 5758 excepto
3033 5683 3162 5761 ipso
3201 5686 3534 5757 Cosone,,et
3565 5686 3683 5744 Hu-

2039 5795 2188 5851 gone
2217 5777 2509 5845 ab‘bate,et
2525 5774 2822 5835 Bernardo
2844 5775 3055 5836 comite
3085 5775 3395 5835 Arvernico
3430 5793 3443 5834 :
3470 5779 3527 5833 et
3556 5792 3679 5833 om-
