4152 6506
228 421 354 487 989

1440 428 1538 490 DE
1582 426 2142 490 INSTITUTIONE
2192 427 2449 490 REGIA.

3533 433 3653 497 990

230 560 397 634 pede,
413 559 484 617 de
504 559 682 618 altero
705 561 850 635 pede
870 561 957 619 vel
981 579 1160 619 manu
1195 562 1304 620 sibi
1335 561 1608 619 subvenit
1628 565 1692 617 ut
1721 561 1884 617 resti-
1915 563 1976 629 Α·
1997 577 2218 616 carnem
2234 570 2286 618 et
2303 565 2654 635 sanguinem,
2675 563 2768 620 sed
2788 563 3046 623 adversus
3073 567 3353 639 spiritales
3379 572 3652 642 nequitias

232 653 435 707 tuatur
458 667 469 706 :
497 651 580 707 sic
611 651 825 708 iterum
856 670 960 724 per
980 653 1343 708 devotionem
1365 658 1422 708 et
1449 655 1664 708 bonam
1687 669 1882 722 opera-

233 740 450 796 tionem
474 745 790 806 eertate,ut
811 743 881 797 ad
906 743 1153 816 gratiam
1180 744 1426 799 senioris
1446 743 1620 798 vestri
1650 740 1881 797 Domini

234 828 332 884 Dei
363 829 704 898 reveniatis;
739 829 880 903 quia
919 837 1227 903 peccantes
1271 837 1328 888 et
1374 850 1489 888 non
1541 831 1883 903 peenitentes

235 917 516 973 Dominus
548 918 645 973 diu
680 923 746 974 ut
775 925 1184 977 convertantur
1215 921 1442 986 tolerat,
1469 921 1568 976 sed
1603 937 1715 975 non
1747 937 1884 975 con-

233 1023 433 1062 versos
465 1007 672 1062 durius
703 1009 964 1065 damnat.
989 1010 1152 1066 Sicut
1189 1011 1366 1066 etiam
1411 1010 1470 1064 in
1501 1014 1692 1065 vestra
1720 1012 1887 1063 atate

1994 651 2210 722 (Ephcs.
2244 669 2322 718 v1,
2360 653 2467 723 12).
2505 654 2629 707 Non
2676 671 2778 708 vos
2831 654 3115 710 delectent
3161 660 3391 713 tantum
3439 659 3650 716 divitiae

1992 739 2431 810 posscssionum
2465 741 2590 796 auri
2623 747 2682 796 et
2713 743 2936 814 argenti
2970 748 3144 816 atque
3175 761 3565 816 gemmarum,
3587 753 3654 804 ut

1992 826 2146 882 inter
2174 845 2272 882 eos
2295 831 2719 900 computemini
2743 831 2846 902 qui
2879 831 3036 886 idola
3058 833 3320 902 adorant,
3347 837 3649 906 quoniam,

1995 915 2151 972 sicut
2179 917 2321 972 dicit
2357 919 2692 989 Apostolus,
2718 921 2970 976 Avaritia
3001 921 3281 977 idolorum
3317 927 3548 981 servitus
3577 936 3654 983 est

1995 1006 2216 1102 (Coloss.
2267 1009 2468 1102 111,-5),
2505 1014 2792 1080 quantum
2844 1011 3011 1074 ﬁdes,
3065 1028 3219 1082 spes,
3271 1016 3330 1066 et
3375 1013 3654 1102 charitas,

238 1096 440 1151 audire
469 1101 526 1152 et
567 1095 762 1152 videre
820 1098 1085 1170 potestis,
1117 1103 1174 1154 et
1222 1100 1294 1154 de
1341 1099 1525 1165 vobis,
1549 1116 1622 1153 ne
1672 1097 1889 1153 similia
1989 1095 2242 1165 justitia,
2267 1097 2500 1166 veritas,
2529 1099 2828 1167 etjustum
2851 1099 3300 1173 judicium,qua—3
3327 1095 3657 1173 perducunt

237 1185 402 1241 vobis
448 1185 735 1252 eveniant,
766 1187 972 1242 timere
1000 1191 1057 1242 et
1094 1205 1295 1243 cavere
1343 1187 1587 1242 debetis.
1614 1189 1682 1242 Et
1713 1187 1887 1242 talem

236 1291 339 1330 vos
368 1291 507 1346 erga
534 1273 758 1329 cultum
789 1275 1074 1341 divinum,
1097 1279 1154 1331 et
1175 1280 1436 1332 sanctam
1459 1275 1799 1343 Ecclesiam,
1823 1293 1892 1330 ac

241 1363 572 1419 sacerdotes
603 1367 660 1418 et
689 1381 887 1419 servos
917 1365 1409 1436 Dei,czeterosque
1439 1364 1638 1420 ﬁdeles
1669 1369 1894 1419 vestros

244 1452 305 1507 in
337 1451 495 1506 omni
528 1455 683 1507 statu
727 1457 1052 1523 manentes,
1076 1458 1134 1508 ct
1163 1471 1301 1524 erga
1348 1454 1630 1526 populum
1667 1453 1833 1508 vobis
1862 1471 1896 1508 a

244 1541 360 1596 Deo
391 1541 776 1598 commissum
809 1542 1171 1610 exhibete,ut
1192 1561 1292 1598 vos
1314 1542 1583 1614 diligant,
1606 1545 1664 1598 et
1684 1559 1782 1597 eos
1803 1543 1897 1596 de-

243 1629 417 1685 lectet
439 1633 562 1685 tam
593 1629 649 1685 in
683 1630 934 1703 spiritali
967 1631 1220 1698 servitio,
1250 1649 1427 1703 quam
1479 1631 1538 1685 in
1587 1630 1894 1702 temporali

248 1719 558 1790 adjutorio,
582 1718 917 1792 ubicunque
941 1719 1105 1776 vobis
1141 1737 1380 1775 necesse
1411 1719 1605 1786 tuerit,
1633 1721 1895 1776 debitum

247 1807 595 1881 obsequium
618 1807 918 1874 exhibere;
944 1812 1001 1863 et
1025 1809 1158 1880 plus
1177 1826 1279 1864 vos
1302 1809 1548 1864 delectet
1570 1807 1901 1864 Christiana

1997 1185 2295 1239 hominem
2322 1187 2380 1240 in
2399 1187 2484 1241 eis
2506 1194 2971 1258 perseverantem
2991 1191 3062 1245 ad
3081 1194 3362 1248 internum
3382 1210 3652 1267 regnum,

1999 1278 2056 1328 et
2083 1274 2426 1346 angelorum
2456 1277 2838 1332 consortium.

2072 1362 2208 1417 CAP.
2243 1363 2307 1417 X.
2341 1366 2475 1429 Quae
2508 1383 2665 1421 nunc
2693 1367 2886 1422 verbis
2916 1368 3301 1424 dominationi
3332 1377 3536 1428 vestra:
3567 1375 3654 1431 di-

2003 1468 2214 1518 cerem,
2263 1453 2311 1508 si
2362 1470 2603 1526 corpore
2651 1473 2908 1527 prasens
2956 1458 3248 1525 adessem,
3279 1459 3402 1516 haec
3448 1461 3659 1521 litteris

2005 1557 2291 1613 suggero:
2325 1542 2463 1612 quia
2486 1545 2558 1600 de
2587 1545 2962 1617 generalibus
2991 1547 3260 1603 Ecclesiae
3291 1565 3360 1605 ac
3391 1551 3462 1606 de
3494 1554 3656 1624 regni

2007 1630 2274 1702 negotiis,
2302 1632 2428 1686 sine
2476 1633 2731 1704 generali
2775 1634 3100 1705 primorum
3133 1638 3296 1709 regni
3329 1641 3573 1697 consilio
3603 1646 3660 1699 et

2007 1736 2319 1786 consensu,
2344 1721 2597 1792 speciale
2626 1723 2764 1778 dare
2810 1723 3124 1780 consilium
3175 1728 3392 1795 nescio,
3417 1733 3474 1784 et
3521 1747 3657 1787 con-

2009 1825 2249 1863 sensum
2282 1809 2602 1865 deliberare
2643 1829 2757 1866 non
2808 1812 2989 1881 valeo,
3023 1830 3128 1868 nec
3177 1832 3486 1887 praesumo.
3523 1820 3659 1876 Pro-

252 1896 474 1968 religio,
509 1900 567 1952 et
595 1897 789 1953 cordis
831 1897 1157 1964 humilitas,
1179 1915 1355 1969 quam
1386 1915 1544 1952 vana:
1586 1915 1810 1970 pompa:
1843 1903 1901 1952 et
1934 1937 1977 2001 Β
2010 1901 2207 1969 pterea
2228 1898 2371 1954 mihi
2395 1899 2520 1969 jam
2545 1904 2602 1955 et
2629 1904 2795 1957 aetate
2815 1907 2874 1957 et
2902 1901 3241 1961 inﬁrmitate
3263 1923 3330 1960 ac
3361 1908 3660 1966 debilitate

250 1985 576 2058 voluptates
614 1985 807 2042 carnis
840 2003 853 2041 :
889 1987 1170 2058 quoniam
1212 1986 1595 2058 quantislibct
1643 1985 1899 2042 molibus

253 2074 476 2147 argenti
508 2079 565 2130 et
595 2075 720 2130 auri
769 2074 1186 2143 circumdetur,
1220 2075 1582 2147 quibuslibet
1631 2075 1901 2147 pretiosis

248 2163 511 2220 vestibus
539 2163 820 2220 induatur
855 2181 1008 2230 caro,
1037 2164 1177 2236 quid
1208 2168 1299 2220 est
1327 2164 1485 2219 aliud
1519 2181 1698 2235 quam
1729 2165 1901 2219 caro?

248 2252 307 2308 id
339 2255 446 2320 est,
479 2253 746 2325 putredo,
772 2257 830 2308 et
859 2253 1017 2309 ﬁlius
1057 2253 1314 2308 hominis
1342 2253 1577 2318 vermis,
1601 2257 1657 2308 et
1689 2253 1896 2324 pulvis,

249 2360 315 2398 ac
345 2341 537 2398 cinis?
568 2343 690 2397 Non
724 2359 825 2397 vos
869 2347 1100 2398 tantum
1133 2343 1377 2398 delectet
1415 2359 1516 2413 per
1564 2343 1900 2397 venationes

248 2431 478 2504 insequi
509 2431 730 2486 bestias
751 2431 1372 2503 silvestres,quantum
1406 2447 1666 2502 pugnare
1697 2435 1902 2486 contra

248 2520 443 2577 carnis
471 2518 816 2591 voluptates,
851 2525 907 2575 et
937 2521 1038 2575 Dei
1069 2537 1134 2574 ac
1165 2523 1379 2574 sancta;
1412 2518 1600 2590 ipsius
1633 2517 1899 2573 Ecclesiae

247 2608 537 2674 inimicos,
569 2613 691 2662 tam
741 2609 1091 2680 corporales,
1117 2625 1292 2680 quam
1344 2607 1682 2680 spirituales
1716 2624 1728 2662 :
1764 2607 1902 2678 quia

249 2699 404 2755 sicut
433 2697 573 2753 dicit
611 2699 898 2754 Dominus
929 2715 1032 2769 per
1059 2696 1404 2769 Apostolum
1438 2714 1451 2751 :
1486 2696 1622 2752 Caro
1652 2699 1903 2768 concupi-

245 2791 348 2844 scit
397 2789 654 2844 adversus
683 2790 962 2860 spirit-um,
993 2795 1044 2843 et
1091 2789 1321 2858 spiritus
1372 2787 1630 2842 adversus
1677 2803 1903 2842 carnem

248 2879 468 2949 (Gat.v,
494 2877 604 2950 17).
637 2878 757 2933 Et:
787 2878 902 2934 Non
957 2885 1035 2932 est
1082 2877 1238 2932 nobis
1285 2877 1596 2932 colluctatio
1643 2875 1899 2931 adversus

2010 1987 2231 2056 attrito,
2255 2004 2370 2042 non
2396 2006 2631 2045 necesse
2651 1993 2741 2045 est
2759 2008 2794 2045 a
2819 1991 3217 2049 dominatione
3245 2001 3438 2052 vestra
3471 1998 3660 2071 impo-

2013 2076 2090 2143 ni,
2118 2079 2181 2130 ut
2211 2076 2337 2131 sine
2369 2095 2549 2132 causa
2594 2078 2874 2150 laborem,
2908 2086 3224 2154 antequam
3272 2087 3342 2141 ad
3377 2086 3660 2158 placitum

2009 2170 2266 2220 vestrum
2299 2166 2400 2220 Dei
2449 2170 2506 2221 et
2551 2169 2727 2223 vestri
2778 2169 2978 2225 ﬁdeles
3027 2173 3392 2243 conveniant,
3425 2180 3485 2231 et
3531 2193 3658 2249 ego,

2011 2253 2497 2325 qualitercunque
2553 2260 2822 2326 potuero,
2883 2258 3108 2315 favente
3172 2262 3447 2330 Domino,
3511 2265 3664 2320 sicut

2011 2342 2270 2412 praedixi,
2305 2342 2361 2396 in
2403 2343 2502 2398 Dei
2551 2349 2609 2399 et
2658 2349 2916 2401 vestrum
2967 2349 3291 2415 servitium,
3323 2356 3381 2405 et
3427 2351 3663 2410 illorum

2011 2430 2360 2501 obsequium
2408 2431 2659 2487 veniam.
2695 2433 2755 2487 Si
2787 2439 3005 2503 autem,
3029 2437 3184 2507 quod
3218 2438 3373 2494 Deus
3420 2445 3659 2511 avertat,

2011 2518 2246 2573 interim
2281 2519 2532 2590 alicujus
2581 2522 3037 2592 perturbationis
3074 2541 3254 2581 causa
3301 2530 3575 2596 evenerit,
3609 2534 3666 2585 et

2013 2607 2157 2661 mihi
2190 2613 2391 2662 notum
2436 2611 2623 2664 facere
2667 2611 3050 2667 dominationi
3103 2618 3306 2669 vestra:
3357 2617 3661 2688 placuerit,

2012 2714 2115 2769 pro
2149 2697 2296 2751 scire
2326 2702 2382 2752 et
2421 2715 2614 2769 posse,
2649 2702 2706 2753 et
2735 2699 2978 2756 consilio
3030 2706 3088 2757 et
3134 2703 3350 2760 auxilio
3381 2706 3440 2762 in
3473 2713 3663 2766 vestro

2010 2785 2291 2856 obsequio
2325 2785 2573 2841 ﬁdeliter
2604 2786 2899 2844 laborabo.

1827 3165 2075 3232 VIII.

1042 3317 1186 3401 AD
1247 3315 1820 3404 CAROLUM
1877 3317 1994 3399 III
2049 3316 2882 3405 IMPERATOBEM

493 3489 569 3552 Ut
596 3487 888 3550 Ludovici
912 3486 1102 3548 Balbi
1123 3486 1357 3547 sobrini
1379 3487 1476 3547 sui
1498 3485 1644 3566 ﬁliis
1675 3485 1911 3564 regibus
1953 3484 2188 3546 idoneos
2226 3486 2561 3548 educatores
2591 3497 2646 3547 et
2675 3488 3051 3550 consiliarios
3081 3494 3422 3554 constituat.

1517 3619 1708 3691 (Apud
1740 3619 2014 3674 eumdem
2046 3636 2114 3674 ex
2145 3619 2398 3687 eodem.)

1785 3771 2128 3780 .—__——.—.

321 3875 567 3934 Domino
601 3875 826 3931 Canem
868 3873 1205 3945 imperatori
1251 3873 1502 3944 glorioso
1551 3873 1897 3926 HINCMARUS
1927 3874 1971 3940 ρ
2011 3872 2262 3936 nostros,
2299 3870 2659 3941 propinquos
2685 3875 2928 3935 vestros,
2954 3875 3012 3926 et
3051 3871 3306 3943 pupillos
3337 3873 3464 3928 sine
3503 3878 3666 3945 patre

249 3967 562 4041 episcopus
592 3982 658 4020 ac
688 3964 874 4037 plebis
896 3964 995 4018 Dei
1026 3962 1283 4017 famulus
1307 3965 1650 4034 praesentem
1673 3964 1729 4015 et
1752 3962 1904 4015 futu-

253 4075 378 4114 ram
410 4059 574 4128 optat
600 4053 1046 4127 prosperitatem
1077 4055 1134 4106 et
1164 4050 1429 4125 gloriam.

323 4145 582 4202 Audiens
611 4142 925 4200 laudabilis
956 4140 1090 4197 ﬁdei
1120 4144 1320 4197 vestrm
1359 4138 1778 4210 benignitatem
1809 4155 1904 4194 er-

253 4255 328 4312 ga
357 4235 508 4292 ﬁlios
539 4233 760 4291 sobrini
790 4232 965 4289 vestri
1007 4229 1615 4302 Ludovici,quondam
1657 4228 1904 4284 senioris

251 4324 462 4393 nostri,
483 4323 700 4398 gratias
734 4324 844 4378 Deo
876 4320 1067 4388 retuli,
1091 4324 1294 4392 petens
1324 4324 1391 4374 ut
1420 4317 1518 4391 qui
1552 4317 1712 4373 dedit
1739 4318 1905 4373 vobis

249 4415 416 4482 velle,
439 4415 616 4470 donet
644 4429 771 4484 qua:
798 4409 1054 4483 coepistis
1086 4411 1361 4482 perﬁcere
1392 4425 1493 4480 pro
1526 4409 1678 4463 bona
1707 4407 1907 4464 volun-

252 4510 411 4562 tate:
437 4508 493 4560 et
522 4504 630 4560 hoc
659 4506 781 4557 tam
824 4518 926 4573 per
973 4517 1086 4566 me,
1120 4515 1299 4570 quam
1353 4514 1455 4569 per
1503 4496 1820 4552 familiares
1851 4501 1908 4552 et

253 4595 552 4666 subjectos
582 4591 727 4647 mihi
776 4585 1008 4646 Domini
1057 4587 1521 4643 misericordiam
1554 4603 1676 4652 oro,
1710 4589 1777 4640 ut
1806 4603 1905 4641 ve-

252 4687 382 4741 stra
409 4685 666 4756 potestas
711 4684 889 4753 atque
939 4676 1292 4751 prosperitas
1342 4677 1399 4731 in
1451 4693 1560 4732 sua
1609 4675 1908 4731 voluntate

255 4772 682 4838 corroboretur,
714 4773 772 4826 ct
802 4772 867 4824 ut
896 4769 956 4823 in
989 4767 1102 4822 ﬁde
1133 4770 1290 4822 recta
1329 4769 1386 4820 et
1423 4764 1699 4837 operibus
1740 4765 1910 4820 bonis

256 4865 725 4936 perseverantem
757 4860 828 4914 de
870 4856 1176 4930 temporali
1222 4872 1399 4929 regno
1449 4856 1804 4927 quandoque
1837 4856 1910 4910 ad

258 4958 543 5008 internum
573 4950 876 5023 perducat.

332 5041 469 5097 CAP.
513 5041 555 5096 Ι.
609 5040 940 5105 Precamur,
991 5037 1236 5092 Domine
1295 5035 1660 5103 charissime,
1713 5038 1778 5090 ut
1826 5052 1912 5090 re-

261 5134 468 5204 spectu
487 5129 589 5186 Dei
614 5127 899 5200 adjutoris
921 5130 977 5182 et
1007 5124 1350 5198 protectoris
1380 5124 1553 5180 vestri
1588 5124 1912 5196 regiminis,

261 5219 427 5293 regni
458 5219 637 5292 hujus
689 5215 1034 5284 Ecclesiam,
1065 5232 1242 5288 quam
1290 5213 1556 5269 Christus
1606 5213 1918 5286 acquisivit

261 5308 553 5383 sanguine
584 5325 710 5375 suo,
737 5307 892 5363 sicut
919 5310 976 5362 et
1003 5322 1107 5377 per
1133 5302 1474 5360 universum
1505 5303 1705 5358 orbem
1738 5303 1914 5358 diﬁ‘u-

259 5415 412 5466 sam,
437 5398 593 5471 apud
624 5415 731 5453 nos
751 5396 811 5451 in
845 5394 1048 5450 multis
1080 5393 1422 5466 collapsam,
1442 5396 1636 5446 vestro
1667 5392 1914 5463 sapienti

259 5487 506 5545 consilio
538 5491 596 5542 et
624 5485 930 5559 potestatis
963 5483 1178 5539 auxilio
1219 5481 1502 5548 relcvetis,
1537 5485 1594 5535 et
1633 5481 1792 5552 regni
1828 5481 1914 5535 di-

257 5577 543 5634 visionem
575 5573 971 5640 consolidetis,
995 5591 1062 5630 ac
1094 5573 1380 5645 primores
1414 5569 1599 5641 ipsius
1625 5571 1917 5642 compagi-

261 5666 437 5732 netis,
460 5671 518 5722 et
537 5683 666 5738 quae
695 5664 755 5720 in
776 5665 883 5720 hoc
911 5679 1089 5737 regno
1121 5663 1354 5733 propter
1376 5657 1771 5715 dissensiones
1793 5676 1917 5730 pcr-

261 5773 466 5831 peram
488 5759 765 5828 aguntur,
781 5753 944 5811 evelli
968 5751 1213 5818 faciatis,
1229 5755 1285 5806 et
1308 5750 1449 5806 istos
1465 5749 1733 5819 juvenes,
1749 5765 1912 5821 reges

2012 3958 2137 4013 loco
2170 3957 2426 4013 ﬁliorum
2457 3959 2725 4029 teneatis,
2743 3963 2798 4014 et
2817 3960 2901 4014 eis
2926 3976 3171 4032 regnum
3196 3962 3268 4016 ab
3291 3965 3669 4019 antecessori-

2013 4048 2124 4103 bus
2173 4047 2408 4103 illorum
2461 4049 2832 4104 successione
2861 4047 3172 4106 dimissum
3206 4067 3308 4122 per
3336 4053 3666 4125 suggestio-

2012 4154 2147 4192 nem
2170 4137 2494 4209 primorum
2517 4138 2680 4209 regni
2705 4138 2884 4208 hujus
2905 4139 3326 4210 disponatis,et
3342 4140 3440 4212 qui
3465 4142 3536 4197 de
3557 4142 3669 4214 pri-

2015 4226 2276 4281 moribus
2308 4226 2518 4298 cuique
2551 4225 2783 4282 illorum
2813 4227 3156 4283 convenient
3187 4229 3492 4286 ordinatis.
3517 4232 3586 4286 Et
3618 4233 3668 4287 si

2014 4317 2161 4372 forte
2191 4315 2407 4384 fuerint
2454 4333 2522 4371 ex
2571 4317 2954 4384 nostratibus,
2991 4317 3090 4389 qui
3145 4319 3343 4390 potius
3372 4336 3500 4391 quin
3551 4339 3667 4377 sua

2013 4405 2331 4461 voluntatis
2364 4409 2524 4472 sunt,
2559 4423 2736 4478 quam
2776 4423 2904 4477 quae
2954 4407 3024 4462 ad
3074 4407 3353 4463 honorem
3385 4413 3444 4464 et
3473 4409 3669 4466 defen-

2015 4495 2240 4550 sionem
2271 4499 2483 4550 sanctae
2531 4495 2854 4562 Eccclesiaa,
2888 4513 2954 4551 ac
2995 4495 3400 4553 ministrorum
3431 4499 3582 4570 ejus,
3616 4505 3673 4557 et

2017 4585 2088 4638 ad
2122 4600 2323 4656 regum
2358 4601 2424 4638 ac
2457 4583 2615 4655 regni
2651 4601 2854 4656 pacem
2886 4589 2943 4640 et
2972 4586 3462 4658 tranquillitatem
3495 4590 3670 4660 perti-

2018 4677 2217 4740 neant,
2253 4673 2439 4729 facere
2469 4672 2672 4743 velint,
2707 4674 2996 4746 sapientia
3041 4679 3100 4730 et
3149 4680 3432 4748 potestate
3479 4681 3674 4734 vestra

2018 4780 2117 4818 eos
2149 4766 2430 4830 revocate,
2454 4761 2540 4818 vel
2574 4762 2622 4818 si
2673 4762 2849 4819 fuerit
2897 4780 3133 4820 necesse
3166 4765 3556 4837 comprimite,
3587 4770 3671 4820 at-

2019 4870 2133 4924 que
2161 4855 2386 4908 exteros
2413 4853 2789 4908 adversantes
2821 4852 2949 4908 istis
2978 4852 3186 4909 vestris
3226 4852 3382 4918 ﬁliis,
3415 4857 3474 4908 et
3503 4855 3674 4910 nobis
3761 4899 3774 4909 .

2021 4942 2298 4998 omnibus
2327 4946 2530 4997 vestrae
2557 4941 2940 4997 dominationi
2975 4941 3247 4996 ﬁdelibus
3275 4942 3673 4998 defensionem

2023 5032 2216 5088 solatii
2263 5031 2551 5097 exhibete,
2586 5035 2878 5103 quatenus
2908 5034 2966 5085 et
2995 5030 3148 5101 apud
3182 5029 3363 5085 Deum
3415 5030 3670 5086 debitam

2023 5123 2158 5180 inde
2190 5121 2744 5190 remunerationem,
2766 5123 2824 5175 ct
2853 5120 3008 5191 apud
3037 5118 3316 5174 saeculum
3345 5136 3555 5176 nomen
3590 5137 3677 5176 ce-

2022 5211 2179 5266 lebre
2211 5209 2496 5266 habeatis.

1943 5262 1990 5326 D
2439 5262 2578 5370 quia
2607 5297 2859 5369 legimus
2879 5298 2951 5353 de
2965 5296 3289 5353 Alexandro
3320 5301 3546 5370 Magno,
3571 5315 3673 5354 cu-

2019 5392 2120 5461 jus
2152 5389 2516 5461 pazdagogus
2537 5385 2816 5441 Leonides
2859 5386 3092 5441 nomine
3125 5386 3254 5454 fuit,
3279 5386 3434 5459 quod
3466 5387 3675 5445 citatos

2027 5497 2216 5534 mores
2249 5484 2304 5533 et
2331 5477 2710 5531 inhonestum
2744 5475 3038 5531 incessum
3079 5477 3302 5533 habens
3331 5477 3391 5532 in
3425 5477 3677 5548 pueritia

2025 5570 2175 5624 idem
2210 5565 2548 5630 Alexander,
2573 5582 2641 5619 ex
2682 5565 2921 5636 praefato
2960 5566 3274 5639 paedagogo
3316 5583 3422 5622 suo
3470 5568 3674 5635 eadem

2025 5658 2246 5729 accepit
2265 5655 2558 5726 vitia,qua°.
2583 5653 2821 5708 adultus
2852 5653 2912 5709 iu
2934 5641 3126 5727 seipse
3159 5656 3448 5728 corrigere
3468 5657 3672 5726 voluit,

2024 5751 2079 5804 et
2109 5763 2240 5802 cum
2275 5743 2472 5802 omnia
2499 5760 2680 5815 regna
2708 5742 2929 5816 vicerit,
2954 5744 3214 5818 seipsum
3247 5747 3307 5800 in
3337 5747 3434 5802 hoc
3462 5748 3677 5804 vincere
