4152 6514
501 409 622 475 999

1281 406 1672 470 HINCMARI
1717 403 1963 468 RHEM.
2007 401 2381 466 ARCHIEP.
2427 401 2834 464 O-PUSGULA
2876 401 3138 464 VARIA.

3766 402 3945 464 sese

500 550 686 620 dium,
717 547 780 604 in
813 542 1030 621 palatio
1059 557 1166 616 pro
1195 538 1606 598 ecclesiasticis
1638 537 1888 611 negotiis
1915 536 2159 594 excuba-
2181 536 2242 603 Α
2269 550 2474 592 omnes
2507 533 2825 606 aequaliter,
2852 539 3089 608 propter
3117 535 3582 592 ministeriorum
3614 534 3943 592 diva-sita-

495 639 703 785 1383:};
723 723 867 784 XIV.
883 720 1215 795 Aliquando
1237 736 1340 792 per
1356 714 2004 791 episcopos,a1iquando
2027 731 2158 770 vero

500 834 606 892 per
627 817 906 873 diaconos
919 808 1241 884 apostolica
1253 807 1420 864 sedes
1440 805 1552 862 hoc
1575 804 1766 860 ofﬁcio
1783 803 2155 892 fungebatur.

498 891 622 973 Quo
635 903 1052 964 oﬂiciobeatus
1064 895 1447 970 Gregoriusin
1459 893 1689 950 diaconi
1704 891 1906 948 ordine
1921 891 2157 947 functus

497 995 630 1063 fuit,
645 999 783 1050 etex
803 989 936 1048 aliis
959 986 1268 1064 praecipuis
1289 984 1532 1041 sedibus
1555 1001 1658 1057 per
1679 983 1953 1038 diaconos
1966 982 2024 1036 id
2037 981 2162 1037 ofﬁ-

496 1086 655 1142 cium
677 1081 1124 1156 exsequebatur,
1143 1076 1295 1132 sicut
1310 1074 1463 1132 sacri
1482 1090 1738 1130 canones
1751 1072 1982 1144 jubent.
2005 1071 2074 1126 Et
2096 1070 2156 1126 in

495 1169 930 1245 his‘Cisalpinis
956 1165 1318 1242 regionibus,
1342 1168 1658 1238 postquam
1680 1159 2006 1218 Ludovicus
2019 1177 2158 1232 pras-

496 1261 789 1320 dicatione
803 1259 958 1316 beati
974 1255 1224 1330 Remigii
1243 1255 1314 1311 ad
1331 1252 1630 1310 Christum
1657 1267 1990 1317 conversus,
2007 1254 2062 1304 et
2082 1247 2154 1304 ab

2269 628 2413 696 tem,
2435 623 2802 697 qualitatem,
2824 623 2913 680 vel
2942 623 3432 692 convenientiam,
3456 625 3742 698 prodesse
3767 628 3942 698 pote-

2270 717 2437 770 rant:
2463 731 2599 770 cum
2628 718 2823 769 tamen
2848 713 3048 769 nullus
3065 718 3390 788 se,propter
3409 712 3544 770 ﬁdei
3570 713 3940 770 servandam

2267 801 2568 858 veritatem
2591 802 2708 875 regi
2717 821 2745 858 s
2766 807 2824 858 et
2836 801 2997 876 regni
3007 807 3092 873 ,ut
3102 803 3447 876 praedictum
3459 803 3942 871 est,subtrahere

2267 891 2578 964 potuisset,
2609 891 2698 948 vel
2729 891 2906 948 etiam
2934 891 3236 949 voluisset.
3261 893 3342 948 De
3371 909 3622 965 quorum
3656 892 3943 966 personis

2267 981 2354 1038 vel
2385 981 2752 1048 ministeriis,
2765 999 3107 1055 quanquam
3128 981 3300 1054 plura
3319 982 3440 1038 sint
3461 999 3598 1055 qua:
3627 982 3936 1050 dicantur,

2267 1071 2390 1127 haec
2420 1075 2616 1128 tamen
2649 1069 2940 1144 praecipue
2969 1067 3358 1128 habebantur.

2338 1159 2473 1217 CAP.
2496 1160 2692 1217 XVIII.
2719 1159 3113 1233 Imprimis,ut
3123 1161 3295 1232 juxta
3323 1161 3734 1234 cujuscunque
3756 1161 3938 1218 mini-

2267 1249 2432 1305 sterii
2463 1249 2809 1322 qualitatem
2858 1248 2947 1305 vel
2998 1250 3409 1322 quantitatem,
3439 1249 3714 1306 minister
3743 1249 3934 1306 nobili

496 1353 626 1428 ipso
649 1368 786 1408 cum
807 1349 999 1405 tribus
1018 1316 1262 1402 milibus
1286 1344 1642 1400 Francorum
1663 1341 1723 1397 in
1743 1339 1944 1413 vigilia
1967 1337 2157 1394 sancti
2202 1316 2209 1395 1
2266 1338 2440 1394 corde
2457 1341 2516 1394 et
2545 1355 2787 1411 corpore
2817 1341 3118 1406 constans,
3142 1335 3528 1406 rationabilis,
3549 1337 3856 1394 discretus
3873 1345 3935 1396 et

497 1439 733 1498 Pascbae
764 1437 1092 1511 baptizatus
1123 1433 1366 1502 exstitit,
1385 1449 1492 1506 per
1521 1429 1926 1488 successiones
1951 1445 2154 1502 regum

497 1529 684 1586 sancti
716 1525 973 1602 episcopi
1003 1541 1072 1581 ex
1101 1524 1230 1580 suis
1261 1521 1521 1588 sedibus,
1552 1525 1610 1577 et
1639 1524 1900 1593 tempore
1931 1526 2157 1591 compe-

496 1618 644 1676 tenti
667 1616 951 1692 palatium
973 1613 1301 1680 visitantes,
1324 1609 1585 1667 vicissim
1605 1607 1758 1666 hanc
1781 1605 2154 1664 administra-

489 1708 717 1763 tionem
735 1701 1174 1778 disposuerunt.
1197 1701 1242 1757 Α
1265 1704 1526 1773 tempore
1553 1715 1688 1755 vero
1719 1696 1947 1770 Pippini
1979 1701 2037 1752 et
2056 1696 2156 1752 Ca-

498 1793 604 1852 roli
628 1793 928 1851 interdum
951 1809 1055 1864 per
1077 1789 1450 1865 presbyteros
1480 1787 1774 1842 interdum
1806 1802 1910 1858 per
1936 1784 2156 1858 episco-

2267 1426 2501 1484 sobrius
2533 1426 2866 1500 eligeretur.
2901 1427 3014 1483 Sed
3045 1443 3152 1482 nec
3184 1423 3288 1483 illa
3332 1425 3668 1483 sollicitudo
3699 1427 3933 1494 deerat,

2267 1521 2333 1572 ut
2354 1517 2403 1572 si
2424 1517 2548 1573 fieri
2580 1517 2888 1590 potuisset,
2913 1515 3066 1574 sicut
3094 1515 3204 1572 hoc
3231 1516 3628 1589 regnum,Deo
3657 1521 3931 1588 auctore,

2265 1623 2335 1662 ex
2363 1604 2637 1678 pluribus
2688 1604 3026 1678 regionibus
3075 1609 3324 1675 constat,
3357 1621 3427 1660 ex
3455 1604 3704 1662 diversis
3745 1606 3934 1662 etiam

2265 1694 2486 1751 eisdem
2534 1686 2898 1768 regionibus,
2935 1699 3038 1750 aut
3076 1693 3138 1749 in
3169 1693 3383 1768 primo,
3414 1698 3518 1750 aut
3547 1694 3606 1750 in
3637 1695 3930 1764 secundo,

2265 1788 2368 1840 aut
2389 1784 2568 1841 etiam
2594 1785 2655 1840 in
2686 1783 2949 1858 quolibet
2977 1783 3126 1852 loco,
3153 1783 3329 1839 iidem
3361 1782 3614 1840 ministri
3637 1784 3934 1858 eligeren-

495 1901 602 1960 pos
632 1883 790 1957 regia
819 1881 1342 1982 voluntatehatque
1368 1873 1686 1978 episcopali
1718 1889 2156 1974 consensu,per
2185 1915 2233 1982 Β
2261 1878 2381 1982 tujr,
2412 1873 2664 1946 qualiter
2678 1871 3043 1982 familiarius
3075 1889 3322 1982 quaeque
3349 1872 3615 1982 regiones
3635 1872 3932 1974 palatium

494 1974 772 2032 diaconos
797 1971 890 2029 vel
921 1969 1294 2044 presbyteros
1323 1965 1514 2040 magis
1535 1981 1716 2038 quam
1733 1981 1836 2037 per
1849 1964 2157 2037 episcopos
2185 1962 2233 1982 ⁸³
2264 1963 2430 2019 adire
2461 1967 2722 2037 possent,
2750 1963 2892 2018 dum
2953 1980 3072 2019 suae
3122 1962 3474 2036 genealogis:
3521 1962 3610 2019 vel
3667 1963 3934 2036 regionis

491 2063 606 2121 hoc
634 2061 896 2120 ofﬁcium
927 2061 1268 2116 exsecutum
1299 2055 1552 2113 exstitit:
1579 2052 1718 2128 quia
1745 2051 2003 2126 episcopi
2024 2069 2158 2110 con-

492 2153 694 2209 tinuas
721 2149 952 2225 vigilias
980 2165 1164 2222 supra
1199 2161 1438 2220 gregem
1467 2159 1645 2201 suum
1675 2143 1890 2199 debent
1919 2141 2156 2199 assidue

495 2241 762 2314 exemplo
789 2244 850 2296 et
874 2239 1050 2296 verbo
1077 2235 1405 2310 vigilare,et
1421 2251 1537 2292 non
1569 2231 1797 2289 diutius
1827 2228 2154 2288 secundum

498 2346 697 2388 sacros
718 2345 972 2386 canones
1003 2345 1038 2383 a
1067 2322 1196 2384 suis
1226 2325 1434 2382 abesse
1464 2321 1778 2397 parochiis.

565 2417 706 2476 CAP.
743 2415 864 2474 XV.
905 2415 1104 2488 Neque
1135 2415 1308 2488 juxta
1337 2413 1569 2469 decreta
1600 2429 1668 2468 ex
1699 2411 1882 2467 sacris
1912 2409 2152 2466 canoni-

501 2510 614 2566 bus
647 2505 1022 2582 promulgata
1049 2503 1205 2561 beati
1230 2501 1518 2576 Gregorii,
1538 2500 1826 2574 praetoria,
1848 2517 1976 2573 quae
1998 2516 2155 2556 nunc

500 2597 680 2671 regia,
706 2600 763 2653 et
783 2593 1062 2654 usitatius
1082 2591 1303 2668 palatia
1331 2591 1732 2657 nominantur,
1749 2589 1964 2646 debent
1983 2589 2158 2645 inuti-

499 2686 634 2744 liter
661 2687 990 2752 observare,
1019 2700 1092 2740 ne
1139 2682 1446 2738 incurrant
1491 2679 1810 2752 judicium,
1842 2683 1908 2734 ut
1949 2683 2158 2735 contra

496 2775 712 2850 placita
740 2791 1033 2831 canonum
1065 2771 1177 2828 sibi
1211 2771 1270 2827 in
1299 2769 1668 2828 ordinatione
1701 2787 1810 2826 sua
1838 2769 2056 2825 tradita
2079 2769 2156 2824 fa-

499 2865 738 2933 cientes,
773 2863 887 2936 ipsi
919 2880 981 2920 se
1010 2863 1230 2918 honore
1261 2859 1490 2935 privent
1544 2857 1959 2916 ecclesiastico.
1991 2858 2061 2914 Et
2090 2863 2156 2914 ut

497 2955 570 3011 de
590 2953 768 3010 licitis
796 2951 1062 3025 exempla
1092 2966 1403 3025 ponamus,
1436 2953 1494 3004 et
1521 2945 1594 3004 de
1623 2943 1822 3004 illicite
1853 2948 2155 3021 usurpatis

501 3057 619 3100 non
649 3046 973 3115 taceamus,
990 3045 1258 3114 tempore
1289 3037 1594 3112 Pippiniet
1609 3035 1795 3094 Caroli
1817 3037 1926 3094 hoc
1957 3036 2157 3093 minis-

504 3133 719 3190 terium
740 3148 1031 3188 consensu
1044 3129 1453 3204 episcoporum
1467 3145 1570 3200 per
1587 3126 1906 3184 Fulradum
1921 3127 2155 3200 presby-

491 3226 710 3290 terum,
745 3224 1007 3294 tempore
1050 3217 1227 3276 etiam
1260 3216 1447 3274 Caroli
1479 3234 1582 3291 per
1609 3215 2066 3290 Engelramnum
2097 3219 2156 3271 et

2265 2057 2566 2109 consortes
2585 2053 2644 2108 in
2678 2049 2894 2125 palatio
2925 2051 3120 2109 locum
3148 2056 3347 2109 tenere
3374 2058 3817 2126 cognoscerent.

2337 2143 2473 2198 CAP.
2505 2141 2646 2199 XIX.
2677 2141 2780 2198 His
2807 2141 2892 2197 ita
2920 2141 3171 2198 breviter
3199 2143 3274 2198 de
3303 2141 3588 2216 eligendis
3615 2146 3679 2198 et
3703 2143 3932 2200 consti-

2265 2231 2502 2288 tuendis
2535 2229 2824 2288 ministris
2844 2230 3325 2304 praedictis,nunc
3357 2232 3432 2288 ad
3461 2232 3805 2288 earumdem
3821 2231 3934 2288 mi-

2266 2321 2585 2378 nistrorum
2606 2325 2664 2375 et
2683 2319 3186 2376 ministrationum
3211 2319 3483 2377 ordinem
3515 2320 3773 2394 qualiter
3791 2338 3930 2377 cur-

2264 2411 2472 2467 rebant
2481 2408 2831 2466 veniendum
2843 2409 3108 2466 est.Nam
3121 2409 3392 2482 quamvis
3401 2410 3625 2483 praefati
3639 2410 3922 2480 ministri,

2265 2499 2676 2572 unusquisque
2706 2500 2778 2555 de
2807 2517 2915 2556 suo
2955 2499 3304 2569 ministerio,
3337 2517 3454 2557 non
3500 2500 3610 2557 sub
3659 2499 3798 2569 alio,
3831 2499 3924 2556 vel

2264 2607 2368 2664 per
2386 2589 2591 2658 alium,
2616 2589 2730 2646 nisi
2751 2605 2857 2662 per
2875 2589 3159 2662 seipsum,
3182 2589 3375 2645 solum
3399 2588 3718 2663 regem,vel
3740 2607 3928 2662 quan-

2265 2684 2391 2736 tum
2417 2680 2490 2735 ad
2531 2680 2794 2752 reginam
2827 2677 2916 2735 vel
2947 2677 3262 2752 gloriosam
3295 2677 3518 2750 prolem
3548 2679 3705 2752 regis
3733 2679 3924 2753 respi-

2264 2770 2699 2842 ciebant,caput
2720 2773 3031 2841 ponerent:
3048 2785 3164 2824 non
3181 2772 3377 2824 tamen
3395 2785 3599 2825 omnes
3617 2767 3926 2842 aequaliter

2264 2862 2334 2916 de
2365 2858 2588 2916 caeteris
2619 2859 2816 2928 rebus,
2849 2857 2938 2914 vel
2972 2863 3312 2915 casterorum
3347 2857 3802 2915 necessitatibus
3833 2875 3922 2915 re-

2262 2967 2396 3023 gem
2428 2949 2692 3021 adibant,
2725 2948 2826 3004 sed
2857 2964 3137 3004 mensura
3186 2965 3297 3004 sua
3325 2946 3579 3020 quisque
3610 2951 3924 3004 contentus

2263 3043 2407 3108 erat,
2429 3042 2486 3094 et
2508 3037 2608 3094 ubi
2629 3037 2716 3094 vel
2739 3037 2838 3094 ubi
2873 3037 3019 3093 ratio
3049 3037 3347 3111 poscebat,
3369 3035 3647 3094 solatium
3673 3035 3920 3094 alterius

2263 3129 2617 3202 requirebat.
2652 3127 2722 3184 Et
2751 3127 2968 3200 quibus
2994 3126 3283 3201 praecipue
3312 3127 3450 3196 duo,
3481 3127 3539 3182 id
3565 3131 3654 3184 est
3683 3128 3911 3200 apocri-

2263 3219 2497 3287 siarius,
2519 3218 2620 3292 qui
2635 3221 2876 3274 vocatur
2903 3217 3058 3289 apud
3090 3234 3196 3273 nos
3225 3215 3586 3290 capellanus,
3609 3215 3696 3273 vel
3713 3215 3914 3290 palatii

492 3307 899 3367 Hildiboldum
927 3309 1254 3384 episcopos,
1283 3311 1546 3380 tempore
1585 3305 1839 3379 denique
1872 3304 2145 3362 Ludovici
2175 3294 2219 3361 C
2254 3312 2480 3381 custos,
2503 3309 2574 3364 de
2597 3306 2873 3364 omnibus
2902 3306 3150 3381 negotiis
3181 3305 3596 3364 ecclesiasticis
3627 3306 3713 3362 vel
3747 3307 3918 3364 mini-

497 3414 601 3474 per
631 3396 981 3457 Hilduinum
1012 3397 1444 3470 presbyterum,
1475 3399 1534 3452 et
1561 3401 1694 3468 post
1722 3412 1859 3450 eum
1885 3411 1988 3467 per
2019 3393 2152 3450 Ful-

499 3503 707 3546 conem
746 3487 888 3544 item
938 3486 1369 3560 presbyterum,
1400 3483 1610 3540 deinde
1667 3501 1772 3556 per
1826 3483 2154 3557 Drogonem

498 3573 865 3651 episcOpum,
898 3574 1124 3632 exstitit
1151 3573 1260 3630 hoc
1293 3569 1686 3628 ministerium
1719 3577 2080 3629 exsecutum.

568 3665 702 3724 CAP.
717 3663 860 3722 XVI.
875 3662 1306 3738 Apocrisiarius
1326 3663 1727 3735 autem,quem
1746 3666 2038 3719 nostrates
2059 3679 2156 3719 ca-

497 3753 910 3830 pellanum,vel
923 3751 1125 3828 palatii
1143 3751 1448 3810 custodem
1469 3749 2026 3826 appellant,omnem
2041 3753 2154 3807 cle-

496 3859 626 3902 rum
652 3842 852 3919 palatii
875 3843 987 3901 sub
1009 3860 1152 3900 cura
1174 3847 1233 3899 et
1254 3840 1641 3916 dispositione
1661 3859 1771 3898 sua
1789 3839 2158 3914 regebat.Cui

497 3935 833 3994 sociabatur
861 3951 1134 3992 summus
1165 3931 1684 4004 cancellarius,qui
1708 3949 1742 3988 a
1757 3933 1997 3989 secretis
2017 3929 2157 3986 olim

496 4023 1214 4100 appellabatur,erantque
1246 4021 1331 4078 illi
1364 4021 1616 4094 subjecti
1648 4021 1966 4095 prudentes
1991 4025 2050 4076 et
2077 4020 2160 4076 in-

495 4113 828 4188 telligentes
859 4130 924 4169 ac
955 4113 1156 4168 fideles
1173 4111 1410 4184 viri,qui
1430 4117 1719 4184 praecepta
1747 4111 1906 4184 regia
1935 4111 2159 4182 absque

497 4203 888 4260 immoderata
941 4200 1285 4275 cupiditatis
1341 4199 1653 4257 venalitate
1711 4201 2054 4268 scriberent,
2101 4203 2160 4256 et

501 4294 725 4348 secreta
744 4287 862 4347 illis
891 4289 1144 4347 ﬁdeliter
1172 4289 1558 4347 custodirent.
1592 4289 1730 4346 Post
1759 4307 1858 4348 eos
1887 4306 2042 4356 vero,
2065 4305 2158 4346 sa-

499 4393 666 4437 crum
688 4379 974 4453 palatium
1006 4397 1110 4455 per
1139 4379 1248 4437 hos
1277 4375 1584 4436 ministros
1613 4378 2162 4452 disponebatur,per

513 4468 905 4526 camerarium
933 4468 1220 4539 videlicet,
1245 4473 1305 4526 et
1333 4469 1607 4526 comitem
1634 4467 1859 4542 palatii,
1881 4465 2163 4526 senescal-

509 4557 1399 4627 cum,buticularium,comitem
1422 4557 2158 4628 stabuli,mansionarium,

2263 3397 2402 3456 stris
2421 3397 2699 3468 ecclesiae,
2723 3401 2781 3453 et
2808 3413 3005 3454 comes
3027 3396 3228 3470 palatii
3259 3397 3330 3452 de
3359 3397 3640 3454 omnibus
3669 3397 3916 3454 saecula-

2263 3488 2428 3544 ribus
2449 3486 2760 3556 causis,vel
2775 3486 3016 3560 judiciis
3037 3485 3398 3561 suscipiendi
3419 3503 3622 3544 curam
3637 3486 3922 3544 instanter

2264 3577 2562 3634 habebant
2586 3594 2598 3633 :
2625 3581 2690 3632 ut
2709 3593 2816 3634 nec
2836 3575 3237 3645 ecclesiastici,
3266 3593 3371 3633 nec
3390 3576 3721 3649 saeculares,
3755 3577 3920 3651 prius

2265 3667 2550 3722 domnum
2583 3667 3032 3740 regem,absque
3059 3682 3262 3724 eorum
3293 3667 3564 3724 consultu
3593 3665 3920 3740 inquietare

2267 3772 2504 3813 necesse
2561 3755 2866 3828 haberent,
2920 3773 3230 3830 quousque
3282 3755 3368 3812 illi
3417 3757 3821 3830 praeviderent,
3865 3757 3918 3814 si

2268 3845 2588 3904 necessitas
2619 3851 2774 3902 esset
2807 3850 2873 3901 ut
2897 3863 3076 3903 causa
3107 3851 3240 3903 ante
3269 3863 3464 3920 regem
3496 3847 3706 3904 merito
3728 3847 3922 3903 venire

2266 3936 2524 3992 deberet.
2557 3935 2617 3992 Si
2647 3952 2780 3992 vero
2837 3939 3064 3992 secreta
3117 3941 3274 3992 esset
3319 3951 3518 4004 causa,
3549 3951 3729 4009 quam
3757 3933 3920 4009 prius

2267 4029 2618 4099 congrueret
2647 4024 2769 4098 regi
2800 4041 2978 4100 quam
3009 4021 3288 4096 cuiquam
3319 4023 3486 4081 alteri
3514 4024 3726 4095 dicere,
3755 4040 3916 4080 eum-

2268 4115 2402 4170 dem
2434 4113 2666 4170 dicendi
2699 4113 2894 4172 locum
2929 4114 3122 4170 eidem
3153 4113 3267 4187 ipsi
3297 4119 3712 4187 praepararent,
3736 4114 3914 4170 intro-

2269 4204 2445 4260 ducto
2473 4203 2640 4277 prius
2673 4209 2912 4277 rege,ut
2941 4201 3051 4260 hoc
3071 4204 3243 4276 juxta
3272 4204 3514 4260 modum
3543 4202 3918 4278 persone,vel

2271 4292 2708 4362 honorabiliter,
2742 4293 2829 4349 vel
2856 4293 3166 4367 patienter,
3196 4293 3285 4350 vel
3315 4293 3493 4350 etiam
3523 4292 3917 4350 misericordi-

2267 4386 2357 4439 ter
2385 4380 2728 4453 susciperet.

2339 4471 2475 4528 Car.
2508 4471 2624 4527 XX.
2657 4470 3083 4553 Apocrisiarius
3139 4471 3380 4545 quidem
3425 4472 3498 4528 de
3537 4473 3700 4531 omni
3737 4471 3918 4529 eccle-

2269 4560 2507 4618 siastica
2536 4559 2815 4634 religione
2842 4560 2930 4618 vel
2961 4561 3416 4631 ordine,necnon
3441 4561 3620 4620 etiam
3649 4563 3724 4620 de
3745 4578 3917 4636 cano-

505 4647 810 4705 venatores
841 4645 1194 4720 principales
1217 4653 1490 4720 quatuor,
1522 4648 1916 4706 falconarium
1949 4665 2157 4704 unum.
2190 4679 2239 4744 Β
2271 4650 2413 4707 nicas
2462 4649 2552 4706 vel
2602 4648 2939 4706 monasticae
2989 4649 3389 4720 altercatione,
3421 4667 3526 4708 seu
3556 4667 3920 4725 quiscunque

569 4735 708 4794 CAP.
739 4733 911 4793 XVII.
942 4737 1014 4793 Et
1068 4735 1339 4809 quamvis
1395 4737 1506 4794 Sub
1566 4737 1731 4810 ipsis,
1765 4743 1824 4794 et
1868 4755 1938 4793 ex
1980 4737 2161 4794 latere
2190 4733 2234 4744 “’
2271 4739 2558 4814 palatium
2590 4739 2834 4796 adibant
2867 4755 2972 4812 pro
3021 4738 3434 4797 ecclesiasticis
3472 4740 3919 4799 necessitatibus

497 4842 723 4900 eorum,
755 4825 855 4884 alii
890 4823 1308 4882 ministeriales
1339 4825 1611 4895 fuissent,
1646 4830 1710 4882 ut
1738 4827 2040 4894 ostiarius,
2069 4845 2155 4885 sa-

499 4915 793 4987 cellarius,
814 4915 1211 4990 dispensator,
1241 4915 1622 4989 scapoardus,
1640 4914 1728 4972 vel
1758 4933 2156 4989 quorumcun-

499 5023 612 5080 que
627 5006 1200 5080 exeisjuniores.aut
1231 5005 1436 5062 decani
1466 5005 1736 5074 fuissent,
1755 5005 2031 5062 veletiam
2057 5005 2156 5062 alii

499 5113 569 5154 ex
611 5096 812 5167 latere,
845 5095 999 5154 sicut
1046 5095 1316 5164 bersarii,
1349 5093 1626 5164 veltrarii,
1660 5094 1960 5164 beverarii,
1988 5095 2074 5152 vel
2106 5095 2156 5153 si

499 5186 600 5259 qui
633 5186 827 5242 adhuc
853 5184 1944 5260 supererant:verumtamen,quamvis
1967 5190 2023 5241 et
2044 5185 2158 5259 ipsi

500 5274 718 5350 singuli
733 5276 904 5349 juxta
925 5292 1095 5332 suam
1117 5273 1463 5347 qualitatem
1487 5273 1559 5330 ad
1581 5273 1690 5330 hoc
1712 5274 1918 5330 intenti
1937 5279 2155 5342 essent,

501 5377 616 5418 non
648 5366 846 5419 tamen
877 5363 948 5418 ad
979 5379 1098 5432 eos,
1134 5363 1289 5419 sicut
1335 5363 1409 5418 ad
1460 5365 1699 5418 caeteros
1728 5360 2153 5436 principaliter.

503 5454 568 5508 ut
597 5451 801 5508 subter
829 5450 1116 5508 insertum
1158 5456 1270 5520 est,
1300 5451 1481 5507 totius
1533 5451 1696 5524 regni
1744 5451 2156 5510 confoederatio

503 5539 564 5596 in
595 5540 922 5613 maioribus
977 5541 1066 5598 vel
1129 5540 1481 5608 minoribus,
1514 5538 1763 5614 singulis
1822 5540 2156 5616 quibusque

504 5627 866 5704 quotidianis
897 5630 1348 5690 necessitatibus
1386 5631 1853 5702 occurrentibus,
1886 5649 2022 5688 cum
2052 5649 2154 5706 pa-

501 5716 645 5781 latio
695 5719 1273 5800 conglutinabantur.
1325 5719 1439 5781 Sed
1489 5738 1593 5784 nec
1650 5721 1766 5801 ipsi
1824 5722 2156 5800 superiores

2267 4829 2726 4887 sollicitudinem
2757 4829 3081 4898 haberet,et
3107 4847 3178 4888 ea
3205 4831 3611 4890 tantummodo
3641 4832 3716 4888 de
3743 4835 3922 4887 exter-

2267 4920 2359 4976 nis
2382 4937 2578 4994 regem
2599 4920 2846 4988 adirent,
2869 4936 2998 4992 quzs
3019 4919 3146 4977 sine
3168 4919 3266 4976 illo
3296 4919 3528 4994 plenius
3555 4921 3789 4978 deﬁniri
3805 4937 3918 4978 non

2268 5009 2620 5084 potuissent.
2650 5012 2954 5077 Caeterum,
2995 5013 3063 5065 ut
3091 5027 3208 5066 non
3237 5008 3432 5068 solum
3473 5011 3546 5068 de
3573 5009 3669 5068 his
3689 5026 3818 5083 que
3846 5009 3918 5066 ad

2266 5116 2367 5156 eos
2397 5098 2729 5171 specialiter
2759 5099 2830 5154 de
2857 5097 3018 5154 omni
3048 5103 3392 5156 ornamento
3419 5099 3508 5156 vel
3533 5099 3728 5158 omcio
3747 5097 3921 5156 eccle-

2267 5187 2509 5244 siastico
2541 5187 2697 5245 infra
2726 5187 3012 5260 palatium
3045 5189 3270 5261 agenda
3300 5188 3692 5263 pertinebant,
3718 5204 3917 5246 verum

2267 5293 2500 5350 quoque
2517 5281 2574 5332 et
2585 5294 2821 5334 omnem
2837 5277 3298 5336 consolationem
3309 5278 3920 5352 spiritalem,sivecon-

2268 5366 2467 5423 silium
2491 5367 2673 5424 totius
2695 5367 2899 5442 palatii
2923 5367 3261 5441 quicunque
3280 5373 3582 5442 quaereret,
3605 5369 3764 5443 apud
3785 5383 3917 5426 eum

2267 5462 2332 5513 ut
2353 5475 2590 5516 necesse
2623 5461 2750 5514 erat
2791 5457 3038 5516 ﬁdeliter
3077 5459 3363 5516 inveniret
3386 5477 3399 5516 :
3421 5463 3480 5516 et
3498 5459 3602 5532 qui
3623 5476 3739 5517 non
3766 5474 3918 5532 que-

2272 5553 2424 5604 reret
2450 5553 2508 5604 et
2539 5552 2736 5604 tamen
2767 5546 2895 5621 ipse
2923 5547 3080 5621 apud
3112 5547 3368 5622 aliquem
3399 5550 3800 5608 necessarium
3825 5565 3918 5605 es-

2266 5653 2328 5694 se
2349 5637 2831 5710 sentirent,juxta
2862 5653 3122 5711 personis
3147 5637 3580 5712 qualitatem,et
3596 5656 3634 5696 a
3651 5653 3917 5714 perverso

2264 5745 2444 5788 sensu
2472 5726 2562 5788 vel
2591 5744 2764 5805 opere
2811 5727 3129 5800 retrahere,
3158 5731 3218 5789 et
3244 5729 3318 5790 ad
3339 5727 3497 5792 viam
3533 5729 3748 5794 salutis
3776 5745 3918 5790 oon-
