4152 6522
243 440 270 499 1
287 440 405 501 001

989 445 1090 504 AD
1136 445 1544 507 PROCERES
1591 447 1688 506 DE
1737 447 2294 508 INSTITUTIONE
2339 450 2927 514 CAIIOLOMANNI.

3507 456 3667 517 I002

236 575 458 627 vertere
491 572 768 628 studeret.
802 576 872 628 Et
897 577 1104 631 caetera
1153 575 1502 647 spiritualia,
1533 593 1894 650 quiscunque
1922 581 1976 646 Α
2004 578 2348 651 exigeretur,
2375 576 2596 636 familia
2617 581 2828 654 regalis
2850 599 2952 655 per
2981 583 3396 657 negligentiam
3419 587 3545 643 sine
3568 605 3662 644 ne-

237 660 476 733 palatio,
500 665 623 716 tam
647 663 719 717 ab
743 661 979 718 assidue
999 665 1500 731 conversantibus,
1522 683 1819 738 quamque
1838 671 1897 722 et

238 767 276 806 a
304 750 873 822 supervenientibus,
908 751 1028 808 sive
1058 755 1383 809 secundum
1415 755 1620 822 Deum,
1649 755 1766 810 sive
1797 773 1891 810 se-

167 857 176 866 ·
237 839 502 895 cundum
521 839 800 895 saeculum
806 843 897 912 ,ut
912 841 1355 912 providerentur
1369 846 1426 898 et
1441 843 1896 914 praeviderentur

235 932 408 984 erant
435 927 789 1000 necessaria,
823 945 951 1001 quae
999 945 1345 986 enumerare
1392 930 1632 1004 longum
1677 935 1784 1000 est,
1818 933 1892 988 ad

235 1018 366 1089 ejus
386 1015 717 1090 specialiter
736 1033 939 1073 curam
960 1018 1350 1090 pertinebant.
1371 1019 1497 1076 Non
1520 1021 1622 1089 ita,
1641 1025 1707 1076 ut
1725 1021 1896 1078 aliter

235 1105 416 1172 ullus,
450 1105 569 1162 sive
600 1105 916 1179 palatinus,
951 1106 1072 1163 sive
1119 1097 1396 1164 externus
1452 1109 1888 1181 superveniens,

234 1194 525 1268 sapientia
553 1198 610 1250 et
637 1211 772 1251 vera
801 1195 1106 1251 devotione
1134 1213 1237 1268 per
1266 1195 1367 1252 Dei
1397 1197 1645 1269 gratiam
1678 1197 1892 1253 illumi-

234 1289 431 1352 natus,
463 1283 580 1340 tale
637 1281 859 1357 aliquid
918 1284 1162 1340 minime
1220 1290 1452 1358 ageret;
1486 1287 1586 1342 sed
1637 1286 1890 1344 maxime

234 1374 598 1431 consuetudo
630 1379 774 1442 erat,
808 1378 876 1430 ut
906 1379 1011 1430 aut
1054 1391 1190 1430 cum
1247 1376 1453 1430 eodem
1512 1375 1888 1448 apocrisiario

231 1463 470 1536 pariter,
505 1466 607 1519 aut
635 1465 788 1518 certe
836 1479 940 1536 per
992 1463 1123 1535 ejus
1179 1463 1493 1520 consilium
1552 1465 1707 1536 quod
1765 1469 1890 1522 erat

231 1551 528 1625 agendum
550 1555 766 1625 ageret,
790 1567 862 1608 ne
882 1552 1030 1608 forte
1067 1553 1211 1625 quid
1233 1554 1430 1610 minus
1451 1552 1593 1610 utile
1613 1557 1716 1610 aut
1734 1553 1884 1610 indi-

231 1657 414 1714 gnum
449 1640 569 1713 regi
600 1641 953 1713 subriperet.

301 1730 435 1786 CAP.
467 1729 610 1786 XXI.
651 1728 896 1786 Comitis
944 1735 1139 1786 autem
1200 1730 1423 1804 palatii,
1470 1731 1626 1787 inter
1680 1735 1886 1789 cetera

231 1835 378 1892 pene
404 1819 880 1891 innumerabilia,
901 1818 961 1874 in
978 1819 1086 1876 hoc
1108 1821 1358 1876 maxime
1388 1820 1718 1877 sollicitudo
1735 1827 1880 1891 erat,

2005 668 2276 722 cessitate
2307 668 2756 740 opprimeretur.
2790 673 2924 737 Quae
2981 673 3249 732 videlicet
3291 691 3431 731 cura
3468 693 3660 748 quan-

2003 774 2181 829 quam
2205 757 2275 812 ad
2298 757 2717 813 buticularium
2743 757 2830 814 vel
2850 760 2923 815 ad
2953 760 3225 817 comitem
3257 763 3472 820 stabuli
3489 766 3662 837 perti-

2003 847 2183 911 neret,
2209 843 2465 900 maxima
2479 849 2677 900 tamen
2700 863 2843 902 cura
2861 847 2935 902 ad
2958 848 3357 905 senescalcum
3381 851 3655 924 respicie-

2001 931 2120 998 bat,
2145 947 2211 987 eo
2243 933 2399 1004 quod
2431 933 2629 989 omnia
2659 939 2885 1007 caetera,
2907 939 3118 1006 praeter
3145 941 3319 1008 potus
3348 939 3436 994 vel
3468 940 3656 998 victus

2001 1019 2382 1088 caballorum,
2407 1022 2480 1076 ad
2500 1023 2774 1079 eumdem
2797 1023 3200 1082 senescalcum
3219 1025 3549 1100 respiceret.
3570 1029 3658 1086 In-

1999 1112 2090 1165 ter
2109 1126 2257 1180 quos
2277 1110 2452 1166 etiam
2475 1116 2529 1166 et
2554 1111 2990 1170 mansionarius
3021 1114 3320 1187 intererat,
3345 1133 3524 1190 super
3546 1133 3655 1174 cu-

1991 1197 2094 1269 jus
2118 1198 2514 1254 ministerium
2536 1199 3094 1270 incumbebat,sicut
3107 1208 3165 1260 et
3185 1221 3401 1262 nomen
3425 1206 3476 1277 ej
3486 1207 3653 1263 usin-

1999 1286 2250 1357 dicat,ut
2269 1288 2329 1343 in
2350 1287 2460 1344 hoc
2482 1288 2735 1346 maxime
2755 1289 3090 1348 sollicitudo
3101 1293 3652 1364 ejusintentaesset,

1999 1379 2066 1430 ut
2085 1380 2207 1432 tam
2230 1377 2556 1450 supradicti
2585 1383 2830 1448 actores,
2851 1395 3151 1452 quamque
3179 1386 3237 1438 et
3262 1387 3653 1456 susceptores,

1997 1480 2112 1536 quo
2133 1468 2396 1537 tcmpore
2413 1466 2484 1521 ad
2501 1481 2602 1523 eos
2618 1465 2718 1523 illo
2748 1467 2836 1524 vel
2868 1467 2970 1524 illo
3001 1468 3061 1524 in
3089 1468 3217 1526 loco
3245 1485 3346 1526 rex
3370 1473 3653 1528 venturus

1995 1557 2172 1622 esset,
2200 1558 2439 1627 propter
2461 1555 2837 1612 mansionum
2860 1557 3437 1630 praeparatiOnem,ut
3451 1575 3657 1634 opporo

1994 1644 2137 1698 tunc
2156 1647 2419 1716 tempore
2449 1645 2719 1716 praescire
2737 1645 3096 1718 potuissent:
3113 1664 3185 1703 ne
3206 1652 3310 1704 aut
3328 1648 3465 1705 inde
3483 1651 3650 1707 tarde

1993 1730 2267 1800 scientes,
2303 1736 2542 1804 propter
2597 1733 2977 1792 afﬂictionem
3037 1736 3272 1794 familia;
3309 1736 3648 1810 importuno

1991 1823 2252 1893 tempore
2284 1826 2611 1893 peccatum,
2638 1827 2741 1879 aut
2768 1823 2828 1879 hi
2854 1829 3092 1898 propter
3138 1843 3253 1882 non
3291 1826 3644 1900 condignam

238 1908 932 1966 utomnescontentiones
952 1909 1482 1981 regales,quzealibi
1497 1915 1633 1965 ortae
1646 1915 1884 1982 propter
1912 1956 1959 1982 η
1991 1909 2446 1982 susceptionem,
2466 1928 2533 1966 ac
2562 1911 2611 1966 si
2643 1913 2788 1968 bene
2819 1913 3312 1982 noluissent,cum
3343 1919 3495 1972 certe
3526 1933 3644 1973 non

1912 1956 1960 2022 B

189 2025 192 2030 ι
229 1997 519 2072 mquitatis
543 1997 835 2069 judicium
865 1997 1149 2069 palatium
1183 1999 1692 2071 aggrediebantur,
1717 1999 1881 2070 justo
1913 1997 1960 2022 ”
1990 1997 2256 2066 volendo,
2283 1999 2382 2055 sed
2416 2016 2531 2055 non
2562 2001 2806 2057 valendo
2838 2002 3219 2060 offensionem
3251 2004 3639 2062 incurrerent.

229 2105 294 2145 ac
314 2087 737 2143 rationabiliter
751 2087 1187 2154 determinaret,
1211 2105 1311 2143 seu
1335 2087 1879 2160 perversejudicata

226 2179 297 2233 ad
325 2176 616 2249 aequitatis
656 2176 953 2232 tramitem
1002 2177 1326 2244 reduceret,
1354 2182 1420 2232 ut
1448 2181 1506 2232 et
1535 2193 1730 2233 coram
1760 2177 1877 2233 Deo

223 2270 461 2339 propter
504 2265 826 2338 justitiam,
874 2269 934 2321 et
990 2281 1187 2322 coram
1246 2265 1586 2322 hominibus
1644 2270 1879 2339 propter

223 2355 418 2430 legum
478 2353 965 2424 observationem,
1013 2355 1243 2411 cunctis
1305 2354 1578 2427 placeret.
1625 2355 1684 2412 Si
1733 2355 1874 2428 quid

219 2462 354 2501 vero
384 2444 499 2500 tale
549 2447 722 2512 esset,
771 2444 925 2516 quod
979 2443 1137 2517 leges
1177 2445 1489 2500 mundana:
1519 2444 1627 2500 hoc
1658 2443 1716 2499 in
1749 2445 1874 2501 suis

222 2534 310 2589 dif
311 2533 670 2590 finitionibus
689 2537 978 2589 statutum
995 2550 1108 2589 non
1124 2533 1534 2604 haberent,aut
1549 2534 1872 2589 secundum
1907 2553 1912 2556 ·

226 2621 535 2696 gentilium
554 2622 1042 2679 consuetudinem
1065 2622 1362 2678 crudelius
1385 2622 1675 2678 sancitum
1697 2627 1870 2691 esset,

223 2729 401 2785 quam
423 2711 878 2769 Christianitatis
899 2710 1308 2780 rectitudo,vel
1337 2715 1537 2766 sancta
1555 2712 1872 2768 auctoritas
1905 2761 1910 2766 .

218 2802 426 2858 merito
454 2819 568 2858 non
603 2801 975 2869 consentiret,
990 2802 1100 2857 hoc
1123 2801 1194 2857 ad
1229 2801 1382 2873 regis
1413 2801 1869 2856 moderationem

218 2892 654 2964 perduceretur,
677 2895 744 2946 ut
772 2890 898 2962 ipse
927 2907 1063 2947 cum
1096 2890 1188 2946 his
1219 2889 1319 2962 qui
1351 2895 1662 2961 utramque
1685 2889 1870 2962 legem

221 2985 482 3052 nossent,
514 2982 571 3036 et
600 2979 702 3035 Dei
745 2980 935 3053 magis
983 2995 1163 3051 quam
1219 2979 1612 3034 humanarum
1672 2978 1870 3051 legum

221 3073 442 3126 statuta
470 3072 814 3137 metuerent,
847 3068 930 3125 ita
968 3069 1325 3137 decerneret,
1358 3067 1440 3124 ita
1469 3072 1771 3137 statueret,
1803 3073 1872 3125 ut

222 3159 319 3214 ubi
346 3163 660 3230 utrumque
681 3157 896 3214 servari
927 3161 1145 3229 posset,
1172 3160 1489 3230 utrumque
1511 3161 1866 3214 servaretur:

218 3249 310 3304 sin
333 3252 553 3314 autem,
585 3247 676 3303 lex
705 3246 902 3304 saaeuli
933 3247 1142 3304 merito
1175 3248 1680 3320 comprimeretur,
1697 3246 1871 3318 justi-

217 3335 302 3392 tia
329 3335 429 3391 Dei
461 3341 924 3391 conservaretur.

287 3426 422 3482 Car.
446 3423 610 3480 XXII.
634 3423 716 3480 De
736 3422 1039 3481 honestate
1077 3440 1211 3480 vero
1251 3423 1474 3497 palatii,
1509 3440 1611 3481 seu
1641 3423 1864 3498 specia-

214 3515 349 3572 liter
378 3517 720 3571 ornamento
769 3513 970 3587 regali,
1005 3531 1230 3571 necnon
1261 3518 1320 3570 et
1349 3514 1421 3569 de
1452 3513 1622 3569 donis
1651 3513 1865 3569 annuis

215 3603 490 3672 militum,
516 3603 739 3676 absque
759 3603 888 3659 cibo
911 3608 968 3660 et
989 3607 1154 3676 potu,
1176 3603 1263 3659 vel
1287 3602 1476 3675 equis,
1501 3603 1574 3658 ad
1601 3602 1864 3676 reginam

215 3693 522 3768 pracipue,
547 3695 606 3748 et
640 3692 751 3749 sub
793 3691 924 3764 ipsa
961 3693 1034 3749 ad
1067 3692 1455 3748 camerarium
1489 3692 1817 3764 pertinebat
1850 3708 1863 3749 :

215 3789 272 3838 et
294 3782 616 3840 secundum
640 3782 930 3854 cujusque
952 3783 1032 3839 rei
1057 3781 1693 3854 qualitatem,ipsorum
1712 3781 1867 3836 solli-

215 3872 410 3929 citudo
431 3877 578 3941 erat,
605 3877 671 3929 ut
691 3877 955 3944 tempore
985 3888 1242 3945 congruo
1270 3887 1502 3942 semper
1522 3872 1720 3926 futura
1741 3888 1867 3943 pro-

215 3961 604 4034 spicerent,ne
617 3963 757 4034 quid
777 3963 917 4017 dum
938 3979 1086 4034 opus
1102 3965 1258 4016 esset
1280 3959 1572 4016 ullatenus
1589 3964 1864 4032 opportu-

217 4069 293 4108 no
322 4056 581 4125 tempore
613 4051 1012 4108 defuisset.De
1044 4050 1215 4107 donis
1244 4067 1376 4105 vero
1409 4049 1770 4104 diversarum
1792 4050 1868 4106 le-

217 4141 540 4215 gationum,
600 4143 671 4198 ad
725 4141 1114 4198 camerarium
1163 4139 1529 4212 aspiciebat:
1566 4138 1678 4194 nisi
1722 4140 1867 4196 forte

207 4231 452 4302 jubente
474 4248 606 4305 rege
625 4231 741 4288 tale
777 4229 1000 4302 aliquid
1035 4233 1210 4297 esset,
1235 4228 1391 4301 quod
1415 4228 1623 4301 reginae
1647 4229 1719 4283 ad
1749 4232 1865 4284 tra-

214 4321 495 4377 ctandum
518 4337 654 4378 cum
675 4321 804 4393 ipso
834 4322 1201 4393 congrueret.
1225 4318 1355 4374 Haec
1376 4322 1574 4373 autem
1593 4317 1791 4374 omnia
1811 4321 1868 4374 et

213 4409 308 4465 his
329 4410 548 4467 similia
577 4427 643 4467 eo
676 4409 1083 4478 intendebant,
1109 4413 1174 4465 ut
1189 4407 1262 4463 ab
1279 4405 1439 4463 omni
1471 4405 1866 4463 sollicitudine

212 4499 535 4556 domestica
560 4499 648 4556 vel
678 4498 1026 4572 palatina,in
1049 4503 1337 4571 quantum
1369 4495 1867 4552 rationabiliteret

211 4592 460 4646 honeste
489 4605 618 4645 esse
648 4593 893 4663 poterat,
915 4590 1174 4645 domnus
1204 4604 1301 4643 rex
1331 4585 1716 4658 omnipotenti
1748 4585 1865 4642 Deo

210 4695 377 4752 spem
401 4696 570 4735 suam
599 4678 999 4736 indesinenter
1013 4677 1488 4744 committens,ad
1505 4676 1684 4776 totius
1701 4675 1864 4749 regni
1897 4711 1944 4777 D

210 4772 433 4826 statum
447 4769 841 4826 ordinandum
853 4767 942 4825 vel
955 4767 1420 4824 conservandum
1443 4765 1707 4822 animum
1721 4781 1870 4822 sem-

212 4873 318 4932 per
342 4874 518 4914 suum
552 4861 891 4932 promptum
921 4857 1184 4914 haberet.

284 4951 417 5004 CAP.
449 4947 643 5005 XXIII.
674 4948 760 5004 Ad
809 4951 930 5004 tres
988 4951 1183 5003 autem
1242 4944 1864 5015 ministeriales,sene-

211 5036 495 5107 scalcum,
529 5036 973 5107 buticularium,
1007 5041 1064 5092 et
1092 5036 1364 5093 comitem
1397 5035 1634 5102 stabuli,
1668 5051 1869 5092 secun-

213 5128 360 5184 dum
383 5127 851 5201 uniuscujusque
868 5125 1179 5184 ministerii
1208 5125 1551 5199 qualitatem
1573 5125 1660 5182 vel
1681 5143 1868 5199 quan-

209 5216 444 5274 titatem
474 5217 821 5290 pertinebat,
857 5220 923 5273 ut
953 5231 1087 5272 cum
1137 5216 1436 5272 communi
1475 5232 1766 5272 consensu
1798 5215 1868 5271 de

213 5322 324 5363 suo
336 5307 585 5380 quisque
597 5306 923 5365 ministerio
936 5304 1286 5364 admonendi
1302 5321 1415 5360 non
1429 5309 1626 5361 essent
1637 5321 1866 5378 segnes,

211 5402 282 5452 ut
291 5397 634 5469 quantocius
649 5412 779 5454 esse
791 5394 1310 5469 potuisset,omnes
1325 5397 1550 5449 actores
1562 5393 1715 5466 regis
1727 5411 1866 5466 prae-

210 5485 450 5556 scirent,
474 5487 573 5543 ubi
593 5486 684 5543 vel
707 5484 807 5542 ubi
835 5501 933 5541 rex
948 5483 1048 5541 illo
1063 5481 1154 5541 vel
1173 5481 1268 5538 illo
1289 5487 1568 5555 tempore,
1591 5487 1754 5539 tanto
1777 5483 1862 5540 vel

209 5579 376 5632 tanto
391 5577 579 5649 spatio
593 5591 831 5633 manere
852 5572 1859 5645 debuisset,propteradductionem,

206 5665 301 5724 vel
335 5667 818 5740 preparationem
852 5682 864 5722 τ
901 5681 972 5721 ne
1004 5664 1150 5720 forte
1194 5661 1356 5718 tarde
1414 5662 1687 5733 scientes,
1719 5663 1861 5718 dum

212 5757 604 5831 inopportuno
654 5761 940 5831 tempore,
970 5752 1058 5810 vel
1091 5766 1226 5811 cum
1265 5750 1446 5810 nimia
1495 5751 1863 5812 festinatione

537 5887 814 5952 Ριτιιοι.
859 5882 1091 5948 CXXV.

2060 2087 2194 2142 CAP.
2224 2087 2413 2144 XXIV.
2447 2088 2732 2145 Similiter
2764 2107 2997 2163 quoque
3026 2096 3282 2164 quatuor
3309 2097 3637 2163 venatores,

1987 2180 2046 2231 et
2074 2175 2318 2248 quintus
2350 2176 2864 2245 falconarius,cum
2896 2182 3099 2236 eadem
3130 2182 3520 2240 unanimitate
3549 2199 3640 2240 se-

1987 2266 2249 2322 cundum
2280 2266 2562 2339 temporis
2591 2267 2934 2339 qualitatem
2957 2270 3272 2326 admonere
3300 2272 3637 2340 studebant,

1985 2353 2240 2424 qualiter
2269 2370 2356 2420 ea,
2391 2369 2516 2425 quas
2547 2355 2620 2409 ad
2653 2355 3022 2427 singulorum
3055 2355 3516 2414 ministeriorum
3545 2373 3643 2413 cu-

1985 2458 2110 2497 ram
2135 2442 2521 2514 pertinebant,
2537 2447 2604 2499 ut
2624 2448 2950 2515 opportuno
2972 2448 3318 2517 tempore,et
3337 2462 3452 2501 non
3475 2446 3638 2502 tarde

1983 2531 2716 2602 consideraretur,quando
2741 2534 2888 2588 tanti
2909 2533 2998 2589 vel
3019 2535 3256 2605 quando
3281 2535 3639 2607 tanti,quan-

1983 2619 2056 2675 do
2076 2619 2182 2676 toti
2203 2623 2260 2676 et
2281 2620 2516 2691 quando
2557 2620 2728 2686 nulli,
2751 2626 2852 2676 aut
2883 2622 2942 2677 in
2974 2622 3190 2695 palatio
3222 2624 3632 2694 retinerentur,

1983 2712 2084 2764 aut
2105 2725 2266 2764 more
2287 2707 2457 2763 solito
2480 2709 2620 2764 foris
2645 2709 2940 2766 nutriendi
2964 2727 3150 2783 usque
3161 2711 3234 2767 ad
3253 2715 3487 2784 tempus
3500 2713 3634 2768 mit-

1981 2801 2269 2867 terentur,
2293 2803 2396 2853 aut
2418 2801 2676 2869 tempore
2707 2815 2965 2870 congruo
2987 2816 3088 2872 per
3117 2801 3494 2856 denominata
3510 2801 3636 2858 loca

1979 2887 2229 2943 venandi
2278 2903 2458 2942 causa
2507 2887 2726 2958 pariter
2753 2893 2810 2942 et
2837 2888 3132 2943 nutriendi
3163 2888 3629 2961 disponerentur.

1981 2976 2094 3031 Sed
2117 2980 2173 3031 et
2193 2975 2304 3032 hoc
2322 2980 2378 3032 et
2397 2974 2565 3042 illud,
2589 2975 2648 3031 id
2669 2981 2759 3032 est
2778 2980 2836 3032 et
2855 2975 3010 3033 intra
3041 2982 3099 3034 et
3126 2981 3289 3033 extra
3319 2977 3630 3050 palatium,

1981 3063 2062 3122 ita
2093 3081 2325 3138 semper
2353 3081 2489 3120 cum
2520 3079 2799 3121 mensura
2826 3069 2883 3122 et
2911 3065 3134 3122 ratione
3165 3065 3549 3137 ordinaretur,
3566 3071 3633 3126 ut

1980 3159 2268 3227 quantum
2290 3155 2593 3228 prodesset
2621 3159 2861 3222 esset,et
2877 3159 3165 3227 quantum
3182 3171 3299 3212 non
3321 3157 3629 3230 prodesset

1981 3261 2096 3301 non
2135 3250 2289 3302 esset
2319 3261 2332 3298 :
2377 3243 2518 3317 quia
2550 3244 2610 3300 in
2642 3244 2788 3317 ipsis
2819 3245 3164 3302 ministeriis
3194 3261 3311 3302 non
3343 3245 3427 3302 sic
3460 3246 3630 3303 facile

1894 3329 1938 3396 C
1977 3339 2172 3390 certus
2186 3332 3049 3404 numerus,authominum,aut
3069 3335 3627 3407 canum,autavium

1975 3423 2216 3480 diffiniri
2254 3427 2478 3496 potest:
2514 3423 2643 3480 ideo
2672 3423 2731 3478 in
2766 3423 3029 3497 ipsorum
3060 3424 3300 3481 arbitrio
3329 3425 3625 3494 manebat,

1974 3513 2179 3586 quanti
2211 3517 2266 3570 et
2297 3512 2498 3586 quales
2525 3515 2969 3572 essent.Sensus
3001 3519 3199 3572 autem
3232 3515 3292 3571 in
3323 3514 3418 3572 his
3438 3515 3626 3572 omni-

1974 3603 2086 3659 bus
2115 3602 2251 3661 talis
2282 3607 2425 3671 erat,
2461 3607 2524 3659 ut
2552 3621 2859 3676 nunquam
2907 3605 3123 3678 palatio
3173 3603 3320 3661 tales
3361 3605 3449 3661 vel
3481 3604 3628 3661 tanti

1975 3693 2248 3751 deessent
2259 3693 2538 3762 ministri,
2554 3697 2791 3766 propter
2803 3694 2909 3751 has
2922 3695 3211 3768 praecipue
3225 3695 3378 3751 inter
3387 3698 3629 3754 caeteras

1976 3783 2352 3839 necessitates
2385 3782 2471 3838 vel
2505 3783 2860 3839 honestates.

2045 3872 2181 3926 CAP.
2205 3870 2368 3926 XXV.
2397 3869 2609 3935 Primo,
2644 3875 2708 3926 ut
2739 3871 2858 3926 sive
2895 3871 3240 3943 generaliter
3280 3873 3626 3944 majoribus,

1976 3961 2094 4016 sive
2115 3959 2446 4033 specialiter
2460 3960 2547 4015 vel
2563 3959 2941 4033 singulariter
2953 3961 3287 4033 quibusque
3300 3962 3630 4018 minoribus

1976 4050 2568 4118 recedentibus,omni
2592 4055 2920 4123 temporeet
2942 4049 3323 4107 multitudine
3348 4068 3627 4125 congrua,

1974 4141 2102 4197 sine
2131 4157 2248 4212 qua
2277 4139 2700 4196 rationabiliter
2730 4144 2788 4195 et
2817 4140 3060 4197 honeste
3101 4157 3230 4197 esse
3262 4158 3379 4198 non
3410 4147 3628 4215 posset,

1975 4247 2208 4302 semper
2236 4233 2390 4286 esset
2417 4234 2689 4285 ornatum
2722 4229 3092 4303 palatium,et
3121 4231 3471 4288 consiliariis
3493 4248 3630 4288 con-

1975 4320 2170 4392 dignis
2199 4335 2504 4391 nunquam
2551 4320 2903 4376 destitutum
2946 4320 3176 4376 fuisset.
3211 4321 3284 4376 Et
3314 4325 3380 4376 ut
3407 4321 3630 4392 qualis-

1975 4425 2208 4481 cunque
2228 4407 2460 4481 legatio,
2485 4407 2605 4465 sive
2630 4409 2998 4481 speculandi,
3019 4409 3139 4465 sive
3169 4409 3348 4465 etiam
3380 4411 3630 4466 subden-

1976 4499 2034 4554 di
2065 4498 2253 4572 gratia
2277 4497 2521 4566 veniret,
2556 4497 2806 4570 qualiter
2853 4514 3058 4554 omnes
3110 4498 3346 4570 quidem
3385 4499 3632 4556 honeste

1975 4587 2195 4660 suscipi
2225 4585 2572 4659 potuissent.
2588 4586 2808 4643 Deinde
2823 4586 3052 4659 primus
3081 4587 3312 4644 consilii
3336 4587 3635 4645 rectitudi-

1975 4668 2436 4746 nem,secundus
2458 4676 2873 4733 misericordia:
2892 4681 2949 4733 et
2964 4677 3346 4751 benignitatis
3375 4677 3633 4734 consola-

1977 4767 2221 4833 tionem,
2242 4765 2454 4822 tertius
2474 4782 2608 4822 vero
2629 4767 2899 4822 versutia:
2925 4783 3028 4823 seu
3059 4766 3408 4824 temeritatis
3438 4782 3630 4822 sermo

1977 4857 2216 4913 referret
2245 4847 2620 4912 medicinam.
2655 4856 2725 4912 Et
2756 4861 2822 4913 ut
2849 4874 2918 4914 ex
2958 4872 3310 4929 quacunque
3351 4859 3514 4928 parte
3544 4859 3630 4911 to-

1976 4947 2096 5003 tius
2120 4943 2303 5018 regni,
2330 4944 2668 5018 quicunque
2689 4945 3008 5014 desolatus,
3032 4942 3489 5012 orbatus,alieno
3521 4959 3632 4999 aere

1977 5034 2403 5110 oppressus,inj
2413 5039 2542 5090 uste
2564 5033 2862 5091 calumnia
2877 5035 3165 5106 cujusque
3178 5033 3630 5100 suifooatus,seu

1978 5130 2184 5183 caetera
2204 5123 2297 5180 his
2328 5123 2565 5192 similia,
2590 5140 2717 5196 qua:
2733 5141 2890 5180 nunc
2915 5139 3258 5179 enumerare
3282 5121 3630 5196 perlongum

1979 5213 2348 5284 est,maxime
2368 5217 2567 5270 tamen
2590 5213 2661 5269 de
2680 5213 2874 5269 viduis
2896 5215 2953 5268 et
2971 5211 3272 5283 orphanis,
3297 5216 3418 5268 tam
3438 5209 3628 5266 senio-

1981 5322 2110 5361 rum
2133 5319 2430 5377 quamque
2451 5307 2506 5359 et
2527 5300 3410 5373 mediocrium,uniuscujusque
3427 5315 3630 5357 secun-
3699 5333 3701 5338 -

1976 5397 2118 5452 dum
2141 5410 2308 5451 suam
2331 5392 2739 5464 indigentiam,
2761 5391 2849 5448 vel
2882 5390 3627 5463 qualitatem,dominorum

1973 5501 2106 5541 vero
2128 5480 2590 5539 misericordiam
2622 5486 2679 5537 et
2709 5480 3009 5553 pietatem,
3036 5496 3270 5554 semper
3288 5481 3360 5538 ad
3385 5495 3628 5538 manum

1972 5575 2230 5641 haberet,
2263 5589 2364 5645 per
2405 5586 2580 5643 quem
2626 5571 2843 5644 singuli
2879 5572 2950 5627 ad
2983 5570 3112 5644 pias
3142 5588 3312 5628 aures
3341 5570 3630 5645 principis

1974 5663 2227 5739 perferre
2259 5659 2611 5733 potuissent.

2043 5755 2177 5813 Car.
2203 5749 2394 5812 XXVI.
2438 5748 2744 5823 Similiter,
2781 5750 2883 5829 qui
2913 5755 3152 5829 propter
3180 5743 3480 5810 diutinum
3509 5759 3630 5812 ser-

3231 5881 3310 5944 32
