4152 6510
514 388 669 453 I003

1250 389 1672 451 .HINCMARI
1715 388 1958 450 RHEM.
2008 384 2373 447 ARCHIEP.
2420 384 2831 445 OPUSCULA
2880 383 3139 444 VARIA.

3772 380 3943 441 1004

509 522 718 577 vitium
748 522 910 594 digni
942 525 1109 577 erant
1140 527 1204 576 ut
1235 521 1594 577 remunerari
1626 518 2058 583 debuissent,et
2084 516 2161 573 lo-
2186 519 2244 583 Α
2271 515 2799 587 gnoincumbebat,
2826 515 3183 570 mutabatur.
3209 514 3272 569 In
3307 529 3422 585 quo
3453 513 3670 585 placito
3693 528 3947 586 genera-

513 627 617 666 cus
629 608 763 665 talis
774 609 1246 677 occurrebat,ubi
1261 626 1330 665 ex
1341 608 1635 681 praedictis
1648 607 2051 681 indigentibus
2068 622 2163 661 nep

441 730 446 759 ε
513 715 610 756 mo
634 697 760 755 sine
779 715 1061 754 mensura
1080 698 1514 763 destitueretur,
1538 697 1810 753 similiter
1836 696 2160 752 secundum

512 805 715 845 eorum
745 786 1091 860 qualitatem
1113 787 1182 843 ad
1206 787 1551 843 memoriam
1576 786 1910 859 principum
1932 801 2161 841 revoca-

514 880 738 944 rentur,
771 893 889 932 non
917 880 1042 932 tam
1072 876 1218 948 ipsis
1250 876 1619 948 urgentibus,
1651 891 1831 947 quam
1861 873 2164 940 eorum,de

515 965 735 1037 quibus
755 981 936 1037 supra
957 964 1177 1021 dictum
1199 968 1310 1032 est,
1325 964 1503 1020 ﬁdem
1523 969 1581 1020 et
1601 964 1866 1019 debitum
1888 960 2165 1034 exigenti-

517 1055 652 1126 bus,
671 1058 737 1110 ut
763 1053 825 1109 in
853 1052 938 1109 eis
967 1052 1026 1109 id
1058 1054 1223 1110 fieret
1253 1053 1443 1125 primo
1476 1057 1713 1125 propter
1741 1052 1898 1125 quod
1927 1052 2165 1121 cumju-

519 1143 682 1200 stitia
695 1146 754 1200 et
771 1141 1175 1199 misericordia
1194 1141 1311 1197 Deo
1332 1141 1606 1213 placeret.
1632 1141 1849 1198 Deinde
1869 1140 1929 1195 in
1955 1139 2166 1196 militia

518 1230 961 1289 remanentibus
986 1230 1378 1288 certissimam
1405 1230 1655 1288 ﬁdeliter
1682 1230 1970 1287 serviendi
1988 1229 2163 1285 fidem

519 1325 577 1377 et
588 1320 984 1391 constantiam
1006 1320 1431 1376 ministrarent.
1456 1319 1675 1376 Deinde
1702 1323 1765 1375 ut
1788 1318 1966 1375 etiam
1993 1318 2164 1390 longe

520 1408 729 1483 positis
742 1409 1033 1481 pertotins
1046 1408 1210 1481 regni
1231 1409 1520 1465 ambitum
1539 1407 1804 1465 laetitiam
1815 1411 1872 1464 et
1881 1407 2165 1480 gaudium

521 1498 1012 1570 demonstrarent.
1037 1497 1107 1552 Et
1135 1497 1185 1553 si
1215 1496 1431 1569 aliquis
1461 1514 1529 1553 ex
1564 1495 2052 1553 ministerialibus
2078 1494 2166 1551 vel

520 1585 869 1644 consiliariis
908 1586 1244 1652 decedebat,
1276 1585 1402 1642 loco
1432 1586 1561 1657 ejus
1591 1601 1888 1658 congruas
1918 1590 1975 1641 et
2006 1583 2169 1640 utilis

521 1675 956 1733 restituebatur.
1100 1720 1104 1727 .

591 1765 727 1821 CAP.
758 1764 974 1821 XXVII.
999 1765 1069 1820 Et
1099 1769 1164 1820 ut
1193 1764 1293 1820 illa
1327 1763 1662 1830 multitudo,
1699 1782 1823 1837 qua:
1857 1765 1916 1820 in
1950 1763 2169 1836 palatio

522 1868 752 1927 semper
779 1870 908 1910 esse
937 1853 1130 1919 debet,
1162 1853 1564 1909 indeﬂcienter
1611 1853 1920 1925 persistere
1950 1856 2170 1924 posset,

521 1944 614 2000 his
666 1941 856 1998 tribus
916 1941 1224 1996 ordinibus
1274 1942 1597 1997 fovebatur.
1634 1942 1758 1996 Uno
1788 1940 2075 2007 videlicet,
2110 1946 2173 1996 ut

521 2033 744 2105 absque
773 2031 1122 2087 ministeriis
1152 2029 1403 2101 expediti
1436 2030 1673 2097 milites,
1707 2031 2039 2102 anteposita
2070 2031 2171 2085 do-

523 2122 819 2177 minorum
878 2120 1254 2191 benignitate,
1288 2122 1345 2173 et
1402 2118 1813 2185 sollicitudine,
1849 2136 1964 2191 qua
2016 2136 2171 2174 nunc

523 2210 876 2274 victu,nunc
906 2209 1141 2278 vestitu,
1162 2225 1317 2263 nunc
1349 2225 1512 2273 auro,
1533 2224 1688 2263 nunc
1718 2213 1982 2279 argento,
1999 2208 2171 2263 modo

525 2298 713 2369 equis,
738 2296 822 2352 vel
845 2297 1068 2353 caeteris
1088 2297 1469 2363 ornamentis,
1494 2297 1788 2352 interdum
1821 2297 2169 2369 specialiter,

524 2386 841 2459 aliquando
872 2389 1045 2457 prout
1072 2390 1329 2457 tempus,
1364 2384 1529 2453 ratio,
1564 2390 1621 2440 et
1651 2386 1790 2440 ordo
1822 2385 2169 2458 condignam

525 2478 873 2549 potestatem
902 2473 1376 2540 administrabat,
1419 2472 1633 2545 saepius
1682 2475 1981 2547 porrectis,
2014 2474 2074 2529 in
2105 2491 2172 2531 eo

523 2569 721 2621 tamen
732 2562 1158 2619 indeﬁcientcm
1172 2560 1882 2631 consolationem,necnon
1897 2563 1968 2620 ad
1985 2562 2173 2636 regale

523 2650 873 2725 obsequium
896 2651 1326 2707 inﬂammatum
1345 2650 1611 2705 animum
1629 2652 1931 2707 ardentius
1943 2668 2174 2723 semper

522 2740 838 2812 habebant,
861 2740 1015 2812 quod
1040 2738 1171 2795 illos
1191 2740 1414 2812 praefati
1446 2740 1734 2813 capitanei
1760 2739 2172 2797 ministeriales

520 2828 787 2887 certatim
820 2829 891 2885 de
922 2828 1015 2885 die
1044 2830 1104 2884 in
1141 2829 1316 2897 diem,
1344 2846 1500 2885 nunc
1533 2829 1700 2901 istos,
1724 2847 1881 2886 nunc
1913 2829 2065 2899 illos,
2099 2832 2173 2887 ad

520 2917 860 2976 mansiones
889 2935 1029 2975 suas
1057 2918 1363 2985 vocabant,
1399 2923 1455 2973 et
1485 2936 1599 2974 non
1629 2924 1752 2975 tam
1782 2918 1930 2993 gula:
1959 2920 2175 2976 voraci-

519 3012 663 3075 tate,
683 3024 862 3080 quam
877 3024 1023 3064 verae
1044 3005 1468 3064 familiaritatis
1489 3024 1592 3064 seu
1609 3007 1940 3065 dilectionis
1952 3026 2170 3077 amore,

521 3100 695 3170 prout
722 3096 938 3168 cuique
967 3094 1247 3169 possibile
1276 3100 1421 3165 erat,
1454 3095 1792 3169 impendere
1821 3098 2169 3155 studebant:

2272 602 2407 659 litas
2434 603 2840 659 universorum
2871 603 3162 673 majorum
3192 606 3314 657 tam
3345 601 3699 658 clericorum
3749 618 3943 674 quam

2270 691 2557 749 laicorum
2585 691 3000 748 conveniebat:
3030 689 3312 757 seniores,
3336 695 3574 763 propter
3609 689 3943 747 concilium

2270 780 2693 848 ordinandum;
2722 780 2998 847 minores,
3023 782 3259 852 propter
3278 778 3433 835 idem
3447 777 3789 835 comsilium
3809 796 3945 835 sus-

2271 868 2628 942 cipiendum,
2662 872 2720 924 et
2749 868 3047 925 interdum
3071 866 3289 940 pariter
3317 868 3785 934 tractandum,et
3818 886 3943 925 non

2270 974 2340 1014 ex
2363 960 2669 1030 potestate,
2704 957 2803 1012 sed
2837 973 2906 1013 ex
2936 956 3173 1028 proprio
3221 954 3435 1011 mentis
3482 955 3787 1013 intellectu
3847 956 3943 1013 vel

2273 1045 2565 1103 sententia
2589 1045 3085 1102 conﬁrmandum.

2345 1135 2480 1191 CAP.
2512 1134 2670 1190 XXX.
2703 1135 2988 1190 Ceterum
3037 1138 3234 1190 autem
3286 1139 3520 1207 propter
3562 1135 3723 1191 dona
3751 1150 3943 1208 gene-

2274 1222 2475 1280 raliter
2492 1222 2871 1292 danda,aliud
2894 1222 3177 1294 placitum
3199 1239 3334 1279 cum
3347 1222 3678 1279 senioribus
3698 1228 3941 1280 tantum

2275 1316 2333 1368 et
2362 1311 2672 1384 prmeipuis
2727 1310 3081 1368 consiliariis
3136 1310 3464 1368 habebatur
3496 1327 3511 1366 :
3540 1311 3599 1367 in
3649 1329 3769 1385 quo
3804 1313 3939 1385 jam

2278 1400 2456 1457 futuri
2480 1399 2619 1456 anni
2640 1404 2832 1457 status
2854 1399 3088 1456 tractari
3109 1398 3521 1472 incipiebatur,
3540 1400 3589 1456 si
3614 1401 3765 1457 forte
3794 1399 3943 1459 talia

2279 1488 2478 1562 aliqua
2500 1505 2563 1545 se
2586 1490 3134 1563 praemonstrabant,
3158 1506 3262 1562 pro
3299 1489 3516 1562 quibus
3538 1505 3783 1549 necesse
3812 1497 3945 1548 erat

2279 1578 2736 1650 praemeditando
2757 1579 3047 1647 ordinare,
3072 1577 3121 1634 si
3144 1577 3288 1651 quid
3308 1595 3442 1635 mox
3460 1583 3760 1637 transacto
3780 1598 3941 1637 anno

2281 1666 2470 1739 priore
2493 1667 2876 1733 incumberet,
2901 1684 3004 1739 pro
3026 1682 3142 1739 quo
3165 1666 3539 1740 anticipando
3569 1667 3803 1742 aliquid
3819 1673 3940 1726 sta-

2281 1760 2444 1812 tuere
2476 1760 2577 1812 aut
2608 1756 2906 1829 providere
2938 1756 3260 1813 necessitas
3290 1760 3445 1813 esset
3477 1773 3491 1812 :
3520 1757 3679 1814 verbi
3722 1759 3939 1833 gratia,

2282 1846 2330 1901 si
2361 1845 2515 1901 inter
2544 1845 2869 1901 marchisos
2901 1844 2961 1900 in
2991 1843 3250 1916 qualibet
3281 1845 3443 1917 regni
3476 1850 3641 1917 parte
3671 1848 3749 1904 ad
3774 1847 3940 1904 aliud

2281 1938 2516 2008 tempus
2538 1934 2752 1990 dextra:
2774 1935 2923 1990 datae
2940 1935 3210 1999 fuissent,
3235 1933 3375 2006 quid
3398 1951 3531 1991 mox
3553 1940 3685 2007 post
3697 1937 3942 1993 dextras

2282 2028 2512 2079 exactas
2570 2024 2864 2095 agendum
2919 2028 3094 2091 esset,
3160 2027 3357 2079 utrum
3435 2025 3804 2091 renovandae,
3868 2044 3942 2082 an

2282 2113 2546 2168 ﬁniendae
2565 2118 2787 2168 essent:
2799 2114 2971 2184 juxta
2986 2117 3326 2168 czeterarum
3353 2114 3608 2185 partium
3626 2113 3945 2171 imminen-

2281 2202 2440 2258 tibus
2471 2203 2594 2257 rixa
2625 2207 2681 2258 et
2712 2220 2874 2274 pace,
2898 2206 2963 2257 ut
2992 2202 3318 2259 secundum
3350 2201 3408 2257 id
3440 2204 3596 2275 quod
3627 2208 3773 2260 tunc
3798 2210 3945 2261 tem-

2281 2292 2440 2363 poris
2473 2292 2619 2347 ratio
2646 2292 2944 2364 poscebat,
2979 2290 3028 2347 si
3059 2308 3126 2347 ex
3158 2308 3276 2347 una
3306 2295 3469 2364 parte
3500 2292 3638 2348 hinc
3668 2298 3773 2349 aut
3804 2295 3942 2350 inde

2281 2378 2367 2435 vel
2400 2378 2665 2436 facienda
2706 2378 3147 2443 vel_toleranda
3204 2380 3545 2453 inquietudo
3606 2382 3942 2439 necessario

2283 2467 2680 2537 incumbebat,
2711 2485 2778 2524 ex
2806 2467 2939 2525 aliis
2969 2469 3240 2541 partibus
3270 2469 3669 2542 tranquillitas
3696 2471 3941 2530 ordina-

2283 2558 2539 2613 retur.Et
2556 2574 2692 2613 cum
2714 2558 2796 2614 ita
2812 2575 2915 2631 per
2934 2558 3276 2615 eorumdem
3299 2558 3597 2617 seniorum
3619 2561 3937 2618 consilium

2283 2647 2422 2718 quid
2447 2646 2629 2702 futuri
2651 2646 2935 2720 temporis
2957 2648 3106 2704 actio
3128 2647 3217 2705 vel
3246 2649 3386 2705 ordo
3418 2650 3625 2722 agendi
3649 2655 3937 2723 posceret,

2282 2735 2506 2808 alonge
2535 2736 3006 2793 considerarent:
3033 2741 3091 2793 et
3118 2753 3256 2794 cum
3288 2737 3594 2795 inventum
3613 2744 3794 2807 esset,
3826 2742 3936 2798 sub

2282 2823 2513 2880 silentio
2545 2825 2701 2881 idem
2732 2826 3034 2883 inventum
3081 2826 3417 2895 consilium,
3448 2827 3532 2885 ita
3560 2828 3832 2886 funditus
3860 2831 3937 2887 ab

2282 2913 2558 2970 omnibus
2584 2914 2792 2973 alienis
2823 2914 3190 2989 incognitum
3222 2933 3410 2990 usque
3432 2918 3507 2973 ad
3536 2917 3697 2975 aliud
3719 2918 3935 2978 iterum

2282 3002 2607 3060 secundum
2638 3003 2908 3076 generale
2939 3004 3243 3077 placitum,
3266 3023 3334 3063 ac
3363 3006 3414 3063 si
3444 3006 3750 3064 inventum
3781 3007 3869 3066 vel
3899 3026 3937 3065 ι

2284 3091 2446 3149 nullo
2467 3096 2782 3149 tractatum
2806 3098 2982 3165 esset,
3005 3099 3304 3153 maneret:
3331 3099 3397 3152 ut
3425 3095 3475 3153 si
3505 3097 3652 3153 forte
3681 3097 3801 3156 tale
3827 3098 3933 3155 ali-

522 3184 724 3259 sicque
752 3184 1020 3256 ﬂebat,ut
1045 3202 1244 3241 rarum
1276 3184 1528 3259 quisque
1560 3186 1712 3243 infra
1740 3186 2173 3244 hebdomadam
2285 3182 2424 3256 quid
2457 3187 2560 3240 aut
2588 3183 2740 3241 infra
2768 3189 2871 3241 aut
2910 3189 3072 3242 extra
3118 3202 3366 3260 regnum
3413 3187 3812 3245 ordinandum
3840 3206 3933 3246 es-

522 3273 977 3346 remaneret,qui
1007 3290 1122 3330 non
1148 3274 1222 3331 ab
1251 3273 1448 3346 aliquo
1470 3291 1574 3347 pro
1603 3274 1943 3347 huiusmodi
1974 3276 2171 3335 studio
2201 3261 2245 3329 C
2281 3277 2392 3338 set,
2425 3272 2579 3345 quod
2618 3273 2984 3345 praescientia
3033 3275 3446 3347 quorumdam,
3477 3281 3580 3332 aut
3606 3278 3930 3349 destruere,

521 3366 959 3421 convocaretur.

591 3451 729 3508 CAP.
758 3450 1005 3508 XXVIII.
1037 3451 1196 3509 Alter
1223 3454 1366 3509 ordo
1399 3470 1502 3526 per
1548 3453 1785 3527 singula
1842 3454 2171 3513 ministeria

516 3539 825 3613 discipulis
855 3541 1232 3614 congruebat,
1247 3542 1346 3615 qui
1378 3543 1660 3615 magistro
1689 3561 1797 3600 suo
1826 3544 2041 3618 singuli
2065 3546 2167 3601 ad-

516 3629 886 3699 haerentes,et
912 3629 1378 3687 honoriﬁcahant
1407 3636 1464 3688 et
1492 3632 2048 3702 honoriﬁcabantur,
2082 3634 2165 3692 lo-

514 3719 718 3792 cisque
747 3718 962 3793 singuli
995 3718 1141 3791 suis,
1164 3725 1338 3793 prout
1364 3722 1771 3795 opportunitas
1802 3726 2161 3794 occurrebat,

516 3812 631 3865 uta
649 3808 897 3867 Domino
926 3809 1176 3867 videndo
1205 3810 1293 3868 vel
1325 3811 1677 3886 alloquendo
1702 3814 2162 3873 consolarentur.

513 3898 751 3957 Tertius
781 3899 922 3955 ordo
952 3899 1094 3955 item
1124 3905 1268 3973 erat,
1289 3906 1411 3958 tam
1443 3904 1944 3976 majorum,quam
1974 3906 2163 3961 mino-

513 4004 666 4057 rum,
701 3988 762 4044 in
788 3987 1007 4061 pueris,
1034 3987 1120 4045 vel
1181 3990 1472 4057 vassallis,
1525 4008 1674 4063 quos
1730 3994 2161 4067 unusquisque,

511 4080 689 4149 prout
719 4077 1047 4149 gubernare
1077 4083 1135 4134 et
1164 4083 1493 4137 sustentare
1522 4082 1745 4154 absque
1776 4087 2030 4155 peccato,
2066 4102 2162 4141 ra-

512 4165 652 4237 pina
665 4163 935 4222 videlicet
950 4165 1040 4222 vel
1061 4167 1213 4224 furto
1225 4173 1471 4241 poterat,
1496 4170 1758 4227 studiose
1789 4171 2003 4229 habere
2029 4191 2160 4247 pro-

509 4254 886 4312 curabant.ln
914 4256 1131 4328 quibus
1162 4257 1382 4315 scilicet
1412 4259 1802 4316 denominatis
1832 4261 2157 4332 ordinibus,

510 4343 732 4416 absque
753 4344 844 4401 his
869 4346 969 4418 qui
991 4363 1224 4419 semper
1243 4348 1434 4403 eundo
1464 4352 1521 4403 et
1550 4350 1844 4406 redeundo
1875 4351 2158 4422 palatium

507 4432 976 4505 frequentabant,
1009 4441 1135 4491 erat
1180 4436 1540 4506 delectabile,
1573 4441 1727 4512 quod
1777 4441 2072 4498 interdum
2103 4448 2161 4499 et

508 4522 914 4590 necessitati,si
939 4529 1175 4597 repente
1195 4524 1508 4598 ingrueret,
1534 4545 1767 4602 semper
1784 4531 2121 4587 sufficerent
2141 4551 2153 4588 :

2280 3365 2383 3417 aut
2400 3366 2554 3418 certe
2574 3362 2780 3418 inutile
2812 3363 3076 3430 reddere,
3099 3369 3202 3420 aut
3222 3380 3325 3438 per
3346 3364 3607 3439 aliquam
3640 3366 3928 3425 diversam

2277 3451 2554 3508 astutiam
2567 3450 2917 3509 laboriosius
2935 3452 3266 3510 faciendum
3280 3459 3614 3513 convertere
3624 3456 3928 3525 voluisset,

2276 3539 2386 3596 hoc
2417 3540 2756 3597 nullatenus
2784 3541 2974 3598 facere
3003 3543 3312 3615 potuisset.
3340 3543 3403 3601 In
3436 3545 3564 3617 ipso
3593 3549 3790 3607 autem
3812 3545 3932 3620 pla-

2276 3628 2412 3697 cito,
2436 3630 2483 3685 si
2507 3629 2649 3702 quid
2671 3630 2753 3686 ita
2781 3630 3054 3704 exigeret,
3077 3632 3165 3689 vel
3198 3638 3433 3707 propter
3461 3634 3927 3692 satisfactionem

2274 3722 2613 3775 caaterorum
2645 3719 2970 3790 seniorum,
3001 3721 3089 3777 vel
3137 3726 3373 3795 propter
3400 3740 3518 3780 non
3544 3723 3735 3781 solum
3768 3725 3927 3781 miti-

2271 3809 2761 3883 gandum,verum
2793 3810 2972 3867 etiam
3002 3813 3440 3869 accendendum
3463 3814 3730 3870 animum
3747 3831 3926 3888 popuo

2271 3898 2487 3967 lorum,
2518 3915 2585 3956 ac
2614 3899 2663 3956 si
2696 3899 2779 3956 ita
2806 3900 2972 3973 prius
3014 3900 3223 3957 exinde
3278 3903 3718 3976 praecogitatum
3777 3903 3922 3961 nihil

2271 3988 2586 4061 fuisset,ita
2606 4006 2762 4045 nunc
2788 4007 2822 4045 a
2845 3991 3277 4060 novo.consilio,
3301 3996 3359 4047 et
3377 4008 3671 4049 consensu
3686 3993 3920 4050 illorum

2271 4083 2329 4135 et
2357 4077 2734 4148 inveniretur,
2768 4082 2991 4137 etcum
3039 4080 3433 4155 magnanimis
3482 4082 3627 4139 ordo
3674 4081 3919 4140 Domino

2270 4168 2417 4224 duce
2438 4167 2830 4240 perﬁceretur.
2862 4169 2950 4225 Ita
2978 4173 3174 4226 autem
3196 4186 3348 4227 anno
3368 4170 3559 4243 priore
3587 4172 3918 4239 terminato,

2269 4257 2505 4327 praefato
2536 4257 2708 4313 modo
2741 4258 3112 4315 ordinaretur
3139 4263 3196 4315 et
3228 4260 3297 4315 de
3323 4260 3604 4317 secundo.

2340 4345 2474 4401 CAP.
2511 4345 2697 4401 XXXI.
2724 4347 3049 4404 Consiliarii
3074 4353 3288 4418 autem,
3316 4354 3604 4422 quantum
3640 4351 3917 4424 possibile

2268 4439 2537 4502 erat,tam
2555 4435 2749 4491 clerici
2766 4452 2944 4507 quam
2962 4436 3271 4506 laici,tales
3298 4438 3794 4512 eligebantur,qui
3808 4441 3921 4513 pri-

2267 4540 2362 4579 mo
2393 4526 2718 4580 secundum
2751 4541 2920 4581 suam
2946 4526 3195 4599 quisque
3225 4527 3573 4600 qualitatem
3596 4528 3683 4585 vel
3717 4530 3919 4585 minis-

504 4615 562 4666 et
591 4617 790 4669 tamen
820 4630 1070 4686 semper,
1105 4618 1169 4669 ut
1197 4614 1418 4672 dictum
1451 4623 1558 4685 est,
1594 4621 1784 4692 major
1831 4637 1966 4693 pars
1997 4621 2157 4677 illius
2186 4640 2235 4705 ι)
2267 4614 2476 4669 terium
2496 4613 2679 4705 Deum
2702 4615 3215 4684 timerent,deinde
3230 4617 3406 4673 talem
3424 4618 3596 4674 fidem
3612 4618 3915 4687 baberent,

501 4705 742 4775 prepter
765 4702 1039 4776 superius
1066 4710 1558 4763 commemoratas
1588 4708 2153 4781 benignitates,cum
2187 4702 2217 4705 7
2265 4707 2329 4758 ut
2349 4709 2586 4776 excepta
2606 4704 2726 4759 vita
2754 4708 2968 4761 aeterna
3000 4705 3144 4761 nihil
3178 4707 3299 4781 regi
3331 4712 3389 4763 et
3419 4724 3596 4781 regno
3614 4724 3916 4781 praepone-

493 4790 870 4861 jucunditate
899 4796 956 4850 et
985 4790 1279 4850 hilaritate
1337 4801 1604 4868 prompta
1652 4803 1709 4854 et
1751 4798 1925 4855 alacri
1959 4807 2151 4858 mente

500 4879 905 4952 persisterent.

568 4969 703 5032 Car.
725 4968 916 5027 XXIX.
952 4970 1222 5029 Secunda
1249 4973 1456 5031 divisio
1484 4979 1592 5043 est,
1626 4993 1743 5048 qua
1773 4978 1955 5035 totius
1987 4982 2148 5054 regni

496 5060 1041 5133 status,anteposito
1070 5061 1243 5118 sicuti
1273 5080 1505 5137 semper
1522 5068 1579 5120 et
1601 5065 1935 5140 ubicunque
1959 5071 2146 5126 omni-

494 5148 750 5219 potentis
762 5149 1412 5224 Deijudicio,quantum
1427 5154 1498 5210 ad
1523 5154 1846 5212 humanam
1860 5158 2145 5216 rationem

491 5235 840 5309 pertinebat,
863 5241 1192 5297 conservari
1223 5242 1550 5311 videbatur,
1584 5244 1706 5300 hinc
1746 5250 1855 5301 est.
1887 5247 2144 5303 Consue-

490 5326 633 5382 tudo
653 5330 848 5384 autem
870 5333 1013 5384 tunc
1038 5332 1320 5404 temporis
1342 5331 1477 5388 talis
1498 5337 1640 5402 erat,
1662 5338 1726 5390 ut
1758 5352 1872 5391 non
1904 5336 2139 5408 saepius,

491 5414 592 5470 sed
625 5415 716 5472 bis
758 5415 818 5473 in
874 5434 1047 5484 anno,
1080 5418 1297 5492 placita
1354 5421 1471 5476 duo
1530 5427 1886 5480 tenerentur.
1924 5424 2136 5495 Unum,

490 5504 725 5574 quando
754 5506 1137 5564 ordinabatur
1166 5514 1359 5565 status
1389 5510 1570 5567 totius
1588 5513 1747 5585 regni
1767 5515 1837 5570 ad
1856 5515 1993 5571 anni
2023 5533 2142 5572 ver-

490 5592 669 5648 tentis
694 5596 974 5667 spatium,
1008 5598 1164 5670 quod
1187 5599 1519 5655 ordinatum
1556 5600 1755 5659 nullus
1786 5608 2029 5658 eventus
2058 5620 2141 5659 re-

490 5694 646 5751 rum,
669 5683 782 5743 nisi
801 5701 1039 5748 summa
1077 5688 1417 5758 necessitas,
1441 5705 1568 5764 quae
1599 5691 1869 5751 similiter
1896 5695 2016 5750 toto
2047 5709 2139 5751 re-

2262 4797 2410 4860 rent,
2429 4810 2543 4849 non
2567 4793 2809 4861 amicos,
2836 4811 2950 4849 non
2990 4795 3287 4869 inimicos,
3321 4814 3437 4853 non
3471 4802 3765 4870 parentes,
3798 4814 3912 4855 non

2260 4899 2506 4940 munera
2534 4883 2894 4949 dantes,non
2936 4882 3323 4955 blandientes,
3339 4903 3455 4942 non
3476 4892 3910 4960 exasperantes,

2258 4990 2374 5029 non
2394 4972 2713 5045 sophistice
2727 4970 2816 5028 vel
2839 4978 3201 5041 versute,aut
3216 4976 3546 5032 secundum
3561 4975 3910 5049 sapientiam

2257 5062 2626 5118 solummodo
2640 5060 2819 5134 hujus
2832 5062 3028 5118 saeculi
3045 5079 3174 5135 qua:
3188 5063 3430 5121 inimica
3440 5070 3532 5121 est
3554 5066 3669 5122 Deo
3687 5065 3914 5140 sapien-

2254 5157 2363 5219 tes,
2380 5151 2482 5207 sed
2510 5149 2670 5206 illam
2697 5151 3047 5224 sapientiam
3072 5157 3131 5209 et
3155 5152 3609 5227 intelligentiam
3636 5154 3908 5223 scientes,

2254 5257 2373 5313 qua
2392 5239 2523 5295 illos
2540 5239 2641 5311 qui
2662 5240 2722 5296 in
2739 5241 3076 5313 supradicta
3097 5242 3361 5300 humana
3380 5244 3603 5300 astutia
3632 5245 3909 5302 ﬁduciam

2253 5347 2421 5387 suam
2454 5330 2823 5396 habuissent,
2848 5330 3097 5403 pleniter
3116 5349 3220 5405 per
3240 5334 3466 5405 justam
3499 5338 3557 5390 et
3588 5339 3807 5390 rectam
3824 5352 3911 5392 sa-

2252 5419 2531 5493 pientiam
2544 5436 2659 5476 non
2675 5418 2868 5476 solum
2883 5422 3330 5493 reprimere,sed
3342 5423 3612 5481 funditus
3622 5424 3912 5497 opprime-

2251 5527 2310 5566 re
2329 5510 2676 5584 potuissent.
2701 5508 2881 5565 Electi
2908 5515 3105 5567 autem
3128 5510 3449 5569 consiliarii
3473 5529 3593 5568 una
3621 5530 3755 5570 cum
3777 5529 3907 5587 rege

2250 5600 2359 5657 hoc
2390 5600 2543 5655 inter
2572 5616 2634 5654 se
2664 5598 3066 5671 principaliter
3091 5602 3479 5658 constitutum
3512 5600 3907 5670 habebant,nt

2250 5689 2535 5765 quidquid
2569 5689 2723 5745 inter
2742 5704 2803 5746 se
2824 5688 3191 5751 familiariter
3217 5691 3395 5750 locuti
3417 5692 3817 5768 fuissent,tam
3832 5693 3904 5753 de
