4152 6518
459 410 610 475 1011

1232 411 1623 476 HINCMARI
1666 411 1912 474 RHEM.
1956 408 2323 473 ARCHIEP.
2369 406 2774 474 OPUSCULA
2817 406 3083 469 VARIA.

3722 405 3889 469 1012

456 545 801 618 perveniens
831 540 1083 618 qualiter
1122 544 1297 614 vivat,
1330 550 1390 602 et
1418 547 1567 603 bene
1610 545 1810 603 vivens
1857 544 2110 618 qualiter
2140 542 2593 617 Alanguorum,
2626 542 2913 616 gaudium
2960 540 3293 613 hominum,
3334 539 3647 615 temperies
3698 540 3884 610 aeris,

459 635 685 702 doceat,
719 639 776 693 et
808 639 965 693 recte
995 636 1211 693 docens
1240 635 1646 692 inﬁrmitatem
1667 652 1836 693 suam
1857 633 2116 707 quotidie

457 730 680 798 quanta
708 725 1175 783 consideratione
1204 730 1538 798 cognoscat,
1564 725 1773 781 beatus
1803 724 2115 797 Gregorius

459 814 520 871 in
550 814 834 873 Pastorali
881 814 1083 888 regula
1129 813 1490 871 sufﬁcienter
1534 820 1594 871 et
1635 812 2115 885 eloquentissime

459 905 651 962 docet.

529 995 667 1052 CAP.
700 994 825 1051 VII.
854 994 1053 1062 Qualis
1078 994 1332 1067 denique
1365 1010 1463 1049 rex
1494 995 1701 1051 debeat
1728 1010 1877 1062 esse,
1911 995 2116 1051 beatus

460 1084 787 1159 Cyprianus
818 1084 879 1141 in
911 1101 1064 1141 nono
1084 1083 1403 1141 Abusionis
1427 1084 1614 1157 gradu
1638 1084 2002 1140 demonstrat
2021 1084 2119 1138 do-

461 1191 600 1231 cens
621 1174 862 1247 (cap.9):
893 1196 914 1225 α
939 1173 1169 1230 Etenim
1191 1190 1385 1247 regem
1411 1190 1525 1229 non
1547 1172 1839 1245 iniquum,
1867 1173 1967 1229 sed
1990 1189 2115 1229 cor-

454 1266 747 1321 rectorem
777 1263 1121 1336 iniquorum
1152 1279 1282 1319 esse
1325 1266 1572 1335 oportet.
1606 1263 1746 1319 Inde
1793 1263 1853 1318 in
1902 1265 2116 1318 semet-

459 1353 591 1426 ipso
623 1352 879 1411 nominis
909 1352 1003 1409 sui
1041 1351 1386 1425 dignitatem
1436 1350 1732 1407 custodire
1778 1351 1971 1408 debet.
2003 1351 2115 1408 No-

463 1454 602 1497 men
655 1439 813 1496 enim
871 1438 1026 1513 regis
1080 1437 1555 1495 intellectualiter
1612 1439 1722 1495 hoe
1781 1439 2013 1508 retinet,
2054 1445 2119 1495 ut

461 1529 747 1602 subjectis
776 1528 1056 1586 omnibus
1086 1527 1328 1585 rectoris
1366 1528 1628 1585 ofﬁcium
1675 1532 1970 1602 procuret.
2003 1529 2115 1585 Sed

462 1618 716 1691 qualiter
742 1618 889 1676 alios
918 1608 1210 1691 corrigere
1238 1616 1580 1690 poterit,qui
1604 1616 1870 1691 proprios
1900 1633 2115 1687 mores,

462 1723 536 1764 ne
582 1707 772 1780 iniqui
820 1706 960 1775 sint,
992 1723 1110 1763 non
1156 1706 1437 1779 corrigit?
1462 1704 1751 1773 Quoniam
1796 1706 1856 1762 in
1879 1706 2119 1778 justitia

462 1796 617 1871 regis
644 1796 933 1853 exaltatur
960 1795 1198 1863 solium,
1229 1800 1288 1852 et
1317 1795 1376 1851 in
1408 1795 1650 1852 veritate
1679 1794 1833 1869 regis
1861 1795 2117 1853 solidan-

461 1890 561 1943 tur
587 1884 987 1960 gubernacula
1016 1884 1639 1985 populorum.Justitia
1660 1901 1796 1987 vero
1825 1886 1980 1959 regis
2005 1890 2115 1987 est,
2145 1928 2195 1997 Β

462 1974 757 2032 neminem
815 1974 1035 2046 injuste
1083 1990 1187 2047 per
1232 1973 1553 2046 potentiam
1597 1973 1949 2047 opprimere,
1989 1974 2117 2031 sine

461 2080 849 2139 personarum
879 2062 1213 2136 acceptione
1243 2061 1397 2119 inter
1438 2062 1630 2119 virum
1680 2068 1737 2119 et
1784 2064 2118 2136 proximum

463 2170 640 2210 suum
661 2154 826 2226 justo
845 2152 1116 2224 judicare
1148 2169 1162 2208 :
1193 2151 1453 2219 advenis,
1487 2156 1545 2208 et
1575 2152 1908 2225 pupillis,et
1925 2153 2119 2210 viduis

463 2243 833 2299 defensorem
864 2258 1014 2310 esse,
1048 2242 1205 2297 furta
1232 2239 1526 2309 cohibere,
1559 2239 1850 2297 adulteria
1887 2243 2117 2313 punire,

461 2330 700 2404 iniquos
730 2347 846 2387 non
875 2315 1148 2397 enaltare,
1183 2328 1515 2401 impudicos
1551 2332 1609 2384 et
1638 2328 1954 2387 histriones
2001 2347 2118 2387 non

465 2419 712 2488 nutrire,
744 2417 960 2491 impios
990 2418 1062 2473 de
1093 2421 1251 2473 terra
1280 2417 1542 2489 perdere,
1572 2416 1894 2490 parricidas
1920 2423 1977 2475 et
1996 2436 2119 2492 per-

455 2511 731 2583 jurantes
760 2508 950 2564 vivere
970 2523 1085 2563 non
1108 2505 1616 2563 sinere.Ecclesias
1641 2508 2119 2581 defendere,pau-

463 2615 631 2673 peres
659 2596 1046 2670 eleemosynis
1076 2596 1250 2666 alere,
1276 2596 1473 2667 justos
1501 2613 1677 2669 super
1705 2597 1866 2669 regni
1889 2597 2121 2671 negotia

470 2686 849 2755 constituere,
882 2702 1051 2742 senes
1082 2689 1140 2741 et
1168 2683 1462 2757 sapientes
1489 2689 1547 2740 et
1588 2685 1814 2743 sobrios
1844 2687 2120 2745 consilia-

473 2776 592 2834 rios
615 2777 849 2843 habere,
882 2791 1188 2848 magorum
1228 2778 1287 2830 et
1336 2772 1697 2831 hariolorum
1745 2776 2120 2849 pythonissa-

468 2882 720 2938 rumque
750 2863 1271 2938 superstitionibus
1294 2880 1409 2919 non
1431 2862 2119 2931 intendere,iraeundiam

471 2956 725 3023 differre,
757 2952 1006 3027 patriam
1038 2952 1266 3010 fortiter
1286 2956 1344 3008 et
1353 2953 1517 3025 juste
1539 2956 1741 3009 contra
1760 2955 2122 3012 adversarios

465 3044 793 3113 defendere,
828 3059 931 3117 per
961 3042 1159 3098 omnia
1190 3042 1249 3097 in
1282 3041 1397 3097 Deo
1426 3041 1736 3111 confidere,
1758 3044 2121 3116 properitati-

470 3134 582 3191 bus
612 3132 879 3191 animum
911 3149 1025 3188 non
1057 3130 1301 3199 elevare,
1334 3134 1546 3186 cuneta
1577 3131 1820 3188 adversa
1834 3133 2122 3205 patienter

442 3214 730 3289 tolerare,
764 3222 939 3277 ﬁdem
969 3218 1318 3277 catholicam
1356 3218 1418 3275 in
1468 3218 1655 3276 Deum
1702 3220 1936 3290 habere,
1969 3222 2121 3279 ﬁlios

2223 632 2509 689 serenitas
2543 631 2745 700 maris,
2778 635 2943 687 terrea
2974 629 3321 698 fecunditas,
3356 630 3631 687 solatium
3664 647 3891 704 paupe-

2224 738 2377 791 rum,
2412 720 2720 777 haereditas
2752 719 3029 790 ﬁliorum,
3052 724 3109 775 et
3132 719 3484 793 sibimetipsi
3504 736 3643 793 spes
3665 719 3887 776 futura:

2223 808 2626 867 beatitudinis.
2645 810 2917 865 Attamen
2949 808 3096 865 sciat
3110 809 3389 881 rex,quod
3408 809 3563 865 sicut
3583 810 3643 866 in
3666 809 3888 866 throno

2223 898 2533 956 hominum
2565 898 2794 971 primus
2820 898 3176 954 constitutus
3208 902 3319 967 est,
3340 897 3423 955 sic
3445 902 3503 955 et
3522 898 3585 954 in
3608 898 3889 973 pcenis,si

2216 988 2518 1060 justitiam
2541 1004 2658 1044 non
2688 987 2909 1058 fecerit,
2943 986 3263 1060 primatum
3293 986 3603 1044 habiturus
3629 988 3893 1045 est.0m-

2225 1095 2330 1135 nes
2361 1093 2618 1149 namque
2648 1092 3034 1149 quoscunque
3066 1080 3398 1148 peccatores
3428 1077 3539 1134 sub
3569 1094 3632 1134 se
3652 1077 3715 1134 in
3740 1096 3891 1151 pre-

2226 1169 2378 1224 senti
2427 1166 2657 1230 habuit.
2696 1183 2877 1239 supra
2924 1181 2986 1223 se
3036 1166 3207 1222 modo
3256 1165 3613 1239 implacabili
3663 1167 3725 1223 in
3780 1166 3891 1224 illa

2225 1272 2398 1330 pcena
2428 1256 2626 1312 futura
2656 1255 2916 1313 habebit.

2296 1344 2432 1401 ΟΑΡ.
2464 1344 2613 1402 VIII.
2647 1367 2675 1395 «
2709 1345 2780 1400 Et
2808 1348 3007 1400 sextus
3034 1343 3352 1403 Abusionis
3377 1345 3595 1419 gradus
3615 1348 3886 1420 est,»qui

2225 1451 2342 1491 non
2375 1433 2567 1491 solum
2598 1434 2745 1507 regi,
2777 1434 2880 1489 sed
2919 1437 2979 1490 et
3024 1433 3319 1503 omnibus,
3350 1434 3453 1508 qui
3502 1435 3886 1493 dominorum

2225 1527 2543 1581 censentur
2582 1522 2841 1595 nomine,
2875 1522 3166 1590 convenit,
3200 1546 3229 1574 ‹‹
3261 1522 3538 1581 dominus
3586 1525 3716 1583 sine
3762 1526 3884 1582 vir-

2226 1617 2353 1670 tute
2386 1630 2401 1669 :
2435 1612 2577 1686 quia
2605 1611 2753 1669 nihil
2776 1612 3006 1684 proficit
3029 1612 3371 1669 dominandi
3394 1612 3609 1671 habere
3628 1619 3888 1687 potesta-

2223 1706 2366 1770 tem,
2399 1701 2449 1758 si
2479 1700 2756 1758 dominus
2787 1701 2913 1774 ipse
2944 1718 3061 1758 non
3091 1701 3305 1759 habeat
3330 1701 3564 1760 virtutis
3600 1704 3880 1778 rigorem.

2226 1790 2338 1847 Sed
2371 1790 2469 1847 hic
2495 1790 2727 1846 virtutis
2758 1791 3057 1864 rigor,non
3079 1794 3201 1848 tam
3222 1791 3493 1849 exteriori
3512 1792 3884 1864 fortitudine,

2226 1897 2353 1953 qua:
2384 1886 2440 1937 et
2466 1880 2596 1953 ipsa
2625 1879 3007 1937 saecularibus
3036 1880 3293 1937 dominis
3322 1882 3653 1940 necessaria
3678 1886 3887 1955 est,in-

2225 1969 2404 2042 diget,
2434 1984 2613 2042 quam
2643 1967 2825 2024 animi
2851 1967 3111 2025 interiori
3142 1969 3486 2026 fortitudine
3516 1971 3686 2028 bonis
3707 1973 3887 2028 mori-

2227 2060 2341 2116 bus
2369 2058 2621 2115 exerceri
2651 2058 3012 2131 debet.Saape
3033 2058 3191 2114 enim
3212 2059 3554 2116 dominandi
3575 2078 3678 2134 per
3696 2062 3887 2119 animi

2227 2146 2644 2221 negligentiam
2677 2148 2942 2221 perditur
2969 2147 3270 2218 fortitudo,
3305 2149 3461 2205 sicut
3502 2149 3563 2205 in
3612 2150 3738 2208 Heli
3786 2170 3885 2209 sa-

2227 2238 2459 2293 cerdote
2490 2237 2709 2293 factum
2741 2236 2923 2294 fuisse
2960 2238 3377 2310 comprobatur
3403 2239 3452 2309 (1
3479 2240 3603 2312 Reg.
3637 2240 3698 2313 ιι)
3731 2259 3747 2296 :
3777 2242 3884 2313 qui

2228 2326 2371 2382 dum
2405 2325 2712 2383 severitate
2724 2325 2936 2397 judicii
2957 2331 3267 2399 peccantes
3286 2326 3441 2384 ﬁlios
3464 2345 3579 2385 non
3598 2330 3884 2397 coercuit,

2227 2414 2287 2470 in
2316 2431 2519 2471 eorum
2557 2415 2877 2471 vindictam
2927 2416 3230 2486 Dominus,
3262 2415 3423 2474 velut
3470 2419 3881 2489 consentienti,

2229 2504 2496 2560 ferociter
2526 2521 2641 2561 non
2673 2505 2949 2577 pepercit.
2974 2505 3111 2561 Tria
3139 2521 3275 2579 ergo
3296 2507 3627 2565 necessaria
3647 2507 3755 2564 bos
3774 2509 3879 2581 qui

2229 2591 2607 2649 dominantur
2654 2593 2869 2650 habere
2917 2599 3163 2668 oportet,
3212 2599 3495 2653 terrorem
3550 2597 3792 2665 scilicet,
3823 2603 3886 2655 et

2230 2682 2679 2751 ordinationem,
2711 2687 2768 2738 et
2798 2700 3077 2740 amorem.
3103 2683 3225 2741 Nisi
3249 2685 3407 2741 enim
3437 2691 3668 2743 ametur
3694 2687 3882 2745 domi-

2230 2789 2345 2828 nus
2374 2772 2592 2844 pariter
2621 2777 2680 2828 et
2708 2773 3322 2843 metuatur,ordinatio
3345 2774 3588 2832 minime
3609 2783 3881 2834 constare

2230 2860 2388 2917 illius
2420 2865 2630 2934 potest.
2657 2862 2763 2919 Per
2792 2863 3074 2919 beneﬁcia
3095 2880 3231 2938 ergo
3252 2868 3309 2920 et
3327 2864 3725 2923 alfabilitatem
3754 2884 3883 2941 pro-

2230 2955 2394 3007 curet
2423 2955 2490 3007 ut
2518 2951 2814 3024 diligatur,
2847 2956 2905 3007 et
2934 2968 3038 3025 per
3059 2953 3256 3024 justas
3282 2952 3722 3025 vindictas,non
3746 2973 3877 3029 pro-

2229 3039 2367 3113 price
2395 3040 2643 3112 injuriae,
2678 3042 2777 3097 sed
2809 3040 2955 3114 legis
3006 3042 3127 3109 Dei,
3160 3042 3394 3099 studeat
3443 3049 3510 3100 ut
3557 3050 3873 3102 metuatur.

2231 3129 2538 3201 Propterea
2567 3146 2800 3202 quoque
2832 3130 2973 3186 dum
3002 3130 3170 3187 multi
3217 3133 3475 3205 pendent
3524 3134 3585 3189 in
3626 3151 3715 3203 eo,
3748 3135 3874 3207 ipse

2228 3219 2345 3275 Deo
2376 3219 2667 3276 adhaerere
2699 3220 2889 3286 debet,
2922 3220 3023 3287 qui
3052 3218 3221 3276 illum
3253 3221 3312 3277 in
3345 3222 3626 3279 ducatum
3658 3224 3873 3281 consti-

467 3328 607 3369 suos
636 3328 753 3367 non
785 3310 976 3366 sinere
1008 3308 1187 3381 impie
1217 3323 1407 3382 agere,
1439 3308 1612 3364 certis
1643 3309 1804 3367 horis
1842 3312 2116 3368 orationi-
2148 3305 2192 3373 C
2228 3307 2363 3376 tuit,
2384 3308 2485 3380 qui
2517 3309 2589 3364 ad
2622 3311 2909 3382 portanda
2932 3309 3253 3367 multorum
3276 3311 3675 3386 onera,ipsum
3697 3313 3876 3369 veluti

463 3400 577 3457 bus
608 3400 901 3465 insistere,
935 3401 1071 3454 ante
1101 3397 1276 3454 horas
1306 3414 1597 3472 congruas
1628 3399 1825 3455 cibum
1858 3418 1974 3457 non
2005 3418 2117 3475 gu-

466 3492 641 3546 stare.
679 3489 763 3545 Vce
798 3488 947 3543 enim
991 3495 1174 3554 terrae,
1206 3488 1362 3559 cujus
1415 3504 1513 3544 rex
1555 3504 1696 3560 puer
1738 3498 1833 3558 est,
1867 3499 1918 3546 et
1962 3492 2117 3562 cujus

459 3579 740 3652 principe:
781 3592 942 3633 mane
987 3577 1270 3633 comedunt
1320 3577 1512 3648 (Eccle.
1546 3594 1600 3644 x,
1637 3578 1741 3649 16).
1777 3578 1906 3634 Haec
1956 3581 2119 3653 regni

392 3676 399 3682 ‘
464 3665 910 3740 prosperitatem
932 3665 991 3720 in
1015 3666 1287 3738 praesenti
1339 3665 1647 3735 faciunt,et
1672 3682 1868 3740 regem
1901 3670 1973 3725 ad
2004 3687 2114 3727 cce-

462 3755 635 3813 lestia
664 3771 844 3829 regna
874 3753 1119 3811 meliora
1150 3755 1500 3827 perducunt.
1534 3756 1642 3822 Qui
1686 3773 1819 3813 vero
1868 3775 2116 3832 regnum

462 3862 577 3901 non
611 3846 939 3902 secundum
968 3844 1123 3901 hanc
1152 3843 1341 3917 legem
1374 3846 1927 3918 dispensat,multas
1950 3848 2115 3905 nimi-

462 3952 595 3991 rum
617 3935 1000 3992 adversitates
1022 3933 1253 4007 imperii
1278 3934 1799 3991 tolerabit.Idcirco
1821 3937 1979 3993 enim
2005 3956 2117 4011 pax

461 4041 615 4098 saepe
643 4023 995 4097 populorum
1028 4022 1346 4095 rumpitur,
1378 4027 1435 4079 et
1464 4023 1817 4080 offendicula
1844 4025 2017 4082 etiam
2044 4028 2115 4084 de

461 4130 641 4186 regno
668 4111 1053 4182 suscitantur,
1086 4115 1376 4167 terrarum
1408 4128 1640 4184 quoque
1671 4114 1898 4170 fructus
1942 4115 2112 4172 dimi-

461 4204 748 4279 nuuntur,
773 4204 830 4255 et
849 4199 1086 4256 servitia
1106 4199 1455 4272 populorum
1479 4202 2113 4274 prmpediuntur,multi

460 4292 519 4345 et
545 4287 691 4343 varii
724 4287 953 4345 dolores
983 4289 1434 4361 prosperitatem
1461 4290 1622 4361 regni
1652 4290 1941 4361 inﬁciunt,
1976 4294 2112 4350 ch‘a-

460 4392 661 4433 rorum
693 4380 751 4432 et
796 4375 1114 4433 liberorum
1164 4381 1382 4435 mortes
1430 4378 1734 4435 tristitiam
1781 4382 2109 4453 conferunt,

457 4465 721 4522 hostium
738 4464 1013 4522 incursus
1031 4467 1358 4538 provincias
1373 4468 1635 4541 undique
1649 4471 2111 4536 vastant,bestis3

460 4559 864 4612 armentorum
893 4557 950 4610 et
980 4570 1255 4626 pecorum
1286 4572 1490 4629 greges
1519 4557 1860 4628 dilacerant,
1897 4563 2112 4633 tempe-

458 4648 581 4744 stas
613 4641 766 4744 aeris
794 4641 1368 4747 ethyemi‘suturbata.
1388 4661 1585 4747 rerum
1606 4646 1964 4747 fecunditate
1989 4666 2106 4707 ma.
2142 4679 2190 4747 D

457 4733 541 4790 ris
580 4732 910 4790 ministeria
955 4730 1285 4805 prohibent,
1318 4737 1376 4788 et
1420 4734 1732 4806 aliquando
1788 4737 2106 4796 fulminum

456 4822 609 4879 ictus
627 4826 855 4897 segetes
871 4826 930 4877 et
946 4820 1223 4877 arborum
1244 4820 1413 4876 flores
1436 4826 1494 4877 et
1514 4824 1825 4895 pampinos
1845 4844 2107 4900 quosque

454 4916 728 4969 exurunt.
763 4911 952 4984 Super
979 4908 1181 4966 omnia
1203 4924 1337 4964 vero
1368 4910 1523 4982 regis
1553 4912 1846 4983 injustitia
1875 4931 1991 4970 non
2014 4934 2105 4972 so-

452 5000 578 5058 lum
610 5000 915 5074 praesentis
944 4998 1176 5073 imperii
1224 4996 1431 5055 faciem
1480 5000 1745 5069 offuscat,
1780 5002 1881 5057 sed
1928 5006 2105 5062 etiam

454 5089 607 5163 ﬁlios
638 5107 778 5147 suos
808 5095 867 5145 et
895 5094 1155 5162 nepotes,
1181 5105 1254 5144 ne
1284 5092 1418 5161 post
1439 5105 1501 5143 se
1523 5090 1685 5161 regni
1707 5088 2104 5150 hereditatem

452 5177 1264 5249 teneant,obscurat.Propter
1279 5175 1576 5248 piaculum
1597 5176 1755 5233 enim
1773 5178 2105 5241 Salomonis

452 5283 701 5339 regnum
734 5268 947 5323 domus
969 5264 1144 5322 Israel
1170 5264 1451 5322 Dominus
1467 5266 1538 5321 de
1554 5266 1829 5325 manibus
1847 5270 2103 5328 ﬁliorum

451 5356 581 5425 ejus
612 5356 912 5428 dispersit,
941 5360 1000 5410 et
1030 5359 1267 5426 propter
1288 5353 1583 5424 justitiam
1617 5354 1792 5411 David
1829 5359 1983 5431 regis
2014 5359 2101 5414 lu-

451 5459 685 5499 cernam
709 5444 781 5500 de
802 5443 1025 5499 semine
1046 5445 1172 5515 ejus
1192 5442 1493 5515 semperin
1506 5444 1829 5502 Jerusalem
1844 5448 2099 5520 reliquit.

449 5530 595 5586 Ecce
617 5538 903 5603 quantum
920 5533 1153 5604 justitia
1169 5532 1320 5604 regis
1333 5533 1544 5587 sacculo
1558 5533 2102 5602 valet,intuentibus

448 5618 753 5691 perspicue
783 5622 1069 5692 patet.Est
1098 5620 1255 5677 enim
1290 5636 1399 5692 pax
1432 5622 1801 5694 populorum,
1835 5628 2097 5682 tutamen

448 5706 668 5782 patriar,
703 5708 1048 5766 immunitas
1069 5709 1716 5783 plebis,munimentum
1741 5715 2099 5783 gentis,cura

2228 3396 2524 3453 fortiorem
2558 3398 2846 3455 solidavit.
2880 3399 3136 3456 Paxillus
3169 3401 3347 3468 enim,
3380 3401 3493 3459 nisi
3534 3403 3681 3459 bene
3728 3404 3876 3460 forte

2228 3488 2514 3553 ﬁrmetur,
2545 3492 2602 3543 et
2632 3487 2806 3544 alicui
2840 3489 3063 3546 fortiori
3096 3489 3406 3558 adhazreat,
3440 3508 3615 3549 omne
3638 3493 3794 3565 quod
3818 3494 3877 3549 in

2226 3594 2292 3634 eo
2324 3578 2537 3649 pendet
2565 3578 2678 3634 cito
2708 3578 2946 3646 labitur,
2979 3584 3035 3636 et
3065 3580 3191 3653 ipse
3220 3579 3449 3637 solutus
3476 3598 3512 3637 a
3542 3582 3730 3656 rigore
3758 3600 3879 3641 sua

2228 3665 2524 3722 ﬁrmitatis
2553 3682 2686 3722 cum
2720 3667 2996 3724 oneribus
3028 3670 3099 3725 ad
3130 3675 3345 3726 terram
3372 3669 3681 3728 delabitur.
3698 3672 3793 3729 Sic
3821 3676 3880 3729 et

2226 3754 2516 3828 princeps,
2551 3755 2663 3811 nisi
2696 3773 2802 3812 suo
2835 3757 3120 3814 conditori
3144 3758 3519 3832 pertinaciter
3539 3760 3873 3829 adhaeserit,

2225 3850 2282 3903 et
2312 3846 2457 3920 ipse,
2487 3850 2546 3902 et
2576 3864 2749 3903 omne
2779 3849 2935 3920 quod
2986 3849 3269 3917 continet,
3302 3850 3414 3906 cito
3466 3850 3710 3923 deperit.
3739 3852 3875 3918 Qui-

2225 3937 2361 3992 dam
2395 3953 2651 4009 namque
2676 3954 2777 4010 per
2803 3937 3144 3994 dominandi
3174 3938 3433 3995 ofﬁcium
3463 3938 3598 4013 plus
3631 3940 3747 3997 Deo
3775 3958 3877 4014 ap-

2225 4025 2626 4099 prOpinquant
2659 4045 2671 4082 :
2708 4027 2948 4099 quidam
2987 4028 3264 4101 imposito
3293 4028 3405 4085 sibi
3440 4028 3743 4102 dignitatis
3772 4030 3874 4087 ho-

2225 4132 2364 4171 nore
2393 4115 2706 4172 deteriores
2738 4117 2907 4171 ﬁunt.
2944 4116 3169 4191 Moyses
3201 4134 3455 4191 namque
3502 4124 3738 4193 accepto
3768 4137 3875 4192 po-

2223 4202 2348 4275 puli
2380 4203 2595 4258 ducatu
2627 4202 2975 4260 familiarius
3006 4204 3109 4261 Dei
3154 4205 3551 4263 locutionibus
3601 4208 3875 4263 utebatur

2222 4292 2414 4362 (Exod.
2447 4295 2647 4360 xxxm)
2682 4309 2695 4347 :
2730 4293 2872 4348 Saul
2904 4310 3035 4350 vero
3066 4293 3223 4350 ﬁlius
3244 4294 3359 4361 Cis,
3384 4300 3695 4368 postquam
3717 4312 3875 4369 scep-

2221 4386 2315 4437 tra
2345 4381 2506 4454 regni
2523 4382 3307 4455 suscepit,perinobedentia
3330 4384 3667 4456 superbiam
3689 4385 3871 4442 Deum

2222 4468 2468 4547 offendit
2492 4469 2537 4541 (ι
2566 4470 2694 4541 Reg.
2726 4471 2840 4541 xv).
2874 4471 2992 4526 Rex
3021 4471 3293 4528 Salomon
3325 4477 3638 4546 postquam
3690 4473 3872 4547 patris

2222 4558 2313 4615 sui
2362 4558 2539 4614 David
2590 4559 2788 4615 sedem
2822 4560 3092 4626 obtinuit,
3117 4566 3269 4617 Deus
3289 4561 3456 4618 illum
3487 4562 3642 4619 ultra
3669 4580 3871 4620 omnes

2223 4646 2499 4703 mortales
2528 4647 2690 4704 velut
2719 4649 2790 4704 ad
2826 4650 3122 4705 numerosi
3156 4650 3357 4724 populi
3387 4652 3868 4725 gubernationem

2221 4736 2523 4809 sapientia:
2572 4752 2816 4793 munere
2864 4736 3071 4794 ditavit
3095 4741 3199 4808 (III
3234 4740 3362 4811 Reg.
3396 4744 3501 4810 in).
3535 4741 3868 4798 Econtrario

2216 4842 2350 4882 vero
2377 4826 2688 4882 Jeroboam
2719 4843 2921 4884 servus
2962 4827 3313 4898 Salomonis,
3346 4834 3658 4904 postquam
3707 4831 3866 4905 regni

2217 4916 2430 4971 domus
2461 4915 2638 4971 David
2673 4916 2977 4988 occupavit
3007 4921 3256 4990 partem,
3281 4918 3352 4975 ad
3378 4918 3668 4976 idolorum
3688 4919 3870 4976 cultu-

2218 5021 2343 5060 ram
2374 5005 2577 5060 decem
2607 5004 2797 5060 tribus
2830 5005 3028 5074 Israel,
3062 5023 3191 5080 qua:
3236 5012 3405 5065 erant
3448 5009 3507 5065 in
3555 5015 3720 5082 parte
3766 5011 3866 5066 Sa-

2217 5092 2414 5148 maria:
2449 5092 2683 5148 attraxit
2714 5092 2812 5164 (III
2841 5095 2963 5165 Reg.
2998 5095 3121 5167 xu).
3155 5097 3263 5153 Per
3290 5114 3418 5170 qua:
3462 5097 3727 5171 exempla
3753 5098 3865 5154 evi-

2214 5181 2421 5237 denter
2449 5182 2798 5251 ostenditur,
2833 5185 3121 5255 quosdam
3151 5185 3213 5242 in
3247 5186 3576 5244 sublimiori
3608 5191 3763 5245 statu
3794 5188 3863 5244 ad

2215 5271 2497 5341 majorem
2532 5271 2950 5342 perfectionem
2982 5289 3261 5344 crescere,
3287 5277 3572 5349 quosdam
3604 5294 3738 5334 vero
3767 5294 3868 5350 per

2215 5358 2591 5431 supercilium
2612 5360 3028 5417 dominationis
3046 5363 3117 5417 ad
3135 5363 3425 5421 deteriora
3439 5367 3866 5423 defluere.Puer

2213 5450 2366 5521 quod
2400 5453 2717 5521 utrumque
2746 5448 3219 5524 intelligitur,eos
3245 5453 3342 5526 qui
3367 5455 3439 5510 ad
3467 5454 3709 5512 meliora
3729 5474 3861 5513 con-

2212 5540 2595 5605 descendunt,
2624 5556 2728 5611 per
2772 5539 3047 5597 virtutem
3098 5543 3302 5610 animi,
3335 5548 3391 5598 et
3430 5543 3530 5601 Dei
3582 5545 3860 5601 auxilium

2212 5646 2381 5700 posse
2412 5628 2471 5683 id
2506 5629 2775 5696 facere,et
2801 5648 2900 5685 eos
2930 5631 3028 5704 qui
3061 5633 3132 5688 ad
3155 5632 3442 5690 deteriora
3464 5634 3860 5705 devertuntur,

2210 5735 2311 5790 per
2342 5717 2555 5774 mentis
2602 5707 3063 5778 imbecillitafe'm
3113 5722 3332 5795 pariter
3358 5728 3412 5779 et
3447 5723 3857 5798 negligentiam
