  <div class='ocr_page' id='page_1' title='image "/cluster/home/n/w/nwhite01/storage/ocr_20150623/125/umn.31951002477418t/546.png"; bbox 0 0 4152 6522; ppageno 0'>
   <div class='ocr_carea' id='block_1_1' title="bbox 279 476 435 541">
    <p class='ocr_par' dir='ltr' id='par_1_1' title="bbox 279 476 435 541">
     <span class='ocr_line' id='line_1_1' title="bbox 279 476 435 541; baseline -0.019 0"><span class='ocrx_word' id='word_1_1' title='bbox 279 476 435 541; x_wconf 78' lang='grc'>1013</span> 
     </span>
    </p>
   </div>
   <div class='ocr_carea' id='block_1_2' title="bbox 999 477 2961 546">
    <p class='ocr_par' dir='ltr' id='par_1_2' title="bbox 999 477 2961 546">
     <span class='ocr_line' id='line_1_2' title="bbox 999 477 2961 546; baseline 0.002 -5"><span class='ocrx_word' id='word_1_2' title='bbox 999 479 1104 542; x_wconf 83' lang='lat' dir='ltr'>AD</span> <span class='ocrx_word' id='word_1_3' title='bbox 1147 477 1574 543; x_wconf 87' lang='lat' dir='ltr'>EPISGOPOS</span> <span class='ocrx_word' id='word_1_4' title='bbox 1619 479 1723 544; x_wconf 84' lang='lat' dir='ltr'>DE</span> <span class='ocrx_word' id='word_1_5' title='bbox 1765 477 2328 544; x_wconf 85' lang='lat' dir='ltr'>INSTITUTIONE</span> <span class='ocrx_word' id='word_1_6' title='bbox 2371 481 2961 546; x_wconf 78' lang='lat' dir='ltr'>COROLOMANNI.</span> 
     </span>
    </p>
   </div>
   <div class='ocr_carea' id='block_1_3' title="bbox 3533 482 3694 548">
    <p class='ocr_par' dir='ltr' id='par_1_3' title="bbox 3533 482 3694 548">
     <span class='ocr_line' id='line_1_3' title="bbox 3533 482 3694 548; baseline 0 -2"><span class='ocrx_word' id='word_1_7' title='bbox 3533 482 3694 548; x_wconf 64' lang='lat' dir='ltr'>10M</span> 
     </span>
    </p>
   </div>
   <div class='ocr_carea' id='block_1_4' title="bbox 275 594 3690 689">
    <p class='ocr_par' dir='ltr' id='par_1_4' title="bbox 275 594 3690 689">
     <span class='ocr_line' id='line_1_4' title="bbox 275 594 3690 689; baseline 0.001 -18"><span class='ocrx_word' id='word_1_8' title='bbox 275 628 488 672; x_wconf 89' lang='lat' dir='ltr'>errare.</span> <span class='ocrx_word' id='word_1_9' title='bbox 522 610 686 669; x_wconf 84' lang='lat' dir='ltr'>Unde</span> <span class='ocrx_word' id='word_1_10' title='bbox 713 614 772 669; x_wconf 90' lang='lat' dir='ltr'>et</span> <span class='ocrx_word' id='word_1_11' title='bbox 799 610 1106 669; x_wconf 88' lang='lat' dir='ltr'>dominum</span> <span class='ocrx_word' id='word_1_12' title='bbox 1134 613 1357 686; x_wconf 84' lang='lat' dir='ltr'>absque</span> <span class='ocrx_word' id='word_1_13' title='bbox 1382 613 1599 671; x_wconf 89' lang='lat' dir='ltr'>virtute</span> <span class='ocrx_word' id='word_1_14' title='bbox 1637 613 1762 670; x_wconf 80' lang='lat' dir='ltr'>ﬁeri</span> <span class='ocrx_word' id='word_1_15' title='bbox 1809 629 1926 670; x_wconf 87' lang='lat' dir='ltr'>non</span> <span class='ocrx_word' id='word_1_16' title='bbox 1953 613 2012 682; x_wconf 78' lang='grc' dir='ltr'>Α</span> <span class='ocrx_word' id='word_1_17' title='bbox 2039 611 2345 671; x_wconf 86' lang='lat' dir='ltr'>blanditiis</span> <span class='ocrx_word' id='word_1_18' title='bbox 2374 613 2730 687; x_wconf 74' lang='lat' dir='ltr'>cuiusquam</span> <span class='ocrx_word' id='word_1_19' title='bbox 2761 614 3027 673; x_wconf 82' lang='lat' dir='ltr'>scelerati</span> <span class='ocrx_word' id='word_1_20' title='bbox 3058 614 3408 689; x_wconf 90' lang='lat' dir='ltr'>pelliciatur,</span> <span class='ocrx_word' id='word_1_21' title='bbox 3423 594 3514 674; x_wconf 84' lang='lat' dir='ltr'>vel</span> <span class='ocrx_word' id='word_1_22' title='bbox 3545 616 3690 675; x_wconf 88' lang='lat' dir='ltr'>adu-</span> 
     </span>
    </p>
   </div>
   <div class='ocr_carea' id='block_1_5' title="bbox 277 701 1925 776">
    <p class='ocr_par' dir='ltr' id='par_1_5' title="bbox 277 701 1925 776">
     <span class='ocr_line' id='line_1_5' title="bbox 277 701 1925 776; baseline 0 -16"><span class='ocrx_word' id='word_1_23' title='bbox 277 704 461 774; x_wconf 89' lang='lat' dir='ltr'>decet,</span> <span class='ocrx_word' id='word_1_24' title='bbox 509 703 610 776; x_wconf 88' lang='lat' dir='ltr'>qui</span> <span class='ocrx_word' id='word_1_25' title='bbox 657 701 936 759; x_wconf 82' lang='lat' dir='ltr'>virtutem</span> <span class='ocrx_word' id='word_1_26' title='bbox 985 703 1114 760; x_wconf 87' lang='lat' dir='ltr'>sine</span> <span class='ocrx_word' id='word_1_27' title='bbox 1171 704 1269 760; x_wconf 85' lang='lat' dir='ltr'>Dei</span> <span class='ocrx_word' id='word_1_28' title='bbox 1319 703 1532 760; x_wconf 82' lang='lat' dir='ltr'>auxilio</span> <span class='ocrx_word' id='word_1_29' title='bbox 1588 703 1925 760; x_wconf 78' lang='lat' dir='ltr'>nullatenus</span> 
     </span>
    </p>
   </div>
   <div class='ocr_carea' id='block_1_6' title="bbox 272 791 1926 860">
    <p class='ocr_par' dir='ltr' id='par_1_6' title="bbox 272 791 1926 860">
     <span class='ocr_line' id='line_1_6' title="bbox 272 791 1926 860; baseline -0.001 -12"><span class='ocrx_word' id='word_1_30' title='bbox 272 791 586 858; x_wconf 89' lang='lat' dir='ltr'>habet.Qui</span> <span class='ocrx_word' id='word_1_31' title='bbox 617 791 831 848; x_wconf 85' lang='lat' dir='ltr'>etenim</span> <span class='ocrx_word' id='word_1_32' title='bbox 861 791 1052 848; x_wconf 88' lang='lat' dir='ltr'>multa</span> <span class='ocrx_word' id='word_1_33' title='bbox 1077 795 1295 860; x_wconf 86' lang='lat' dir='ltr'>tuetur,</span> <span class='ocrx_word' id='word_1_34' title='bbox 1329 793 1379 848; x_wconf 90' lang='lat' dir='ltr'>si</span> <span class='ocrx_word' id='word_1_35' title='bbox 1411 809 1527 848; x_wconf 91' lang='lat' dir='ltr'>non</span> <span class='ocrx_word' id='word_1_36' title='bbox 1558 792 1735 848; x_wconf 81' lang='lat' dir='ltr'>habet</span> <span class='ocrx_word' id='word_1_37' title='bbox 1762 792 1926 847; x_wconf 82' lang='lat' dir='ltr'>forti-</span> 
     </span>
    </p>
   </div>
   <div class='ocr_carea' id='block_1_7' title="bbox 273 879 1925 954">
    <p class='ocr_par' dir='ltr' id='par_1_7' title="bbox 273 879 1925 954">
     <span class='ocr_line' id='line_1_7' title="bbox 273 879 1925 954; baseline -0.001 -16"><span class='ocrx_word' id='word_1_38' title='bbox 273 881 542 939; x_wconf 80' lang='lat' dir='ltr'>tudinem</span> <span class='ocrx_word' id='word_1_39' title='bbox 571 879 897 946; x_wconf 88' lang='lat' dir='ltr'>animi,non</span> <span class='ocrx_word' id='word_1_40' title='bbox 924 879 1079 937; x_wconf 88' lang='lat' dir='ltr'>valet</span> <span class='ocrx_word' id='word_1_41' title='bbox 1099 880 1158 936; x_wconf 90' lang='lat' dir='ltr'>id</span> <span class='ocrx_word' id='word_1_42' title='bbox 1191 897 1382 954; x_wconf 85' lang='lat' dir='ltr'>agere,</span> <span class='ocrx_word' id='word_1_43' title='bbox 1408 880 1687 952; x_wconf 90' lang='lat' dir='ltr'>quoniam</span> <span class='ocrx_word' id='word_1_44' title='bbox 1709 898 1925 954; x_wconf 90' lang='lat' dir='ltr'>magna</span> 
     </span>
    </p>
   </div>
   <div class='ocr_carea' id='block_1_8' title="bbox 273 966 1926 1044">
    <p class='ocr_par' dir='ltr' id='par_1_8' title="bbox 273 966 1926 1044">
     <span class='ocr_line' id='line_1_8' title="bbox 273 966 1926 1044; baseline -0.002 -17"><span class='ocrx_word' id='word_1_45' title='bbox 273 969 505 1044; x_wconf 85' lang='lat' dir='ltr'>magnis</span> <span class='ocrx_word' id='word_1_46' title='bbox 550 967 1050 1040; x_wconf 82' lang='lat' dir='ltr'>infestationibus,</span> <span class='ocrx_word' id='word_1_47' title='bbox 1099 967 1188 1024; x_wconf 88' lang='lat' dir='ltr'>vel</span> <span class='ocrx_word' id='word_1_48' title='bbox 1241 967 1692 1025; x_wconf 90' lang='lat' dir='ltr'>adversitatibus</span> <span class='ocrx_word' id='word_1_49' title='bbox 1735 966 1926 1024; x_wconf 85' lang='lat' dir='ltr'>solent</span> 
     </span>
    </p>
   </div>
   <div class='ocr_carea' id='block_1_9' title="bbox 271 1055 1922 1132">
    <p class='ocr_par' dir='ltr' id='par_1_9' title="bbox 271 1055 1922 1132">
     <span class='ocr_line' id='line_1_9' title="bbox 271 1055 1922 1132; baseline -0.002 -16"><span class='ocrx_word' id='word_1_50' title='bbox 271 1057 768 1116; x_wconf 89' lang='lat' dir='ltr'>laborare.0mnis</span> <span class='ocrx_word' id='word_1_51' title='bbox 789 1074 924 1132; x_wconf 87' lang='lat' dir='ltr'>ergo</span> <span class='ocrx_word' id='word_1_52' title='bbox 948 1057 1048 1130; x_wconf 90' lang='lat' dir='ltr'>qui</span> <span class='ocrx_word' id='word_1_53' title='bbox 1065 1061 1276 1130; x_wconf 65' lang='lat' dir='ltr'>praeest</span> <span class='ocrx_word' id='word_1_54' title='bbox 1305 1057 1414 1112; x_wconf 91' lang='lat' dir='ltr'>hoc</span> <span class='ocrx_word' id='word_1_55' title='bbox 1441 1055 1720 1130; x_wconf 82' lang='lat' dir='ltr'>primitus</span> <span class='ocrx_word' id='word_1_56' title='bbox 1739 1057 1922 1114; x_wconf 88' lang='lat' dir='ltr'>animi</span> 
     </span>
    </p>
   </div>
   <div class='ocr_carea' id='block_1_10' title="bbox 271 1145 1922 1218">
    <p class='ocr_par' dir='ltr' id='par_1_10' title="bbox 271 1145 1922 1218">
     <span class='ocr_line' id='line_1_10' title="bbox 271 1145 1922 1218; baseline -0.002 -13"><span class='ocrx_word' id='word_1_57' title='bbox 271 1152 396 1206; x_wconf 91' lang='lat' dir='ltr'>tota</span> <span class='ocrx_word' id='word_1_58' title='bbox 427 1145 749 1204; x_wconf 84' lang='lat' dir='ltr'>intentione</span> <span class='ocrx_word' id='word_1_59' title='bbox 779 1150 1142 1218; x_wconf 85' lang='lat' dir='ltr'>procuret,ut</span> <span class='ocrx_word' id='word_1_60' title='bbox 1172 1162 1276 1218; x_wconf 86' lang='lat' dir='ltr'>per</span> <span class='ocrx_word' id='word_1_61' title='bbox 1303 1145 1502 1202; x_wconf 89' lang='lat' dir='ltr'>omnia</span> <span class='ocrx_word' id='word_1_62' title='bbox 1531 1147 1602 1202; x_wconf 91' lang='lat' dir='ltr'>de</span> <span class='ocrx_word' id='word_1_63' title='bbox 1630 1146 1730 1202; x_wconf 91' lang='lat' dir='ltr'>Dei</span> <span class='ocrx_word' id='word_1_64' title='bbox 1754 1147 1922 1218; x_wconf 87' lang='lat' dir='ltr'>adju-</span> 
     </span>
    </p>
   </div>
   <div class='ocr_carea' id='block_1_11' title="bbox 270 1234 1920 1308">
    <p class='ocr_par' dir='ltr' id='par_1_11' title="bbox 270 1234 1920 1308">
     <span class='ocr_line' id='line_1_11' title="bbox 270 1234 1920 1308; baseline -0.004 -12"><span class='ocrx_word' id='word_1_65' title='bbox 270 1237 420 1296; x_wconf 85' lang='lat' dir='ltr'>torio</span> <span class='ocrx_word' id='word_1_66' title='bbox 453 1235 692 1293; x_wconf 88' lang='lat' dir='ltr'>omnino</span> <span class='ocrx_word' id='word_1_67' title='bbox 721 1251 836 1292; x_wconf 91' lang='lat' dir='ltr'>non</span> <span class='ocrx_word' id='word_1_68' title='bbox 869 1235 1116 1291; x_wconf 83' lang='lat' dir='ltr'>dubitet.</span> <span class='ocrx_word' id='word_1_69' title='bbox 1169 1235 1229 1290; x_wconf 91' lang='lat' dir='ltr'>Si</span> <span class='ocrx_word' id='word_1_70' title='bbox 1277 1251 1531 1306; x_wconf 84' lang='lat' dir='ltr'>namque</span> <span class='ocrx_word' id='word_1_71' title='bbox 1578 1234 1815 1308; x_wconf 76' lang='lat' dir='ltr'>coeperit</span> <span class='ocrx_word' id='word_1_72' title='bbox 1863 1235 1920 1289; x_wconf 91' lang='lat' dir='ltr'>in</span> 
     </span>
    </p>
   </div>
   <div class='ocr_carea' id='block_1_12' title="bbox 271 1323 1924 1385">
    <p class='ocr_par' dir='ltr' id='par_1_12' title="bbox 271 1323 1924 1385">
     <span class='ocr_line' id='line_1_12' title="bbox 271 1323 1924 1385; baseline -0.004 -1"><span class='ocrx_word' id='word_1_73' title='bbox 271 1326 501 1385; x_wconf 87' lang='lat' dir='ltr'>actibus</span> <span class='ocrx_word' id='word_1_74' title='bbox 517 1325 644 1382; x_wconf 88' lang='lat' dir='ltr'>suis</span> <span class='ocrx_word' id='word_1_75' title='bbox 674 1323 1077 1380; x_wconf 82' lang='lat' dir='ltr'>auxiliatorem</span> <span class='ocrx_word' id='word_1_76' title='bbox 1095 1323 1310 1379; x_wconf 90' lang='lat' dir='ltr'>habere</span> <span class='ocrx_word' id='word_1_77' title='bbox 1326 1323 1640 1380; x_wconf 90' lang='lat' dir='ltr'>Dominum</span> <span class='ocrx_word' id='word_1_78' title='bbox 1663 1325 1924 1380; x_wconf 88' lang='lat' dir='ltr'>domino-</span> 
     </span>
    </p>
   </div>
   <div class='ocr_carea' id='block_1_13' title="bbox 270 1411 1923 1484">
    <p class='ocr_par' dir='ltr' id='par_1_13' title="bbox 270 1411 1923 1484">
     <span class='ocr_line' id='line_1_13' title="bbox 270 1411 1923 1484; baseline -0.004 -10"><span class='ocrx_word' id='word_1_79' title='bbox 270 1433 425 1484; x_wconf 86' lang='lat' dir='ltr'>rum,</span> <span class='ocrx_word' id='word_1_80' title='bbox 461 1415 660 1472; x_wconf 90' lang='lat' dir='ltr'>nullus</span> <span class='ocrx_word' id='word_1_81' title='bbox 699 1413 1010 1470; x_wconf 88' lang='lat' dir='ltr'>hominum</span> <span class='ocrx_word' id='word_1_82' title='bbox 1048 1411 1410 1484; x_wconf 87' lang='lat' dir='ltr'>contemptui</span> <span class='ocrx_word' id='word_1_83' title='bbox 1455 1412 1666 1484; x_wconf 90' lang='lat' dir='ltr'>poterit</span> <span class='ocrx_word' id='word_1_84' title='bbox 1710 1412 1923 1468; x_wconf 89' lang='lat' dir='ltr'>habere</span> 
     </span>
    </p>
   </div>
   <div class='ocr_carea' id='block_1_14' title="bbox 268 1503 1924 1579">
    <p class='ocr_par' dir='ltr' id='par_1_14' title="bbox 268 1503 1924 1579">
     <span class='ocr_line' id='line_1_14' title="bbox 268 1503 1924 1579; baseline -0.003 -16"><span class='ocrx_word' id='word_1_85' title='bbox 268 1507 400 1579; x_wconf 86' lang='lat' dir='ltr'>ejus</span> <span class='ocrx_word' id='word_1_86' title='bbox 429 1504 798 1562; x_wconf 86' lang='lat' dir='ltr'>dominatum</span> <span class='ocrx_word' id='word_1_87' title='bbox 834 1519 847 1558; x_wconf 91' lang='lat'>:</span> <span class='ocrx_word' id='word_1_88' title='bbox 881 1503 1003 1559; x_wconf 85' lang='lat' dir='ltr'>Non</span> <span class='ocrx_word' id='word_1_89' title='bbox 1047 1503 1198 1559; x_wconf 87' lang='lat' dir='ltr'>enim</span> <span class='ocrx_word' id='word_1_90' title='bbox 1225 1511 1306 1558; x_wconf 86' lang='lat' dir='ltr'>est</span> <span class='ocrx_word' id='word_1_91' title='bbox 1349 1509 1583 1574; x_wconf 73' lang='lat' dir='ltr'>potestas</span> <span class='ocrx_word' id='word_1_92' title='bbox 1610 1503 1728 1557; x_wconf 79' lang='lat' dir='ltr'>nisi</span> <span class='ocrx_word' id='word_1_93' title='bbox 1755 1518 1790 1557; x_wconf 90' lang='lat' dir='ltr'>a</span> <span class='ocrx_word' id='word_1_94' title='bbox 1817 1503 1924 1558; x_wconf 86' lang='lat' dir='ltr'>Deo</span> 
     </span>
    </p>
   </div>
   <div class='ocr_carea' id='block_1_15' title="bbox 268 1591 1920 1670">
    <p class='ocr_par' dir='ltr' id='par_1_15' title="bbox 268 1591 1920 1670">
     <span class='ocr_line' id='line_1_15' title="bbox 268 1591 1920 1670; baseline -0.005 -16"><span class='ocrx_word' id='word_1_95' title='bbox 268 1597 444 1670; x_wconf 86' lang='lat' dir='ltr'>(Rom.</span> <span class='ocrx_word' id='word_1_96' title='bbox 477 1611 598 1664; x_wconf 83' lang='lat' dir='ltr'>xm,</span> <span class='ocrx_word' id='word_1_97' title='bbox 633 1593 847 1666; x_wconf 76' lang='lat' dir='ltr'>1).Ipsc</span> <span class='ocrx_word' id='word_1_98' title='bbox 871 1593 1028 1649; x_wconf 89' lang='lat' dir='ltr'>enim</span> <span class='ocrx_word' id='word_1_99' title='bbox 1053 1591 1238 1648; x_wconf 87' lang='lat' dir='ltr'>elevat</span> <span class='ocrx_word' id='word_1_100' title='bbox 1265 1593 1338 1648; x_wconf 91' lang='lat' dir='ltr'>de</span> <span class='ocrx_word' id='word_1_101' title='bbox 1369 1594 1624 1647; x_wconf 90' lang='lat' dir='ltr'>stercore</span> <span class='ocrx_word' id='word_1_102' title='bbox 1643 1605 1920 1664; x_wconf 87' lang='lat' dir='ltr'>egenum,</span> 
     </span>
    </p>
   </div>
   <div class='ocr_carea' id='block_1_16' title="bbox 267 1679 1918 1754">
    <p class='ocr_par' dir='ltr' id='par_1_16' title="bbox 267 1679 1918 1754">
     <span class='ocr_line' id='line_1_16' title="bbox 267 1679 1918 1754; baseline -0.004 -11"><span class='ocrx_word' id='word_1_103' title='bbox 267 1690 326 1744; x_wconf 92' lang='lat' dir='ltr'>et</span> <span class='ocrx_word' id='word_1_104' title='bbox 353 1685 555 1742; x_wconf 88' lang='lat' dir='ltr'>sedere</span> <span class='ocrx_word' id='word_1_105' title='bbox 583 1681 722 1740; x_wconf 87' lang='lat' dir='ltr'>facit</span> <span class='ocrx_word' id='word_1_106' title='bbox 749 1698 882 1738; x_wconf 88' lang='lat' dir='ltr'>cum</span> <span class='ocrx_word' id='word_1_107' title='bbox 919 1680 1285 1754; x_wconf 89' lang='lat' dir='ltr'>principibus</span> <span class='ocrx_word' id='word_1_108' title='bbox 1314 1679 1518 1753; x_wconf 90' lang='lat' dir='ltr'>populi</span> <span class='ocrx_word' id='word_1_109' title='bbox 1549 1679 1644 1736; x_wconf 91' lang='lat' dir='ltr'>sui</span> <span class='ocrx_word' id='word_1_110' title='bbox 1675 1695 1689 1735; x_wconf 76' lang='grc' dir='ltr'>ε</span> <span class='ocrx_word' id='word_1_111' title='bbox 1724 1683 1783 1736; x_wconf 91' lang='lat' dir='ltr'>et</span> <span class='ocrx_word' id='word_1_112' title='bbox 1821 1680 1918 1736; x_wconf 92' lang='lat' dir='ltr'>de-</span> 
     </span>
    </p>
   </div>
   <div class='ocr_carea' id='block_1_17' title="bbox 268 1766 1915 1849">
    <p class='ocr_par' dir='ltr' id='par_1_17' title="bbox 268 1766 1915 1849">
     <span class='ocr_line' id='line_1_17' title="bbox 268 1766 1915 1849; baseline -0.005 -19"><span class='ocrx_word' id='word_1_113' title='bbox 268 1773 434 1849; x_wconf 90' lang='lat' dir='ltr'>ponit</span> <span class='ocrx_word' id='word_1_114' title='bbox 459 1774 727 1846; x_wconf 89' lang='lat' dir='ltr'>potentes</span> <span class='ocrx_word' id='word_1_115' title='bbox 757 1770 829 1826; x_wconf 91' lang='lat' dir='ltr'>de</span> <span class='ocrx_word' id='word_1_116' title='bbox 859 1770 1018 1838; x_wconf 88' lang='lat' dir='ltr'>sede,</span> <span class='ocrx_word' id='word_1_117' title='bbox 1069 1773 1127 1825; x_wconf 88' lang='lat' dir='ltr'>et</span> <span class='ocrx_word' id='word_1_118' title='bbox 1175 1768 1390 1826; x_wconf 80' lang='lat' dir='ltr'>exultat</span> <span class='ocrx_word' id='word_1_119' title='bbox 1434 1766 1691 1824; x_wconf 91' lang='lat' dir='ltr'>humiles</span> <span class='ocrx_word' id='word_1_120' title='bbox 1739 1769 1915 1838; x_wconf 86' lang='lat' dir='ltr'>(Psal.</span> 
     </span>
    </p>
   </div>
   <div class='ocr_carea' id='block_1_18' title="bbox 268 1855 1914 1931">
    <p class='ocr_par' dir='ltr' id='par_1_18' title="bbox 268 1855 1914 1931">
     <span class='ocr_line' id='line_1_18' title="bbox 268 1855 1914 1931; baseline -0.004 -11"><span class='ocrx_word' id='word_1_121' title='bbox 268 1880 410 1931; x_wconf 79' lang='lat' dir='ltr'>exn;</span> <span class='ocrx_word' id='word_1_122' title='bbox 445 1863 568 1918; x_wconf 87' lang='lat' dir='ltr'>Luc.</span> <span class='ocrx_word' id='word_1_123' title='bbox 602 1863 665 1930; x_wconf 82' lang='grc' dir='ltr'>ι),</span> <span class='ocrx_word' id='word_1_124' title='bbox 697 1864 764 1916; x_wconf 90' lang='lat' dir='ltr'>ut</span> <span class='ocrx_word' id='word_1_125' title='bbox 793 1858 1068 1915; x_wconf 91' lang='lat' dir='ltr'>subditus</span> <span class='ocrx_word' id='word_1_126' title='bbox 1097 1859 1201 1913; x_wconf 89' lang='lat' dir='ltr'>ﬁat</span> <span class='ocrx_word' id='word_1_127' title='bbox 1230 1855 1422 1914; x_wconf 90' lang='lat' dir='ltr'>omnis</span> <span class='ocrx_word' id='word_1_128' title='bbox 1467 1857 1728 1914; x_wconf 90' lang='lat' dir='ltr'>mundus</span> <span class='ocrx_word' id='word_1_129' title='bbox 1777 1857 1914 1926; x_wconf 92' lang='lat' dir='ltr'>Deo,</span> 
     </span>
    </p>
   </div>
   <div class='ocr_carea' id='block_1_19' title="bbox 267 1945 1498 2026">
    <p class='ocr_par' dir='ltr' id='par_1_19' title="bbox 267 1945 1498 2026">
     <span class='ocr_line' id='line_1_19' title="bbox 267 1945 1498 2026; baseline -0.011 -16"><span class='ocrx_word' id='word_1_130' title='bbox 267 1957 326 2010; x_wconf 90' lang='lat' dir='ltr'>et</span> <span class='ocrx_word' id='word_1_131' title='bbox 349 1955 515 2026; x_wconf 85' lang='lat' dir='ltr'>egeat</span> <span class='ocrx_word' id='word_1_132' title='bbox 544 1949 736 2007; x_wconf 90' lang='lat' dir='ltr'>omnis</span> <span class='ocrx_word' id='word_1_133' title='bbox 767 1947 953 2022; x_wconf 82' lang='lat' dir='ltr'>gloria</span> <span class='ocrx_word' id='word_1_134' title='bbox 981 1946 1082 2003; x_wconf 89' lang='lat' dir='ltr'>Dei</span> <span class='ocrx_word' id='word_1_135' title='bbox 1113 1945 1160 2020; x_wconf 91' lang='lat' dir='ltr'>(I</span> <span class='ocrx_word' id='word_1_136' title='bbox 1189 1947 1310 2003; x_wconf 87' lang='lat' dir='ltr'>Cor.</span> <span class='ocrx_word' id='word_1_137' title='bbox 1345 1950 1434 2016; x_wconf 80' lang='grc' dir='ltr'><strong>ιι).</strong></span> <span class='ocrx_word' id='word_1_138' title='bbox 1471 1969 1498 1996; x_wconf 84' lang='grc'>››</span> 
     </span>
    </p>
   </div>
   <div class='ocr_carea' id='block_1_20' title="bbox 2035 702 3692 777">
    <p class='ocr_par' dir='ltr' id='par_1_20' title="bbox 2035 702 3692 777">
     <span class='ocr_line' id='line_1_20' title="bbox 2035 702 3692 777; baseline 0.004 -19"><span class='ocrx_word' id='word_1_139' title='bbox 2035 702 2358 760; x_wconf 89' lang='lat' dir='ltr'>lationibus&#39;</span> <span class='ocrx_word' id='word_1_140' title='bbox 2381 703 2874 777; x_wconf 84' lang='lat' dir='ltr'>decipiatur,quia</span> <span class='ocrx_word' id='word_1_141' title='bbox 2893 709 2984 762; x_wconf 87' lang='lat' dir='ltr'>est</span> <span class='ocrx_word' id='word_1_142' title='bbox 3013 721 3232 762; x_wconf 88' lang='lat' dir='ltr'>munus</span> <span class='ocrx_word' id='word_1_143' title='bbox 3252 724 3287 764; x_wconf 89' lang='lat' dir='ltr'>a</span> <span class='ocrx_word' id='word_1_144' title='bbox 3307 707 3692 776; x_wconf 87' lang='lat' dir='ltr'>dato,munus</span> 
     </span>
    </p>
   </div>
   <div class='ocr_carea' id='block_1_21' title="bbox 2037 792 3691 866">
    <p class='ocr_par' dir='ltr' id='par_1_21' title="bbox 2037 792 3691 866">
     <span class='ocr_line' id='line_1_21' title="bbox 2037 792 3691 866; baseline 0.003 -19"><span class='ocrx_word' id='word_1_145' title='bbox 2037 809 2072 847; x_wconf 90' lang='lat' dir='ltr'>a</span> <span class='ocrx_word' id='word_1_146' title='bbox 2102 792 2317 861; x_wconf 85' lang='lat' dir='ltr'>favore,</span> <span class='ocrx_word' id='word_1_147' title='bbox 2349 809 2569 848; x_wconf 89' lang='lat' dir='ltr'>munus</span> <span class='ocrx_word' id='word_1_148' title='bbox 2599 793 2672 848; x_wconf 91' lang='lat' dir='ltr'>ab</span> <span class='ocrx_word' id='word_1_149' title='bbox 2698 792 3002 866; x_wconf 89' lang='lat' dir='ltr'>obsequio.</span> <span class='ocrx_word' id='word_1_150' title='bbox 3035 794 3104 849; x_wconf 89' lang='lat' dir='ltr'>Et</span> <span class='ocrx_word' id='word_1_151' title='bbox 3135 794 3264 851; x_wconf 93' lang='lat' dir='ltr'>ideo</span> <span class='ocrx_word' id='word_1_152' title='bbox 3295 795 3467 852; x_wconf 87' lang='lat' dir='ltr'>debet</span> <span class='ocrx_word' id='word_1_153' title='bbox 3495 795 3691 852; x_wconf 89' lang='lat' dir='ltr'>omnis</span> 
     </span>
    </p>
   </div>
   <div class='ocr_carea' id='block_1_22' title="bbox 2026 881 3692 954">
    <p class='ocr_par' dir='ltr' id='par_1_22' title="bbox 2026 881 3692 954">
     <span class='ocr_line' id='line_1_22' title="bbox 2026 881 3692 954; baseline 0.002 -17"><span class='ocrx_word' id='word_1_154' title='bbox 2026 883 2210 954; x_wconf 84' lang='lat' dir='ltr'>judex</span> <span class='ocrx_word' id='word_1_155' title='bbox 2235 898 2435 939; x_wconf 87' lang='lat' dir='ltr'>cavere</span> <span class='ocrx_word' id='word_1_156' title='bbox 2468 899 2542 937; x_wconf 91' lang='lat' dir='ltr'>ne</span> <span class='ocrx_word' id='word_1_157' title='bbox 2585 883 2820 952; x_wconf 88' lang='lat' dir='ltr'>justum</span> <span class='ocrx_word' id='word_1_158' title='bbox 2845 881 3143 954; x_wconf 86' lang='lat' dir='ltr'>judicium</span> <span class='ocrx_word' id='word_1_159' title='bbox 3165 883 3506 951; x_wconf 89' lang='lat' dir='ltr'>vendat,aut</span> <span class='ocrx_word' id='word_1_160' title='bbox 3522 883 3692 942; x_wconf 83' lang='lat' dir='ltr'>testis</span> 
     </span>
    </p>
   </div>
   <div class='ocr_carea' id='block_1_23' title="bbox 2032 969 3690 1044">
    <p class='ocr_par' dir='ltr' id='par_1_23' title="bbox 2032 969 3690 1044">
     <span class='ocr_line' id='line_1_23' title="bbox 2032 969 3690 1044; baseline 0.001 -18"><span class='ocrx_word' id='word_1_161' title='bbox 2032 987 2236 1028; x_wconf 90' lang='lat' dir='ltr'>verum</span> <span class='ocrx_word' id='word_1_162' title='bbox 2269 969 2696 1039; x_wconf 89' lang='lat' dir='ltr'>testimonium,</span> <span class='ocrx_word' id='word_1_163' title='bbox 2731 975 2835 1026; x_wconf 91' lang='lat' dir='ltr'>aut</span> <span class='ocrx_word' id='word_1_164' title='bbox 2865 970 3181 1028; x_wconf 89' lang='lat' dir='ltr'>advocatus</span> <span class='ocrx_word' id='word_1_165' title='bbox 3211 971 3445 1042; x_wconf 84' lang='lat' dir='ltr'>justum</span> <span class='ocrx_word' id='word_1_166' title='bbox 3496 975 3690 1044; x_wconf 89' lang='lat' dir='ltr'>patro-</span> 
     </span>
    </p>
   </div>
   <div class='ocr_carea' id='block_1_24' title="bbox 2033 1059 3692 1132">
    <p class='ocr_par' dir='ltr' id='par_1_24' title="bbox 2033 1059 3692 1132">
     <span class='ocr_line' id='line_1_24' title="bbox 2033 1059 3692 1132; baseline 0.001 -16"><span class='ocrx_word' id='word_1_167' title='bbox 2033 1060 2276 1127; x_wconf 88' lang='lat' dir='ltr'>cinium,</span> <span class='ocrx_word' id='word_1_168' title='bbox 2310 1064 2368 1116; x_wconf 90' lang='lat' dir='ltr'>et</span> <span class='ocrx_word' id='word_1_169' title='bbox 2387 1059 2772 1132; x_wconf 89' lang='lat' dir='ltr'>jurisperitus</span> <span class='ocrx_word' id='word_1_170' title='bbox 2801 1077 3002 1116; x_wconf 91' lang='lat' dir='ltr'>verum</span> <span class='ocrx_word' id='word_1_171' title='bbox 3033 1059 3348 1116; x_wconf 87' lang='lat' dir='ltr'>consilium</span> <span class='ocrx_word' id='word_1_172' title='bbox 3378 1060 3692 1128; x_wconf 87' lang='lat' dir='ltr'>vendat,ne</span> 
     </span>
    </p>
   </div>
   <div class='ocr_carea' id='block_1_25' title="bbox 2033 1147 3692 1222">
    <p class='ocr_par' dir='ltr' id='par_1_25' title="bbox 2033 1147 3692 1222">
     <span class='ocr_line' id='line_1_25' title="bbox 2033 1147 3692 1222; baseline -0.001 -17"><span class='ocrx_word' id='word_1_173' title='bbox 2033 1149 2218 1217; x_wconf 71' lang='lat' dir='ltr'>Judaa,</span> <span class='ocrx_word' id='word_1_174' title='bbox 2253 1149 2352 1222; x_wconf 90' lang='lat' dir='ltr'>qui</span> <span class='ocrx_word' id='word_1_175' title='bbox 2385 1147 2680 1204; x_wconf 86' lang='lat' dir='ltr'>Christum</span> <span class='ocrx_word' id='word_1_176' title='bbox 2713 1148 2812 1220; x_wconf 85' lang='lat' dir='ltr'>qui</span> <span class='ocrx_word' id='word_1_177' title='bbox 2844 1153 2932 1205; x_wconf 89' lang='lat' dir='ltr'>est</span> <span class='ocrx_word' id='word_1_178' title='bbox 2960 1149 3175 1206; x_wconf 87' lang='lat' dir='ltr'>veritas</span> <span class='ocrx_word' id='word_1_179' title='bbox 3204 1152 3263 1205; x_wconf 88' lang='lat' dir='ltr'>ct</span> <span class='ocrx_word' id='word_1_180' title='bbox 3282 1147 3519 1220; x_wconf 89' lang='lat' dir='ltr'>justitia</span> <span class='ocrx_word' id='word_1_181' title='bbox 3548 1152 3692 1204; x_wconf 81' lang='lat' dir='ltr'>ven-</span> 
     </span>
    </p>
   </div>
   <div class='ocr_carea' id='block_1_26' title="bbox 2033 1237 3692 1310">
    <p class='ocr_par' dir='ltr' id='par_1_26' title="bbox 2033 1237 3692 1310">
     <span class='ocr_line' id='line_1_26' title="bbox 2033 1237 3692 1310; baseline 0 -16"><span class='ocrx_word' id='word_1_182' title='bbox 2033 1239 2203 1308; x_wconf 90' lang='lat' dir='ltr'>didit,</span> <span class='ocrx_word' id='word_1_183' title='bbox 2229 1239 2426 1295; x_wconf 82' lang='lat' dir='ltr'>socius</span> <span class='ocrx_word' id='word_1_184' title='bbox 2458 1237 2657 1293; x_wconf 84' lang='lat' dir='ltr'>ﬁat.Et</span> <span class='ocrx_word' id='word_1_185' title='bbox 2675 1253 2749 1292; x_wconf 91' lang='lat' dir='ltr'>ne</span> <span class='ocrx_word' id='word_1_186' title='bbox 2771 1237 3088 1310; x_wconf 87' lang='lat' dir='ltr'>quisquam</span> <span class='ocrx_word' id='word_1_187' title='bbox 3114 1237 3175 1293; x_wconf 89' lang='lat' dir='ltr'>in</span> <span class='ocrx_word' id='word_1_188' title='bbox 3195 1237 3533 1310; x_wconf 85' lang='lat' dir='ltr'>principatu</span> <span class='ocrx_word' id='word_1_189' title='bbox 3555 1254 3692 1310; x_wconf 92' lang='lat' dir='ltr'>quo-</span> 
     </span>
    </p>
   </div>
   <div class='ocr_carea' id='block_1_27' title="bbox 2033 1324 3694 1400">
    <p class='ocr_par' dir='ltr' id='par_1_27' title="bbox 2033 1324 3694 1400">
     <span class='ocr_line' id='line_1_27' title="bbox 2033 1324 3694 1400; baseline -0.001 -16"><span class='ocrx_word' id='word_1_190' title='bbox 2033 1344 2266 1400; x_wconf 88' lang='lat' dir='ltr'>cunque</span> <span class='ocrx_word' id='word_1_191' title='bbox 2299 1325 2527 1399; x_wconf 82' lang='lat' dir='ltr'>positus</span> <span class='ocrx_word' id='word_1_192' title='bbox 2559 1324 3000 1383; x_wconf 86' lang='lat' dir='ltr'>adulationibus</span> <span class='ocrx_word' id='word_1_193' title='bbox 3018 1325 3363 1399; x_wconf 89' lang='lat' dir='ltr'>decipiatur,</span> <span class='ocrx_word' id='word_1_194' title='bbox 3381 1325 3694 1400; x_wconf 83' lang='lat' dir='ltr'>diligenter</span> 
     </span>
    </p>
   </div>
   <div class='ocr_carea' id='block_1_28' title="bbox 2021 1413 3688 1489">
    <p class='ocr_par' dir='ltr' id='par_1_28' title="bbox 2021 1413 3688 1489">
     <span class='ocr_line' id='line_1_28' title="bbox 2021 1413 3688 1489; baseline -0.001 -16"><span class='ocrx_word' id='word_1_195' title='bbox 2021 1417 2296 1473; x_wconf 84' lang='lat' dir='ltr'>&#39;attendat</span> <span class='ocrx_word' id='word_1_196' title='bbox 2323 1416 2478 1488; x_wconf 88' lang='lat' dir='ltr'>quod</span> <span class='ocrx_word' id='word_1_197' title='bbox 2511 1415 2572 1470; x_wconf 90' lang='lat' dir='ltr'>in</span> <span class='ocrx_word' id='word_1_198' title='bbox 2611 1415 2836 1489; x_wconf 85' lang='lat' dir='ltr'>Regum</span> <span class='ocrx_word' id='word_1_199' title='bbox 2865 1413 3112 1472; x_wconf 83' lang='lat' dir='ltr'>historia</span> <span class='ocrx_word' id='word_1_200' title='bbox 3139 1414 3358 1489; x_wconf 86' lang='lat' dir='ltr'>legitur</span> <span class='ocrx_word' id='word_1_201' title='bbox 3389 1431 3402 1472; x_wconf 94' lang='lat'>:</span> <span class='ocrx_word' id='word_1_202' title='bbox 3433 1415 3688 1472; x_wconf 80' lang='lat' dir='ltr'>Benadab</span> 
     </span>
    </p>
   </div>
   <div class='ocr_carea' id='block_1_29' title="bbox 2028 1503 3690 1579">
    <p class='ocr_par' dir='ltr' id='par_1_29' title="bbox 2028 1503 3690 1579">
     <span class='ocr_line' id='line_1_29' title="bbox 2028 1503 3690 1579; baseline 0 -19"><span class='ocrx_word' id='word_1_203' title='bbox 2028 1506 2256 1579; x_wconf 80' lang='lat' dir='ltr'>fugiens</span> <span class='ocrx_word' id='word_1_204' title='bbox 2297 1507 2581 1574; x_wconf 81' lang='lat' dir='ltr'>ingressus</span> <span class='ocrx_word' id='word_1_205' title='bbox 2626 1511 2706 1560; x_wconf 85' lang='lat' dir='ltr'>est</span> <span class='ocrx_word' id='word_1_206' title='bbox 2749 1505 3028 1560; x_wconf 86' lang='lat' dir='ltr'>civitatem</span> <span class='ocrx_word' id='word_1_207' title='bbox 3075 1505 3135 1560; x_wconf 87' lang='lat' dir='ltr'>in</span> <span class='ocrx_word' id='word_1_208' title='bbox 3180 1503 3516 1571; x_wconf 82' lang='lat' dir='ltr'>cubiculum,</span> <span class='ocrx_word' id='word_1_209' title='bbox 3549 1503 3690 1576; x_wconf 86' lang='lat' dir='ltr'>quod</span> 
     </span>
    </p>
   </div>
   <div class='ocr_carea' id='block_1_30' title="bbox 2029 1593 3690 1666">
    <p class='ocr_par' dir='ltr' id='par_1_30' title="bbox 2029 1593 3690 1666">
     <span class='ocr_line' id='line_1_30' title="bbox 2029 1593 3690 1666; baseline -0.001 -15"><span class='ocrx_word' id='word_1_210' title='bbox 2029 1603 2148 1652; x_wconf 86' lang='lat' dir='ltr'>erat</span> <span class='ocrx_word' id='word_1_211' title='bbox 2179 1596 2329 1650; x_wconf 82' lang='lat' dir='ltr'>intra</span> <span class='ocrx_word' id='word_1_212' title='bbox 2355 1593 2690 1661; x_wconf 76' lang='lat' dir='ltr'>cubiculum,</span> <span class='ocrx_word' id='word_1_213' title='bbox 2721 1593 3086 1666; x_wconf 68' lang='lat' dir='ltr'>dixeruntque</span> <span class='ocrx_word' id='word_1_214' title='bbox 3111 1594 3168 1649; x_wconf 86' lang='lat' dir='ltr'>ei</span> <span class='ocrx_word' id='word_1_215' title='bbox 3193 1595 3342 1650; x_wconf 83' lang='lat' dir='ltr'>servi</span> <span class='ocrx_word' id='word_1_216' title='bbox 3361 1593 3452 1649; x_wconf 85' lang='lat' dir='ltr'>sui</span> <span class='ocrx_word' id='word_1_217' title='bbox 3499 1611 3519 1648; x_wconf 92' lang='lat'><strong><em>:</em></strong></span> <span class='ocrx_word' id='word_1_218' title='bbox 3556 1593 3690 1650; x_wconf 83' lang='lat' dir='ltr'>Ecce</span> 
     </span>
    </p>
   </div>
   <div class='ocr_carea' id='block_1_31' title="bbox 2027 1681 3682 1756">
    <p class='ocr_par' dir='ltr' id='par_1_31' title="bbox 2027 1681 3682 1756">
     <span class='ocr_line' id='line_1_31' title="bbox 2027 1681 3682 1756; baseline -0.003 -14"><span class='ocrx_word' id='word_1_219' title='bbox 2027 1685 2365 1752; x_wconf 85' lang='lat' dir='ltr'>audivimus,</span> <span class='ocrx_word' id='word_1_220' title='bbox 2394 1684 2535 1756; x_wconf 91' lang='lat' dir='ltr'>quod</span> <span class='ocrx_word' id='word_1_221' title='bbox 2581 1699 2735 1752; x_wconf 86' lang='lat' dir='ltr'>reges</span> <span class='ocrx_word' id='word_1_222' title='bbox 2778 1683 2969 1739; x_wconf 86' lang='lat' dir='ltr'>domus</span> <span class='ocrx_word' id='word_1_223' title='bbox 3019 1683 3187 1739; x_wconf 85' lang='lat' dir='ltr'>Israel</span> <span class='ocrx_word' id='word_1_224' title='bbox 3234 1683 3519 1739; x_wconf 81' lang='lat' dir='ltr'>clementes</span> <span class='ocrx_word' id='word_1_225' title='bbox 3547 1681 3682 1739; x_wconf 82' lang='lat' dir='ltr'>sint.</span> 
     </span>
    </p>
   </div>
   <div class='ocr_carea' id='block_1_32' title="bbox 2024 1771 3688 1845">
    <p class='ocr_par' dir='ltr' id='par_1_32' title="bbox 2024 1771 3688 1845">
     <span class='ocr_line' id='line_1_32' title="bbox 2024 1771 3688 1845; baseline -0.003 -14"><span class='ocrx_word' id='word_1_226' title='bbox 2024 1780 2307 1832; x_wconf 71' lang='lat' dir='ltr'>,Ponamus</span> <span class='ocrx_word' id='word_1_227' title='bbox 2337 1775 2525 1845; x_wconf 78' lang='lat' dir='ltr'>itaque</span> <span class='ocrx_word' id='word_1_228' title='bbox 2551 1788 2734 1828; x_wconf 86' lang='lat' dir='ltr'>saccos</span> <span class='ocrx_word' id='word_1_229' title='bbox 2764 1774 2825 1826; x_wconf 86' lang='lat' dir='ltr'>in</span> <span class='ocrx_word' id='word_1_230' title='bbox 2856 1771 3056 1826; x_wconf 82' lang='lat' dir='ltr'>lumbis</span> <span class='ocrx_word' id='word_1_231' title='bbox 3076 1771 3308 1839; x_wconf 82' lang='lat' dir='ltr'>&#39;nostris,</span> <span class='ocrx_word' id='word_1_232' title='bbox 3331 1778 3382 1826; x_wconf 85' lang='lat' dir='ltr'>et</span> <span class='ocrx_word' id='word_1_233' title='bbox 3407 1771 3688 1842; x_wconf 79' lang='lat' dir='ltr'>funiculos</span> 
     </span>
    </p>
   </div>
   <div class='ocr_carea' id='block_1_33' title="bbox 2027 1859 3682 1935">
    <p class='ocr_par' dir='ltr' id='par_1_33' title="bbox 2027 1859 3682 1935">
     <span class='ocr_line' id='line_1_33' title="bbox 2027 1859 3682 1935; baseline -0.003 -15"><span class='ocrx_word' id='word_1_234' title='bbox 2027 1866 2090 1920; x_wconf 87' lang='lat' dir='ltr'>in</span> <span class='ocrx_word' id='word_1_235' title='bbox 2119 1864 2393 1935; x_wconf 79' lang='lat' dir='ltr'>capitibus</span> <span class='ocrx_word' id='word_1_236' title='bbox 2421 1864 2644 1928; x_wconf 83' lang='lat' dir='ltr'>nostris,</span> <span class='ocrx_word' id='word_1_237' title='bbox 2686 1869 2746 1918; x_wconf 90' lang='lat' dir='ltr'>ut</span> <span class='ocrx_word' id='word_1_238' title='bbox 2792 1861 3139 1933; x_wconf 79' lang='lat' dir='ltr'>egrediamur</span> <span class='ocrx_word' id='word_1_239' title='bbox 3167 1860 3237 1915; x_wconf 88' lang='lat' dir='ltr'>ad</span> <span class='ocrx_word' id='word_1_240' title='bbox 3264 1865 3470 1929; x_wconf 76' lang='lat' dir='ltr'>regem</span> <span class='ocrx_word' id='word_1_241' title='bbox 3491 1859 3682 1927; x_wconf 84' lang='lat' dir='ltr'>Israel,</span> 
     </span>
    </p>
   </div>
   <div class='ocr_carea' id='block_1_34' title="bbox 1949 1949 3686 2054">
    <p class='ocr_par' dir='ltr' id='par_1_34' title="bbox 1949 1949 3686 2054">
     <span class='ocr_line' id='line_1_34' title="bbox 1949 1949 3686 2054; baseline -0.004 -43"><span class='ocrx_word' id='word_1_242' title='bbox 1949 1987 1998 2054; x_wconf 78' lang='grc' dir='ltr'><strong>Β</strong></span> <span class='ocrx_word' id='word_1_243' title='bbox 2025 1955 2261 2026; x_wconf 77' lang='lat' dir='ltr'>forsitan</span> <span class='ocrx_word' id='word_1_244' title='bbox 2315 1952 2552 2008; x_wconf 85' lang='lat' dir='ltr'>salvabit</span> <span class='ocrx_word' id='word_1_245' title='bbox 2591 1952 2819 2052; x_wconf 68' lang='lat' dir='ltr'>animas</span> <span class='ocrx_word' id='word_1_246' title='bbox 2863 1957 3076 2007; x_wconf 84' lang='lat' dir='ltr'>nostras</span> <span class='ocrx_word' id='word_1_247' title='bbox 3130 1949 3232 2019; x_wconf 82' lang='lat' dir='ltr'>(III</span> <span class='ocrx_word' id='word_1_248' title='bbox 3283 1949 3408 2054; x_wconf 60' lang='lat' dir='ltr'>Reg:</span> <span class='ocrx_word' id='word_1_249' title='bbox 3463 1954 3562 2020; x_wconf 79' lang='lat' dir='ltr'>&#39;xx,</span> <span class='ocrx_word' id='word_1_250' title='bbox 3591 1949 3686 2017; x_wconf 86' lang='lat'>30,</span> 
     </span>
    </p>
   </div>
   <div class='ocr_carea' id='block_1_35' title="bbox 338 2035 3684 2112">
    <p class='ocr_par' dir='ltr' id='par_1_35' title="bbox 338 2035 3684 2112">
     <span class='ocr_line' id='line_1_35' title="bbox 338 2035 3684 2112; baseline -0.002 -14"><span class='ocrx_word' id='word_1_251' title='bbox 338 2038 788 2106; x_wconf 76' lang='lat' dir='ltr'>CAP.IX.Quales</span> <span class='ocrx_word' id='word_1_252' title='bbox 819 2037 930 2094; x_wconf 89' lang='lat' dir='ltr'>sibi</span> <span class='ocrx_word' id='word_1_253' title='bbox 962 2036 1240 2093; x_wconf 88' lang='lat' dir='ltr'>adhibere</span> <span class='ocrx_word' id='word_1_254' title='bbox 1269 2037 1476 2093; x_wconf 89' lang='lat' dir='ltr'>debeat</span> <span class='ocrx_word' id='word_1_255' title='bbox 1505 2054 1604 2094; x_wconf 83' lang='lat' dir='ltr'>rex</span> <span class='ocrx_word' id='word_1_256' title='bbox 1646 2035 1919 2093; x_wconf 90' lang='lat' dir='ltr'>consilia-</span> <span class='ocrx_word' id='word_1_257' title='bbox 1949 2035 1998 2054; x_wconf 77' lang='lat'><strong><em>&quot;</em></strong></span> <span class='ocrx_word' id='word_1_258' title='bbox 2029 2044 2140 2110; x_wconf 88' lang='grc'>31),</span> <span class='ocrx_word' id='word_1_259' title='bbox 2185 2046 2308 2110; x_wconf 87' lang='lat' dir='ltr'>Quo</span> <span class='ocrx_word' id='word_1_260' title='bbox 2347 2041 2500 2098; x_wconf 83' lang='lat' dir='ltr'>facto</span> <span class='ocrx_word' id='word_1_261' title='bbox 2547 2039 2819 2096; x_wconf 80' lang='lat' dir='ltr'>dixerunt</span> <span class='ocrx_word' id='word_1_262' title='bbox 2866 2039 2939 2094; x_wconf 90' lang='lat' dir='ltr'>ad</span> <span class='ocrx_word' id='word_1_263' title='bbox 2989 2055 3185 2112; x_wconf 82' lang='lat' dir='ltr'>regem</span> <span class='ocrx_word' id='word_1_264' title='bbox 3234 2036 3410 2094; x_wconf 89' lang='lat' dir='ltr'>Israel</span> <span class='ocrx_word' id='word_1_265' title='bbox 3440 2053 3452 2092; x_wconf 94' lang='lat'>:</span> <span class='ocrx_word' id='word_1_266' title='bbox 3486 2037 3684 2093; x_wconf 78' lang='lat' dir='ltr'>Servus</span> 
     </span>
    </p>
   </div>
   <div class='ocr_carea' id='block_1_36' title="bbox 269 2124 1923 2200">
    <p class='ocr_par' dir='ltr' id='par_1_36' title="bbox 269 2124 1923 2200">
     <span class='ocr_line' id='line_1_36' title="bbox 269 2124 1923 2200; baseline -0.005 -12"><span class='ocrx_word' id='word_1_267' title='bbox 269 2129 514 2198; x_wconf 90' lang='lat' dir='ltr'>rios,sed</span> <span class='ocrx_word' id='word_1_268' title='bbox 549 2132 606 2185; x_wconf 88' lang='lat' dir='ltr'>et</span> <span class='ocrx_word' id='word_1_269' title='bbox 637 2127 742 2193; x_wconf 91' lang='lat' dir='ltr'>illi,</span> <span class='ocrx_word' id='word_1_270' title='bbox 776 2125 878 2200; x_wconf 91' lang='lat' dir='ltr'>qui</span> <span class='ocrx_word' id='word_1_271' title='bbox 908 2126 967 2181; x_wconf 92' lang='lat' dir='ltr'>in</span> <span class='ocrx_word' id='word_1_272' title='bbox 1000 2125 1335 2199; x_wconf 88' lang='lat' dir='ltr'>principatu</span> <span class='ocrx_word' id='word_1_273' title='bbox 1365 2124 1540 2198; x_wconf 90' lang='lat' dir='ltr'>positi</span> <span class='ocrx_word' id='word_1_274' title='bbox 1573 2124 1795 2181; x_wconf 87' lang='lat' dir='ltr'>domini</span> <span class='ocrx_word' id='word_1_275' title='bbox 1826 2143 1923 2197; x_wconf 90' lang='lat' dir='ltr'>ap-</span> 
     </span>
    </p>
   </div>
   <div class='ocr_carea' id='block_1_37' title="bbox 269 2213 1922 2295">
    <p class='ocr_par' dir='ltr' id='par_1_37' title="bbox 269 2213 1922 2295">
     <span class='ocr_line' id='line_1_37' title="bbox 269 2213 1922 2295; baseline -0.005 -17"><span class='ocrx_word' id='word_1_276' title='bbox 269 2219 580 2295; x_wconf 87' lang='lat' dir='ltr'>pellantur,</span> <span class='ocrx_word' id='word_1_277' title='bbox 613 2215 960 2273; x_wconf 88' lang='lat' dir='ltr'>Ambrosius</span> <span class='ocrx_word' id='word_1_278' title='bbox 1007 2213 1066 2270; x_wconf 90' lang='lat' dir='ltr'>in</span> <span class='ocrx_word' id='word_1_279' title='bbox 1115 2213 1264 2270; x_wconf 89' lang='lat' dir='ltr'>libro</span> <span class='ocrx_word' id='word_1_280' title='bbox 1295 2213 1635 2270; x_wconf 85' lang='lat' dir='ltr'>Ofﬁciorum</span> <span class='ocrx_word' id='word_1_281' title='bbox 1667 2213 1922 2270; x_wconf 87' lang='lat' dir='ltr'>ostendit</span> 
     </span>
    </p>
   </div>
   <div class='ocr_carea' id='block_1_38' title="bbox 267 2303 1920 2380">
    <p class='ocr_par' dir='ltr' id='par_1_38' title="bbox 267 2303 1920 2380">
     <span class='ocr_line' id='line_1_38' title="bbox 267 2303 1920 2380; baseline -0.005 -13"><span class='ocrx_word' id='word_1_282' title='bbox 267 2311 411 2380; x_wconf 88' lang='lat' dir='ltr'>(Lib.</span> <span class='ocrx_word' id='word_1_283' title='bbox 445 2323 511 2376; x_wconf 84' lang='grc' dir='ltr'>ιι,</span> <span class='ocrx_word' id='word_1_284' title='bbox 541 2324 660 2379; x_wconf 86' lang='lat' dir='ltr'>cap.</span> <span class='ocrx_word' id='word_1_285' title='bbox 695 2307 782 2374; x_wconf 82' lang='lat'>17)</span> <span class='ocrx_word' id='word_1_286' title='bbox 819 2322 830 2360; x_wconf 92' lang='lat'>:</span> <span class='ocrx_word' id='word_1_287' title='bbox 858 2326 885 2355; x_wconf 83' lang='grc'>‹‹</span> <span class='ocrx_word' id='word_1_288' title='bbox 916 2303 1096 2370; x_wconf 89' lang='lat' dir='ltr'>Talis,</span> <span class='ocrx_word' id='word_1_289' title='bbox 1129 2303 1424 2376; x_wconf 87' lang='lat' dir='ltr'>inquiens,</span> <span class='ocrx_word' id='word_1_290' title='bbox 1459 2303 1632 2359; x_wconf 87' lang='lat' dir='ltr'>debet</span> <span class='ocrx_word' id='word_1_291' title='bbox 1661 2320 1789 2359; x_wconf 88' lang='lat' dir='ltr'>esse</span> <span class='ocrx_word' id='word_1_292' title='bbox 1819 2303 1920 2376; x_wconf 91' lang='lat' dir='ltr'>qui</span> 
     </span>
    </p>
   </div>
   <div class='ocr_carea' id='block_1_39' title="bbox 269 2391 1920 2466">
    <p class='ocr_par' dir='ltr' id='par_1_39' title="bbox 269 2391 1920 2466">
     <span class='ocr_line' id='line_1_39' title="bbox 269 2391 1920 2466; baseline -0.005 -12"><span class='ocrx_word' id='word_1_293' title='bbox 269 2397 580 2456; x_wconf 88' lang='lat' dir='ltr'>consilium</span> <span class='ocrx_word' id='word_1_294' title='bbox 610 2393 776 2452; x_wconf 87' lang='lat' dir='ltr'>alteri</span> <span class='ocrx_word' id='word_1_295' title='bbox 803 2395 925 2462; x_wconf 88' lang='lat' dir='ltr'>dat,</span> <span class='ocrx_word' id='word_1_296' title='bbox 959 2397 1024 2449; x_wconf 93' lang='lat' dir='ltr'>ut</span> <span class='ocrx_word' id='word_1_297' title='bbox 1047 2393 1309 2466; x_wconf 90' lang='lat' dir='ltr'>seipsum</span> <span class='ocrx_word' id='word_1_298' title='bbox 1342 2392 1590 2448; x_wconf 87' lang='lat' dir='ltr'>formam</span> <span class='ocrx_word' id='word_1_299' title='bbox 1623 2391 1751 2448; x_wconf 90' lang='lat' dir='ltr'>aliis</span> <span class='ocrx_word' id='word_1_300' title='bbox 1777 2410 1920 2464; x_wconf 73' lang='lat' dir='ltr'>prae-</span> 
     </span>
    </p>
   </div>
   <div class='ocr_carea' id='block_1_40' title="bbox 267 2479 1917 2557">
    <p class='ocr_par' dir='ltr' id='par_1_40' title="bbox 267 2479 1917 2557">
     <span class='ocr_line' id='line_1_40' title="bbox 267 2479 1917 2557; baseline -0.004 -14"><span class='ocrx_word' id='word_1_301' title='bbox 267 2487 402 2545; x_wconf 84' lang='lat' dir='ltr'>beat</span> <span class='ocrx_word' id='word_1_302' title='bbox 429 2486 501 2543; x_wconf 87' lang='lat' dir='ltr'>ad</span> <span class='ocrx_word' id='word_1_303' title='bbox 533 2483 865 2557; x_wconf 83' lang='lat' dir='ltr'>exemplum</span> <span class='ocrx_word' id='word_1_304' title='bbox 896 2483 1186 2538; x_wconf 90' lang='lat' dir='ltr'>bonorum</span> <span class='ocrx_word' id='word_1_305' title='bbox 1217 2498 1479 2555; x_wconf 89' lang='lat' dir='ltr'>operum,</span> <span class='ocrx_word' id='word_1_306' title='bbox 1531 2481 1590 2536; x_wconf 93' lang='lat' dir='ltr'>in</span> <span class='ocrx_word' id='word_1_307' title='bbox 1633 2479 1917 2552; x_wconf 88' lang='lat' dir='ltr'>doctrina,</span> 
     </span>
    </p>
   </div>
   <div class='ocr_carea' id='block_1_41' title="bbox 269 2569 1921 2648">
    <p class='ocr_par' dir='ltr' id='par_1_41' title="bbox 269 2569 1921 2648">
     <span class='ocr_line' id='line_1_41' title="bbox 269 2569 1921 2648; baseline -0.004 -15"><span class='ocrx_word' id='word_1_308' title='bbox 269 2577 331 2633; x_wconf 91' lang='lat' dir='ltr'>in</span> <span class='ocrx_word' id='word_1_309' title='bbox 359 2575 713 2648; x_wconf 88' lang='lat' dir='ltr'>integritate,</span> <span class='ocrx_word' id='word_1_310' title='bbox 745 2573 805 2628; x_wconf 91' lang='lat' dir='ltr'>in</span> <span class='ocrx_word' id='word_1_311' title='bbox 833 2571 1116 2644; x_wconf 88' lang='lat' dir='ltr'>gravitate</span> <span class='ocrx_word' id='word_1_312' title='bbox 1149 2589 1162 2627; x_wconf 93' lang='lat'>:</span> <span class='ocrx_word' id='word_1_313' title='bbox 1198 2576 1264 2627; x_wconf 91' lang='lat' dir='ltr'>ut</span> <span class='ocrx_word' id='word_1_314' title='bbox 1293 2571 1370 2648; x_wconf 74' lang='lat' dir='ltr'>sit</span> <span class='ocrx_word' id='word_1_315' title='bbox 1401 2571 1528 2642; x_wconf 83' lang='lat' dir='ltr'>ejus</span> <span class='ocrx_word' id='word_1_316' title='bbox 1550 2587 1743 2626; x_wconf 89' lang='lat' dir='ltr'>sermo</span> <span class='ocrx_word' id='word_1_317' title='bbox 1765 2569 1921 2626; x_wconf 87' lang='lat' dir='ltr'>salu-</span> 
     </span>
    </p>
   </div>
   <div class='ocr_carea' id='block_1_42' title="bbox 268 2658 1925 2735">
    <p class='ocr_par' dir='ltr' id='par_1_42' title="bbox 268 2658 1925 2735">
     <span class='ocr_line' id='line_1_42' title="bbox 268 2658 1925 2735; baseline -0.003 -15"><span class='ocrx_word' id='word_1_318' title='bbox 268 2663 392 2720; x_wconf 92' lang='lat' dir='ltr'>bris</span> <span class='ocrx_word' id='word_1_319' title='bbox 421 2666 598 2735; x_wconf 89' lang='lat' dir='ltr'>atque</span> <span class='ocrx_word' id='word_1_320' title='bbox 627 2660 1184 2734; x_wconf 88' lang='lat' dir='ltr'>irreprehensibilis,</span> <span class='ocrx_word' id='word_1_321' title='bbox 1233 2659 1545 2717; x_wconf 90' lang='lat' dir='ltr'>consilium</span> <span class='ocrx_word' id='word_1_322' title='bbox 1593 2658 1759 2731; x_wconf 85' lang='lat' dir='ltr'>utile,</span> <span class='ocrx_word' id='word_1_323' title='bbox 1807 2659 1925 2715; x_wconf 87' lang='lat' dir='ltr'>vita</span> 
     </span>
    </p>
   </div>
   <div class='ocr_carea' id='block_1_43' title="bbox 271 2748 1926 2824">
    <p class='ocr_par' dir='ltr' id='par_1_43' title="bbox 271 2748 1926 2824">
     <span class='ocr_line' id='line_1_43' title="bbox 271 2748 1926 2824; baseline -0.004 -14"><span class='ocrx_word' id='word_1_324' title='bbox 271 2753 541 2824; x_wconf 88' lang='lat' dir='ltr'>honesta,</span> <span class='ocrx_word' id='word_1_325' title='bbox 574 2749 867 2807; x_wconf 88' lang='lat' dir='ltr'>sententia</span> <span class='ocrx_word' id='word_1_326' title='bbox 896 2751 1125 2806; x_wconf 89' lang='lat' dir='ltr'>decora.</span> <span class='ocrx_word' id='word_1_327' title='bbox 1160 2749 1320 2806; x_wconf 90' lang='lat' dir='ltr'>Talis</span> <span class='ocrx_word' id='word_1_328' title='bbox 1372 2749 1553 2822; x_wconf 88' lang='lat' dir='ltr'>igitur</span> <span class='ocrx_word' id='word_1_329' title='bbox 1599 2748 1772 2804; x_wconf 87' lang='lat' dir='ltr'>debet</span> <span class='ocrx_word' id='word_1_330' title='bbox 1799 2765 1926 2804; x_wconf 90' lang='lat' dir='ltr'>esse</span> 
     </span>
    </p>
   </div>
   <div class='ocr_carea' id='block_1_44' title="bbox 273 2835 1924 2912">
    <p class='ocr_par' dir='ltr' id='par_1_44' title="bbox 273 2835 1924 2912">
     <span class='ocr_line' id='line_1_44' title="bbox 273 2835 1924 2912; baseline -0.004 -13"><span class='ocrx_word' id='word_1_331' title='bbox 273 2839 663 2909; x_wconf 89' lang='lat' dir='ltr'>consiliarius,</span> <span class='ocrx_word' id='word_1_332' title='bbox 695 2839 798 2912; x_wconf 92' lang='lat' dir='ltr'>qui</span> <span class='ocrx_word' id='word_1_333' title='bbox 820 2837 969 2894; x_wconf 90' lang='lat' dir='ltr'>nihil</span> <span class='ocrx_word' id='word_1_334' title='bbox 1000 2838 1352 2894; x_wconf 88' lang='lat' dir='ltr'>nebulosum</span> <span class='ocrx_word' id='word_1_335' title='bbox 1381 2838 1614 2908; x_wconf 89' lang='lat' dir='ltr'>habeat,</span> <span class='ocrx_word' id='word_1_336' title='bbox 1643 2835 1790 2892; x_wconf 87' lang='lat' dir='ltr'>nihil</span> <span class='ocrx_word' id='word_1_337' title='bbox 1819 2835 1924 2893; x_wconf 87' lang='lat' dir='ltr'>fal-</span> 
     </span>
    </p>
   </div>
   <div class='ocr_carea' id='block_1_45' title="bbox 270 2924 1926 3000">
    <p class='ocr_par' dir='ltr' id='par_1_45' title="bbox 270 2924 1926 3000">
     <span class='ocr_line' id='line_1_45' title="bbox 270 2924 1926 3000; baseline -0.005 -12"><span class='ocrx_word' id='word_1_338' title='bbox 270 2931 386 3000; x_wconf 86' lang='lat' dir='ltr'>lax,</span> <span class='ocrx_word' id='word_1_339' title='bbox 418 2928 565 2987; x_wconf 86' lang='lat' dir='ltr'>nihil</span> <span class='ocrx_word' id='word_1_340' title='bbox 596 2927 956 2997; x_wconf 82' lang='lat' dir='ltr'>fabulosum,</span> <span class='ocrx_word' id='word_1_341' title='bbox 987 2926 1134 2983; x_wconf 91' lang='lat' dir='ltr'>nihil</span> <span class='ocrx_word' id='word_1_342' title='bbox 1165 2927 1532 2994; x_wconf 90' lang='lat' dir='ltr'>simulatum,</span> <span class='ocrx_word' id='word_1_343' title='bbox 1567 2925 1724 2998; x_wconf 90' lang='lat' dir='ltr'>quod</span> <span class='ocrx_word' id='word_1_344' title='bbox 1744 2924 1926 2981; x_wconf 92' lang='lat' dir='ltr'>vitam</span> 
     </span>
    </p>
   </div>
   <div class='ocr_carea' id='block_1_46' title="bbox 273 3013 1926 3094">
    <p class='ocr_par' dir='ltr' id='par_1_46' title="bbox 273 3013 1926 3094">
     <span class='ocr_line' id='line_1_46' title="bbox 273 3013 1926 3094; baseline -0.005 -16"><span class='ocrx_word' id='word_1_345' title='bbox 273 3021 402 3094; x_wconf 88' lang='lat' dir='ltr'>ejus</span> <span class='ocrx_word' id='word_1_346' title='bbox 432 3035 500 3076; x_wconf 92' lang='lat' dir='ltr'>ac</span> <span class='ocrx_word' id='word_1_347' title='bbox 527 3035 721 3076; x_wconf 89' lang='lat' dir='ltr'>mores</span> <span class='ocrx_word' id='word_1_348' title='bbox 750 3015 999 3085; x_wconf 79' lang='lat' dir='ltr'>refellat,</span> <span class='ocrx_word' id='word_1_349' title='bbox 1029 3015 1176 3072; x_wconf 91' lang='lat' dir='ltr'>nihil</span> <span class='ocrx_word' id='word_1_350' title='bbox 1202 3015 1538 3089; x_wconf 90' lang='lat' dir='ltr'>improbum</span> <span class='ocrx_word' id='word_1_351' title='bbox 1569 3031 1636 3070; x_wconf 91' lang='lat' dir='ltr'>ac</span> <span class='ocrx_word' id='word_1_352' title='bbox 1675 3013 1926 3070; x_wconf 89' lang='lat' dir='ltr'>malevo-</span> 
     </span>
    </p>
   </div>
   <div class='ocr_carea' id='block_1_47' title="bbox 273 3103 1926 3182">
    <p class='ocr_par' dir='ltr' id='par_1_47' title="bbox 273 3103 1926 3182">
     <span class='ocr_line' id='line_1_47' title="bbox 273 3103 1926 3182; baseline -0.004 -17"><span class='ocrx_word' id='word_1_353' title='bbox 273 3109 422 3178; x_wconf 88' lang='lat' dir='ltr'>lum,</span> <span class='ocrx_word' id='word_1_354' title='bbox 453 3107 607 3182; x_wconf 90' lang='lat' dir='ltr'>quod</span> <span class='ocrx_word' id='word_1_355' title='bbox 637 3109 858 3164; x_wconf 88' lang='lat' dir='ltr'>avertat</span> <span class='ocrx_word' id='word_1_356' title='bbox 885 3103 1422 3162; x_wconf 88' lang='lat' dir='ltr'>consulentes.Alia</span> <span class='ocrx_word' id='word_1_357' title='bbox 1450 3108 1590 3160; x_wconf 90' lang='lat' dir='ltr'>sunt</span> <span class='ocrx_word' id='word_1_358' title='bbox 1619 3103 1773 3160; x_wconf 90' lang='lat' dir='ltr'>enim</span> <span class='ocrx_word' id='word_1_359' title='bbox 1799 3119 1926 3176; x_wconf 63' lang='lat' dir='ltr'>qua</span> 
     </span>
    </p>
   </div>
   <div class='ocr_carea' id='block_1_48' title="bbox 179 3192 1928 3271">
    <p class='ocr_par' dir='ltr' id='par_1_48' title="bbox 179 3192 1928 3271">
     <span class='ocr_line' id='line_1_48' title="bbox 179 3192 1928 3271; baseline -0.005 -16"><span class='ocrx_word' id='word_1_360' title='bbox 179 3223 184 3230; x_wconf 65' lang='grc' dir='ltr'><strong><em>υ</em></strong></span> <span class='ocrx_word' id='word_1_361' title='bbox 273 3197 602 3271; x_wconf 84' lang='lat' dir='ltr'>fugiuntur,</span> <span class='ocrx_word' id='word_1_362' title='bbox 631 3195 748 3252; x_wconf 90' lang='lat' dir='ltr'>alia</span> <span class='ocrx_word' id='word_1_363' title='bbox 767 3211 896 3266; x_wconf 63' lang='lat' dir='ltr'>quae</span> <span class='ocrx_word' id='word_1_364' title='bbox 925 3192 1693 3264; x_wconf 87' lang='lat' dir='ltr'>contemnuntur.Fugimus</span> <span class='ocrx_word' id='word_1_365' title='bbox 1711 3208 1780 3248; x_wconf 90' lang='lat' dir='ltr'>ea</span> <span class='ocrx_word' id='word_1_366' title='bbox 1800 3209 1928 3264; x_wconf 69' lang='lat' dir='ltr'>quae</span> 
     </span>
    </p>
   </div>
   <div class='ocr_carea' id='block_1_49' title="bbox 2031 2125 3687 2196">
    <p class='ocr_par' dir='ltr' id='par_1_49' title="bbox 2031 2125 3687 2196">
     <span class='ocr_line' id='line_1_49' title="bbox 2031 2125 3687 2196; baseline -0.005 -8"><span class='ocrx_word' id='word_1_367' title='bbox 2031 2141 2158 2188; x_wconf 86' lang='lat' dir='ltr'>tuus</span> <span class='ocrx_word' id='word_1_368' title='bbox 2184 2131 2437 2188; x_wconf 84' lang='lat' dir='ltr'>Benadab</span> <span class='ocrx_word' id='word_1_369' title='bbox 2465 2131 2600 2186; x_wconf 84' lang='lat' dir='ltr'>dicit</span> <span class='ocrx_word' id='word_1_370' title='bbox 2647 2149 2664 2184; x_wconf 92' lang='lat'><strong><em>:</em></strong></span> <span class='ocrx_word' id='word_1_371' title='bbox 2715 2129 2884 2196; x_wconf 86' lang='lat' dir='ltr'>Vivat,</span> <span class='ocrx_word' id='word_1_372' title='bbox 2937 2145 3029 2184; x_wconf 93' lang='lat' dir='ltr'>oro</span> <span class='ocrx_word' id='word_1_373' title='bbox 3076 2135 3146 2195; x_wconf 86' lang='lat' dir='ltr'>te,</span> <span class='ocrx_word' id='word_1_374' title='bbox 3195 2128 3386 2182; x_wconf 84' lang='lat' dir='ltr'>anima</span> <span class='ocrx_word' id='word_1_375' title='bbox 3431 2141 3570 2182; x_wconf 72' lang='lat' dir='ltr'>utea.</span> <span class='ocrx_word' id='word_1_376' title='bbox 3619 2125 3687 2181; x_wconf 83' lang='lat' dir='ltr'>Et</span> 
     </span>
    </p>
   </div>
   <div class='ocr_carea' id='block_1_50' title="bbox 2033 2213 3684 2288">
    <p class='ocr_par' dir='ltr' id='par_1_50' title="bbox 2033 2213 3684 2288">
     <span class='ocr_line' id='line_1_50' title="bbox 2033 2213 3684 2288; baseline -0.004 -11"><span class='ocrx_word' id='word_1_377' title='bbox 2033 2222 2128 2278; x_wconf 87' lang='lat' dir='ltr'>ille</span> <span class='ocrx_word' id='word_1_378' title='bbox 2154 2223 2236 2276; x_wconf 88' lang='lat' dir='ltr'>ait</span> <span class='ocrx_word' id='word_1_379' title='bbox 2261 2239 2279 2276; x_wconf 89' lang='lat'><strong><em>:</em></strong></span> <span class='ocrx_word' id='word_1_380' title='bbox 2310 2220 2372 2276; x_wconf 90' lang='lat' dir='ltr'>Si</span> <span class='ocrx_word' id='word_1_381' title='bbox 2401 2221 2578 2275; x_wconf 81' lang='lat' dir='ltr'>adhuc</span> <span class='ocrx_word' id='word_1_382' title='bbox 2625 2220 2777 2285; x_wconf 86' lang='lat' dir='ltr'>vivit,</span> <span class='ocrx_word' id='word_1_383' title='bbox 2825 2219 2998 2288; x_wconf 79' lang='lat' dir='ltr'>frater</span> <span class='ocrx_word' id='word_1_384' title='bbox 3039 2233 3190 2273; x_wconf 88' lang='lat' dir='ltr'>meus</span> <span class='ocrx_word' id='word_1_385' title='bbox 3227 2223 3328 2272; x_wconf 70' lang='lat' dir='ltr'>est.”</span> <span class='ocrx_word' id='word_1_386' title='bbox 3357 2213 3506 2283; x_wconf 72' lang='lat' dir='ltr'>Quod</span> <span class='ocrx_word' id='word_1_387' title='bbox 3535 2222 3684 2270; x_wconf 83' lang='lat' dir='ltr'>acce-</span> 
     </span>
    </p>
   </div>
   <div class='ocr_carea' id='block_1_51' title="bbox 2027 2307 3685 2382">
    <p class='ocr_par' dir='ltr' id='par_1_51' title="bbox 2027 2307 3685 2382">
     <span class='ocr_line' id='line_1_51' title="bbox 2027 2307 3685 2382; baseline -0.005 -17"><span class='ocrx_word' id='word_1_388' title='bbox 2027 2317 2229 2382; x_wconf 85' lang='lat' dir='ltr'>perunt</span> <span class='ocrx_word' id='word_1_389' title='bbox 2259 2311 2371 2364; x_wconf 82' lang='lat' dir='ltr'>viri</span> <span class='ocrx_word' id='word_1_390' title='bbox 2395 2325 2494 2380; x_wconf 90' lang='lat' dir='ltr'>pro</span> <span class='ocrx_word' id='word_1_391' title='bbox 2524 2309 2724 2374; x_wconf 86' lang='lat' dir='ltr'>omine,</span> <span class='ocrx_word' id='word_1_392' title='bbox 2766 2313 2818 2362; x_wconf 86' lang='lat' dir='ltr'>et</span> <span class='ocrx_word' id='word_1_393' title='bbox 2855 2307 3176 2377; x_wconf 84' lang='lat' dir='ltr'>festinantes</span> <span class='ocrx_word' id='word_1_394' title='bbox 3219 2312 3520 2375; x_wconf 84' lang='lat' dir='ltr'>rapuerunt</span> <span class='ocrx_word' id='word_1_395' title='bbox 3565 2317 3685 2359; x_wconf 85' lang='lat' dir='ltr'>ver-</span> 
     </span>
    </p>
   </div>
   <div class='ocr_carea' id='block_1_52' title="bbox 2034 2391 3686 2469">
    <p class='ocr_par' dir='ltr' id='par_1_52' title="bbox 2034 2391 3686 2469">
     <span class='ocr_line' id='line_1_52' title="bbox 2034 2391 3686 2469; baseline -0.005 -14"><span class='ocrx_word' id='word_1_396' title='bbox 2034 2401 2164 2455; x_wconf 79' lang='lat' dir='ltr'>bum</span> <span class='ocrx_word' id='word_1_397' title='bbox 2192 2415 2272 2454; x_wconf 67' lang='grc' dir='ltr'><em>σαε-</em></span> <span class='ocrx_word' id='word_1_398' title='bbox 2291 2414 2382 2454; x_wconf 87' lang='lat' dir='ltr'>ore</span> <span class='ocrx_word' id='word_1_399' title='bbox 2410 2399 2527 2469; x_wconf 87' lang='lat' dir='ltr'>ejus</span> <span class='ocrx_word' id='word_1_400' title='bbox 2557 2404 2717 2467; x_wconf 87' lang='lat' dir='ltr'>atque</span> <span class='ocrx_word' id='word_1_401' title='bbox 2745 2395 3006 2450; x_wconf 73' lang='lat' dir='ltr'>dixerunt</span> <span class='ocrx_word' id='word_1_402' title='bbox 3041 2411 3060 2448; x_wconf 85' lang='lat'><strong><em>:</em></strong></span> <span class='ocrx_word' id='word_1_403' title='bbox 3102 2395 3293 2448; x_wconf 81' lang='lat' dir='ltr'>Frater</span> <span class='ocrx_word' id='word_1_404' title='bbox 3337 2401 3462 2448; x_wconf 83' lang='lat' dir='ltr'>tuus</span> <span class='ocrx_word' id='word_1_405' title='bbox 3510 2391 3686 2448; x_wconf 82' lang='lat' dir='ltr'>Bena-</span> 
     </span>
    </p>
   </div>
   <div class='ocr_carea' id='block_1_53' title="bbox 2031 2480 3690 2544">
    <p class='ocr_par' dir='ltr' id='par_1_53' title="bbox 2031 2480 3690 2544">
     <span class='ocr_line' id='line_1_53' title="bbox 2031 2480 3690 2544; baseline -0.005 0"><span class='ocrx_word' id='word_1_406' title='bbox 2031 2489 2155 2544; x_wconf 80' lang='lat' dir='ltr'>rlab.</span> <span class='ocrx_word' id='word_1_407' title='bbox 2188 2489 2252 2543; x_wconf 84' lang='lat' dir='ltr'>Et</span> <span class='ocrx_word' id='word_1_408' title='bbox 2280 2487 2428 2542; x_wconf 74' lang='lat' dir='ltr'>dixit</span> <span class='ocrx_word' id='word_1_409' title='bbox 2456 2488 2534 2542; x_wconf 88' lang='lat' dir='ltr'>eis</span> <span class='ocrx_word' id='word_1_410' title='bbox 2566 2502 2666 2541; x_wconf 76' lang='lat' dir='ltr'>rex</span> <span class='ocrx_word' id='word_1_411' title='bbox 2695 2487 2744 2541; x_wconf 89' lang='lat' dir='ltr'>Is</span> <span class='ocrx_word' id='word_1_412' title='bbox 2763 2485 2866 2539; x_wconf 69' lang='lat' dir='ltr'>uel</span> <span class='ocrx_word' id='word_1_413' title='bbox 2897 2502 2915 2538; x_wconf 89' lang='lat'><em>:</em></span> <span class='ocrx_word' id='word_1_414' title='bbox 2947 2485 3021 2538; x_wconf 77' lang='lat' dir='ltr'>Ite</span> <span class='ocrx_word' id='word_1_415' title='bbox 3067 2491 3118 2538; x_wconf 85' lang='lat' dir='ltr'>et</span> <span class='ocrx_word' id='word_1_416' title='bbox 3162 2481 3578 2537; x_wconf 55' lang='lat' dir='ltr'>adducite‘cum</span> <span class='ocrx_word' id='word_1_417' title='bbox 3618 2480 3690 2536; x_wconf 87' lang='lat' dir='ltr'>ad</span> 
     </span>
    </p>
   </div>
   <div class='ocr_carea' id='block_1_54' title="bbox 2031 2569 3688 2646">
    <p class='ocr_par' dir='ltr' id='par_1_54' title="bbox 2031 2569 3688 2646">
     <span class='ocr_line' id='line_1_54' title="bbox 2031 2569 3688 2646; baseline -0.004 -13"><span class='ocrx_word' id='word_1_418' title='bbox 2031 2593 2118 2633; x_wconf 88' lang='lat' dir='ltr'>me</span> <span class='ocrx_word' id='word_1_419' title='bbox 2148 2577 2334 2646; x_wconf 85' lang='lat' dir='ltr'>(ibid.,</span> <span class='ocrx_word' id='word_1_420' title='bbox 2367 2576 2456 2643; x_wconf 85' lang='lat'>32,</span> <span class='ocrx_word' id='word_1_421' title='bbox 2493 2573 2604 2646; x_wconf 90' lang='lat'>33).</span> <span class='ocrx_word' id='word_1_422' title='bbox 2657 2575 2782 2640; x_wconf 90' lang='lat' dir='ltr'>Quo</span> <span class='ocrx_word' id='word_1_423' title='bbox 2829 2571 3117 2635; x_wconf 87' lang='lat' dir='ltr'>veniente,</span> <span class='ocrx_word' id='word_1_424' title='bbox 3168 2569 3389 2643; x_wconf 83' lang='lat' dir='ltr'>pepigit</span> <span class='ocrx_word' id='word_1_425' title='bbox 3435 2586 3570 2626; x_wconf 89' lang='lat' dir='ltr'>cum</span> <span class='ocrx_word' id='word_1_426' title='bbox 3620 2585 3688 2626; x_wconf 86' lang='lat' dir='ltr'>eo</span> 
     </span>
    </p>
   </div>
   <div class='ocr_carea' id='block_1_55' title="bbox 2036 2657 3684 2732">
    <p class='ocr_par' dir='ltr' id='par_1_55' title="bbox 2036 2657 3684 2732">
     <span class='ocr_line' id='line_1_55' title="bbox 2036 2657 3684 2732; baseline -0.005 -10"><span class='ocrx_word' id='word_1_427' title='bbox 2036 2667 2245 2732; x_wconf 61' lang='lat' dir='ltr'>foedus,</span> <span class='ocrx_word' id='word_1_428' title='bbox 2299 2663 2526 2720; x_wconf 87' lang='lat' dir='ltr'>dimisit</span> <span class='ocrx_word' id='word_1_429' title='bbox 2572 2679 2729 2720; x_wconf 89' lang='lat' dir='ltr'>eum.</span> <span class='ocrx_word' id='word_1_430' title='bbox 2782 2661 2945 2718; x_wconf 90' lang='lat' dir='ltr'>Unde</span> <span class='ocrx_word' id='word_1_431' title='bbox 2999 2660 3225 2716; x_wconf 78' lang='lat' dir='ltr'>audiv1t</span> <span class='ocrx_word' id='word_1_432' title='bbox 3273 2675 3307 2715; x_wconf 90' lang='lat' dir='ltr'>a</span> <span class='ocrx_word' id='word_1_433' title='bbox 3355 2657 3684 2732; x_wconf 83' lang='lat' dir='ltr'>propheta:</span> 
     </span>
    </p>
   </div>
   <div class='ocr_carea' id='block_1_56' title="bbox 2037 2745 3687 2824">
    <p class='ocr_par' dir='ltr' id='par_1_56' title="bbox 2037 2745 3687 2824">
     <span class='ocr_line' id='line_1_56' title="bbox 2037 2745 3687 2824; baseline -0.007 -13"><span class='ocrx_word' id='word_1_434' title='bbox 2037 2755 2179 2824; x_wconf 83' lang='lat' dir='ltr'>Quia</span> <span class='ocrx_word' id='word_1_435' title='bbox 2205 2753 2473 2810; x_wconf 72' lang='lat' dir='ltr'>dimisisti</span> <span class='ocrx_word' id='word_1_436' title='bbox 2515 2753 2700 2807; x_wconf 84' lang='lat' dir='ltr'>virum</span> <span class='ocrx_word' id='word_1_437' title='bbox 2747 2749 2977 2822; x_wconf 84' lang='lat' dir='ltr'>dignum</span> <span class='ocrx_word' id='word_1_438' title='bbox 3020 2754 3192 2804; x_wconf 87' lang='lat' dir='ltr'>morte</span> <span class='ocrx_word' id='word_1_439' title='bbox 3239 2745 3304 2802; x_wconf 85' lang='lat' dir='ltr'>de</span> <span class='ocrx_word' id='word_1_440' title='bbox 3349 2756 3524 2802; x_wconf 82' lang='lat' dir='ltr'>manu</span> <span class='ocrx_word' id='word_1_441' title='bbox 3571 2752 3687 2812; x_wconf 88' lang='lat' dir='ltr'>tua,</span> 
     </span>
    </p>
   </div>
   <div class='ocr_carea' id='block_1_57' title="bbox 2033 2835 3690 2912">
    <p class='ocr_par' dir='ltr' id='par_1_57' title="bbox 2033 2835 3690 2912">
     <span class='ocr_line' id='line_1_57' title="bbox 2033 2835 3690 2912; baseline -0.005 -12"><span class='ocrx_word' id='word_1_442' title='bbox 2033 2845 2142 2901; x_wconf 85' lang='lat' dir='ltr'>erit</span> <span class='ocrx_word' id='word_1_443' title='bbox 2167 2843 2357 2899; x_wconf 84' lang='lat' dir='ltr'>anima</span> <span class='ocrx_word' id='word_1_444' title='bbox 2401 2849 2496 2898; x_wconf 90' lang='lat' dir='ltr'>tua</span> <span class='ocrx_word' id='word_1_445' title='bbox 2540 2855 2639 2912; x_wconf 89' lang='lat' dir='ltr'>pro</span> <span class='ocrx_word' id='word_1_446' title='bbox 2685 2840 2876 2896; x_wconf 83' lang='lat' dir='ltr'>anima</span> <span class='ocrx_word' id='word_1_447' title='bbox 2904 2838 3042 2909; x_wconf 65' lang='lat' dir='ltr'>eius,</span> <span class='ocrx_word' id='word_1_448' title='bbox 3074 2843 3126 2892; x_wconf 90' lang='lat' dir='ltr'>et</span> <span class='ocrx_word' id='word_1_449' title='bbox 3149 2835 3386 2908; x_wconf 81' lang='lat' dir='ltr'>populus</span> <span class='ocrx_word' id='word_1_450' title='bbox 3435 2843 3564 2892; x_wconf 86' lang='lat' dir='ltr'>tuus</span> <span class='ocrx_word' id='word_1_451' title='bbox 3587 2849 3690 2906; x_wconf 84' lang='lat' dir='ltr'>pro</span> 
     </span>
    </p>
   </div>
   <div class='ocr_carea' id='block_1_58' title="bbox 2030 2919 3594 2998">
    <p class='ocr_par' dir='ltr' id='par_1_58' title="bbox 2030 2919 3594 2998">
     <span class='ocr_line' id='line_1_58' title="bbox 2030 2919 3594 2998; baseline -0.012 -17"><span class='ocrx_word' id='word_1_452' title='bbox 2030 2924 2230 2998; x_wconf 86' lang='lat' dir='ltr'>populo</span> <span class='ocrx_word' id='word_1_453' title='bbox 2260 2924 2376 2995; x_wconf 88' lang='lat' dir='ltr'>ejus</span> <span class='ocrx_word' id='word_1_454' title='bbox 2396 2921 2584 2991; x_wconf 88' lang='lat' dir='ltr'>(ibid.,</span> <span class='ocrx_word' id='word_1_455' title='bbox 2615 2919 2746 2992; x_wconf 60' lang='lat'>42).</span> <span class='ocrx_word' id='word_1_456' title='bbox 3590 2935 3594 2940; x_wconf 91' lang='lat'><strong>-</strong></span> 
     </span>
    </p>
   </div>
   <div class='ocr_carea' id='block_1_59' title="bbox 2107 3001 3694 3078">
    <p class='ocr_par' dir='ltr' id='par_1_59' title="bbox 2107 3001 3694 3078">
     <span class='ocr_line' id='line_1_59' title="bbox 2107 3001 3694 3078; baseline -0.007 -9"><span class='ocrx_word' id='word_1_457' title='bbox 2107 3017 2240 3069; x_wconf 81' lang='lat' dir='ltr'><strong>CAP.</strong></span> <span class='ocrx_word' id='word_1_458' title='bbox 2271 3011 2360 3068; x_wconf 81' lang='lat' dir='ltr'>XI.</span> <span class='ocrx_word' id='word_1_459' title='bbox 2411 3009 2524 3067; x_wconf 91' lang='lat' dir='ltr'>Sed</span> <span class='ocrx_word' id='word_1_460' title='bbox 2572 3011 2632 3064; x_wconf 91' lang='lat' dir='ltr'>et</span> <span class='ocrx_word' id='word_1_461' title='bbox 2677 3007 3001 3064; x_wconf 90' lang='lat' dir='ltr'>cavendum</span> <span class='ocrx_word' id='word_1_462' title='bbox 3050 3007 3140 3062; x_wconf 91' lang='lat' dir='ltr'>est</span> <span class='ocrx_word' id='word_1_463' title='bbox 3183 3001 3570 3078; x_wconf 86' lang='lat' dir='ltr'>principibus,</span> <span class='ocrx_word' id='word_1_464' title='bbox 3619 3017 3694 3058; x_wconf 88' lang='lat' dir='ltr'>ne</span> 
     </span>
    </p>
   </div>
   <div class='ocr_carea' id='block_1_60' title="bbox 2036 3089 3694 3168">
    <p class='ocr_par' dir='ltr' id='par_1_60' title="bbox 2036 3089 3694 3168">
     <span class='ocr_line' id='line_1_60' title="bbox 2036 3089 3694 3168; baseline -0.008 -9"><span class='ocrx_word' id='word_1_465' title='bbox 2036 3102 2454 3160; x_wconf 89' lang='lat' dir='ltr'>sceleratorum</span> <span class='ocrx_word' id='word_1_466' title='bbox 2477 3096 2753 3154; x_wconf 91' lang='lat' dir='ltr'>amicitiis</span> <span class='ocrx_word' id='word_1_467' title='bbox 2776 3090 3328 3168; x_wconf 87' lang='lat' dir='ltr'>conjungantur,vel</span> <span class='ocrx_word' id='word_1_468' title='bbox 3347 3089 3694 3164; x_wconf 87' lang='lat' dir='ltr'>hujusmodi</span> 
     </span>
    </p>
   </div>
   <div class='ocr_carea' id='block_1_61' title="bbox 2037 3179 3692 3258">
    <p class='ocr_par' dir='ltr' id='par_1_61' title="bbox 2037 3179 3692 3258">
     <span class='ocr_line' id='line_1_61' title="bbox 2037 3179 3692 3258; baseline -0.007 -10"><span class='ocrx_word' id='word_1_469' title='bbox 2037 3192 2098 3248; x_wconf 90' lang='lat' dir='ltr'>in</span> <span class='ocrx_word' id='word_1_470' title='bbox 2128 3187 2523 3248; x_wconf 83' lang='lat' dir='ltr'>familiaritate</span> <span class='ocrx_word' id='word_1_471' title='bbox 2553 3184 2902 3258; x_wconf 90' lang='lat' dir='ltr'>suscipiant.</span> <span class='ocrx_word' id='word_1_472' title='bbox 2938 3208 2967 3234; x_wconf 85' lang='lat'><strong>«</strong></span> <span class='ocrx_word' id='word_1_473' title='bbox 3002 3182 3312 3250; x_wconf 86' lang='lat' dir='ltr'>Malorum,</span> <span class='ocrx_word' id='word_1_474' title='bbox 3343 3179 3537 3254; x_wconf 90' lang='lat' dir='ltr'>inquit</span> <span class='ocrx_word' id='word_1_475' title='bbox 3555 3181 3692 3237; x_wconf 91' lang='lat' dir='ltr'>bea-</span> 
     </span>
    </p>
   </div>
   <div class='ocr_carea' id='block_1_62' title="bbox 277 3267 3696 3360">
    <p class='ocr_par' dir='ltr' id='par_1_62' title="bbox 277 3267 3696 3360">
     <span class='ocr_line' id='line_1_62' title="bbox 277 3267 3696 3360; baseline -0.005 -17"><span class='ocrx_word' id='word_1_476' title='bbox 277 3267 526 3360; x_wconf 69' lang='lat' dir='ltr'>possunt</span> <span class='ocrx_word' id='word_1_477' title='bbox 555 3301 784 3353; x_wconf 90' lang='lat' dir='ltr'>nocere,</span> <span class='ocrx_word' id='word_1_478' title='bbox 817 3300 946 3356; x_wconf 73' lang='lat' dir='ltr'>quae</span> <span class='ocrx_word' id='word_1_479' title='bbox 997 3282 1290 3339; x_wconf 90' lang='lat' dir='ltr'>malitiose</span> <span class='ocrx_word' id='word_1_480' title='bbox 1339 3285 1588 3354; x_wconf 88' lang='lat' dir='ltr'>possunt</span> <span class='ocrx_word' id='word_1_481' title='bbox 1625 3281 1685 3336; x_wconf 92' lang='lat' dir='ltr'>in</span> <span class='ocrx_word' id='word_1_482' title='bbox 1715 3297 1924 3336; x_wconf 88' lang='lat' dir='ltr'>noxam</span> <span class='ocrx_word' id='word_1_483' title='bbox 1966 3355 1998 3360; x_wconf 40' lang='grc' dir='ltr'><strong><em>μ</em></strong></span> <span class='ocrx_word' id='word_1_484' title='bbox 2039 3286 2136 3338; x_wconf 86' lang='lat' dir='ltr'>tus</span> <span class='ocrx_word' id='word_1_485' title='bbox 2168 3278 2484 3352; x_wconf 81' lang='lat' dir='ltr'>Gregorius</span> <span class='ocrx_word' id='word_1_486' title='bbox 2512 3277 2748 3350; x_wconf 89' lang='lat' dir='ltr'>(Pastor.</span> <span class='ocrx_word' id='word_1_487' title='bbox 2779 3273 2880 3330; x_wconf 94' lang='lat' dir='ltr'>lib.</span> <span class='ocrx_word' id='word_1_488' title='bbox 2910 3290 2994 3344; x_wconf 81' lang='lat' dir='ltr'>In,</span> <span class='ocrx_word' id='word_1_489' title='bbox 3027 3289 3156 3344; x_wconf 90' lang='lat' dir='ltr'>cap.</span> <span class='ocrx_word' id='word_1_490' title='bbox 3177 3269 3433 3360; x_wconf 79' lang='lat' dir='ltr'>22),cum</span> <span class='ocrx_word' id='word_1_491' title='bbox 3460 3267 3696 3326; x_wconf 86' lang='lat' dir='ltr'>incaute</span> 
     </span>
    </p>
   </div>
   <div class='ocr_carea' id='block_1_63' title="bbox 275 3355 3692 3448">
    <p class='ocr_par' dir='ltr' id='par_1_63' title="bbox 275 3355 3692 3448">
     <span class='ocr_line' id='line_1_63' title="bbox 275 3355 3692 3448; baseline -0.006 -15"><span class='ocrx_word' id='word_1_492' title='bbox 275 3355 530 3448; x_wconf 77' lang='lat' dir='ltr'>serpere,</span> <span class='ocrx_word' id='word_1_493' title='bbox 560 3379 626 3430; x_wconf 88' lang='lat' dir='ltr'>ut</span> <span class='ocrx_word' id='word_1_494' title='bbox 655 3373 703 3428; x_wconf 92' lang='lat' dir='ltr'>si</span> <span class='ocrx_word' id='word_1_495' title='bbox 735 3372 786 3430; x_wconf 88' lang='lat' dir='ltr'>is</span> <span class='ocrx_word' id='word_1_496' title='bbox 817 3355 918 3445; x_wconf 84' lang='lat' dir='ltr'>qui</span> <span class='ocrx_word' id='word_1_497' title='bbox 969 3371 1314 3440; x_wconf 88' lang='lat' dir='ltr'>consulitur,</span> <span class='ocrx_word' id='word_1_498' title='bbox 1347 3369 1529 3426; x_wconf 90' lang='lat' dir='ltr'>dubia</span> <span class='ocrx_word' id='word_1_499' title='bbox 1573 3370 1651 3426; x_wconf 90' lang='lat' dir='ltr'>sit</span> <span class='ocrx_word' id='word_1_500' title='bbox 1695 3370 1830 3439; x_wconf 89' lang='lat' dir='ltr'>ﬁde,</span> <span class='ocrx_word' id='word_1_501' title='bbox 1873 3373 1931 3426; x_wconf 87' lang='lat' dir='ltr'>et</span> <span class='ocrx_word' id='word_1_502' title='bbox 1955 3355 2000 3424; x_wconf 71' lang='grc' dir='ltr'>Ο</span> <span class='ocrx_word' id='word_1_503' title='bbox 2037 3368 2315 3429; x_wconf 87' lang='lat' dir='ltr'>amicitiis</span> <span class='ocrx_word' id='word_1_504' title='bbox 2337 3366 2668 3440; x_wconf 85' lang='lat' dir='ltr'>jungimur,</span> <span class='ocrx_word' id='word_1_505' title='bbox 2692 3363 2882 3436; x_wconf 90' lang='lat' dir='ltr'>culpis</span> <span class='ocrx_word' id='word_1_506' title='bbox 2911 3359 3358 3448; x_wconf 81' lang='lat' dir='ltr'>ligamur.Unde</span> <span class='ocrx_word' id='word_1_507' title='bbox 3387 3357 3692 3448; x_wconf 72' lang='lat' dir='ltr'>.losaphat,</span> 
     </span>
    </p>
   </div>
   <div class='ocr_carea' id='block_1_64' title="bbox 274 3457 1926 3540">
    <p class='ocr_par' dir='ltr' id='par_1_64' title="bbox 274 3457 1926 3540">
     <span class='ocr_line' id='line_1_64' title="bbox 274 3457 1926 3540; baseline -0.004 -18"><span class='ocrx_word' id='word_1_508' title='bbox 274 3464 534 3540; x_wconf 66' lang='lat' dir='ltr'>pecunias</span> <span class='ocrx_word' id='word_1_509' title='bbox 565 3462 788 3520; x_wconf 89' lang='lat' dir='ltr'>avidus.</span> <span class='ocrx_word' id='word_1_510' title='bbox 823 3465 886 3518; x_wconf 86' lang='lat' dir='ltr'>ut</span> <span class='ocrx_word' id='word_1_511' title='bbox 915 3461 1104 3536; x_wconf 90' lang='lat' dir='ltr'>possit</span> <span class='ocrx_word' id='word_1_512' title='bbox 1131 3460 1316 3534; x_wconf 88' lang='lat' dir='ltr'>pretio</span> <span class='ocrx_word' id='word_1_513' title='bbox 1350 3458 1653 3529; x_wconf 90' lang='lat' dir='ltr'>mutari,si</span> <span class='ocrx_word' id='word_1_514' title='bbox 1681 3457 1926 3532; x_wconf 86' lang='lat' dir='ltr'>injurio-</span> 
     </span>
    </p>
   </div>
   <div class='ocr_carea' id='block_1_65' title="bbox 275 3547 1926 3625">
    <p class='ocr_par' dir='ltr' id='par_1_65' title="bbox 275 3547 1926 3625">
     <span class='ocr_line' id='line_1_65' title="bbox 275 3547 1926 3625; baseline -0.005 -13"><span class='ocrx_word' id='word_1_515' title='bbox 275 3551 509 3621; x_wconf 88' lang='lat' dir='ltr'>sus,hic</span> <span class='ocrx_word' id='word_1_516' title='bbox 539 3551 776 3625; x_wconf 52' lang='lat' dir='ltr'>fugitur,</span> <span class='ocrx_word' id='word_1_517' title='bbox 791 3567 858 3606; x_wconf 89' lang='lat' dir='ltr'>ac</span> <span class='ocrx_word' id='word_1_518' title='bbox 888 3549 1351 3616; x_wconf 77' lang='lat' dir='ltr'>declinatur,Qui</span> <span class='ocrx_word' id='word_1_519' title='bbox 1381 3567 1513 3606; x_wconf 91' lang='lat' dir='ltr'>vero</span> <span class='ocrx_word' id='word_1_520' title='bbox 1542 3547 1926 3622; x_wconf 81' lang='lat' dir='ltr'>voluptarius,</span> 
     </span>
    </p>
   </div>
   <div class='ocr_carea' id='block_1_66' title="bbox 275 3638 1932 3716">
    <p class='ocr_par' dir='ltr' id='par_1_66' title="bbox 275 3638 1932 3716">
     <span class='ocr_line' id='line_1_66' title="bbox 275 3638 1932 3716; baseline -0.005 -15"><span class='ocrx_word' id='word_1_521' title='bbox 275 3644 694 3716; x_wconf 88' lang='lat' dir='ltr'>intemperans,</span> <span class='ocrx_word' id='word_1_522' title='bbox 723 3644 782 3696; x_wconf 89' lang='lat' dir='ltr'>et</span> <span class='ocrx_word' id='word_1_523' title='bbox 809 3639 858 3696; x_wconf 91' lang='lat' dir='ltr'>si</span> <span class='ocrx_word' id='word_1_524' title='bbox 889 3638 1115 3697; x_wconf 85' lang='lat' dir='ltr'>alienus</span> <span class='ocrx_word' id='word_1_525' title='bbox 1147 3657 1181 3696; x_wconf 90' lang='lat' dir='ltr'>a</span> <span class='ocrx_word' id='word_1_526' title='bbox 1210 3639 1436 3706; x_wconf 80' lang='lat' dir='ltr'>fraude,</span> <span class='ocrx_word' id='word_1_527' title='bbox 1462 3642 1672 3694; x_wconf 64' lang='lat' dir='ltr'>tamen</span> <span class='ocrx_word' id='word_1_528' title='bbox 1721 3654 1932 3694; x_wconf 91' lang='lat' dir='ltr'>avarus</span> 
     </span>
    </p>
   </div>
   <div class='ocr_carea' id='block_1_67' title="bbox 276 3727 1927 3805">
    <p class='ocr_par' dir='ltr' id='par_1_67' title="bbox 276 3727 1927 3805">
     <span class='ocr_line' id='line_1_67' title="bbox 276 3727 1927 3805; baseline -0.005 -15"><span class='ocrx_word' id='word_1_529' title='bbox 276 3737 336 3790; x_wconf 91' lang='lat' dir='ltr'>et</span> <span class='ocrx_word' id='word_1_530' title='bbox 365 3730 632 3805; x_wconf 89' lang='lat' dir='ltr'>cupidior</span> <span class='ocrx_word' id='word_1_531' title='bbox 649 3729 799 3786; x_wconf 89' lang='lat' dir='ltr'>lucri</span> <span class='ocrx_word' id='word_1_532' title='bbox 827 3728 1042 3802; x_wconf 89' lang='lat' dir='ltr'>turpis,</span> <span class='ocrx_word' id='word_1_533' title='bbox 1073 3728 1170 3784; x_wconf 92' lang='lat' dir='ltr'>hic</span> <span class='ocrx_word' id='word_1_534' title='bbox 1193 3727 1610 3784; x_wconf 91' lang='lat' dir='ltr'>contemnitur.</span> <span class='ocrx_word' id='word_1_535' title='bbox 1643 3727 1794 3799; x_wconf 85' lang='lat' dir='ltr'>(Cap.</span> <span class='ocrx_word' id='word_1_536' title='bbox 1820 3727 1927 3799; x_wconf 88' lang='grc'>11).</span> 
     </span>
    </p>
   </div>
   <div class='ocr_carea' id='block_1_68' title="bbox 278 3814 1934 3890">
    <p class='ocr_par' dir='ltr' id='par_1_68' title="bbox 278 3814 1934 3890">
     <span class='ocr_line' id='line_1_68' title="bbox 278 3814 1934 3890; baseline -0.004 -13"><span class='ocrx_word' id='word_1_537' title='bbox 278 3821 420 3888; x_wconf 89' lang='lat' dir='ltr'>Quis</span> <span class='ocrx_word' id='word_1_538' title='bbox 445 3819 605 3876; x_wconf 90' lang='lat' dir='ltr'>enim</span> <span class='ocrx_word' id='word_1_539' title='bbox 634 3819 694 3874; x_wconf 93' lang='lat' dir='ltr'>in</span> <span class='ocrx_word' id='word_1_540' title='bbox 727 3835 890 3875; x_wconf 79' lang='lat' dir='ltr'>cceno</span> <span class='ocrx_word' id='word_1_541' title='bbox 914 3818 1135 3874; x_wconf 86' lang='lat' dir='ltr'>fontem</span> <span class='ocrx_word' id='word_1_542' title='bbox 1157 3817 1462 3890; x_wconf 87' lang='lat' dir='ltr'>requirat?</span> <span class='ocrx_word' id='word_1_543' title='bbox 1492 3815 1625 3888; x_wconf 87' lang='lat' dir='ltr'>quis</span> <span class='ocrx_word' id='word_1_544' title='bbox 1647 3833 1678 3872; x_wconf 90' lang='lat' dir='ltr'>e</span> <span class='ocrx_word' id='word_1_545' title='bbox 1697 3814 1934 3872; x_wconf 88' lang='lat' dir='ltr'>turbida</span> 
     </span>
    </p>
   </div>
   <div class='ocr_carea' id='block_1_69' title="bbox 277 3903 1936 3984">
    <p class='ocr_par' dir='ltr' id='par_1_69' title="bbox 277 3903 1936 3984">
     <span class='ocr_line' id='line_1_69' title="bbox 277 3903 1936 3984; baseline -0.006 -17"><span class='ocrx_word' id='word_1_546' title='bbox 277 3926 434 3984; x_wconf 89' lang='lat' dir='ltr'>aqua</span> <span class='ocrx_word' id='word_1_547' title='bbox 457 3912 662 3982; x_wconf 88' lang='lat' dir='ltr'>potum</span> <span class='ocrx_word' id='word_1_548' title='bbox 693 3907 889 3981; x_wconf 83' lang='lat' dir='ltr'>petat?</span> <span class='ocrx_word' id='word_1_549' title='bbox 919 3907 1122 3978; x_wconf 88' lang='lat' dir='ltr'>Itaque</span> <span class='ocrx_word' id='word_1_550' title='bbox 1168 3905 1271 3962; x_wconf 90' lang='lat' dir='ltr'>ubi</span> <span class='ocrx_word' id='word_1_551' title='bbox 1315 3904 1548 3962; x_wconf 87' lang='lat' dir='ltr'>luxuria</span> <span class='ocrx_word' id='word_1_552' title='bbox 1573 3908 1682 3974; x_wconf 90' lang='lat' dir='ltr'>est,</span> <span class='ocrx_word' id='word_1_553' title='bbox 1717 3903 1817 3959; x_wconf 90' lang='lat' dir='ltr'>ubi</span> <span class='ocrx_word' id='word_1_554' title='bbox 1849 3903 1936 3958; x_wconf 90' lang='lat' dir='ltr'>in-</span> 
     </span>
    </p>
   </div>
   <div class='ocr_carea' id='block_1_70' title="bbox 275 3992 1932 4072">
    <p class='ocr_par' dir='ltr' id='par_1_70' title="bbox 275 3992 1932 4072">
     <span class='ocr_line' id='line_1_70' title="bbox 275 3992 1932 4072; baseline -0.005 -16"><span class='ocrx_word' id='word_1_555' title='bbox 275 3997 686 4072; x_wconf 88' lang='lat' dir='ltr'>temperantia,</span> <span class='ocrx_word' id='word_1_556' title='bbox 715 3995 818 4052; x_wconf 89' lang='lat' dir='ltr'>ubi</span> <span class='ocrx_word' id='word_1_557' title='bbox 841 3994 1118 4052; x_wconf 90' lang='lat' dir='ltr'>vitiorum</span> <span class='ocrx_word' id='word_1_558' title='bbox 1150 3993 1437 4060; x_wconf 82' lang='lat' dir='ltr'>confusio,</span> <span class='ocrx_word' id='word_1_559' title='bbox 1469 3993 1604 4064; x_wconf 90' lang='lat' dir='ltr'>quis</span> <span class='ocrx_word' id='word_1_560' title='bbox 1652 3992 1788 4048; x_wconf 91' lang='lat' dir='ltr'>inde</span> <span class='ocrx_word' id='word_1_561' title='bbox 1820 3993 1932 4048; x_wconf 89' lang='lat' dir='ltr'>sibi</span> 
     </span>
    </p>
   </div>
   <div class='ocr_carea' id='block_1_71' title="bbox 279 4081 1937 4160">
    <p class='ocr_par' dir='ltr' id='par_1_71' title="bbox 279 4081 1937 4160">
     <span class='ocr_line' id='line_1_71' title="bbox 279 4081 1937 4160; baseline -0.007 -13"><span class='ocrx_word' id='word_1_562' title='bbox 279 4087 504 4160; x_wconf 75' lang='lat' dir='ltr'>aliquid</span> <span class='ocrx_word' id='word_1_563' title='bbox 533 4085 925 4143; x_wconf 89' lang='lat' dir='ltr'>hauriendum</span> <span class='ocrx_word' id='word_1_564' title='bbox 957 4083 1289 4141; x_wconf 83' lang='lat' dir='ltr'>existimet?</span> <span class='ocrx_word' id='word_1_565' title='bbox 1319 4082 1459 4149; x_wconf 89' lang='lat' dir='ltr'>Quis</span> <span class='ocrx_word' id='word_1_566' title='bbox 1504 4099 1619 4138; x_wconf 90' lang='lat' dir='ltr'>non</span> <span class='ocrx_word' id='word_1_567' title='bbox 1653 4081 1937 4154; x_wconf 89' lang='lat' dir='ltr'>despiciat</span> 
     </span>
    </p>
   </div>
   <div class='ocr_carea' id='block_1_72' title="bbox 281 4171 1934 4248">
    <p class='ocr_par' dir='ltr' id='par_1_72' title="bbox 281 4171 1934 4248">
     <span class='ocr_line' id='line_1_72' title="bbox 281 4171 1934 4248; baseline -0.005 -14"><span class='ocrx_word' id='word_1_568' title='bbox 281 4193 512 4234; x_wconf 88' lang='lat' dir='ltr'>morum</span> <span class='ocrx_word' id='word_1_569' title='bbox 545 4174 952 4244; x_wconf 86' lang='lat' dir='ltr'>colluvionem,</span> <span class='ocrx_word' id='word_1_570' title='bbox 985 4173 1120 4248; x_wconf 91' lang='lat' dir='ltr'>quis</span> <span class='ocrx_word' id='word_1_571' title='bbox 1151 4171 1357 4229; x_wconf 88' lang='lat' dir='ltr'>utilem</span> <span class='ocrx_word' id='word_1_572' title='bbox 1391 4187 1580 4228; x_wconf 66' lang='lat' dir='ltr'>causae</span> <span class='ocrx_word' id='word_1_573' title='bbox 1611 4171 1813 4228; x_wconf 63' lang='lat' dir='ltr'>aliena:</span> <span class='ocrx_word' id='word_1_574' title='bbox 1836 4171 1934 4243; x_wconf 91' lang='lat' dir='ltr'>ju-</span> 
     </span>
    </p>
   </div>
   <div class='ocr_carea' id='block_1_73' title="bbox 280 4259 1934 4338">
    <p class='ocr_par' dir='ltr' id='par_1_73' title="bbox 280 4259 1934 4338">
     <span class='ocr_line' id='line_1_73' title="bbox 280 4259 1934 4338; baseline -0.005 -16"><span class='ocrx_word' id='word_1_575' title='bbox 280 4265 454 4334; x_wconf 90' lang='lat' dir='ltr'>dicet,</span> <span class='ocrx_word' id='word_1_576' title='bbox 487 4281 662 4338; x_wconf 90' lang='lat' dir='ltr'>quem</span> <span class='ocrx_word' id='word_1_577' title='bbox 690 4263 850 4320; x_wconf 89' lang='lat' dir='ltr'>videt</span> <span class='ocrx_word' id='word_1_578' title='bbox 876 4263 1149 4320; x_wconf 88' lang='lat' dir='ltr'>inutilem</span> <span class='ocrx_word' id='word_1_579' title='bbox 1180 4261 1309 4318; x_wconf 66' lang='lat' dir='ltr'>vitae</span> <span class='ocrx_word' id='word_1_580' title='bbox 1340 4261 1498 4318; x_wconf 66' lang='lat' dir='ltr'>suae?</span> <span class='ocrx_word' id='word_1_581' title='bbox 1547 4260 1690 4328; x_wconf 82' lang='lat' dir='ltr'>Quis</span> <span class='ocrx_word' id='word_1_582' title='bbox 1719 4259 1934 4317; x_wconf 88' lang='lat' dir='ltr'>iterum</span> 
     </span>
    </p>
   </div>
   <div class='ocr_carea' id='block_1_74' title="bbox 281 4348 1933 4428">
    <p class='ocr_par' dir='ltr' id='par_1_74' title="bbox 281 4348 1933 4428">
     <span class='ocr_line' id='line_1_74' title="bbox 281 4348 1933 4428; baseline -0.004 -18"><span class='ocrx_word' id='word_1_583' title='bbox 281 4355 639 4428; x_wconf 87' lang='lat' dir='ltr'>improbum,</span> <span class='ocrx_word' id='word_1_584' title='bbox 675 4352 1027 4410; x_wconf 89' lang='lat' dir='ltr'>malevolum</span> <span class='ocrx_word' id='word_1_585' title='bbox 1059 4349 1552 4408; x_wconf 85' lang='lat' dir='ltr'>contumeliosum</span> <span class='ocrx_word' id='word_1_586' title='bbox 1579 4367 1694 4406; x_wconf 91' lang='lat' dir='ltr'>non</span> <span class='ocrx_word' id='word_1_587' title='bbox 1727 4348 1933 4422; x_wconf 80' lang='lat' dir='ltr'>fugiat,</span> 
     </span>
    </p>
   </div>
   <div class='ocr_carea' id='block_1_75' title="bbox 282 4438 1940 4515">
    <p class='ocr_par' dir='ltr' id='par_1_75' title="bbox 282 4438 1940 4515">
     <span class='ocr_line' id='line_1_75' title="bbox 282 4438 1940 4515; baseline -0.004 -15"><span class='ocrx_word' id='word_1_588' title='bbox 282 4448 342 4500; x_wconf 89' lang='lat' dir='ltr'>et</span> <span class='ocrx_word' id='word_1_589' title='bbox 370 4443 443 4500; x_wconf 89' lang='lat' dir='ltr'>ad</span> <span class='ocrx_word' id='word_1_590' title='bbox 472 4443 803 4500; x_wconf 88' lang='lat' dir='ltr'>nocendum</span> <span class='ocrx_word' id='word_1_591' title='bbox 837 4440 1148 4515; x_wconf 81' lang='lat' dir='ltr'>paratum?</span> <span class='ocrx_word' id='word_1_592' title='bbox 1177 4439 1310 4512; x_wconf 90' lang='lat' dir='ltr'>quis</span> <span class='ocrx_word' id='word_1_593' title='bbox 1341 4457 1457 4494; x_wconf 91' lang='lat' dir='ltr'>non</span> <span class='ocrx_word' id='word_1_594' title='bbox 1479 4455 1612 4494; x_wconf 84' lang='lat' dir='ltr'>eum</span> <span class='ocrx_word' id='word_1_595' title='bbox 1637 4438 1798 4494; x_wconf 89' lang='lat' dir='ltr'>omni</span> <span class='ocrx_word' id='word_1_596' title='bbox 1821 4441 1940 4494; x_wconf 88' lang='lat' dir='ltr'>stu-</span> 
     </span>
    </p>
   </div>
   <div class='ocr_carea' id='block_1_76' title="bbox 283 4527 1940 4602">
    <p class='ocr_par' dir='ltr' id='par_1_76' title="bbox 283 4527 1940 4602">
     <span class='ocr_line' id='line_1_76' title="bbox 283 4527 1940 4602; baseline -0.004 -14"><span class='ocrx_word' id='word_1_597' title='bbox 283 4531 380 4589; x_wconf 91' lang='lat' dir='ltr'>dio</span> <span class='ocrx_word' id='word_1_598' title='bbox 410 4531 704 4588; x_wconf 78' lang='lat' dir='ltr'>declinet?</span> <span class='ocrx_word' id='word_1_599' title='bbox 736 4531 878 4598; x_wconf 90' lang='lat' dir='ltr'>Quis</span> <span class='ocrx_word' id='word_1_600' title='bbox 891 4547 1026 4587; x_wconf 90' lang='lat' dir='ltr'>vero</span> <span class='ocrx_word' id='word_1_601' title='bbox 1046 4529 1318 4602; x_wconf 88' lang='lat' dir='ltr'>quamvis</span> <span class='ocrx_word' id='word_1_602' title='bbox 1334 4529 1692 4584; x_wconf 89' lang='lat' dir='ltr'>instructum</span> <span class='ocrx_word' id='word_1_603' title='bbox 1713 4527 1786 4583; x_wconf 92' lang='lat' dir='ltr'>ad</span> <span class='ocrx_word' id='word_1_604' title='bbox 1809 4543 1940 4582; x_wconf 45' lang='lat' dir='ltr'>cons</span> 
     </span>
    </p>
   </div>
   <div class='ocr_carea' id='block_1_77' title="bbox 2038 3446 3694 3534">
    <p class='ocr_par' dir='ltr' id='par_1_77' title="bbox 2038 3446 3694 3534">
     <span class='ocr_line' id='line_1_77' title="bbox 2038 3446 3694 3534; baseline -0.009 -17"><span class='ocrx_word' id='word_1_605' title='bbox 2038 3459 2142 3534; x_wconf 92' lang='lat' dir='ltr'>qui</span> <span class='ocrx_word' id='word_1_606' title='bbox 2189 3462 2278 3515; x_wconf 91' lang='lat' dir='ltr'>tot</span> <span class='ocrx_word' id='word_1_607' title='bbox 2325 3458 2396 3513; x_wconf 91' lang='lat' dir='ltr'>de</span> <span class='ocrx_word' id='word_1_608' title='bbox 2444 3457 2710 3512; x_wconf 86' lang='lat' dir='ltr'>anteacta</span> <span class='ocrx_word' id='word_1_609' title='bbox 2763 3451 2881 3508; x_wconf 88' lang='lat' dir='ltr'>vita</span> <span class='ocrx_word' id='word_1_610' title='bbox 2929 3447 3236 3524; x_wconf 64' lang='lat' dir='ltr'>praeconiis</span> <span class='ocrx_word' id='word_1_611' title='bbox 3281 3446 3590 3513; x_wconf 87' lang='lat' dir='ltr'>attollitur,</span> <span class='ocrx_word' id='word_1_612' title='bbox 3620 3446 3694 3503; x_wconf 84' lang='lat' dir='ltr'>de</span> 
     </span>
    </p>
   </div>
   <div class='ocr_carea' id='block_1_78' title="bbox 2036 3536 3688 3619">
    <p class='ocr_par' dir='ltr' id='par_1_78' title="bbox 2036 3536 3688 3619">
     <span class='ocr_line' id='line_1_78' title="bbox 2036 3536 3688 3619; baseline -0.01 -12"><span class='ocrx_word' id='word_1_613' title='bbox 2036 3549 2235 3607; x_wconf 84' lang='lat' dir='ltr'>Achab</span> <span class='ocrx_word' id='word_1_614' title='bbox 2284 3546 2438 3619; x_wconf 88' lang='lat' dir='ltr'>regis</span> <span class='ocrx_word' id='word_1_615' title='bbox 2488 3541 2748 3600; x_wconf 89' lang='lat' dir='ltr'>amicitia</span> <span class='ocrx_word' id='word_1_616' title='bbox 2795 3557 2942 3614; x_wconf 85' lang='lat' dir='ltr'>pene</span> <span class='ocrx_word' id='word_1_617' title='bbox 2989 3539 3288 3613; x_wconf 87' lang='lat' dir='ltr'>periturus</span> <span class='ocrx_word' id='word_1_618' title='bbox 3332 3536 3688 3610; x_wconf 90' lang='lat' dir='ltr'>increpatur.</span> 
     </span>
    </p>
   </div>
   <div class='ocr_carea' id='block_1_79' title="bbox 2039 3624 3692 3706">
    <p class='ocr_par' dir='ltr' id='par_1_79' title="bbox 2039 3624 3692 3706">
     <span class='ocr_line' id='line_1_79' title="bbox 2039 3624 3692 3706; baseline -0.01 -10"><span class='ocrx_word' id='word_1_619' title='bbox 2039 3639 2143 3697; x_wconf 89' lang='lat' dir='ltr'>Cui</span> <span class='ocrx_word' id='word_1_620' title='bbox 2176 3656 2210 3694; x_wconf 89' lang='lat' dir='ltr'>a</span> <span class='ocrx_word' id='word_1_621' title='bbox 2235 3634 2482 3692; x_wconf 86' lang='lat' dir='ltr'>Domino</span> <span class='ocrx_word' id='word_1_622' title='bbox 2505 3651 2609 3706; x_wconf 89' lang='lat' dir='ltr'>per</span> <span class='ocrx_word' id='word_1_623' title='bbox 2627 3629 2974 3704; x_wconf 91' lang='lat' dir='ltr'>prophetam</span> <span class='ocrx_word' id='word_1_624' title='bbox 3001 3627 3253 3684; x_wconf 90' lang='lat' dir='ltr'>dicitur:</span> <span class='ocrx_word' id='word_1_625' title='bbox 3280 3627 3452 3698; x_wconf 83' lang='lat' dir='ltr'>Impia</span> <span class='ocrx_word' id='word_1_626' title='bbox 3475 3624 3692 3697; x_wconf 76' lang='lat' dir='ltr'>praebes</span> 
     </span>
    </p>
   </div>
   <div class='ocr_carea' id='block_1_80' title="bbox 2039 3706 3697 3786">
    <p class='ocr_par' dir='ltr' id='par_1_80' title="bbox 2039 3706 3697 3786">
     <span class='ocr_line' id='line_1_80' title="bbox 2039 3706 3697 3786; baseline -0.01 -10"><span class='ocrx_word' id='word_1_627' title='bbox 2039 3720 2340 3784; x_wconf 74' lang='lat' dir='ltr'>auxilium,</span> <span class='ocrx_word' id='word_1_628' title='bbox 2372 3723 2422 3772; x_wconf 87' lang='lat' dir='ltr'>et</span> <span class='ocrx_word' id='word_1_629' title='bbox 2452 3715 2538 3770; x_wconf 85' lang='lat' dir='ltr'>his</span> <span class='ocrx_word' id='word_1_630' title='bbox 2564 3714 2660 3786; x_wconf 89' lang='lat' dir='ltr'>qui</span> <span class='ocrx_word' id='word_1_631' title='bbox 2687 3712 2918 3768; x_wconf 81' lang='lat' dir='ltr'>oderunt</span> <span class='ocrx_word' id='word_1_632' title='bbox 2945 3710 3242 3766; x_wconf 81' lang='lat' dir='ltr'>Dominum</span> <span class='ocrx_word' id='word_1_633' title='bbox 3275 3707 3524 3762; x_wconf 84' lang='lat' dir='ltr'>amicitia</span> <span class='ocrx_word' id='word_1_634' title='bbox 3555 3706 3697 3778; x_wconf 81' lang='lat' dir='ltr'>jun-</span> 
     </span>
    </p>
   </div>
   <div class='ocr_carea' id='block_1_81' title="bbox 2039 3793 3694 3880">
    <p class='ocr_par' dir='ltr' id='par_1_81' title="bbox 2039 3793 3694 3880">
     <span class='ocr_line' id='line_1_81' title="bbox 2039 3793 3694 3880; baseline -0.01 -16"><span class='ocrx_word' id='word_1_635' title='bbox 2039 3810 2186 3880; x_wconf 85' lang='lat' dir='ltr'>geris</span> <span class='ocrx_word' id='word_1_636' title='bbox 2233 3825 2252 3861; x_wconf 92' lang='lat'><strong><em>:</em></strong></span> <span class='ocrx_word' id='word_1_637' title='bbox 2298 3813 2350 3860; x_wconf 85' lang='lat' dir='ltr'>et</span> <span class='ocrx_word' id='word_1_638' title='bbox 2395 3803 2600 3858; x_wconf 82' lang='lat' dir='ltr'>idcirco</span> <span class='ocrx_word' id='word_1_639' title='bbox 2647 3801 2793 3856; x_wconf 86' lang='lat' dir='ltr'>iram</span> <span class='ocrx_word' id='word_1_640' title='bbox 2838 3797 3059 3871; x_wconf 85' lang='lat' dir='ltr'>quidem</span> <span class='ocrx_word' id='word_1_641' title='bbox 3103 3796 3326 3852; x_wconf 84' lang='lat' dir='ltr'>Domini</span> <span class='ocrx_word' id='word_1_642' title='bbox 3370 3793 3694 3860; x_wconf 73' lang='lat' dir='ltr'>merebar-is,</span> 
     </span>
    </p>
   </div>
   <div class='ocr_carea' id='block_1_82' title="bbox 2041 3882 3698 3964">
    <p class='ocr_par' dir='ltr' id='par_1_82' title="bbox 2041 3882 3698 3964">
     <span class='ocr_line' id='line_1_82' title="bbox 2041 3882 3698 3964; baseline -0.009 -11"><span class='ocrx_word' id='word_1_643' title='bbox 2041 3896 2132 3953; x_wconf 85' lang='lat' dir='ltr'>sed</span> <span class='ocrx_word' id='word_1_644' title='bbox 2163 3895 2298 3951; x_wconf 79' lang='lat' dir='ltr'>bona</span> <span class='ocrx_word' id='word_1_645' title='bbox 2330 3908 2492 3964; x_wconf 84' lang='lat' dir='ltr'>opera</span> <span class='ocrx_word' id='word_1_646' title='bbox 2523 3892 2745 3945; x_wconf 78' lang='lat' dir='ltr'>inventa</span> <span class='ocrx_word' id='word_1_647' title='bbox 2772 3895 2902 3943; x_wconf 84' lang='lat' dir='ltr'>sunt</span> <span class='ocrx_word' id='word_1_648' title='bbox 2929 3889 2989 3942; x_wconf 88' lang='lat' dir='ltr'>in</span> <span class='ocrx_word' id='word_1_649' title='bbox 3019 3893 3087 3954; x_wconf 84' lang='lat' dir='ltr'>te,</span> <span class='ocrx_word' id='word_1_650' title='bbox 3119 3902 3180 3941; x_wconf 88' lang='lat' dir='ltr'>eo</span> <span class='ocrx_word' id='word_1_651' title='bbox 3217 3883 3358 3957; x_wconf 88' lang='lat' dir='ltr'>quod</span> <span class='ocrx_word' id='word_1_652' title='bbox 3403 3882 3698 3940; x_wconf 79' lang='lat' dir='ltr'>abstuleris</span> 
     </span>
    </p>
   </div>
   <div class='ocr_carea' id='block_1_83' title="bbox 2045 3969 3699 4050">
    <p class='ocr_par' dir='ltr' id='par_1_83' title="bbox 2045 3969 3699 4050">
     <span class='ocr_line' id='line_1_83' title="bbox 2045 3969 3699 4050; baseline -0.01 -8"><span class='ocrx_word' id='word_1_653' title='bbox 2045 3988 2182 4044; x_wconf 86' lang='lat' dir='ltr'>locos</span> <span class='ocrx_word' id='word_1_654' title='bbox 2213 3983 2277 4040; x_wconf 86' lang='lat' dir='ltr'>de</span> <span class='ocrx_word' id='word_1_655' title='bbox 2305 3990 2450 4038; x_wconf 84' lang='lat' dir='ltr'>terra</span> <span class='ocrx_word' id='word_1_656' title='bbox 2477 3977 2614 4037; x_wconf 80' lang='lat' dir='ltr'>Iuda</span> <span class='ocrx_word' id='word_1_657' title='bbox 2648 3978 2721 4050; x_wconf 86' lang='lat' dir='ltr'>(II</span> <span class='ocrx_word' id='word_1_658' title='bbox 2745 3979 2876 4033; x_wconf 87' lang='lat' dir='ltr'>Par.</span> <span class='ocrx_word' id='word_1_659' title='bbox 2921 3977 3059 4044; x_wconf 71' lang='lat' dir='ltr'>xxx).</span> <span class='ocrx_word' id='word_1_660' title='bbox 3109 3973 3196 4028; x_wconf 90' lang='lat' dir='ltr'>Ab</span> <span class='ocrx_word' id='word_1_661' title='bbox 3246 3971 3345 4028; x_wconf 92' lang='lat' dir='ltr'>illo</span> <span class='ocrx_word' id='word_1_662' title='bbox 3393 3970 3552 4027; x_wconf 89' lang='lat' dir='ltr'>enim</span> <span class='ocrx_word' id='word_1_663' title='bbox 3596 3969 3699 4044; x_wconf 91' lang='lat' dir='ltr'>qui</span> 
     </span>
    </p>
   </div>
   <div class='ocr_carea' id='block_1_84' title="bbox 2045 4059 3701 4136">
    <p class='ocr_par' dir='ltr' id='par_1_84' title="bbox 2045 4059 3701 4136">
     <span class='ocr_line' id='line_1_84' title="bbox 2045 4059 3701 4136; baseline -0.01 -5"><span class='ocrx_word' id='word_1_664' title='bbox 2045 4089 2279 4131; x_wconf 90' lang='lat' dir='ltr'>summe</span> <span class='ocrx_word' id='word_1_665' title='bbox 2337 4073 2534 4126; x_wconf 87' lang='lat' dir='ltr'>rectus</span> <span class='ocrx_word' id='word_1_666' title='bbox 2581 4071 2688 4134; x_wconf 90' lang='lat' dir='ltr'>est,</span> <span class='ocrx_word' id='word_1_667' title='bbox 2739 4082 2806 4120; x_wconf 89' lang='lat' dir='ltr'>eo</span> <span class='ocrx_word' id='word_1_668' title='bbox 2855 4063 2984 4136; x_wconf 89' lang='lat' dir='ltr'>ipso</span> <span class='ocrx_word' id='word_1_669' title='bbox 3022 4063 3149 4134; x_wconf 89' lang='lat' dir='ltr'>jam</span> <span class='ocrx_word' id='word_1_670' title='bbox 3209 4059 3523 4132; x_wconf 88' lang='lat' dir='ltr'>discrepat,</span> <span class='ocrx_word' id='word_1_671' title='bbox 3584 4075 3701 4132; x_wconf 90' lang='lat' dir='ltr'>quo</span> 
     </span>
    </p>
   </div>
   <div class='ocr_carea' id='block_1_85' title="bbox 2045 4147 3705 4238">
    <p class='ocr_par' dir='ltr' id='par_1_85' title="bbox 2045 4147 3705 4238">
     <span class='ocr_line' id='line_1_85' title="bbox 2045 4147 3705 4238; baseline -0.01 -18"><span class='ocrx_word' id='word_1_672' title='bbox 2045 4175 2451 4238; x_wconf 88' lang='lat' dir='ltr'>perversorum</span> <span class='ocrx_word' id='word_1_673' title='bbox 2484 4154 2760 4212; x_wconf 89' lang='lat' dir='ltr'>amicitiis</span> <span class='ocrx_word' id='word_1_674' title='bbox 2791 4153 2910 4209; x_wconf 89' lang='lat' dir='ltr'>vita</span> <span class='ocrx_word' id='word_1_675' title='bbox 2939 4155 3142 4208; x_wconf 85' lang='lat' dir='ltr'>nostra</span> <span class='ocrx_word' id='word_1_676' title='bbox 3190 4147 3522 4205; x_wconf 89' lang='lat' dir='ltr'>concordat.</span> <span class='ocrx_word' id='word_1_677' title='bbox 3557 4147 3705 4204; x_wconf 84' lang='lat' dir='ltr'>Hinc</span> 
     </span>
    </p>
   </div>
   <div class='ocr_carea' id='block_1_86' title="bbox 2045 4236 3704 4318">
    <p class='ocr_par' dir='ltr' id='par_1_86' title="bbox 2045 4236 3704 4318">
     <span class='ocr_line' id='line_1_86' title="bbox 2045 4236 3704 4318; baseline -0.011 -9"><span class='ocrx_word' id='word_1_678' title='bbox 2045 4236 2248 4318; x_wconf 87' lang='lat' dir='ltr'>David,</span> <span class='ocrx_word' id='word_1_679' title='bbox 2284 4248 2426 4304; x_wconf 90' lang='lat' dir='ltr'>dum</span> <span class='ocrx_word' id='word_1_680' title='bbox 2457 4250 2646 4302; x_wconf 90' lang='lat' dir='ltr'>totum</span> <span class='ocrx_word' id='word_1_681' title='bbox 2677 4260 2740 4300; x_wconf 89' lang='lat' dir='ltr'>se</span> <span class='ocrx_word' id='word_1_682' title='bbox 2771 4242 2842 4297; x_wconf 90' lang='lat' dir='ltr'>ad</span> <span class='ocrx_word' id='word_1_683' title='bbox 2876 4240 3094 4296; x_wconf 73' lang='lat' dir='ltr'>fwdora</span> <span class='ocrx_word' id='word_1_684' title='bbox 3121 4236 3283 4311; x_wconf 91' lang='lat' dir='ltr'>pacis</span> <span class='ocrx_word' id='word_1_685' title='bbox 3305 4241 3532 4294; x_wconf 60' lang='lat' dir='ltr'>aeternae</span> <span class='ocrx_word' id='word_1_686' title='bbox 3560 4252 3704 4292; x_wconf 87' lang='lat' dir='ltr'>con-</span> 
     </span>
    </p>
   </div>
   <div class='ocr_carea' id='block_1_87' title="bbox 2047 4323 3706 4412">
    <p class='ocr_par' dir='ltr' id='par_1_87' title="bbox 2047 4323 3706 4412">
     <span class='ocr_line' id='line_1_87' title="bbox 2047 4323 3706 4412; baseline -0.01 -15"><span class='ocrx_word' id='word_1_687' title='bbox 2047 4339 2382 4412; x_wconf 86' lang='lat' dir='ltr'>stringeret,</span> <span class='ocrx_word' id='word_1_688' title='bbox 2414 4337 2666 4391; x_wconf 87' lang='lat' dir='ltr'>testatur</span> <span class='ocrx_word' id='word_1_689' title='bbox 2713 4330 2868 4403; x_wconf 92' lang='lat' dir='ltr'>quod</span> <span class='ocrx_word' id='word_1_690' title='bbox 2919 4344 3052 4384; x_wconf 89' lang='lat' dir='ltr'>cum</span> <span class='ocrx_word' id='word_1_691' title='bbox 3105 4325 3279 4382; x_wconf 89' lang='lat' dir='ltr'>malis</span> <span class='ocrx_word' id='word_1_692' title='bbox 3327 4323 3706 4382; x_wconf 87' lang='lat' dir='ltr'>concordiam</span> 
     </span>
    </p>
   </div>
   <div class='ocr_carea' id='block_1_88' title="bbox 2047 4413 3702 4492">
    <p class='ocr_par' dir='ltr' id='par_1_88' title="bbox 2047 4413 3702 4492">
     <span class='ocr_line' id='line_1_88' title="bbox 2047 4413 3702 4492; baseline -0.01 -6"><span class='ocrx_word' id='word_1_693' title='bbox 2047 4448 2162 4486; x_wconf 89' lang='lat' dir='ltr'>non</span> <span class='ocrx_word' id='word_1_694' title='bbox 2193 4429 2433 4492; x_wconf 86' lang='lat' dir='ltr'>teneret,</span> <span class='ocrx_word' id='word_1_695' title='bbox 2484 4423 2731 4478; x_wconf 87' lang='lat' dir='ltr'>dicens:</span> <span class='ocrx_word' id='word_1_696' title='bbox 2765 4419 2952 4474; x_wconf 79' lang='lat' dir='ltr'>Nonne</span> <span class='ocrx_word' id='word_1_697' title='bbox 3006 4418 3102 4490; x_wconf 88' lang='lat' dir='ltr'>qui</span> <span class='ocrx_word' id='word_1_698' title='bbox 3146 4415 3375 4472; x_wconf 86' lang='lat' dir='ltr'>oderunt</span> <span class='ocrx_word' id='word_1_699' title='bbox 3423 4422 3492 4484; x_wconf 87' lang='lat' dir='ltr'>te,</span> <span class='ocrx_word' id='word_1_700' title='bbox 3540 4413 3702 4481; x_wconf 85' lang='lat' dir='ltr'>Deus,</span> 
     </span>
    </p>
   </div>
   <div class='ocr_carea' id='block_1_89' title="bbox 2047 4502 3706 4580">
    <p class='ocr_par' dir='ltr' id='par_1_89' title="bbox 2047 4502 3706 4580">
     <span class='ocr_line' id='line_1_89' title="bbox 2047 4502 3706 4580; baseline -0.011 -4"><span class='ocrx_word' id='word_1_701' title='bbox 2047 4519 2268 4576; x_wconf 81' lang='lat' dir='ltr'>oderam</span> <span class='ocrx_word' id='word_1_702' title='bbox 2323 4515 2468 4578; x_wconf 87' lang='lat' dir='ltr'>illos,</span> <span class='ocrx_word' id='word_1_703' title='bbox 2529 4519 2580 4567; x_wconf 85' lang='lat' dir='ltr'>et</span> <span class='ocrx_word' id='word_1_704' title='bbox 2637 4525 2802 4580; x_wconf 87' lang='lat' dir='ltr'>super</span> <span class='ocrx_word' id='word_1_705' title='bbox 2852 4507 3105 4563; x_wconf 84' lang='lat' dir='ltr'>inimicos</span> <span class='ocrx_word' id='word_1_706' title='bbox 3160 4513 3279 4560; x_wconf 89' lang='lat' dir='ltr'>tuos</span> <span class='ocrx_word' id='word_1_707' title='bbox 3335 4502 3706 4561; x_wconf 83' lang='lat' dir='ltr'>labescebam‘?</span> 
     </span>
    </p>
   </div>
   <div class='ocr_carea' id='block_1_90' title="bbox 285 4592 3708 4694">
    <p class='ocr_par' dir='ltr' id='par_1_90' title="bbox 285 4592 3708 4694">
     <span class='ocr_line' id='line_1_90' title="bbox 285 4592 3708 4694; baseline -0.009 -14"><span class='ocrx_word' id='word_1_708' title='bbox 285 4620 402 4680; x_wconf 87' lang='lat' dir='ltr'>silii</span> <span class='ocrx_word' id='word_1_709' title='bbox 433 4637 624 4694; x_wconf 89' lang='lat' dir='ltr'>opem,</span> <span class='ocrx_word' id='word_1_710' title='bbox 659 4592 962 4676; x_wconf 75' lang='lat' dir='ltr'>difficilem</span> <span class='ocrx_word' id='word_1_711' title='bbox 995 4592 1193 4674; x_wconf 76' lang='lat' dir='ltr'>tamen</span> <span class='ocrx_word' id='word_1_712' title='bbox 1216 4634 1457 4674; x_wconf 89' lang='lat' dir='ltr'>accessu</span> <span class='ocrx_word' id='word_1_713' title='bbox 1479 4616 1788 4685; x_wconf 87' lang='lat' dir='ltr'>ambiat,in</span> <span class='ocrx_word' id='word_1_714' title='bbox 1822 4633 1939 4688; x_wconf 89' lang='lat' dir='ltr'>quo</span> <span class='ocrx_word' id='word_1_715' title='bbox 2046 4615 2280 4681; x_wconf 85' lang='lat' dir='ltr'>pertecto</span> <span class='ocrx_word' id='word_1_716' title='bbox 2307 4603 2428 4660; x_wconf 90' lang='lat' dir='ltr'>odio</span> <span class='ocrx_word' id='word_1_717' title='bbox 2475 4601 2705 4694; x_wconf 74' lang='lat' dir='ltr'>oderam</span> <span class='ocrx_word' id='word_1_718' title='bbox 2721 4598 2892 4694; x_wconf 46' lang='lat' dir='ltr'>illos,</span> <span class='ocrx_word' id='word_1_719' title='bbox 2921 4596 3166 4694; x_wconf 45' lang='lat' dir='ltr'>inimici</span> <span class='ocrx_word' id='word_1_720' title='bbox 3207 4595 3344 4694; x_wconf 75' lang='lat' dir='ltr'>facti</span> <span class='ocrx_word' id='word_1_721' title='bbox 3389 4601 3522 4694; x_wconf 61' lang='lat' dir='ltr'>sunt</span> <span class='ocrx_word' id='word_1_722' title='bbox 3563 4592 3708 4648; x_wconf 87' lang='lat' dir='ltr'>mihi</span> 
     </span>
    </p>
   </div>
   <div class='ocr_carea' id='block_1_91' title="bbox 285 4681 1925 4782">
    <p class='ocr_par' dir='ltr' id='par_1_91' title="bbox 285 4681 1925 4782">
     <span class='ocr_line' id='line_1_91' title="bbox 285 4681 1925 4782; baseline -0.003 -15"><span class='ocrx_word' id='word_1_723' title='bbox 285 4711 366 4768; x_wconf 91' lang='lat' dir='ltr'>sit</span> <span class='ocrx_word' id='word_1_724' title='bbox 395 4681 562 4777; x_wconf 71' lang='lat' dir='ltr'>illud,</span> <span class='ocrx_word' id='word_1_725' title='bbox 594 4681 879 4782; x_wconf 80' lang='lat' dir='ltr'>tanquam</span> <span class='ocrx_word' id='word_1_726' title='bbox 901 4709 952 4765; x_wconf 90' lang='lat' dir='ltr'>si</span> <span class='ocrx_word' id='word_1_727' title='bbox 973 4707 1108 4780; x_wconf 90' lang='lat' dir='ltr'>quis</span> <span class='ocrx_word' id='word_1_728' title='bbox 1138 4723 1302 4779; x_wconf 69' lang='lat' dir='ltr'>aquae</span> <span class='ocrx_word' id='word_1_729' title='bbox 1334 4707 1555 4762; x_wconf 86' lang='lat' dir='ltr'>fontem</span> <span class='ocrx_word' id='word_1_730' title='bbox 1587 4681 1925 4778; x_wconf 64' lang='lat' dir='ltr'>praecludat‘:</span> 
     </span>
    </p>
   </div>
   <div class='ocr_carea' id='block_1_92' title="bbox 2036 4681 3704 4782">
    <p class='ocr_par' dir='ltr' id='par_1_92' title="bbox 2052 4681 3704 4782">
     <span class='ocr_line' id='line_1_92' title="bbox 2052 4681 3704 4782; baseline -0.011 -29"><span class='ocrx_word' id='word_1_731' title='bbox 2052 4697 2226 4772; x_wconf 85' lang='lat' dir='ltr'>(Psal.</span> <span class='ocrx_word' id='word_1_732' title='bbox 2257 4707 2527 4755; x_wconf 79' lang='lat' dir='ltr'>cxxxvm,</span> <span class='ocrx_word' id='word_1_733' title='bbox 2559 4689 2650 4754; x_wconf 81' lang='lat'>21,</span> <span class='ocrx_word' id='word_1_734' title='bbox 2679 4689 2794 4755; x_wconf 88' lang='lat'>22).</span> <span class='ocrx_word' id='word_1_735' title='bbox 2848 4683 3124 4742; x_wconf 89' lang='lat' dir='ltr'>Inimicos</span> <span class='ocrx_word' id='word_1_736' title='bbox 3172 4687 3370 4740; x_wconf 90' lang='lat' dir='ltr'>autem</span> <span class='ocrx_word' id='word_1_737' title='bbox 3422 4681 3524 4782; x_wconf 83' lang='lat' dir='ltr'>Dei</span> <span class='ocrx_word' id='word_1_738' title='bbox 3573 4697 3704 4754; x_wconf 85' lang='lat' dir='ltr'>per-</span> 
     </span>
    </p>
   </div>
   <div class='ocr_carea' id='block_1_93' title="bbox 285 4769 3708 4872">
    <p class='ocr_par' dir='ltr' id='par_1_93' title="bbox 285 4769 3708 4872">
     <span class='ocr_line' id='line_1_93' title="bbox 285 4769 3708 4872; baseline -0.009 -17"><span class='ocrx_word' id='word_1_739' title='bbox 285 4799 434 4867; x_wconf 86' lang='lat' dir='ltr'>Quid</span> <span class='ocrx_word' id='word_1_740' title='bbox 463 4769 889 4872; x_wconf 69' lang='lat' dir='ltr'>enim-prhdest</span> <span class='ocrx_word' id='word_1_741' title='bbox 917 4769 1130 4854; x_wconf 77' lang='lat' dir='ltr'>habere</span> <span class='ocrx_word' id='word_1_742' title='bbox 1160 4769 1605 4870; x_wconf 72' lang='lat' dir='ltr'>sapientiam,si</span> <span class='ocrx_word' id='word_1_743' title='bbox 1633 4793 1945 4852; x_wconf 89' lang='lat' dir='ltr'>consilium</span> <span class='ocrx_word' id='word_1_744' title='bbox 1971 4769 2022 4795; x_wconf 64' lang='grc' dir='ltr'><em>υ</em></span> <span class='ocrx_word' id='word_1_745' title='bbox 2059 4769 2206 4844; x_wconf 79' lang='lat' dir='ltr'>l‘ecto</span> <span class='ocrx_word' id='word_1_746' title='bbox 2237 4782 2370 4872; x_wconf 88' lang='lat' dir='ltr'>odio</span> <span class='ocrx_word' id='word_1_747' title='bbox 2397 4780 2592 4872; x_wconf 82' lang='lat' dir='ltr'>odisse</span> <span class='ocrx_word' id='word_1_748' title='bbox 2621 4779 2728 4872; x_wconf 88' lang='lat' dir='ltr'>est,</span> <span class='ocrx_word' id='word_1_749' title='bbox 2753 4775 2826 4832; x_wconf 88' lang='lat' dir='ltr'>ad</span> <span class='ocrx_word' id='word_1_750' title='bbox 2856 4775 3013 4848; x_wconf 92' lang='lat' dir='ltr'>quod</span> <span class='ocrx_word' id='word_1_751' title='bbox 3043 4771 3180 4831; x_wconf 85' lang='lat' dir='ltr'>facti</span> <span class='ocrx_word' id='word_1_752' title='bbox 3213 4774 3353 4829; x_wconf 89' lang='lat' dir='ltr'>sunt</span> <span class='ocrx_word' id='word_1_753' title='bbox 3382 4769 3708 4842; x_wconf 88' lang='lat' dir='ltr'>diligere,et</span> 
     </span>
    </p>
   </div>
   <div class='ocr_carea' id='block_1_94' title="bbox 286 4867 3704 4963">
    <p class='ocr_par' dir='ltr' id='par_1_94' title="bbox 286 4867 3704 4963">
     <span class='ocr_line' id='line_1_94' title="bbox 286 4867 3704 4963; baseline -0.01 -18"><span class='ocrx_word' id='word_1_754' title='bbox 286 4891 504 4963; x_wconf 77' lang='lat' dir='ltr'>neges?</span> <span class='ocrx_word' id='word_1_755' title='bbox 532 4889 594 4944; x_wconf 92' lang='lat' dir='ltr'>Si</span> <span class='ocrx_word' id='word_1_756' title='bbox 624 4887 969 4946; x_wconf 87' lang='lat' dir='ltr'>consulendi</span> <span class='ocrx_word' id='word_1_757' title='bbox 999 4867 1360 4943; x_wconf 79' lang='lat' dir='ltr'>intercludas</span> <span class='ocrx_word' id='word_1_758' title='bbox 1389 4885 1642 4958; x_wconf 91' lang='lat' dir='ltr'>copiam,</span> <span class='ocrx_word' id='word_1_759' title='bbox 1674 4883 1941 4942; x_wconf 88' lang='lat' dir='ltr'>clausisti</span> <span class='ocrx_word' id='word_1_760' title='bbox 2050 4875 2206 4953; x_wconf 91' lang='lat' dir='ltr'>quod</span> <span class='ocrx_word' id='word_1_761' title='bbox 2239 4871 2465 4929; x_wconf 89' lang='lat' dir='ltr'>faciunt</span> <span class='ocrx_word' id='word_1_762' title='bbox 2495 4867 2818 4941; x_wconf 85' lang='lat' dir='ltr'>increpare,</span> <span class='ocrx_word' id='word_1_763' title='bbox 2851 4880 3046 4921; x_wconf 89' lang='lat' dir='ltr'>mores</span> <span class='ocrx_word' id='word_1_764' title='bbox 3077 4877 3389 4935; x_wconf 88' lang='lat' dir='ltr'>pravorum</span> <span class='ocrx_word' id='word_1_765' title='bbox 3419 4873 3704 4932; x_wconf 87' lang='lat' dir='ltr'>premere,</span> 
     </span>
    </p>
   </div>
   <div class='ocr_carea' id='block_1_95' title="bbox 284 4961 3574 5048">
    <p class='ocr_par' dir='ltr' id='par_1_95' title="bbox 284 4961 3574 5048">
     <span class='ocr_line' id='line_1_95' title="bbox 284 4961 3574 5048; baseline -0.004 -14"><span class='ocrx_word' id='word_1_766' title='bbox 284 4961 524 5046; x_wconf 74' lang='lat' dir='ltr'>fontem,</span> <span class='ocrx_word' id='word_1_767' title='bbox 556 4981 622 5034; x_wconf 92' lang='lat' dir='ltr'>ut</span> <span class='ocrx_word' id='word_1_768' title='bbox 636 4966 760 5034; x_wconf 73' lang='lat' dir='ltr'>&#39;nec</span> <span class='ocrx_word' id='word_1_769' title='bbox 789 4975 920 5034; x_wconf 88' lang='lat' dir='ltr'>aliis</span> <span class='ocrx_word' id='word_1_770' title='bbox 948 4975 1180 5044; x_wconf 90' lang='lat' dir='ltr'>inﬂuat,</span> <span class='ocrx_word' id='word_1_771' title='bbox 1216 4991 1323 5030; x_wconf 87' lang='lat' dir='ltr'>nec</span> <span class='ocrx_word' id='word_1_772' title='bbox 1353 4973 1461 5030; x_wconf 90' lang='lat' dir='ltr'>tibi</span> <span class='ocrx_word' id='word_1_773' title='bbox 1501 4973 1709 5046; x_wconf 90' lang='lat' dir='ltr'>prosit.</span> <span class='ocrx_word' id='word_1_774' title='bbox 1740 4972 1940 5029; x_wconf 87' lang='lat' dir='ltr'>Admi-</span> <span class='ocrx_word' id='word_1_775' title='bbox 2049 4969 2181 5025; x_wconf 65' lang='lat' dir='ltr'>vitae</span> <span class='ocrx_word' id='word_1_776' title='bbox 2213 4961 2509 5038; x_wconf 89' lang='lat' dir='ltr'>prodesse.</span> <span class='ocrx_word' id='word_1_777' title='bbox 2546 4981 2575 5008; x_wconf 88' lang='lat'>»</span> <span class='ocrx_word' id='word_1_778' title='bbox 2928 5045 2935 5048; x_wconf 71' lang='lat'>_</span> <span class='ocrx_word' id='word_1_779' title='bbox 3106 5039 3117 5048; x_wconf 79' lang='lat'>_</span> <span class='ocrx_word' id='word_1_780' title='bbox 3167 5037 3180 5048; x_wconf 83' lang='lat'><strong>_</strong></span> <span class='ocrx_word' id='word_1_781' title='bbox 3225 5041 3234 5048; x_wconf 81' lang='lat'>_</span> <span class='ocrx_word' id='word_1_782' title='bbox 3314 5037 3324 5048; x_wconf 37' lang='grc' dir='ltr'>ι</span> <span class='ocrx_word' id='word_1_783' title='bbox 3561 5034 3574 5048; x_wconf 82' lang='lat'><em>_</em></span> 
     </span>
    </p>
   </div>
   <div class='ocr_carea' id='block_1_96' title="bbox 286 5037 3708 5138">
    <p class='ocr_par' dir='ltr' id='par_1_96' title="bbox 286 5037 3708 5138">
     <span class='ocr_line' id='line_1_96' title="bbox 286 5037 3708 5138; baseline -0.006 -16"><span class='ocrx_word' id='word_1_784' title='bbox 286 5037 524 5123; x_wconf 36' lang='lat' dir='ltr'>rendus.</span> <span class='ocrx_word' id='word_1_785' title='bbox 539 5065 686 5122; x_wconf 91' lang='lat' dir='ltr'>mihi</span> <span class='ocrx_word' id='word_1_786' title='bbox 707 5069 766 5123; x_wconf 90' lang='lat' dir='ltr'>et</span> <span class='ocrx_word' id='word_1_787' title='bbox 783 5037 1198 5138; x_wconf 68' lang='lat' dir='ltr'>suspiciendas</span> <span class='ocrx_word' id='word_1_788' title='bbox 1213 5037 1792 5136; x_wconf 47' lang='lat' dir='ltr'>consiliari-us,quam</span> <span class='ocrx_word' id='word_1_789' title='bbox 1817 5079 1945 5136; x_wconf 85' lang='lat' dir='ltr'>pro-</span> <span class='ocrx_word' id='word_1_790' title='bbox 2123 5037 2259 5113; x_wconf 52' lang='lat' dir='ltr'>om</span> <span class='ocrx_word' id='word_1_791' title='bbox 2292 5050 2414 5106; x_wconf 86' lang='lat' dir='ltr'>XII.</span> <span class='ocrx_word' id='word_1_792' title='bbox 2448 5047 2614 5138; x_wconf 62' lang='lat' dir='ltr'>Qupd</span> <span class='ocrx_word' id='word_1_793' title='bbox 2646 5063 2746 5102; x_wconf 73' lang='lat' dir='ltr'>rex</span> <span class='ocrx_word' id='word_1_794' title='bbox 2773 5045 3010 5138; x_wconf 58' lang='grc' dir='ltr'>ρι’φριθν</span> <span class='ocrx_word' id='word_1_795' title='bbox 3039 5037 3434 5138; x_wconf 63' lang='grc' dir='ltr'>Πξξῐιίδῐθνίιιω</span> <span class='ocrx_word' id='word_1_796' title='bbox 3459 5037 3708 5133; x_wconf 64' lang='grc' dir='ltr'><strong>τεςίιιξιι,</strong></span> 
     </span>
    </p>
   </div>
   <div class='ocr_carea' id='block_1_97' title="bbox 288 5128 1925 5229">
    <p class='ocr_par' dir='ltr' id='par_1_97' title="bbox 288 5128 1922 5229">
     <span class='ocr_line' id='line_1_97' title="bbox 288 5128 1922 5229; baseline -0.001 -19"><span class='ocrx_word' id='word_1_797' title='bbox 288 5154 470 5229; x_wconf 87' lang='lat' dir='ltr'>pitius</span> <span class='ocrx_word' id='word_1_798' title='bbox 499 5155 786 5212; x_wconf 89' lang='lat' dir='ltr'>Dominus</span> <span class='ocrx_word' id='word_1_799' title='bbox 815 5128 1084 5227; x_wconf 75' lang='lat' dir='ltr'>patribus</span> <span class='ocrx_word' id='word_1_800' title='bbox 1129 5151 1308 5221; x_wconf 88' lang='lat' dir='ltr'>dedit,</span> <span class='ocrx_word' id='word_1_801' title='bbox 1359 5128 1652 5211; x_wconf 47' lang='lat' dir='ltr'>offensus-</span> <span class='ocrx_word' id='word_1_802' title='bbox 1675 5128 1922 5210; x_wconf 75' lang='lat' dir='ltr'>abstulit</span> 
     </span>
    </p>
   </div>
   <div class='ocr_carea' id='block_1_98' title="bbox 2036 5128 3709 5229">
    <p class='ocr_par' dir='ltr' id='par_1_98' title="bbox 2055 5128 3709 5229">
     <span class='ocr_line' id='line_1_98' title="bbox 2055 5128 3709 5229; baseline -0.015 -27"><span class='ocrx_word' id='word_1_803' title='bbox 2055 5163 2160 5204; x_wconf 87' lang='lat' dir='ltr'>nec</span> <span class='ocrx_word' id='word_1_804' title='bbox 2191 5139 2442 5216; x_wconf 86' lang='lat' dir='ltr'>quilibet</span> <span class='ocrx_word' id='word_1_805' title='bbox 2469 5137 2766 5211; x_wconf 89' lang='lat' dir='ltr'>princeps,</span> <span class='ocrx_word' id='word_1_806' title='bbox 2789 5132 2967 5188; x_wconf 88' lang='lat' dir='ltr'>etiam</span> <span class='ocrx_word' id='word_1_807' title='bbox 2997 5128 3452 5202; x_wconf 89' lang='lat' dir='ltr'>quibuscunque</span> <span class='ocrx_word' id='word_1_808' title='bbox 3472 5128 3709 5229; x_wconf 59' lang='lat' dir='ltr'>propin-</span> 
     </span>
    </p>
   </div>
   <div class='ocr_carea' id='block_1_99' title="bbox 289 5213 3708 5316">
    <p class='ocr_par' dir='ltr' id='par_1_99' title="bbox 289 5213 3708 5316">
     <span class='ocr_line' id='line_1_99' title="bbox 289 5213 3708 5316; baseline -0.01 -15"><span class='ocrx_word' id='word_1_809' title='bbox 289 5213 626 5315; x_wconf 75' lang='lat' dir='ltr'>i’romptius</span> <span class='ocrx_word' id='word_1_810' title='bbox 641 5213 838 5300; x_wconf 73' lang='lat' dir='ltr'>tamen</span> <span class='ocrx_word' id='word_1_811' title='bbox 861 5243 1145 5314; x_wconf 89' lang='lat' dir='ltr'>nosjusto</span> <span class='ocrx_word' id='word_1_812' title='bbox 1157 5241 1489 5314; x_wconf 90' lang='lat' dir='ltr'>viro,quam</span> <span class='ocrx_word' id='word_1_813' title='bbox 1501 5242 1776 5316; x_wconf 90' lang='lat' dir='ltr'>prudenti</span> <span class='ocrx_word' id='word_1_814' title='bbox 1793 5260 1948 5299; x_wconf 90' lang='lat' dir='ltr'>com-</span> <span class='ocrx_word' id='word_1_815' title='bbox 2057 5231 2298 5310; x_wconf 89' lang='lat' dir='ltr'>quitatis</span> <span class='ocrx_word' id='word_1_816' title='bbox 2330 5223 2868 5286; x_wconf 86' lang='lat' dir='ltr'>necessitudinibus</span> <span class='ocrx_word' id='word_1_817' title='bbox 2888 5218 3472 5316; x_wconf 51' lang='lat' dir='ltr'>conjunctuszcontra</span> <span class='ocrx_word' id='word_1_818' title='bbox 3500 5213 3708 5283; x_wconf 88' lang='lat' dir='ltr'>Deum,</span> 
     </span>
    </p>
   </div>
   <div class='ocr_carea' id='block_1_100' title="bbox 292 5303 3712 5404">
    <p class='ocr_par' dir='ltr' id='par_1_100' title="bbox 292 5303 3712 5404">
     <span class='ocr_line' id='line_1_100' title="bbox 292 5303 3712 5404; baseline -0.009 -16"><span class='ocrx_word' id='word_1_819' title='bbox 292 5303 608 5389; x_wconf 74' lang='lat' dir='ltr'>mittimus.</span> <span class='ocrx_word' id='word_1_820' title='bbox 641 5331 959 5388; x_wconf 88' lang='lat' dir='ltr'>Pulchrum</span> <span class='ocrx_word' id='word_1_821' title='bbox 979 5303 1081 5388; x_wconf 63' lang='lat' dir='ltr'>est</span> <span class='ocrx_word' id='word_1_822' title='bbox 1111 5303 1298 5404; x_wconf 79' lang='lat' dir='ltr'>igitur</span> <span class='ocrx_word' id='word_1_823' title='bbox 1321 5303 1467 5388; x_wconf 75' lang='lat' dir='ltr'>hene</span> <span class='ocrx_word' id='word_1_824' title='bbox 1495 5303 1723 5401; x_wconf 66' lang='lat' dir='ltr'>velle,et</span> <span class='ocrx_word' id='word_1_825' title='bbox 1751 5348 1818 5389; x_wconf 91' lang='lat' dir='ltr'>eo</span> <span class='ocrx_word' id='word_1_826' title='bbox 1839 5331 1949 5390; x_wconf 80' lang='lat' dir='ltr'>lar-</span> <span class='ocrx_word' id='word_1_827' title='bbox 2057 5303 2440 5391; x_wconf 69' lang='lat' dir='ltr'>sanctamque</span> <span class='ocrx_word' id='word_1_828' title='bbox 2461 5312 2782 5372; x_wconf 89' lang='lat' dir='ltr'>Ecclesiam</span> <span class='ocrx_word' id='word_1_829' title='bbox 2803 5315 2977 5404; x_wconf 78' lang='lat' dir='ltr'>atque</span> <span class='ocrx_word' id='word_1_830' title='bbox 2995 5303 3416 5404; x_wconf 71' lang='lat' dir='ltr'>rempublicam</span> <span class='ocrx_word' id='word_1_831' title='bbox 3429 5317 3712 5404; x_wconf 67' lang='lat' dir='ltr'>perversa:</span> 
     </span>
    </p>
   </div>
   <div class='ocr_carea' id='block_1_101' title="bbox 291 5391 3713 5503">
    <p class='ocr_par' dir='ltr' id='par_1_101' title="bbox 291 5391 3713 5503">
     <span class='ocr_line' id='line_1_101' title="bbox 291 5391 3713 5503; baseline -0.008 -27"><span class='ocrx_word' id='word_1_832' title='bbox 291 5421 404 5494; x_wconf 89' lang='lat' dir='ltr'>giri</span> <span class='ocrx_word' id='word_1_833' title='bbox 429 5421 673 5478; x_wconf 90' lang='lat' dir='ltr'>consilio</span> <span class='ocrx_word' id='word_1_834' title='bbox 704 5425 772 5478; x_wconf 91' lang='lat' dir='ltr'>ut</span> <span class='ocrx_word' id='word_1_835' title='bbox 800 5421 1015 5495; x_wconf 87' lang='lat' dir='ltr'>prosis,</span> <span class='ocrx_word' id='word_1_836' title='bbox 1050 5391 1168 5503; x_wconf 70' lang='lat' dir='ltr'>non</span> <span class='ocrx_word' id='word_1_837' title='bbox 1200 5423 1266 5474; x_wconf 90' lang='lat' dir='ltr'>ut</span> <span class='ocrx_word' id='word_1_838' title='bbox 1297 5436 1528 5475; x_wconf 88' lang='lat' dir='ltr'>noceas.</span> <span class='ocrx_word' id='word_1_839' title='bbox 1561 5443 1590 5470; x_wconf 84' lang='lat'>»</span> <span class='ocrx_word' id='word_1_840' title='bbox 1644 5391 1656 5401; x_wconf 52' lang='grc'><strong>’</strong></span> <span class='ocrx_word' id='word_1_841' title='bbox 2061 5409 2372 5487; x_wconf 87' lang='lat' dir='ltr'>agentibus</span> <span class='ocrx_word' id='word_1_842' title='bbox 2397 5406 2611 5463; x_wconf 84' lang='lat' dir='ltr'>all‘ectu</span> <span class='ocrx_word' id='word_1_843' title='bbox 2638 5398 2857 5458; x_wconf 87' lang='lat' dir='ltr'>carnali</span> <span class='ocrx_word' id='word_1_844' title='bbox 2902 5413 3138 5503; x_wconf 70' lang='lat' dir='ltr'>parcere</span> <span class='ocrx_word' id='word_1_845' title='bbox 3167 5395 3393 5462; x_wconf 86' lang='lat' dir='ltr'>debeat,</span> <span class='ocrx_word' id='word_1_846' title='bbox 3426 5409 3495 5448; x_wconf 85' lang='lat' dir='ltr'>ex</span> <span class='ocrx_word' id='word_1_847' title='bbox 3520 5391 3713 5450; x_wconf 81' lang='lat' dir='ltr'>verbis</span> 
     </span>
    </p>
   </div>
   <div class='ocr_carea' id='block_1_102' title="bbox 362 5485 3712 5582">
    <p class='ocr_par' dir='ltr' id='par_1_102' title="bbox 362 5485 3712 5582">
     <span class='ocr_line' id='line_1_102' title="bbox 362 5485 3712 5582; baseline -0.01 -16"><span class='ocrx_word' id='word_1_848' title='bbox 362 5513 494 5565; x_wconf 80' lang='lat' dir='ltr'>CAP.</span> <span class='ocrx_word' id='word_1_849' title='bbox 526 5511 593 5566; x_wconf 88' lang='lat' dir='ltr'>X.</span> <span class='ocrx_word' id='word_1_850' title='bbox 624 5512 672 5564; x_wconf 89' lang='lat' dir='ltr'><strong>A</strong></span> <span class='ocrx_word' id='word_1_851' title='bbox 701 5509 918 5582; x_wconf 89' lang='lat' dir='ltr'>quibus</span> <span class='ocrx_word' id='word_1_852' title='bbox 949 5493 1090 5564; x_wconf 43' lang='lat' dir='ltr'>una.</span> <span class='ocrx_word' id='word_1_853' title='bbox 1118 5525 1252 5562; x_wconf 88' lang='lat' dir='ltr'>cum</span> <span class='ocrx_word' id='word_1_854' title='bbox 1303 5507 1525 5562; x_wconf 71' lang='lat' dir='ltr'>cwteris</span> <span class='ocrx_word' id='word_1_855' title='bbox 1562 5508 1950 5579; x_wconf 75' lang='lat' dir='ltr'>pravitatibus</span> <span class='ocrx_word' id='word_1_856' title='bbox 2061 5485 2297 5557; x_wconf 77' lang='lat' dir='ltr'>Domini</span> <span class='ocrx_word' id='word_1_857' title='bbox 2329 5491 2575 5550; x_wconf 88' lang='lat' dir='ltr'>dicentis</span> <span class='ocrx_word' id='word_1_858' title='bbox 2609 5509 2620 5544; x_wconf 93' lang='lat'>:</span> <span class='ocrx_word' id='word_1_859' title='bbox 2658 5491 2764 5558; x_wconf 85' lang='lat' dir='ltr'>Qui</span> <span class='ocrx_word' id='word_1_860' title='bbox 2789 5503 2899 5542; x_wconf 81' lang='lat' dir='ltr'>non</span> <span class='ocrx_word' id='word_1_861' title='bbox 2929 5485 3041 5540; x_wconf 85' lang='lat' dir='ltr'>odit</span> <span class='ocrx_word' id='word_1_862' title='bbox 3063 5491 3277 5555; x_wconf 76' lang='lat' dir='ltr'>patrem</span> <span class='ocrx_word' id='word_1_863' title='bbox 3303 5497 3484 5548; x_wconf 86' lang='lat' dir='ltr'>suum,</span> <span class='ocrx_word' id='word_1_864' title='bbox 3516 5487 3566 5535; x_wconf 87' lang='lat' dir='ltr'>et</span> <span class='ocrx_word' id='word_1_865' title='bbox 3593 5495 3712 5582; x_wconf 63' lang='lat' dir='ltr'>rna-</span> 
     </span>
    </p>
   </div>
   <div class='ocr_carea' id='block_1_103' title="bbox 294 5567 3718 5670">
    <p class='ocr_par' dir='ltr' id='par_1_103' title="bbox 294 5567 3718 5670">
     <span class='ocr_line' id='line_1_103' title="bbox 294 5567 3718 5670; baseline -0.01 -13"><span class='ocrx_word' id='word_1_866' title='bbox 294 5615 360 5657; x_wconf 86' lang='lat' dir='ltr'>se</span> <span class='ocrx_word' id='word_1_867' title='bbox 389 5613 489 5654; x_wconf 81' lang='lat' dir='ltr'>rex</span> <span class='ocrx_word' id='word_1_868' title='bbox 518 5567 737 5656; x_wconf 72' lang='lat' dir='ltr'>debeat</span> <span class='ocrx_word' id='word_1_869' title='bbox 759 5599 1078 5664; x_wconf 89' lang='lat' dir='ltr'>custodire,</span> <span class='ocrx_word' id='word_1_870' title='bbox 1109 5601 1165 5654; x_wconf 91' lang='lat' dir='ltr'>et</span> <span class='ocrx_word' id='word_1_871' title='bbox 1195 5595 1399 5669; x_wconf 90' lang='lat' dir='ltr'>quales</span> <span class='ocrx_word' id='word_1_872' title='bbox 1429 5567 1672 5654; x_wconf 79' lang='lat' dir='ltr'>comites</span> <span class='ocrx_word' id='word_1_873' title='bbox 1699 5615 1766 5654; x_wconf 92' lang='lat' dir='ltr'>ac</span> <span class='ocrx_word' id='word_1_874' title='bbox 1788 5598 1948 5670; x_wconf 83' lang='lat' dir='ltr'>judi-</span> <span class='ocrx_word' id='word_1_875' title='bbox 2064 5601 2222 5655; x_wconf 86' lang='lat' dir='ltr'>trem,</span> <span class='ocrx_word' id='word_1_876' title='bbox 2253 5595 2304 5644; x_wconf 86' lang='lat' dir='ltr'>et</span> <span class='ocrx_word' id='word_1_877' title='bbox 2331 5599 2578 5649; x_wconf 69' lang='lat' dir='ltr'>uxorem,</span> <span class='ocrx_word' id='word_1_878' title='bbox 2609 5587 2661 5636; x_wconf 86' lang='lat' dir='ltr'>et</span> <span class='ocrx_word' id='word_1_879' title='bbox 2687 5579 2852 5651; x_wconf 81' lang='lat' dir='ltr'>ﬁlios,</span> <span class='ocrx_word' id='word_1_880' title='bbox 2878 5583 2930 5632; x_wconf 89' lang='lat' dir='ltr'>et</span> <span class='ocrx_word' id='word_1_881' title='bbox 2970 5577 3170 5646; x_wconf 79' lang='lat' dir='ltr'>fratres</span> <span class='ocrx_word' id='word_1_882' title='bbox 3199 5580 3249 5628; x_wconf 87' lang='lat' dir='ltr'>et</span> <span class='ocrx_word' id='word_1_883' title='bbox 3277 5587 3508 5638; x_wconf 89' lang='lat' dir='ltr'>sorores,</span> <span class='ocrx_word' id='word_1_884' title='bbox 3538 5567 3718 5670; x_wconf 62' lang='lat' dir='ltr'>adhuc</span> 
     </span>
    </p>
   </div>
   <div class='ocr_carea' id='block_1_104' title="bbox 295 5657 3718 5758">
    <p class='ocr_par' dir='ltr' id='par_1_104' title="bbox 295 5657 3718 5758">
     <span class='ocr_line' id='line_1_104' title="bbox 295 5657 3718 5758; baseline -0.009 -13"><span class='ocrx_word' id='word_1_885' title='bbox 295 5705 392 5745; x_wconf 87' lang='lat' dir='ltr'>ces</span> <span class='ocrx_word' id='word_1_886' title='bbox 422 5687 632 5745; x_wconf 84' lang='lat' dir='ltr'>debeat</span> <span class='ocrx_word' id='word_1_887' title='bbox 663 5687 1288 5754; x_wconf 88' lang='lat' dir='ltr'>constituere,sanctus</span> <span class='ocrx_word' id='word_1_888' title='bbox 1318 5685 1684 5758; x_wconf 87' lang='lat' dir='ltr'>Augustinus</span> <span class='ocrx_word' id='word_1_889' title='bbox 1705 5688 1951 5744; x_wconf 89' lang='lat' dir='ltr'>demon-</span> <span class='ocrx_word' id='word_1_890' title='bbox 2063 5689 2244 5737; x_wconf 85' lang='lat' dir='ltr'>autem</span> <span class='ocrx_word' id='word_1_891' title='bbox 2273 5684 2324 5732; x_wconf 87' lang='lat' dir='ltr'>et</span> <span class='ocrx_word' id='word_1_892' title='bbox 2353 5674 2600 5728; x_wconf 83' lang='lat' dir='ltr'>animam</span> <span class='ocrx_word' id='word_1_893' title='bbox 2629 5685 2806 5758; x_wconf 77' lang='lat' dir='ltr'>suam,</span> <span class='ocrx_word' id='word_1_894' title='bbox 2855 5683 2967 5758; x_wconf 72' lang='lat' dir='ltr'>non</span> <span class='ocrx_word' id='word_1_895' title='bbox 3011 5670 3211 5758; x_wconf 67' lang='lat' dir='ltr'>potest—</span> <span class='ocrx_word' id='word_1_896' title='bbox 3217 5677 3368 5718; x_wconf 87' lang='lat' dir='ltr'>meus</span> <span class='ocrx_word' id='word_1_897' title='bbox 3557 5657 3718 5758; x_wconf 81' lang='lat' dir='ltr'>disci-</span> 
     </span>
    </p>
   </div>
   <div class='ocr_carea' id='block_1_105' title="bbox 297 5749 3716 5849">
    <p class='ocr_par' dir='ltr' id='par_1_105' title="bbox 297 5749 3716 5849">
     <span class='ocr_line' id='line_1_105' title="bbox 297 5749 3716 5849; baseline -0.006 -23"><span class='ocrx_word' id='word_1_898' title='bbox 297 5775 435 5846; x_wconf 81' lang='lat' dir='ltr'>trat,</span> <span class='ocrx_word' id='word_1_899' title='bbox 471 5777 713 5835; x_wconf 82' lang='lat' dir='ltr'>dicens:</span> <span class='ocrx_word' id='word_1_900' title='bbox 747 5777 957 5835; x_wconf 82' lang='lat' dir='ltr'>Caveat</span> <span class='ocrx_word' id='word_1_901' title='bbox 1007 5749 1300 5849; x_wconf 80' lang='lat' dir='ltr'>princeps,</span> <span class='ocrx_word' id='word_1_902' title='bbox 1351 5749 1442 5832; x_wconf 56' lang='lat' dir='ltr'>ne</span> <span class='ocrx_word' id='word_1_903' title='bbox 1469 5777 1818 5835; x_wconf 89' lang='lat' dir='ltr'>muneribus</span> <span class='ocrx_word' id='word_1_904' title='bbox 1863 5778 1952 5835; x_wconf 88' lang='lat' dir='ltr'>vel</span> <span class='ocrx_word' id='word_1_905' title='bbox 2060 5771 2225 5844; x_wconf 83' lang='lat' dir='ltr'>pulus</span> <span class='ocrx_word' id='word_1_906' title='bbox 2258 5767 2407 5836; x_wconf 76' lang='lat' dir='ltr'>(Luc.</span> <span class='ocrx_word' id='word_1_907' title='bbox 2456 5778 2572 5829; x_wconf 84' lang='lat' dir='ltr'>xw,</span> <span class='ocrx_word' id='word_1_908' title='bbox 2610 5760 2721 5828; x_wconf 84' lang='lat'>26),</span> <span class='ocrx_word' id='word_1_909' title='bbox 2773 5757 2834 5812; x_wconf 90' lang='lat' dir='ltr'>in</span> <span class='ocrx_word' id='word_1_910' title='bbox 2880 5752 3126 5810; x_wconf 86' lang='lat' dir='ltr'>homilia</span> <span class='ocrx_word' id='word_1_911' title='bbox 3170 5749 3464 5824; x_wconf 87' lang='lat' dir='ltr'>Evangelii</span> <span class='ocrx_word' id='word_1_912' title='bbox 3509 5751 3716 5807; x_wconf 88' lang='lat' dir='ltr'>beatus</span> 
     </span>
    </p>
   </div>
  </div>
