4152 6568
293 522 408 582 997

1035 521 1138 582 AD
1183 520 1588 583 paoeaaas
1632 521 1734 582 DE
1778 503 2336 584 INSTITUTIONE
2379 521 2962 586 CAROLOMANNI.

3567 518 3700 592 .998

292 633 646 728 quocunque
674 653 876 710 ordine
920 658 1124 710 contra
1163 653 1324 727 leges
1354 653 1580 710 divinas
1610 653 1746 710 licet
1773 670 1944 727 agere
1971 659 2027 725 Α
2055 671 2231 710 onera
2286 655 2483 728 ipsum
2523 655 2701 712 veluti
2747 657 3041 714 fortiorem
3096 659 3385 718 solidavit.
3445 638 3704 724 Paxillus

267 763 398 818 'per
426 747 849 816 contemptum.
885 743 1047 798 Unde
1095 743 1346 816 principi
1399 747 1564 799 terrae
1596 759 1948 816 magnopere

293 833 718 907 providendum
749 835 926 904 atque
973 833 1298 887 cavendum
1329 836 1439 902 est,
1475 849 1546 886 ne
1577 831 1635 886 in
1668 831 1761 887 bis
1791 832 1947 886 Deus

292 923 640 988 olfendatur,
672 938 776 994 per
820 938 968 993 quos
1013 921 1215 994 religio
1255 921 1585 976 Christiana
1630 920 1950 976 consistere

292 1013 482 1078 debet,
506 1016 564 1067 et
583 1011 775 1066 caeteri
813 1011 886 1064 ah
917 1011 1237 1066 offensione
1269 1009 1500 1065 salvari.
1525 1011 1595 1064 Et
1625 1010 1774 1078 ideo,
1809 1009 1950 1082 quia

293 1119 386 1158 res
405 1099 830 1158 ecclesiasticas
851 1098 1045 1155 divino
1058 1099 1284 1171 judicio
1307 1099 1557 1154 tuendas
1568 1102 1625 1154 et
1646 1099 1952 1154 defensan-

293 1192 400 1246 das
430 1189 708 1262 suscepit,
741 1204 1033 1244 consensu
1065 1189 1214 1260 ejus,
1247 1187 1528 1244 electione
1557 1188 1695 1243 cleri
1729 1205 1796 1242 ac
1827 1186 1948 1260 ple-

296 1280 408 1348 bis,
439 1283 498 1335 et
523 1277 946 1350 approbatione
976 1277 1384 1350 episcoporum
1425 1276 1754 1350 provinciis,
1787 1275 1949 1348 quis-

295 1385 412 1442 que
440 1368 514 1423 ad
545 1365 1012 1423 ecclesiasticum
1045 1365 1307 1439 regimen
1339 1366 1560 1438 absque
1592 1365 1712 1420 ulla
1744 1362 1954 1420 venali-

294 1462 414 1514 tate
437 1455 674 1530 provehi
695 1455 868 1510 debet
891 1471 904 1510 :
930 1454 1086 1526 quia,
1112 1454 1266 1509 sicut
1295 1453 1580 1510 Dominus
1611 1455 1670 1508 iu
1694 1454 1950 1524 Evange-

295 1546 372 1603 Iio
401 1545 543 1602 dicit
577 1561 590 1600 :
626 1545 734 1612 Qui
759 1559 870 1599 non
902 1545 1075 1599 intrat
1099 1559 1200 1615 per
1229 1545 1430 1600 ostium
1458 1543 1518 1598 in
1547 1543 1688 1600 ovile
1744 1543 1948 1608 ovium,

293 1637 387 1693 sed
416 1634 660 1691 ascendit
685 1631 939 1699 aliunde,
972 1633 1070 1716 ille
1095 1636 1192 1706 fur
1223 1641 1303 1689 est
1330 1640 1382 1688 et
1410 1633 1546 1688 latro
1573 1634 1750 1713 (Joan‘.
1783 1648 1839 1699 x,
1877 1630 1948 1702 1).
2038 1636 2040 1638 '

295 1721 718 1781 Ecclesiasticis
740 1721 960 1794 regulis
981 1709 1109 1778 sine
1124 1721 1470 1777 difﬁcultate
1491 1709 1951 1778 omnimOdisde-

299 1815 399 1870 bet
427 1813 638 1880 favere,
669 1810 718 1868 si
751 1828 868 1867 non
899 1811 1024 1867 vult
1055 1812 1272 1884 Regem
1302 1827 1507 1885 regum
1538 1811 1850 1867 offendere.
1885 1808 1954 1863 Et

299 1904 454 1961 sicut
483 1900 741 1975 episcopi
775 1917 842 1956 ac
874 1917 970 1956 rex
1021 1900 1324 1973 providere
1373 1900 1609 1967 debent,
1641 1903 1708 1955 ut
1729 1895 1952 1954 nullius

301 1993 381 2050 rei
399 1990 618 2048 intuitu
649 1989 900 2064 eligatur
929 1989 1294 2063 episcopum,
1315 1989 1428 2044 nisi
1453 1989 1554 2046 Dei
1576 1986 1845 2057 solius,id
1863 1988 1954 2041 est

305 2099 420 2139 non
469 2097 574 2154 pro
623 2079 818 2152 aliquo
873 2095 1116 2135 munere
1175 2079 1452 2146 dationis,
1485 2095 1590 2134 nec
1621 2095 1726 2150 pro
1756 2075 1954 2148 aliquo
1983 2047 2032 2112 Β

303 2171 584 2244 obsequio
612 2169 894 2241 humano,
909 2168 997 2224 vel
1021 2169 1458 2242 pr0pinquitate
1486 2166 1958 2241 consanguinita-

305 2263 402 2331 tis,
427 2279 532 2318 seu
571 2259 848 2330 amicitia,
881 2257 970 2314 vel
1001 2258 1234 2314 servitio
1265 2258 1594 2330 temporali,
1629 2263 1732 2312 aut
1759 2249 1958 2327 aliqua

305 2352 632 2418 occasione,
664 2366 792 2422 quae
845 2348 1138 2404 contraria
1177 2365 1306 2404 esse
1351 2347 1537 2421 possit
1570 2346 1820 2414 veritati,
1856 2349 1958 2398 aut

307 2443 514 2498 divina:
546 2437 876 2496 auctoritati
906 2455 919 2494 :
955 2438 1038 2494 ita
1091 2454 1192 2493 rex
1239 2437 1534 2493 custodire
1583 2437 1773 2504 debet,
1806 2435 1960 2490 sicut

308 2535 550 2588 sanctus
579 2527 947 2602 Augustinus
975 2527 1340 2582 demonstrat
1370 2527 1455 2596 (de
1477 2528 1644 2583 Civil.
1670 2527 1767 2581 Dei
1785 2524 1956 2592 lib.v,

307 2640 356 2679 c.
377 2623 488 2692 24),
513 2637 582 2675 ne
615 2617 980 2686 muneribus,
1011 2616 1100 2672 vel
1131 2615 1432 2671 blanditiis
1463 2617 1817 2687 cujusquam
1836 2629 1958 2668 sce-

312 2711 480 2768 lerati
513 2707 862 2784 pelliciatur,
896 2710 953 2762 et
983 2705 1420 2762 adulationibus
1453 2703 1778 2777 decipiatur
1807 2720 1820 2758 :
1854 2719 1960 2757 nec

311 2802 764 2876 quibuscunque
793 2795 1251 2870 propinquitatis
1283 2793 1816 2850 necessitudinibus
1833 2810 1964 2848 con-

305 2891 552 2966 junctis,
585 2891 786 2944 contra
815 2887 998 2942 Deum
1030 2890 1412 2957 sanctamque
1444 2883 1762 2940 Ecclesliam
1787 2888 1964 2954 atque

317 2978 740 3053 rempublicam
797 2991 1064 3049 perverse
1121 2974 1452 3048 agentibus,
1485 2975 1696 3030 aﬂectu
1744 2971 1965 3028 carnali

317 3074 540 3146 parcat,
565 3067 792 3124 dicente
821 3065 919 3122 Dei
953 3065 1162 3137 spiritu
1194 3080 1298 3136 per
1341 3063 1518 3119 David
1567 3063 1910 3136 pr0phetam
1947 3079 1961 3117 :

317 3163 505 3219 Nonne
533 3174 622 3216 eos
651 3157 750 3230 qui
767 3155 994 3212 oderunt
1021 3163 1090 3222 te,
1115 3155 1275 3221 Deus,
1307 3153 1546 3220 oderam,
1577 3161 1629 3208 et
1655 3169 1820 3226 super
1847 3155 1966 3208 ini-

317 3253 486 3307 micos
517 3256 634 3304 tuos
663 3244 996 3302 tabescebam
1015 3247 1040 3299 .9
1067 3245 1312 3315 Perfecto
1367 3243 1490 3299 odio
1546 3242 1766 3298 oderam
1821 3243 1967 3310 illos,

303 3339 543 3397 inimici
567 3337 702 3410 facti
743 3341 871 3390 sunt
913 3333 1056 3388 mihi
1081 3332 1251 3401 (Psat.
1286 3347 1549 3400 cxxxvm,
1580 3333 1670 3399 2i,
1700 3335 1816 3402 .22).
1850 3332 1970 3388 Ini-

297 3429 504 3486 'micos
533 3426 690 3483 enim
723 3423 826 3480 Dei
873 3423 1128 3496 perfecto
1178 3421 1309 3478 odio
1341 3420 1534 3477 odisse
1565 3425 1673 3489 est,
1707 3422 1779 3476 ad
1813 3422 1967 3494 quod

319 3517 459 3576 facti
481 3520 620 3574 sunt
639 3514 903 3586 diligere,
923 3516 980 3568 et
1001 3511 1156 3585 quod
1181 3509 1404 3566 faciunt
1423 3510 1742 3583 increpare,
1777 3527 1970 3568 mores

317 3621 631 3682 pravorum
661 3618 943 3676 premere,
975 3601 1104 3657 vitae
1137 3600 1433 3674 prodesse.

391 3697 526 3752 CAP.
549 3694 617 3750 X.
639 3692 809 3750 Tales
831 3691 1007 3748 etiam
1042 3690 1284 3746 comites
1301 3693 1358 3746 et
1373 3689 1482 3746 sub
1507 3706 1569 3745 se
1591 3689 1824 3761 judices
1841 3707 1972 3746 con-

319 3787 565 3844 stituere
593 3784 786 3853 debet,
818 3781 920 3854 qui
966 3779 1268 3836 avaritiam
1314 3779 1562 3849 oderint,
1593 3785 1650 3836 et
1669 3781 1969 3852 justitiam

305 3876 586 3950 diligant,
611 3877 668 3930 et
688 3872 798 3929 sub
819 3871 928 3926 hac
961 3869 1294 3926 conditione
1315 3885 1484 3924 suam
1516 3869 1972 3926 administratio-

317 3981 454 4022 nem
485 3966 788 4038 peragant,
823 3965 879 4017 et
909 3960 1019 4016 sub
1051 3975 1115 4014 se
1162 3956 1503 4030 hujusmodi
1553 3958 1970 4016 ministeriales

318 4053 699 4111 substituant.
725 4051 846 4106 «Et
877 4047 1212 4122 quicunque
1243 4046 1302 4101 in
1335 4046 1495 4102 omni
1527 4047 1728 4104 ordine
1757 4053 1814 4104 et
1844 4065 1971 4120 pro-

303 4141 570 4198 fessione
613 4139 674 4196 in
716 4136 1114 4194 dominatione
1169 4134 1629 4208 constituuntur,
1659 4141 1717 4192 et
1745 4137 1968 4193 domini

319 4230 708 4306 appellantur,
732 4228 888 4284 sicut
915 4231 1156 4282 sanctus
1187 4224 1511 4298 Cyprianus
1533 4225 1594 4280 in
1616 4229 1776 4282 sexto
1805 4226 1966 4282 Abu-

320 4319 503 4378 sionis
525 4319 708 4394 gradu
740 4317 1104 4373 demonstrat
1125 4316 1266 4388 (cap.
1289 4316 1368 4384 6),
1401 4314 1820 4372 dominationis
1850 4316 1970 4372 vir-

317 4417 504 4468 tutem
526 4413 761 4466 auctore
781 4411 837 4463 et
856 4409 1227 4478 cooperatore
1261 4403 1505 4460 Domino
1528 4408 1765 4462 teneant
1791 4424 1804 4463 :
1829 4407 1972 4479 quia

319 4501 467 4558 nihil
501 4499 728 4573 proﬁcit
757 4494 1100 4552 dominandi
1130 4494 1343 4550 habere
1383 4498 1752 4566 potestatem,
1786 4497 1835 4551 si
1867 4497 1969 4553 do;

318 4591 520 4648 minus
543 4591 667 4663 ipse
686 4603 804 4644 non
844 4585 1058 4642 habeat
1079 4589 1136 4640 et
1163 4583 1396 4640 virtutis
1428 4583 1701 4656 rigorem.
1735 4587 1846 4642 Sed
1876 4587 1971 4644 hic

313 4677 555 4734 virtutis
583 4676 741 4751 rigor
765 4693 881 4732 non
909 4679 1032 4730 tam
1071 4673 1340 4730 exteriori
1372 4673 1729 4741 fortitudine,
1762 4692 1890 4748 quae
1916 4683 1974 4734 et

316 4767 451 4841 ipsa
477 4765 858 4823 saecularibus
909 4763 1164 4819 dominis
1212 4763 1543 4818 necessaria
1581 4768 1692 4833 est,
1723 4763 1968 4839 indiget,
2001 4793 2048 4858 D

318 4872 500 4928 quam
549 4855 731 4912 animi
781 4851 1042 4910 interiori
1101 4851 1462 4920 fortitudine,
1492 4851 1661 4908 bonis
1705 4855 1969 4912 moribus

319 4943 571 5002 exerceri
602 4943 772 5000 debet
805 4960 819 5000 :
853 4959 1005 5014 saepe
1062 4939 1220 4997 enim
1265 4939 1608 4997 dominandi
1645 4958 1750 5015 per
1787 4943 1972 5000 animi

315 5033 737 5108 negligentiam
767 5031 1034 5106 perditur
1065 5029 1510 5087 fortitudo.Tria
1537 5047 1672 5104 ergo
1700 5049 1968 5089 necessa-

315 5123 406 5180 ria
435 5123 546 5180 hos
576 5122 676 5196 qui
705 5121 1086 5178 dominantur
1140 5117 1354 5176 habere
1411 5125 1660 5193 oportet,
1690 5125 1972 5179 terrorem

321 5212 562 5282 scilicet,
608 5217 665 5268 et
714 5210 1162 5278 ordinationem,
1211 5213 1268 5265 et
1327 5227 1608 5266 amorem.
1640 5211 1764 5268 Nisi
1811 5213 1970 5269 enim

319 5307 552 5358 ametur
581 5301 860 5358 dominus
888 5299 1107 5373 pariter
1135 5303 1192 5355 et
1223 5302 1836 5366 metuatur,ordinatio
1867 5303 1971 5358 mi-

320 5393 480 5448 nime
529 5397 798 5448 constare
845 5389 1008 5446 illius
1065 5393 1274 5462 potest.
1305 5388 1411 5444 Per
1439 5389 1721 5446 beneficia
1749 5410 1886 5467 ergo
1917 5397 1974 5449 et

319 5480 722 5538 aﬂ'abilitatem
779 5472 1068 5554 procuret.
1095 5482 1161 5534 ut
1207 5477 1506 5551 diligatur,
1540 5483 1598 5534 et
1635 5497 1738 5552 per
1775 5483 1972 5553 justas

317 5571 626 5640 vindictas,
680 5588 796 5628 non
836 5569 1082 5644 propria:
1112 5567 1342 5640 injuriaa
1372 5569 1474 5624 sed
1507 5567 1654 5642 legis
1683 5569 1804 5639 Dei,
1841 5576 1972 5626 stu-

317 5660 454 5716 deat
481 5664 549 5716 ut
578 5663 894 5718 metuatur.
929 5658 1240 5730 Propterea
1291 5673 1546 5728 quoque,
1597 5656 1740 5712 dum
1799 5657 1972 5714 multi

315 5749 576 5824 pendent
604 5751 664 5807 in
693 5767 783 5822 eo,
815 5749 940 5822 ipse
971 5747 1088 5803 Deo
1119 5745 1414 5802 adhaerere
1443 5746 1634 5815 debet,
1668 5748 1770 5820 qui
1800 5746 1971 5806 illum

313 5855 380 5929 in
407 5839 690 5901 ducatum
721 5837 1046 5909 constituit,
1081 5835 1181 5914 qui
1213 5837 1286 5896 ad
1329 5836 1616 5913 portanda
1646 5837 1970 5900 multorum

2055 745 2210 800 enim
2245 744 2358 800 nisi
2389 745 2535 801 bene
2567 747 2712 801 forte
2741 746 3030 816 ﬁrmetur,
3061 753 3118 804 et
3143 749 3316 806 alicui
3347 753 3570 810 fortiori
3599 755 3702 811 ad-

2055 833 2291 900 luereat,
2317 852 2490 890 omne
2513 837 2664 908 quod
2687 835 2746 890 in
2769 853 2835 891 eo
2859 837 3072 908 pendet
3097 837 3209 894 cito
3229 839 3467 911 labitur,
3491 848 3548 900 et
3577 843 3704 918 ipse

2057 921 2288 979 solutus
2318 941 2352 978 a
2383 923 2571 996 rigore
2617 943 2736 980 sua-3
2795 925 3112 996 ﬁrmitatis,
3147 943 3281 982 curn
3325 931 3600 989 oneribus
3631 935 3704 990 ad

2057 1015 2272 1066 terram
2294 1012 2603 1069 delabitur.
2627 1014 2722 1069 Sic
2752 1019 2809 1070 et
2837 1015 3109 1088 princeps
3139 1016 3252 1072 nisi
3284 1036 3391 1074 suo
3421 1023 3706 1079 conditori

2057 1100 2434 1172 pertinaciter
2463 1101 2790 1172 adhaeserit,
2817 1109 2874 1160 et
2896 1105 3042 1178 ipse,
3063 1112 3120 1161 et
3147 1123 3321 1162 omne
3352 1111 3506 1181 quod
3531 1110 3710 1166 conti-

2057 1193 2176 1258 net,
2201 1188 2316 1244 cito
2339 1191 2580 1261 deperit.
2610 1213 2637 1240 ››
2659 1191 2728 1246 Et
2749 1193 2918 1260 sciat,
2943 1195 3098 1266 quod
3121 1195 3274 1252 sicut
3295 1196 3354 1252 in
3375 1198 3707 1272 principatu

2057 1277 2368 1334 hominum
2401 1279 2627 1351 primus
2675 1281 3033 1338 constitutus
3074 1287 3183 1351 est,
3216 1285 3296 1341 ita
3327 1302 3710 1362 quoscunque

2060 1373 2392 1440 peccatores
2415 1369 2525 1423 sub
2549 1368 2690 1424 sein
2721 1371 2993 1442 praesenti
3026 1371 3255 1438 habuit,
3281 1375 3394 1430 nisi
3417 1393 3479 1431 se
3501 1381 3556 1432 et
3578 1376 3711 1434 illos

2059 1456 2585 1530 correxerit,supra
2613 1475 2676 1514 se
2706 1459 2880 1515 modo
2909 1460 3268 1534 implacabili
3292 1463 3352 1518 in
3385 1463 3486 1520 illa
3515 1465 3714 1522 futura

2060 1561 2234 1617 pmna
2263 1545 2518 1602 habebit.
3537 1553 3539 1557 ’

2132 1633 2268 1690 CAP.
2291 1633 2384 1688 XI.
2411 1635 2474 1691 In
2507 1637 2846 1693 memoratis
2876 1655 3131 1711 namque
3158 1640 3338 1712 gestis
3370 1638 3525 1715 apud
3557 1661 3712 1700 mar-

2059 1721 2278 1794 tyrium
2337 1729 2552 1780 sanctae
2612 1725 2838 1794 Macris,
2871 1733 2928 1782 et
2957 1728 3029 1783 de
3059 1728 3152 1784 his
3199 1747 3327 1802 quae
3377 1731 3450 1788 ad
3499 1739 3712 1790 sanctae

2061 1811 2329 1868 Ecclesiae
2360 1830 2424 1868 ac
2458 1819 2746 1870 rectorum
2795 1815 2984 1888 ipsius
3036 1817 3316 1874 honorem
3348 1824 3406 1876 et
3432 1821 3712 1896 vigorem,

2061 1904 2119 1956 et
2147 1901 2218 1956 de
2246 1901 2338 1957 his
2366 1918 2493 1974 quae
2527 1903 2598 1958 ad
2629 1904 2781 1976 regis
2811 1910 2869 1961 et
2917 1907 3078 1978 regni
3138 1905 3493 1965 soliditatem
3541 1915 3714 1984 atque

2061 2006 2263 2045 curam
2295 1991 2612 2064 pertinent,
2637 2010 2863 2050 necnon
2895 1999 2954 2050 et
2980 1995 3052 2051 de
3081 1995 3293 2054 domus
3323 1997 3492 2071 regiae
3523 1987 3718 2074 dispo-

2065 2079 2369 2149 sitione,ex
2384 2081 2804 2138 catholicorum
2827 2085 3154 2140 secundum
3174 2091 3514 2144 sanctarum
3527 2088 3717 2162 Scrip-

2065 2173 2330 2224 turarum
2353 2170 2645 2226 tramitem
2668 2172 3446 2250 promulgationibus,atque
3469 2195 3537 2234 ex
3557 2175 3718 2234 Chri-

2065 2259 2390 2314 stianorum
2409 2277 2612 2333 regum
2639 2263 3177 2331 constitutionibus,
3195 2282 3303 2338 per
3317 2267 3577 2341 capitula
3593 2269 3718 2325 bre-

2065 2349 2214 2403 viter
2241 2365 2306 2403 ac
2335 2349 2669 2417 salubriter,
2691 2351 2739 2406 si
2765 2356 3075 2409 teneantur
3103 2359 3160 2410 et
3187 2357 3720 2428 exsequantur,col-

2066 2435 2215 2490 lecta
2245 2437 2639 2494 continentur.
2670 2439 3088 2498 Verumtamen
3121 2444 3262 2516 quia
3286 2446 3716 2518 Samaritanus,

2067 2543 2240 2581 verus
2269 2527 2536 2582 videlicet
2565 2532 2762 2584 custos
2794 2529 3038 2586 humani
3091 2532 3350 2606 generis,
3377 2535 3716 2606 stabulario,

2069 2614 2124 2669 id
2171 2619 2259 2670 est
2306 2617 2625 2687 pontificali
2675 2617 2886 2686 ordini,
2921 2621 3092 2691 cujus
3148 2639 3298 2678 curae
3349 2623 3719 2681 vulneratum

2071 2721 2362 2776 quemque
2382 2707 2758 2762 commiserat
2779 2708 2850 2762 ad
2869 2710 3365 2778 sanandum,dam
3379 2710 3528 2769 duos
3549 2715 3724 2770 dena-

2071 2793 2208 2862 rios,
2241 2793 2420 2849 Vetus
2450 2794 2673 2850 scilicet
2703 2812 2768 2852 ac
2797 2797 3023 2854 Novum
3053 2800 3717 2874 Testamentum,dixit:

2073 2881 2232 2954 Quod
2261 2887 2751 2954 supereragaveris,
2784 2902 2880 2954 ego
2936 2903 3062 2942 cum
3103 2887 3312 2944 rediero
3357 2890 3580 2947 reddam
3618 2895 3724 2948 tibi

2072 2974 2226 3040 (Luc.
2261 2988 2316 3038 x,
2348 2972 2459 3041 35),
2491 2971 2714 3028 eisdem
2766 2974 2968 3044 gestis,
2999 2973 3156 3030 velut
3210 2992 3281 3032 ex
3325 2971 3718 3054 ‘supereroga-

2071 3059 2248 3127 tione,
2285 3076 2412 3132 quae
2442 3061 2746 3134 praemissa
2773 3067 2914 3118 sunt
2943 3062 3004 3118 in
3033 3062 3144 3120 hoc
3173 3065 3478 3137 opusculo,
3509 3071 3566 3124 et
3595 3085 3723 3142 quae

2076 3153 2416 3222 sequentur,
2449 3151 2699 3222 adjicere
2727 3152 2956 3208 studeo.
3177 3151 3184 3156 ’

2147 3239 2282 3294 Cap.
2309 3239 2430 3295 XII.
2453 3239 2852 3296 Adalhardum
2875 3258 3076 3298 senem
3092 3247 3156 3300 et
3177 3243 3501 3317 sapientem
3523 3247 3724 3304 domni

2076 3327 2262 3383 Caroli
2287 3329 2483 3402 magni
2515 3329 2884 3402 imperatoris
2913 3332 3330 3405 prOpinquum,
3355 3339 3412 3392 et
3440 3341 3727 3406 monaste-

1999 3420 2042 3486 ί]
2077 3417 2146 3472 rii
2181 3417 2429 3472 Corbeiaa
2461 3418 2754 3488 abbatem,
2786 3419 2938 3476 inter
2966 3420 3190 3494 primos
3219 3423 3587 3482 consiliarios
3608 3426 3726 3499 pri-

2080 3525 2244 3563 mum
2275 3507 2334 3562 in
2367 3506 2762 3564 adolescentia
2808 3526 2938 3564 mea
2978 3509 3118 3567 vidi.
3151 3511 3332 3584 Cujus
3363 3511 3625 3570 libellum
3655 3516 3730 3574 dc

2079 3597 2282 3653 ordine
2321 3595 2522 3669 palatii
2555 3596 2667 3670 legi
2699 3601 2756 3653 et
2783 3597 3015 3671 scripsi,
3047 3600 3105 3655 in
3151 3618 3266 3674 quo
3324 3602 3479 3660 inter
3523 3609 3730 3662 caat‘era

2080 3687 2412 3742 continetur
2441 3688 2673 3743 duabus
2703 3688 3106 3761 principaliter
3133 3689 3520 3749 divisionibus
3547 3695 3730 3750 totius

2078 3776 2244 3850 regni
2265 3781 2487 3832 statum
2510 3780 2796 3847 constare,
2820 3778 3146 3850 anteposito
3175 3797 3408 3854 semper
3435 3786 3493 3838 et
3509 3781 3730 3856 ubique

2079 3866 2498 3938 omnipotentis
2519 3867 2620 3921 Dei
2635 3865 2882 3937 judicio.
2907 3866 3160 3941 Primam
3190 3867 3457 3926 videlicet
3485 3870 3728 3928 divisio-

2077 3973 2212 4011 nem
2243 3973 2373 4011 esse
2402 3954 2624 4024 dicens,
2649 3972 2766 4027 qua
2794 3955 3031 4011 assidue
3059 3961 3116 4011 et
3144 3957 3546 4014 indeﬁcienter
3574 3960 3730 4034 regis

2077 4045 2364 4118 palatium
2395 4045 2704 4116 regebatur
2744 4048 2802 4100 et
2843 4045 3262 4112 ordinabatur;
3297 4047 3541 4104 alteram
3569 4067 3726 4118 vero,

2078 4152 2194 4208 qua
2217 4134 2396 4190 totius
2429 4133 2589 4206 regni
2620 4137 2812 4208 status
2841 4134 3164 4190 secundum
3187 4153 3356 4192 suam
3385 4136 3729 4210 qualitatem

2077 4223 2511 4280 studiosissime
2541 4221 2896 4295 providendo
2927 4224 3288 4282 servabatur.

2148 4314 2284 4370 CAP.
2307 4312 2452 4368 XIII.
2469 4311 2532 4368 In
2552 4311 2742 4384 prima
2761 4311 2942 4385 igitur
2969 4313 3374 4386 dispositione,
3393 4317 3547 4391 regis
3568 4318 3728 4392 pala-

2078 4403 2226 4459 tium
2259 4403 2318 4457 in
2351 4405 2694 4458 ornamento
2750 4402 2932 4458 totius
2990 4401 3192 4475 palatii
3252 4404 3334 4462 ita
3391 4407 3730 4464 ordinatum

2079 4497 2224 4549 erat.
2257 4492 2594 4564 Anteposito
2633 4507 2770 4564 ergo
2803 4508 2937 4564 rege
2979 4496 3035 4547 et
3065 4492 3285 4566 regina,
3318 4511 3452 4551 cum
3485 4496 3731 4554 nobilis-

2081 4582 2231 4638 sima
2251 4580 2410 4654 prole
2435 4598 2562 4647 sua,
2588 4585 2710 4636 tam
2741 4581 2800 4636 in
2834 4581 3220 4654 spiritalibus,
3243 4601 3423 4657 quam
3455 4590 3512 4642 et
3537 4585 3598 4642 in
3631 4605 3733 4644 sm-

2079 4670 2398 4737 cularibus,
2433 4674 2605 4742 atque
2635 4671 3036 4744 corporalibus
3067 4673 3266 4742 rebus,
3285 4691 3388 4747 per
3415 4675 3527 4732 hos
3555 4677 3730 4734 mini-

2080 4766 2234 4817 stros
2289 4759 2451 4816 omni
2504 4764 2761 4832 tempore
2819 4761 3277 4834 gubernabatur.
3307 4763 3592 4820 Videlicet
3629 4783 3733 4838 per

2081 4848 2544 4924 apocrisiarium,
2581 4849 2639 4904 id
2668 4855 2758 4905 est
2785 4851 3184 4924 responsalem
3231 4851 3600 4924 negotiorum
3631 4870 3730 4908 ec-

2081 4939 2542 4996 clesiasticorum
2575 4957 2587 4995 :
2645 4940 2818 5011 cujus
2849 4939 3243 4998 ministerium
3275 4958 3344 4996 ex
3371 4958 3438 4997 eo
3471 4946 3732 5014 tempore

2081 5029 2338 5101 sumpsit
2375 5029 2698 5096 exordium,
2733 5031 2966 5102 quando
3014 5029 3434 5086 Constantinus
3479 5046 3732 5104 magnus

2080 5121 2397 5190 imperator
2427 5118 2799 5175 Christianus
2829 5121 3090 5188 eil‘ectus,
3126 5125 3363 5192 propter
3391 5136 3651 5176 amorem
3675 5126 3733 5176 et

2078 5209 2356 5264 honorem
2415 5212 2755 5264 sanctorum
2813 5209 3211 5280 apostolorum
3253 5207 3404 5264 Petri
3447 5213 3505 5264 et
3543 5208 3728 5283 Pauli,

2078 5314 2330 5372 quorum
2379 5296 2644 5352 doctrina
2675 5315 2740 5352 ac
2773 5297 3100 5355 ministerio
3127 5298 3200 5354 ad
3233 5297 3446 5354 Christi
3479 5300 3731 5372 gratiam

2078 5387 2454 5460 baptismatis
2503 5387 2853 5442 sacramenti
2905 5387 3185 5460 pervenit,
3217 5385 3412 5442 locum
3443 5391 3500 5443 et
3531 5387 3730 5445 sedem

2079 5495 2272 5545 suam,
2305 5476 2510 5532 urbem
2545 5475 2766 5532 scilicet
2795 5477 3140 5545 Romanam,
3175 5494 3338 5550 papa:
3371 5475 3650 5534 Silvestre
3671 5494 3731 5535 e-

2080 5568 2235 5623 dicto
2252 5564 2534 5640 privilegii
2555 5565 2875 5630 tradidit,et
2890 5567 3088 5623 sedem
3103 5584 3271 5623 suam
3285 5565 3344 5622 in
3358 5565 3589 5623 civitate
3602 5585 3730 5637 sua,

2081 5673 2208 5728 quae
2241 5662 2412 5712 antea
2441 5653 2782 5727 Bysantium
2813 5655 3152 5724 vocabatur,
3183 5655 3444 5714 nominis
3471 5655 3730 5713 sui-civi-

2080 5748 2260 5800 tatem
2293 5742 2625 5818 ampliando
2655 5742 2993 5801 aediﬁcavit:
3017 5750 3075 5802 et
3101 5746 3188 5802 sic
3217 5744 3586 5820 responsales
3607 5749 3732 5806 tam

2081 5835 2354 5895 Romanae
2391 5833 2568 5908 sedis,
2601 5850 2782 5912 quam
2811 5839 2869 5896 et
2898 5835 3144 5897 aliarum
3175 5835 3604 5916 pracipuarum
3633 5853 3732 5901 se-
