4152 6510
494 413 616 481 999

1275 411 1666 476 HINCMARI
1711 408 1958 472 RHEM.
2001 405 2376 470 ARCHIEP.
2421 405 2828 469 OPUSCULA
2871 405 3133 468 VARIA.

3757 407 3927 469 im

493 555 681 625 dium,
713 553 776 610 in
807 547 1024 626 palatio
1053 563 1160 622 pro
1189 543 1600 603 ecclesiasticis
1631 542 1882 616 negotiis
1909 540 2154 598 excuba-
2177 541 2234 607 Α
2264 555 2469 596 omnes
2501 538 2820 611 aequaliter,
2847 543 3084 612 propter
3113 539 3576 596 ministeriorum
3608 539 3926 597 diversita-

489 643 698 791 m3}.
717 729 862 788 XIV.
879 725 1210 800 Aliquando
1231 741 1335 798 per
1350 719 1999 796 episcopos,aliquando
2021 736 2152 774 vero

495 840 600 897 per
622 822 902 878 diaconos
914 813 1236 890 apostolica
1248 813 1416 868 sedes
1435 811 1547 866 hoc
1569 809 1760 866 ofﬁcio
1776 808 2150 881 fungebatur.

493 913 618 979 Quo
629 908 822 969 officio
833 910 1046 964 beatus
1058 900 1440 976 Gregoriusin
1453 898 1683 955 diaconi
1699 897 1900 954 ordine
1916 897 2152 951 functus

492 1001 624 1068 fuit,
639 1004 697 1056 et
707 1016 778 1055 ex
799 993 931 1054 aliis
953 991 1263 1069 praecipuis
1283 989 1526 1046 sedibus
1549 1007 1652 1062 per
1673 987 1947 1043 diaconos
1961 987 2017 1041 id
2032 985 2156 1041 ofﬁ-

491 1092 650 1148 cium
672 1086 1118 1160 exsequebatur,
1137 1081 1290 1138 sicut
1305 1079 1458 1137 sacri
1477 1096 1732 1135 canoncs
1746 1077 1977 1149 jubent.
1999 1075 2069 1130 Et
2090 1074 2150 1130 in

491 1175 924 1250 his‘Cisalpinis
950 1169 1312 1247 regionibus,
1338 1173 1651 1244 postquam
1674 1164 2001 1222 Ludovicus
2014 1181 2153 1237 prie-

491 1267 784 1324 dicatione
799 1265 953 1322 beati
969 1261 1218 1335 Remigii
1237 1261 1308 1317 ad
1326 1258 1623 1316 Christum
1650 1272 1984 1322 conversus,
2001 1259 2056 1309 et
2077 1250 2148 1308 ab

491 1358 622 1432 ipso
643 1373 780 1413 cum
803 1354 994 1410 tribus
1014 1349 1256 1408 milibus
1281 1350 1635 1406 Francorum
1657 1346 1716 1402 in
1737 1343 1938 1418 vigilia
1961 1341 2151 1399 sancti
2197 1321 2203 1383 Ι

493 1444 728 1502 Pascha:
759 1442 1087 1516 baptizatus
1118 1439 1361 1507 exstitit,
1380 1455 1486 1512 per
1516 1435 1920 1494 successiones
1945 1450 2149 1506 regum

492 1534 678 1591 sancti
711 1531 968 1606 episcopi
997 1547 1067 1586 ex
1097 1529 1224 1586 suis
1255 1527 1516 1594 sedibus,
1547 1531 1604 1582 et
1631 1530 1894 1598 tempore
1924 1536 2151 1596 compe-

491 1623 639 1681 tenti
661 1620 946 1697 palatium
967 1617 1296 1686 visitantes,
1320 1615 1578 1672 vicissim
1599 1613 1752 1671 hanc
1775 1611 2148 1669 administra-

483 1713 711 1768 tionem
730 1707 1168 1784 disposuerunt.
1191 1707 1236 1762 Α
1261 1710 1519 1778 tempore
1547 1720 1682 1760 vero
1713 1701 1770 1758 Pi
1779 1701 1941 1775 ppini
1972 1705 2030 1756 et
2049 1701 2150 1756 Ca-

492 1799 599 1857 roli
623 1797 922 1856 interdum
947 1814 1050 1870 per
1072 1793 1443 1870 presbyteros
1473 1791 1768 1848 interdum
1801 1807 1904 1864 per
1931 1789 2150 1864 episco-

489 1907 596 1965 pos
627 1889 786 1962 regia
814 1886 1336 1957 voluntatehatque
1363 1879 1680 1956 episcopali
1712 1894 2149 1953 consensu,per

488 1979 766 2037 diaconos
793 1976 884 2033 vel
916 1975 1288 2050 presbyteros
1317 1970 1508 2046 magis
1528 1986 1709 2044 quam
1727 1987 1830 2042 per
1843 1969 2151 2042 episcopos

484 2066 601 2126 hoc
629 2065 891 2125 ofﬁcium
921 2067 1263 2121 exsecutum
1294 2060 1547 2118 exstitit:
1573 2058 1713 2132 quia
1739 2057 1997 2131 episcopi
2019 2075 2152 2115 con-

487 2158 688 2214 tinuas
717 2155 948 2230 vigilias
975 2170 1158 2226 supra
1194 2166 1432 2225 gregem
1461 2165 1638 2206 suum
1669 2147 1885 2204 debent
1913 2147 2150 2204 assidue

489 2245 757 2319 exemplo
785 2249 844 2300 et
869 2244 1044 2301 verbo
1071 2240 1399 2315 vigilare,et
1414 2256 1532 2296 non
1563 2237 1792 2294 diutius
1821 2237 2148 2294 secundum

492 2351 692 2392 sacros
713 2350 967 2390 canones
998 2350 1033 2388 a
1061 2327 1190 2388 suis
1221 2331 1428 2387 abesse
1459 2327 1772 2402 parochiis.

559 2423 700 2482 CAP.
739 2421 858 2479 XV.
900 2421 1099 2494 Neque
1129 2421 1303 2492 juxta
1331 2418 1564 2474 decreta
1594 2434 1662 2473 ex
1693 2415 1877 2472 sacris
1907 2415 2146 2472 canoni-

496 2516 608 2571 bus
642 2511 1016 2588 promulgata
1043 2509 1200 2565 beati
1225 2506 1512 2581 Gregorii,
1533 2505 1821 2579 praetoria,
1843 2523 1970 2578 quae
1992 2521 2150 2561 nunc

493 2603 675 2676 regia,
701 2606 757 2658 et
778 2597 1056 2659 usitatius
1077 2596 1297 2673 palatia
1325 2596 1726 2662 nominantur,
1744 2595 1958 2650 debent
1978 2594 2152 2650 inuti-

491 2692 629 2749 liter
657 2691 983 2758 observare,
1013 2705 1087 2744 ne
1135 2686 1441 2742 incurrant
1485 2683 1804 2757 judicium,
1837 2689 1902 2740 ut
1944 2689 2152 2740 contra

491 2780 706 2856 placita
734 2796 1027 2837 canonum
1059 2775 1170 2833 sibi
1205 2776 1265 2832 in
1294 2774 1662 2831 ordinatione
1695 2792 1805 2830 sua
1833 2775 2050 2830 tradita
2072 2775 2150 2830 fa-

493 2871 733 2939 cientes,
767 2867 880 2942 ipsi
912 2885 975 2924 se
1004 2867 1224 2923 honore
1255 2863 1484 2940 privent
1539 2862 1954 2920 ecclesiastico.
1985 2864 2056 2919 Et
2085 2868 2150 2920 ut

491 2961 564 3016 de
586 2957 762 3015 licitis
790 2955 1056 3030 exempla
1085 2971 1398 3030 ponamus,
1431 2958 1489 3009 et
1517 2951 1589 3008 de
1619 2949 1816 3008 illicite
1849 2953 2149 3026 usurpatis

494 3063 614 3106 non
643 3052 966 3119 taceamus,
984 3050 1253 3119 tempore
1284 3042 1514 3117 Pippini
1532 3047 1590 3098 et
1603 3039 1790 3098 Caroli
1813 3042 1921 3098 hoc
1953 3041 2151 3098 minis-

498 3139 714 3196 terium
734 3153 1024 3193 consensu
1038 3133 1448 3210 episcoporum
1463 3150 1566 3206 per
1583 3131 1902 3188 Fulradum
1916 3132 2150 3206 presby-

486 3232 706 3296 terum,
739 3229 1001 3299 tempore
1044 3223 1221 3282 etiam
1255 3221 1441 3278 Caroli
1475 3238 1577 3296 per
1605 3219 2060 3295 Engelramnum
2092 3224 2150 3276 et

2263 633 2408 700 tem,
2430 627 2796 702 qualitatem,
2819 627 2908 684 vel
2937 627 3430 695 convenientiam,
3454 629 3734 702 prodesse
3758 633 3926 702 pote-

2264 722 2432 773 rant:
2458 735 2594 774 cum
2623 722 2819 774 tamen
2842 717 3042 774 nullus
3060 722 3386 792 se,propter
3406 716 3541 774 fidei
3565 718 3925 775 servandam

2261 805 2564 863 veritatem
2586 806 2740 880 regis
2761 812 2819 863 et
2831 805 2994 881 regni
3002 811 3088 876 ,ut
3097 807 3444 880 praedictum
3455 806 3928 875 est,subtrahere

2263 895 2574 969 potuisset,
2604 895 2692 952 vel
2724 895 2901 953 etiam
2929 896 3231 953 voluisset.
3256 897 3338 952 De
3367 914 3618 969 quorum
3650 896 3928 970 personis

2261 986 2348 1042 vel
2380 985 3102 1060 ministeriis,quanquam
3124 985 3294 1059 plura
3315 987 3436 1042 sint
3458 1003 3593 1060 quis
3622 986 3924 1054 dicantur,

2262 1075 2385 1131 haec
2415 1079 2610 1132 tamen
2644 1074 2934 1148 praecipue
2965 1075 3354 1132 habebantur.

2333 1164 2468 1222 CAP.
2491 1165 2687 1221 XVIII.
2713 1163 3108 1238 Imprimis,ut
3118 1166 3290 1237 juxta
3317 1167 3725 1239 cujuscunque
3747 1166 3926 1222 mini-

2261 1254 2426 1309 sterii
2458 1253 2804 1327 qualitatem
2853 1253 2942 1310 vel
2993 1254 3405 1327 quantitatem,
3435 1254 3706 1311 minister
3733 1253 3924 1311 nobili

2261 1343 2434 1399 corde
2453 1347 2511 1398 et
2540 1359 2782 1416 corpore
2813 1346 3114 1410 constans,
3138 1340 3524 1411 rationabilis,
3545 1342 3840 1399 discretus
3859 1349 3924 1401 et

2261 1431 2495 1488 sobrius
2527 1431 2861 1504 eligeretur.
2895 1432 3008 1488 Sed
3041 1447 3146 1488 nec
3179 1429 3282 1488 illa
3327 1429 3663 1487 sollicitudo
3694 1432 3922 1498 deerat,

2262 1526 2328 1577 ut
2349 1521 2396 1577 si
2420 1521 2543 1578 fieri
2575 1521 2884 1595 potuisset,
2909 1520 3062 1580 sicut
3089 1520 3200 1577 hoc
3227 1521 3622 1594 regnum,Deo
3652 1526 3918 1593 auctore,

2259 1628 2329 1666 ex
2359 1609 2632 1683 pluribus
2683 1609 3022 1684 regionibus
3070 1614 3320 1680 constat,
3352 1627 3423 1665 ex
3451 1609 3696 1667 diversis
3735 1611 3921 1667 etiam

2259 1699 2480 1756 eisdem
2530 1699 2894 1773 regionibus,
2931 1703 3032 1755 aut
3073 1699 3132 1754 in
3165 1699 3378 1772 primo,
3410 1703 3514 1756 aut
3543 1699 3603 1755 in
3633 1700 3916 1769 secundo,

2260 1793 2362 1844 aut
2384 1789 2562 1846 etiam
2590 1789 2649 1846 in
2681 1788 2944 1862 quolibet
2973 1788 3122 1857 loco,
3148 1789 3324 1844 iidem
3355 1787 3611 1846 ministri
3633 1789 3920 1864 eligeren-

2257 1883 2376 1946 tur,
2407 1877 2659 1952 qualiter
2687 1875 3038 1936 familiarius
3070 1894 3314 1951 quzeque
3343 1877 3611 1952 regiones
3631 1877 3918 1952 palatium

2259 1967 2424 2024 adire
2456 1972 2718 2042 possent,
2745 1969 2888 2023 dum
2948 1985 3067 2024 suis
3118 1967 3469 2041 genealogisa
3518 1967 3607 2025 vel
3662 1968 3920 2042 regionis

2259 2063 2560 2114 consortes
2580 2057 2640 2113 in
2672 2055 2888 2130 palatio
2921 2056 3114 2114 locum
3145 2061 3342 2114 tenere
3369 2063 3809 2130 cognoscerent.

2332 2147 2468 2204 CAP.
2499 2146 2641 2204 XIX.
2672 2146 2775 2202 His
2803 2145 2888 2202 ita
2915 2145 3166 2203 breviter
3195 2147 3269 2202 de
3298 2146 3585 2222 eligendis
3612 2152 3676 2204 et
3699 2147 3918 2204 consti-

2259 2236 2496 2293 tuendis
2528 2234 2819 2292 ministris
2839 2235 3320 2309 praadictis,nunc
3352 2237 3428 2294 ad
3457 2237 3796 2293 earumdem
3813 2236 3919 2292 mi-

2260 2327 2580 2382 nistrorum
2601 2329 2658 2380 et
2678 2325 3181 2382 ministrationum
3207 2325 3478 2382 ordinem
3511 2326 3764 2399 qualiter
3781 2343 3916 2382 cur-

2258 2416 2466 2472 rebant
2476 2413 2718 2472 veniend
2727 2431 2825 2471 um
2839 2414 3103 2471 est.Nam
3116 2414 3388 2488 quamvis
3397 2416 3622 2488 praefati
3635 2415 3910 2484 ministri,

2258 2505 2670 2578 unusquisque
2701 2506 2772 2561 de
2803 2522 2910 2561 suo
2951 2504 3300 2574 ministerio,
3332 2522 3450 2561 non
3495 2505 3608 2562 sub
3653 2504 3791 2573 alio,
3824 2503 3910 2561 vel

2258 2613 2362 2670 per
2381 2595 2586 2664 alium,
2611 2594 2724 2651 nisi
2746 2611 2852 2667 per
2869 2594 3155 2667 seipsum,
3177 2594 3371 2651 solum
3395 2593 3715 2668 regem,vel
3735 2611 3916 2668 quan-

2259 2690 2385 2741 tum
2412 2685 2485 2741 ad
2526 2685 2789 2757 reginam
2821 2683 2910 2740 vel
2942 2683 3258 2757 gloriosam
3291 2683 3514 2756 prolem
3545 2684 3700 2758 regis
3729 2683 3912 2758 respi-

2258 2775 2694 2848 ciebant,caput
2715 2778 3026 2846 ponerent:
3043 2790 3160 2830 non
3176 2778 3372 2830 tamen
3390 2791 3595 2830 omnes
3613 2773 3916 2847 aequaliter

2258 2867 2329 2921 de
2360 2864 2582 2921 czeteris
2613 2864 2810 2932 rebus,
2843 2863 2932 2920 vel
2967 2868 3308 2920 caaterorum
3342 2863 3793 2921 necessitatibus
3825 2881 3912 2920 re-

2257 2971 2390 3028 gem
2423 2954 2686 3025 adibant,
2720 2953 2822 3009 sed
2852 2969 3132 3009 mensura
3181 2970 3293 3009 sua
3320 2953 3574 3025 quisque
3605 2957 3914 3009 contentus

2257 3049 2402 3112 erat,
2424 3048 2480 3099 et
2503 3042 2603 3099 ubi
2624 3041 2711 3099 vel
2734 3041 2834 3098 ubi
2868 3042 3014 3098 ratio
3045 3043 3342 3116 poscebat,
3365 3041 3643 3100 solatium
3668 3040 3910 3099 alterius

2257 3134 2612 3207 requirebat.
2647 3133 2717 3188 Et
2746 3132 2964 3204 quibus
2989 3131 3278 3206 praecipue
3308 3133 3446 3202 duo,
3477 3131 3534 3188 id
3561 3137 3650 3189 est
3677 3133 3902 3206 apocri-

2257 3223 2492 3292 siarius,
2513 3223 2615 3296 qui
2631 3227 2871 3280 vocatur
2897 3223 3054 3295 apud
3085 3239 3192 3279 nos
3221 3220 3580 3295 capellanus,
3604 3221 3690 3279 vel
3707 3221 3907 3296 palatii

487 3313 894 3373 Hiidiboldum
921 3314 1248 3389 episcopos,
1278 3315 1541 3386 tempore
1581 3311 1834 3384 denique
1867 3309 2139 3367 Ludovici
2169 3300 2213 3366 ί]
2251 3317 2475 3386 custos,
2497 3315 2568 3369 de
2591 3311 2868 3369 omnibus
2898 3312 3146 3386 negotiis
3177 3310 3591 3369 ecclesiasticis
3622 3312 3707 3368 vel
3742 3313 3911 3369 mini-

491 3421 596 3480 per
625 3402 976 3463 Hilduinum
1007 3403 1438 3476 presbyterum,
1471 3405 1528 3457 et
1557 3407 1688 3474 post
1717 3418 1853 3456 eum
1880 3417 1984 3472 per
2013 3399 2146 3456 Ful-

493 3511 701 3552 conem
740 3493 882 3551 item
933 3493 1363 3568 presbyterum,
1393 3489 1604 3547 deinde
1662 3507 1766 3562 per
1820 3489 2148 3562 Drogonem

493 3580 860 3658 episcopum,
893 3580 1117 3638 exstitit
1145 3579 1254 3637 hoc
1286 3576 1680 3636 ministerium
1714 3582 2076 3634 exsecutum.

563 3672 697 3730 ΟΑΡ.
711 3669 1299 3745 XVI.Apocrisiarius
1320 3671 1722 3742 autem,quem
1741 3670 2032 3724 nostrates
2054 3685 2151 3724 ca-

491 3759 904 3837 pellanum,vel
919 3759 1119 3834 palatii
1137 3757 1441 3816 custodem
1463 3755 2020 3832 appellant,omnem
2035 3758 2149 3813 cle-

491 3865 621 3909 rum
647 3848 847 3925 palatii
871 3849 982 3907 sub
1004 3867 1147 3907 cura
1169 3854 1227 3905 et
1249 3847 1635 3922 dispositione
1655 3865 1765 3904 sua
1784 3844 2153 3920 regebat.Cui

491 3941 828 4000 sociabatur
857 3957 1130 3999 summus
1160 3937 1679 4010 cancellarius,qui
1703 3937 1992 3994 asecretis
2012 3935 2152 3992 olim

491 4029 1210 4106 appellabatur,erantque
1241 4028 1325 4084 illi
1359 4027 1610 4099 subjecti
1643 4027 1960 4100 prudentes
1987 4030 2045 4082 et
2071 4025 2156 4081 in-

489 4119 823 4195 telligentes
854 4137 920 4176 ac
951 4119 1151 4175 fideles
1169 4117 1406 4190 viri,qui
1425 4121 1714 4190 praecepta
1742 4117 1901 4190 regia
1931 4117 2154 4188 absque

491 4210 882 4268 immoderata
937 4207 1280 4282 cupiditatis
1336 4204 1648 4262 venalitate
1706 4205 2050 4274 scriberent,
2097 4209 2155 4262 et

495 4303 720 4356 secreta
739 4295 857 4356 illis
887 4297 1139 4355 fideliter
1167 4295 1554 4353 custodirent.
1587 4295 1725 4352 Post
1755 4312 1854 4354 eos
1883 4312 2038 4362 vero,
2061 4312 2154 4352 sa-

493 4399 660 4446 erum
682 4387 969 4462 palatium
1003 4403 1106 4462 per
1134 4385 1244 4442 hos
1273 4381 1579 4442 ministros
1607 4384 2158 4458 disponebatur,per

507 4477 899 4536 camerarium
928 4475 1216 4544 videlicet,
1241 4479 1300 4532 et
1329 4474 1601 4532 comitem
1629 4473 1855 4548 palatii,
1876 4471 2158 4531 senescal-

503 4564 1394 4635 cum,buticularium,comitem
1417 4563 2154 4634 stabuli,mansionarium,

2257 3403 2396 3460 stris
2415 3401 2694 3472 ecclesiae,
2718 3407 2775 3458 et
2803 3419 3000 3459 comes
3022 3401 3224 3475 palatii
3255 3403 3326 3458 de
3355 3403 3636 3459 omnibus
3664 3402 3910 3460 saecula-

2258 3494 2422 3550 ribus
2443 3491 2754 3561 causis,vel
2773 3491 3012 3565 judiciis
3033 3491 3394 3567 suscipiendi
3415 3509 3616 3549 curam
3631 3491 3915 3550 instanter

2258 3583 2556 3639 habebant
2580 3599 2594 3638 :
2620 3587 2684 3637 ut
2705 3598 2810 3638 nec
2831 3580 3233 3650 ecclesiastici,
3263 3599 3366 3640 nec
3386 3581 3717 3654 simulares,
3749 3583 3915 3657 prius

2259 3672 2545 3728 domuum
2577 3672 3027 3745 regem,absque
3055 3687 3258 3730 eorum
3289 3673 3559 3730 consultu
3589 3671 3915 3746 inquietare

2262 3778 2498 3818 necesse
2556 3761 2861 3834 haberent,
2916 3779 3226 3836 quousque
3279 3761 3363 3818 illi
3413 3763 3814 3836 praeviderent,
3861 3762 3912 3819 si

2263 3851 2583 3909 necessitas
2614 3857 2770 3908 esset
2803 3856 2868 3907 ut
2893 3869 3073 3909 causa
3102 3857 3236 3909 ante
3266 3868 3459 3926 regem
3490 3853 3700 3910 merito
3722 3853 3916 3909 venire

2261 3942 2519 3998 deberet.
2553 3941 2612 3997 Si
2642 3958 2775 3998 vero
2833 3946 3060 3997 secreta
3113 3947 3270 3998 esset
3315 3958 3513 4010 causa,
3545 3957 3724 4014 quam
3751 3939 3915 4015 prius

2263 4035 2614 4105 congrueret
2641 4030 2763 4104 regi
2796 4047 2973 4104 quam
3005 4027 3284 4102 cuiquam
3315 4029 3482 4087 alteri
3509 4030 3719 4100 dicere,
3750 4045 3910 4086 eum-

2263 4121 2397 4176 dem
2429 4119 2662 4176 dicendi
2695 4119 2890 4178 locum
2925 4121 3119 4176 eidem
3147 4119 3262 4194 ipsi
3293 4125 3706 4194 praepararent,
3731 4119 3910 4176 intro-

2263 4211 2440 4266 ducto
2469 4209 2635 4283 prius
2667 4215 2908 4283 rege,ut
2937 4209 3046 4266 hoc
3067 4210 3239 4282 juxta
3267 4210 3509 4266 modum
3537 4207 3915 4284 personae,vel

2266 4298 2704 4368 honorabiliter,
2737 4299 2825 4356 vel
2852 4299 3162 4374 patienter,
3193 4298 3281 4356 vel
3311 4299 3488 4357 etiam
3517 4297 3914 4356 misericordi-

2263 4393 2352 4445 ter
2381 4387 2723 4460 susciperet.

2334 4478 2470 4534 CAP.
2503 4476 2619 4533 ΧΧ.
2653 4477 3078 4559 Apocrisiarius
3135 4477 3376 4551 quidem
3421 4478 3492 4534 de
3531 4479 3694 4537 omni
3731 4476 3916 4535 eccle-

2265 4566 2502 4625 siastica
2531 4565 2811 4640 religione
2838 4567 2926 4624 vel
2957 4567 3413 4638 ordine,necnon
3437 4568 3616 4625 etiam
3644 4568 3718 4625 de
3741 4584 3916 4641 eano-

499 4657 805 4714 venatores
835 4653 1188 4730 principales
1212 4658 1485 4727 quatuor,
1518 4653 1911 4712 falconarium
1945 4671 2153 4710 unum.
2185 4685 2234 4750 D
2267 4657 2408 4714 nica:
2457 4655 2546 4713 vel
2597 4655 2934 4712 monasticae
2984 4655 3384 4726 altercatione,
3417 4673 3520 4714 seu
3551 4672 3916 4731 quacunque

563 4744 701 4803 CAP.
734 4745 905 4802 XVII.
937 4746 1008 4801 Et
1062 4743 1334 4817 quamvis
1391 4743 1501 4800 sub
1560 4743 1727 4817 ipsis,
1760 4749 1819 4800 et
1863 4761 1933 4799 ex
1977 4743 2156 4801 latere
2185 4743 2227 4750 ⁷
2267 4745 2554 4820 palatium
2585 4745 2830 4802 adibant
2865 4761 2968 4818 pro
3017 4745 3430 4803 ecclesiasticis
3469 4746 3915 4805 necessitatibus

491 4851 718 4909 eorum,
749 4835 850 4892 alii
885 4831 1303 4891 ministeriales
1335 4832 1606 4901 fuissent,
1640 4837 1706 4888 ut
1733 4833 2036 4900 ostiarius,
2065 4852 2150 4892 sa-

493 4923 787 4994 cellarius,
809 4924 1205 4997 dispensator,
1235 4922 1618 4996 scapoardus,
1635 4920 1722 4978 vel
1754 4939 2152 4995 quorumcun-

494 5031 608 5090 que
623 5013 1195 5087 exeisjuniores,aut
1225 5012 1429 5070 decani
1461 5011 1731 5080 fuissent,
1750 5011 2027 5069 veletiam
2053 5013 2152 5069 alii

493 5123 564 5162 ex
605 5104 807 5174 latere,
841 5101 994 5160 sicut
1041 5102 1310 5171 bersarii,
1343 5101 1623 5169 veltrarii,
1656 5101 1956 5171 beverarii,
1984 5101 2071 5159 vel
2102 5101 2152 5159 si

494 5194 596 5268 qui
628 5193 822 5250 adhuc
849 5191 1940 5266 supererant:verumtamen,quamvis
1963 5197 2019 5248 et
2042 5192 2154 5266 ipsi

495 5283 713 5358 singuli
728 5285 899 5357 juxta
920 5299 1090 5339 suam
1113 5280 1459 5354 qualitatem
1483 5280 1555 5336 ad
1577 5279 1686 5336 hoc
1709 5280 1913 5337 intenti
1933 5285 2151 5350 essent,

497 5385 613 5428 non
643 5374 841 5426 tamen
873 5370 944 5425 ad
975 5387 1095 5437 eos,
1130 5369 1284 5426 sicut
1331 5369 1405 5424 ad
1457 5372 1695 5424 caeteros
1725 5367 2150 5442 principaliter.

498 5463 563 5516 ut
592 5459 796 5516 subter
824 5458 1112 5516 insertum
1153 5463 1266 5527 est,
1297 5457 1477 5514 totius
1528 5459 1690 5531 regni
1741 5459 2152 5516 confoederatio

498 5548 560 5604 in
591 5548 918 5621 majoribus
973 5547 1062 5605 vel
1124 5546 1477 5614 minoribus,
1510 5545 1759 5621 singulis
1819 5548 2152 5622 quibusque

499 5636 862 5713 quotidianis
893 5637 1344 5697 necessitatibus
1383 5639 1849 5708 occurrentibus,
1883 5656 2018 5695 cum
2049 5657 2151 5713 pa-

497 5725 641 5790 latio
691 5728 1269 5808 conglutinabantur.
1322 5727 1435 5788 Sed
1485 5746 1590 5792 nec
1647 5728 1763 5808 ipsi
1821 5729 2152 5807 superiores

2263 4835 2722 4894 sollicitudinem
2753 4835 3076 4904 haberet,et
3103 4853 3174 4894 ea
3199 4837 3606 4894 tantummodo
3637 4837 3712 4894 de
3737 4841 3918 4893 exter-

2262 4926 2355 4983 nis
2378 4943 2572 4999 regem
2593 4926 2840 4994 adirent,
2865 4942 2993 4998 quze
3015 4925 3142 4984 sine
3163 4926 3262 4983 illo
3291 4925 3524 5000 plenius
3551 4926 3782 4984 deﬁniri
3800 4943 3917 4984 non

2263 5015 2616 5090 potuissent.
2645 5019 2950 5083 Caeterum,
2991 5019 3059 5071 ut
3087 5033 3204 5072 non
3233 5015 3427 5074 solum
3468 5017 3541 5073 de
3569 5015 3664 5074 his
3684 5032 3813 5089 que
3841 5015 3918 5072 ad

2261 5123 2363 5162 eos
2393 5104 2724 5177 specialiter
2754 5105 2825 5161 de
2852 5103 3014 5160 omni
3044 5110 3387 5163 ornamento
3415 5105 3505 5163 vel
3528 5104 3722 5163 ofﬁcio
3740 5103 3920 5162 eccle-

2263 5193 2504 5250 siastico
2535 5193 2692 5251 infra
2722 5193 3008 5266 palatium
3042 5195 3266 5268 agenda
3296 5195 3686 5268 pertinebant,
3713 5211 3916 5252 verum

2264 5299 2496 5356 quoque
2512 5288 2569 5339 et
2581 5301 2816 5340 omnem
2833 5283 3294 5342 consolationem
3304 5284 3918 5358 spiritalem,sivecon-

2264 5372 2462 5430 silium
2488 5374 2668 5431 totius
2691 5374 2893 5448 palatii
2919 5375 3257 5448 quicunque
3276 5380 3578 5448 quaereret,
3602 5375 3758 5449 apud
3779 5389 3916 5432 eum

2264 5468 2328 5519 ut
2349 5481 2585 5522 necesse
2618 5469 2745 5520 erat
2786 5463 3034 5522 fideliter
3071 5465 3358 5522 inveniret
3381 5483 3395 5522 :
3418 5470 3476 5522 et
3493 5465 3596 5538 qui
3617 5482 3733 5522 non
3759 5480 3915 5538 quc-

2268 5559 2420 5610 reret
2445 5559 2504 5610 et
2535 5558 2730 5610 tamen
2762 5552 2890 5627 ipse
2918 5554 3076 5627 apud
3108 5554 3364 5628 aliquem
3395 5555 3793 5613 necessarium
3819 5570 3916 5611 es-

2262 5660 2324 5699 se
2345 5643 2677 5716 sentirent,j
2688 5647 2826 5700 uxta
2857 5659 3118 5717 persona;
3143 5643 3576 5718 qualitatem,et
3593 5662 3630 5702 α
3647 5659 3914 5718 perverso

2259 5750 2440 5794 sensu
2468 5733 2557 5794 vel
2587 5750 2759 5812 opere
2807 5733 3125 5806 retrahere,
3154 5737 3214 5794 et
3239 5735 3314 5796 ad
3335 5733 3493 5798 viam
3529 5734 3741 5800 salutis
3769 5750 3915 5796 oon-
