4152 6514
524 409 682 473 i003

1304 411 1683 474 HINCMARI
1726 409 1970 472 RHEM.
2019 405 2386 469 ARCHIEP.
2431 405 2843 468 OPUSCULA
2891 405 3151 466 VABIA.

3782 404 3948 465 ιοοι

520 543 730 598 vitium
759 542 921 615 digni
953 547 1120 598 erant
1150 547 1215 597 ut
1246 543 1604 599 remunerari
1637 539 2070 605 debuissent,ct
2096 539 2172 595 lo-
2199 539 2256 606 Α
2283 553 2398 610 gno
2417 537 2811 605 incumbebat,
2837 537 3196 592 mutabatur.
3221 537 3284 592 In
3319 552 3433 609 quo
3465 536 3681 609 placito
3703 552 3953 610 genera-

525 629 1258 698 custalisoccurrebat,ubi
1273 647 1341 685 ex
1353 629 1646 702 praedictis
1659 629 2064 703 indigentibus
2080 644 2175 684 ne-

453 758 458 773 .
525 735 622 777 me
645 717 772 776 sine
792 735 1072 776 mensura
1091 718 1526 785 destitueretur,
1549 718 1822 775 similiter
1846 717 2170 774 secundum

523 825 728 866 eorum
757 807 1102 881 qualitatem
1124 808 1194 864 ad
1217 807 1563 865 memoriam
1586 807 1921 881 principum
1943 821 2172 862 revoca-

525 901 748 966 rentur,
783 913 902 952 non
929 899 1053 952 tam
1083 896 1230 969 ipsis
1262 897 1631 969 urgentibus,
1662 913 1842 969 quam
1872 895 2176 962 eorum,de

526 985 746 1059 quibus
767 1001 948 1058 supra
968 985 1189 1041 dictum
1209 989 1321 1053 est,
1337 985 1514 1041 fidem
1533 989 1593 1041 et
1612 985 1877 1041 debitum
1898 982 2176 1056 exigenti-

528 1075 664 1146 bus,
683 1078 748 1130 ut
775 1073 836 1130 in
865 1073 950 1130 eis
979 1073 1037 1129 id
1069 1074 1235 1131 ﬂeret
1264 1073 1454 1146 primo
1487 1078 1724 1146 propter
1752 1073 1910 1146 quod
1939 1089 2070 1130 cum
2083 1073 2177 1143 ju-

530 1163 693 1220 stitia
706 1166 766 1220 et
783 1161 1187 1220 misericordia
1206 1161 1322 1218 Deo
1345 1162 1616 1234 placeret.
1643 1162 1860 1219 Deinde
1881 1161 1940 1217 in
1967 1160 2178 1217 militia

529 1250 973 1310 remanentibus
997 1251 1388 1308 certissimam
1417 1251 1667 1310 ﬁdeliter
1693 1251 1982 1310 serviendi
1999 1251 2175 1306 tidem

529 1345 589 1398 et
599 1340 997 1400 constantiam
1017 1339 1442 1397 ministrarent.
1467 1340 1686 1397 Deinde
1712 1339 1977 1397 utetiam
2004 1339 2175 1412 longe

531 1428 740 1504 positis
752 1429 1045 1502 pertotius
1057 1429 1222 1502 regni
1242 1429 1532 1486 ambitum
1550 1428 1816 1486 laetitiam
1825 1432 1883 1486 et
1892 1428 2176 1502 gaudium

531 1519 1023 1591 demonstrarent.
1048 1518 1118 1573 Et
1145 1518 1195 1574 si
1226 1517 1443 1591 aliquis
1473 1534 1541 1574 ex
1575 1517 2062 1575 ministerialibus
2090 1515 2176 1574 vel

531 1605 880 1665 consiliariis
918 1607 1256 1673 decedebat,
1287 1606 1414 1663 loco
1443 1608 1572 1679 ejus
1601 1622 1898 1680 congruas
1929 1611 1987 1663 et
2017 1605 2180 1662 utilis

531 1695 967 1754 restituebatur.
1111 1739 1116 1749 .

601 1786 738 1842 ΟΑΡ.
768 1785 984 1842 XXVII.
1009 1786 1079 1841 Et
1109 1789 1175 1842 ut
1204 1785 1304 1841 illa
1337 1785 1673 1852 multitudo,
1709 1803 1834 1858 qua:
1868 1787 1926 1841 in
1961 1785 2180 1858 palatio

531 1889 763 1948 semper
789 1891 918 1930 esse
948 1875 1140 1940 debet,
1173 1874 1575 1930 indeflcicnter
1623 1874 1932 1947 persistere
1961 1878 2180 1946 posset,

531 1965 625 2021 his
678 1963 867 2018 tribus
927 1963 1235 2018 ordinibus
1286 1963 1608 2019 fovebatur.
1645 1963 1769 2018 Uno
1799 1961 2086 2028 videlicet,
2120 1968 2185 2018 ut

532 2053 755 2126 absque
785 2052 1132 2108 ministeriis
1163 2051 1413 2124 expediti
1446 2051 1684 2119 milites,
1718 2052 2050 2124 anteposita
2081 2053 2182 2108 do-

534 2142 830 2198 minorum
889 2141 1266 2212 benignitate,
1298 2144 1356 2195 et
1413 2140 1824 2207 sollicitudine,
1859 2157 1975 2213 qua
2027 2158 2182 2196 nunc

533 2231 710 2295 victu,
729 2247 886 2286 nunc
915 2229 1152 2300 vestitu,
1173 2246 1328 2284 nunc
1360 2247 1522 2295 auro,
1543 2247 1698 2285 nunc
1729 2235 1993 2300 argento,
2009 2230 2182 2284 modo

534 2319 723 2390 equis,
747 2317 832 2374 vel
855 2318 1079 2374 caeteris
1098 2319 1480 2385 ornamentis,
1503 2319 1798 2374 interdum
1830 2319 2179 2391 specialiter,

533 2407 851 2480 aliquando
881 2411 1056 2479 prout
1085 2411 1339 2479 tempus,
1373 2406 1540 2475 ratio,
1573 2411 1631 2462 et
1661 2408 1800 2462 ordo
1831 2407 2181 2480 condignam

534 2499 882 2570 potestan
912 2495 1386 2562 administrabat,
1429 2493 1643 2567 saepius
1691 2497 1990 2569 porrectis,
2025 2496 2084 2551 in
2115 2513 2182 2553 eo

532 2589 730 2642 tamen
742 2583 1169 2640 indeﬁcientcm
1183 2582 1893 2652 consolationem,necnon
1906 2585 1978 2642 ad
1994 2584 2185 2657 regale

532 2671 882 2746 obsequium
907 2673 1337 2728 inﬂammatum
1355 2671 1619 2728 animum
1639 2673 1940 2729 ardentius
1953 2690 2185 2746 semper

532 2760 847 2834 habebant,
869 2761 1025 2834 quod
1049 2759 1181 2817 illos
1202 2761 1424 2833 praefati
1455 2761 1742 2835 capitanei
1769 2761 2182 2819 ministeriales

529 2849 796 2908 certatim
829 2851 899 2907 de
930 2849 1025 2906 die
1053 2850 1114 2906 in
1150 2850 1326 2918 diem,
1354 2867 1509 2907 nunc
1543 2851 1709 2922 istos,
1734 2869 1891 2908 nunc
1922 2851 2074 2921 illos,
2108 2854 2182 2909 ad

530 2939 869 2996 mansiones
898 2956 1038 2997 snas
1065 2939 1373 3006 vocabant,
1408 2944 1465 2995 et
1493 2957 1608 2996 non
1638 2944 1760 2997 tam
1791 2940 1940 3014 gula
1969 2941 2186 2999 voraci-

528 3033 672 3096 tate,
691 3044 872 3102 quam
886 3044 1032 3086 vera
1053 3027 1478 3085 familiaritatis
1497 3045 1601 3086 seu
1617 3029 1950 3087 dilectionis
1962 3048 2180 3100 amore,

529 3121 704 3192 prout
731 3117 948 3190 cuique
975 3116 1257 3190 possibile
1286 3121 1430 3187 erat,
1464 3117 1801 3191 impendere
1831 3120 2180 3178 studebant:

531 3205 733 3281 sicque
761 3205 1030 3278 fiebat,ut
1054 3222 1254 3262 rarum
1285 3206 1537 3280 quisque
1569 3208 1721 3265 infra
1749 3208 2183 3266 hebdomadam

2284 624 2419 681 litas
2447 624 2851 681 universorum
2882 625 3174 696 majorum
3205 628 3325 680 tam
3357 623 3710 681 clericorum
3760 642 3948 699 quam

2282 713 2568 770 laicorum
2596 713 3012 770 conveniebat:
3041 712 3324 780 seniores,
3347 718 3585 786 propter
3620 713 3948 771 concilium

2282 801 2704 870 ordinandum;
2733 802 3009 870 minores,
3034 805 3270 875 propter
3290 801 3444 858 idem
3459 800 3798 859 comsilium
3815 819 3950 860 sus-

2283 890 2640 964 cipiendum,
2674 895 2732 947 et
2761 891 3057 948 interdum
3083 889 3301 963 pariter
3329 891 3794 959 tractandum,et
3824 909 3947 949 non

2282 996 2352 1035 ex
2375 983 2680 1052 potestate,
2715 980 2815 1034 sed
2849 996 2918 1035 ex
2947 979 3184 1051 proprio
3232 977 3446 1035 mentis
3494 978 3798 1036 intellectu
3854 980 3948 1038 vel

2285 1067 2577 1124 sententia
2600 1067 3096 1124 conﬁrmandum.

2357 1156 2492 1213 CAP.
2523 1156 2682 1212 XXX.
2714 1156 3000 1212 Caeterum
3048 1160 3245 1212 autem
3297 1161 3532 1230 propter
3573 1159 3734 1215 dona
3761 1174 3948 1233 gene-

2286 1244 2486 1302 raliter
2503 1243 2882 1314 danda,aliud
2906 1244 3188 1317 placitum
3209 1261 3344 1302 cum
3357 1245 3689 1303 senioribus
3707 1251 3947 1304 tantum

2286 1338 2345 1389 et
2373 1332 2684 1406 praecipuis
2738 1333 3093 1390 consiliariis
3146 1333 3476 1392 habebatur
3507 1350 3522 1390 :
3550 1334 3609 1391 in
3659 1352 3778 1409 quo
3813 1338 3946 1409 jam

2289 1422 2467 1478 futuri
2491 1421 2630 1478 anni
2651 1426 2843 1478 status
2863 1421 3098 1478 tractari
3119 1420 3534 1495 incipiebatur,
3551 1423 3600 1480 si
3624 1424 3776 1481 forte
3803 1423 3950 1483 talia

2289 1510 2489 1584 aliqua
2511 1527 2574 1568 se
2597 1513 3145 1585 praemonstrabant,
3169 1529 3273 1584 pro
3309 1513 3526 1585 quibus
3549 1529 3793 1572 necesse
3819 1520 3952 1572 erat

2290 1600 2747 1672 premeditando
2768 1601 3058 1670 ordinare,
3082 1600 3132 1656 si
3155 1600 3299 1674 quid
3319 1618 3454 1658 mox
3471 1605 3769 1661 transacto
3789 1621 3948 1661 anno

2292 1688 2482 1760 priore
2503 1689 2888 1756 incumberet,
2911 1706 3015 1762 pro
3037 1705 3153 1762 quo
3175 1688 3550 1763 anticipando
3580 1691 3811 1766 aliquid
3825 1697 3948 1750 sta-

2292 1783 2456 1835 tuere
2487 1782 2588 1834 aut
2619 1779 2918 1851 providere
2949 1778 3271 1836 necessitas
3301 1783 3456 1836 esset
3488 1797 3501 1835 :
3530 1781 3690 1838 verbi
3731 1782 3946 1856 gratia,

2293 1867 2340 1923 si
2371 1867 2526 1922 inter
2554 1867 2880 1924 marchisos
2912 1867 2972 1922 in
3001 1866 3261 1939 qualibet
3292 1868 3454 1940 regni
3488 1874 3651 1941 parte
3680 1871 3758 1927 ad
3779 1870 3948 1928 aliud

2291 1960 2527 2030 tempus
2548 1957 2763 2013 dextrae
2785 1958 2933 2013 datae
2951 1957 3220 2022 fuissent,
3246 1957 3386 2029 quid
3409 1974 3543 2014 mox
3563 1960 3952 2031 postdextras

2292 2051 2524 2102 exactas
2581 2047 2875 2118 agendum
2929 2051 3105 2114 esset,
3171 2050 3368 2102 utrum
3446 2049 3812 2116 renovandae,
3874 2067 3950 2106 an

2292 2133 2558 2191 finienda:
2576 2141 2798 2191 essent:
2809 2137 2981 2207 juxta
2997 2139 3338 2191 ceterarum
3363 2137 3618 2208 partium
3635 2136 3953 2194 imminen-

2293 2223 2451 2280 tibus
2482 2225 2605 2280 rixa
2635 2229 2692 2280 et
2722 2242 2885 2297 pace,
2908 2229 2974 2280 ut
3003 2224 3330 2282 secundum
3361 2224 3420 2280 id
3450 2227 3606 2298 quod
3637 2232 3782 2284 tunc
3804 2235 3952 2284 tem-

2292 2313 2451 2385 poris
2484 2313 2630 2370 ratio
2657 2314 2955 2387 poscebat,
2990 2313 3041 2370 si
3069 2331 3138 2370 ex
3169 2331 3288 2370 una
3316 2319 3480 2387 parte
3509 2315 3647 2373 hinc
3675 2321 3780 2372 aut
3809 2318 3950 2374 inde

2291 2399 2378 2457 vel
2411 2400 2676 2458 facienda
2716 2401 3158 2466 vel.toleranda
3213 2402 3556 2476 inquietudo
3615 2406 3950 2462 necessario

2292 2489 2691 2560 incumbebat,
2720 2508 2788 2547 ex
2816 2490 2949 2548 aliis
2980 2492 3250 2564 partibus
3279 2492 3677 2566 tranquillitas
3703 2495 3950 2553 ordina-

2292 2580 2550 2635 retur.Et
2566 2596 2702 2635 cum
2724 2580 2806 2636 ita
2822 2597 2926 2654 per
2944 2581 3286 2638 eorumdem
3309 2581 3608 2641 seniorum
3628 2584 3945 2642 consilium

2293 2669 2432 2741 quid
2457 2668 2640 2725 futuri
2661 2669 2946 2742 temporis
2967 2671 3118 2727 actio
3139 2671 3227 2728 vel
3256 2672 3397 2729 ordo
3428 2673 3634 2746 agendi
3657 2678 3946 2746 posceret,

2292 2757 2516 2831 alonge
2545 2759 2981 2816 considerarent
3005 2777 3017 2816 :
3043 2763 3102 2816 et
3128 2775 3266 2817 cum
3297 2760 3603 2818 inventum
3623 2767 3800 2831 esset,
3831 2765 3945 2821 sub

2292 2845 2522 2903 silentio
2554 2848 2710 2904 idem
2741 2847 3045 2905 inventum
3091 2849 3428 2918 consilium,
3458 2850 3544 2907 ita
3571 2851 3838 2909 funditus
3867 2854 3945 2910 ab

2292 2935 2567 2992 omnibus
2593 2935 2802 2996 alienis
2832 2937 3200 3012 incognitum
3233 2955 3420 3012 usque
3443 2941 3518 2996 ad
3545 2940 3705 2998 aliud
3725 2941 3944 3000 iterum

2292 3025 2616 3083 secundum
2648 3026 2918 3099 generale
2949 3027 3253 3100 placitum,
3276 3045 3345 3085 ac
3373 3028 3424 3086 si
3454 3029 3756 3087 inventum
3787 3030 3878 3088 vel
3908 3048 3946 3088 a

2293 3113 2456 3171 nullo
2475 3119 2792 3172 tractatum
2815 3121 2992 3187 esset,
3015 3122 3314 3175 maneret:
3340 3122 3407 3175 ut
3435 3117 3486 3176 si
3515 3119 3662 3176 forte
3689 3119 3808 3178 tale
3834 3120 3943 3178 ali-

2293 3205 2433 3278 quid
2467 3209 2570 3262 aut
2596 3206 2750 3264 infra
2777 3211 2880 3264 aut
2919 3211 3082 3264 extra
3127 3225 3376 3282 regnum
3423 3210 3820 3268 ordinandum
3847 3229 3944 3269 es-

530 3293 986 3368 remaneret,qui
1016 3311 1132 3352 non
1157 3295 1232 3351 ab
1261 3294 1458 3368 aliquo
1479 3313 1584 3370 pro
1612 3296 1952 3370 huiusmodi
1983 3298 2180 3358 studio
2210 3283 2254 3352 C
2289 3299 2402 3361 set,
2434 3294 2588 3368 quod
2627 3296 2994 3368 prascientia
3042 3299 3456 3370 quorumdam,
3487 3304 3590 3356 aut
3615 3301 3941 3370 destruere,

529 3388 968 3444 convocaretur.

599 3473 738 3530 Car.
767 3471 1014 3530 XXVIII.
1046 3472 1206 3531 Alter
1233 3475 1375 3531 ordo
1409 3492 1512 3548 per
1557 3475 1794 3550 singula
1851 3477 2180 3536 ministeria

525 3560 834 3636 discipulis
863 3563 1241 3636 congruebat,
1255 3563 1354 3637 qui
1387 3565 1669 3637 magistro
1697 3583 1806 3623 suo
1835 3566 2052 3640 singuli
2074 3569 2176 3624 ad-

524 3651 896 3722 haerentes,et
921 3651 1387 3710 honoriﬁcabant
1416 3659 1474 3710 et
1501 3654 2058 3725 honoriﬁcabantur,
2091 3655 2174 3714 le-

521 3741 726 3815 cisque
756 3740 971 3815 singuli
1004 3740 1150 3814 suis,
1173 3747 1348 3815 prout
1373 3745 1780 3818 opportunitas
1810 3747 2171 3817 occurrebat,

524 3834 639 3888 uta
657 3830 906 3889 Domino
935 3832 1185 3890 videndo
1214 3833 1302 3891 vel
1333 3833 1686 3908 alloquendo
1711 3837 2172 3895 consolarentur.

521 3920 761 3978 Tertius
789 3921 931 3978 ordo
960 3921 1102 3979 item
1132 3928 1278 3995 erat,
1297 3927 1420 3980 tam
1451 3925 1950 3998 majorum,quam
1983 3928 2172 3984 mino-

521 4025 675 4078 rum,
710 4010 770 4066 in
797 4009 1016 4084 pueris,
1041 4010 1128 4068 vel
1189 4012 1482 4078 vassallis,
1534 4030 1683 4085 quos
1739 4017 2170 4090 unusquisque,

519 4103 698 4172 prout
727 4100 1056 4172 gubernare
1085 4105 1143 4157 et
1172 4106 1502 4158 sustentare
1531 4103 1753 4176 absque
1784 4110 2038 4178 peccato,
2075 4124 2170 4164 ra-

520 4187 659 4260 pina
673 4186 944 4246 videlicet
957 4188 1048 4245 vel
1068 4189 1222 4246 fnrto
1235 4194 1480 4262 poterat,
1505 4193 1766 4250 studiose
1797 4193 2012 4252 habere
2037 4213 2168 4269 pro-

517 4277 894 4334 curabant.ln
923 4279 1140 4351 quibus
1171 4278 1391 4336 scilicet
1421 4281 1810 4339 dcnominatis
1840 4283 2166 4355 ordinibus,

517 4366 740 4439 absque
760 4366 852 4423 his
877 4368 978 4440 qui
1000 4384 1233 4440 semper
1251 4370 1443 4426 eundo
1473 4376 1529 4426 et
1558 4373 1852 4429 redeundo
1883 4373 2165 4446 palatium

515 4455 985 4528 frequentabant,
1018 4461 1143 4512 erat
1189 4457 1548 4528 delectabile,
1581 4464 1736 4535 quod
1785 4463 2080 4521 interdum
2112 4470 2170 4522 et

515 4545 922 4612 necessitati,si
948 4550 1183 4618 repente
1203 4546 1517 4620 ingrueret,
1543 4567 1776 4625 semper
1793 4553 2129 4611 sufficerent
2149 4573 2162 4611 :

2289 3387 2392 3440 aut
2409 3388 2564 3441 certe
2583 3384 2788 3441 inutile
2821 3387 3086 3454 reddere,
3107 3393 3212 3444 aut
3231 3404 3336 3462 per
3356 3387 3616 3463 aliquam
3648 3389 3939 3448 diversam

2286 3473 2564 3531 astutiam
2576 3473 2927 3532 laboriosius
2944 3475 3276 3534 faciendum
3289 3483 3622 3537 convertere
3631 3479 3939 3548 voluisset,

2285 3561 2396 3619 hoc
2425 3562 2765 3620 nullatenus
2793 3564 2983 3622 facere
3012 3566 3322 3638 potuisset.
3349 3567 3414 3624 In
3444 3569 3572 3641 ipso
3601 3573 3797 3627 antem
3819 3569 3942 3644 pla-

2285 3650 2421 3720 cito,
2445 3652 2492 3708 si
2516 3652 2658 3724 quid
2680 3653 2762 3710 ita
2789 3653 3063 3727 exigeret,
3087 3655 3175 3713 vel
3205 3661 3442 3730 propter
3471 3658 3938 3716 satisfactionem

2283 3745 2623 3798 ceterorum
2654 3741 2979 3814 seniorum,
3010 3744 3096 3800 vel
3146 3749 3383 3819 propter
3410 3764 3528 3803 non
3553 3746 3744 3804 solum
3775 3748 3938 3804 miti-

2280 3832 2770 3905 gandum,verum
2802 3833 2980 3890 etiam
3010 3836 3450 3892 accendendum
3471 3837 3738 3894 animum
3754 3854 3937 3912 popu-

2280 3921 2496 3991 lorum,
2526 3938 2593 3979 ac
2622 3922 2673 3978 si
2705 3923 2788 3980 ita
2816 3923 2980 3996 prius
3023 3923 3232 3981 exinde
3287 3925 3728 4000 pmcogitatum
3784 3927 3933 3984 nihil

2279 4009 2595 4083 fuisset,ita
2615 4029 2771 4068 nunc
2797 4029 2830 4068 a
2853 4014 3286 4084 novoconsilio,
3310 4019 3368 4071 et
3387 4031 3680 4073 consensu
3694 4016 3931 4074 illorum

2279 4105 2338 4158 et
2366 4101 2742 4171 inveniretur,
2777 4106 2836 4159 et
2863 4120 2999 4160 cum
3048 4103 3443 4178 magnanimis
3492 4105 3636 4162 ordo
3683 4105 3930 4163 Domino

2278 4191 2425 4246 duce
2447 4191 2840 4263 perficeretur.
2871 4191 2958 4248 Ita
2986 4196 3184 4249 autem
3205 4210 3358 4250 anno
3378 4194 3567 4267 priore
3595 4195 3930 4264 terminato,

2277 4279 2514 4350 praefato
2544 4279 2717 4336 modo
2749 4281 3122 4338 ordinaretur
3148 4286 3206 4338 et
3237 4283 3307 4339 de
3333 4284 3614 4341 secundo.

2347 4369 2482 4424 CAP.
2519 4368 2706 4424 XXXI.
2732 4370 3058 4427 Consiliarii
3082 4376 3298 4442 autem,
3325 4377 3613 4445 quantum
3649 4373 3928 4448 possibile

2276 4462 2546 4526 erat,tam
2563 4457 2757 4514 clerici
2774 4475 2952 4531 quam
2971 4459 3280 4530 laici,tales
3308 4460 3802 4536 eligebantur,qui
3816 4464 3930 4537 pri-

2274 4563 2370 4602 mo
2401 4549 2726 4603 secundum
2759 4565 2927 4604 suam
2954 4549 3204 4622 quisque
3234 4550 3582 4623 qualitatem
3605 4552 3692 4608 vel
3727 4553 3928 4609 minis-

512 4638 571 4688 et
599 4639 798 4692 tamen
829 4651 1080 4707 semper,
1113 4639 1178 4690 ut
1205 4636 1426 4694 dictum
1459 4646 1567 4708 est,
1603 4644 1792 4715 major
1839 4659 1974 4716 pars
2005 4644 2165 4701 illius
2193 4663 2243 4728 ι)
2273 4637 2483 4692 terium
2504 4637 2688 4728 Deum
2710 4638 3225 4707 timerent,deinde
3239 4639 3416 4697 talem
3431 4641 3606 4698 fidem
3621 4641 3923 4710 baberent,

509 4727 750 4798 propter
773 4723 1048 4797 superius
1075 4732 1566 4785 commemoratas
1596 4729 2161 4804 benignitates,cum
2193 4723 2232 4728 ⁷
2273 4731 2338 4782 ut
2357 4733 2595 4799 excepta
2613 4727 2734 4782 vita
2763 4731 2976 4784 aeterna
3009 4728 3153 4784 nihil
3187 4730 3308 4803 regi
3339 4735 3398 4787 et
3427 4747 3606 4804 regno
3622 4748 3925 4805 praepone-

501 4812 879 4884 jucunditatc
909 4817 966 4872 et
994 4812 1288 4872 hilaritate
1344 4821 1613 4890 prompta
1661 4825 1718 4876 et
1759 4820 1934 4877 alacri
1967 4828 2160 4880 mente

507 4901 913 4974 persisterent.

575 4991 712 5055 ω.
733 4989 925 5048 ΧΧΙΧ.
960 4992 1230 5050 Secunda
1257 4993 1464 5053 divisio
1493 5001 1600 5065 est,
1634 5014 1752 5070 qua
1780 5000 1963 5058 totius
1993 5003 2157 5076 regni

505 5081 1050 5155 status,anteposito
1077 5082 1252 5140 sicuti
1281 5101 1513 5158 semper
1530 5091 1588 5142 et
1609 5086 1943 5162 ubicunque
1967 5093 2154 5148 omni-

502 5171 758 5242 potentis
769 5171 1420 5246 Deijudicio,quantum
1435 5176 1506 5231 ad
1531 5175 1853 5234 humanam
1868 5181 2152 5238 rationem

499 5258 848 5331 pertinebat,
871 5263 1200 5318 conservari
1231 5263 1558 5332 videbatur,
1593 5265 1714 5322 hinc
1753 5273 1862 5324 est.
1894 5269 2152 5326 Consue-

497 5349 641 5405 tudo
661 5353 857 5406 autem
879 5355 1021 5407 tunc
1046 5353 1328 5426 temporis
1349 5353 1485 5410 talis
1505 5359 1647 5424 erat,
1669 5360 1732 5412 ut
1764 5375 1879 5413 non
1911 5359 2147 5431 saepius,

499 5437 601 5493 sed
633 5437 724 5494 bis
765 5438 827 5496 in
882 5455 1054 5506 anno,
1089 5439 1305 5513 placita
1361 5442 1478 5498 duo
1538 5449 1894 5502 tenerentur.
1931 5447 2144 5518 Unum,

497 5527 733 5597 quando
762 5528 1145 5586 ordinabatur
1174 5536 1366 5587 status
1396 5532 1577 5589 totius
1595 5536 1754 5607 regni
1775 5538 1845 5592 ad
1864 5538 2000 5594 anni
2031 5555 2150 5594 ver-

497 5615 677 5670 tentis
702 5618 981 5690 spatium,
1016 5619 1170 5692 quod
1194 5620 1526 5677 ordinatum
1563 5622 1763 5680 nullus
1794 5630 2036 5681 eventus
2065 5642 2149 5682 re-

497 5717 654 5774 rum,
677 5705 790 5766 nisi
809 5723 1046 5770 summa
1085 5709 1424 5780 necessitas,
1448 5726 1576 5786 quae
1606 5713 1877 5773 similiter
1905 5717 2024 5772 toto
2055 5733 2146 5774 re-

2270 4821 2418 4883 rent,
2437 4833 2552 4873 non
2575 4815 2818 4884 amicos,
2843 4834 2961 4874 non
2998 4818 3296 4892 inimicos,
3329 4837 3444 4877 non
3480 4825 3774 4894 parentes,
3807 4838 3922 4877 non

2268 4922 2514 4963 munera
2541 4906 2770 4972 dantes,
2787 4923 2903 4963 non
2944 4906 3332 4978 blandientes,
3347 4926 3463 4966 non
3486 4915 3920 4984 exasperantes,

2265 5012 2382 5052 non
2403 4995 2721 5069 sophistice
2736 4994 2824 5052 vel
2847 5001 3209 5064 versute,aut
3224 4999 3554 5055 secundum
3570 4999 3922 5072 sapientiam

2265 5084 2634 5141 solummodo
2647 5083 2828 5157 hujus
2841 5085 3037 5142 saeculi
3054 5102 3182 5158 quis
3197 5086 3438 5145 inimica
3449 5093 3539 5146 est
3562 5089 3679 5146 Deo
3696 5089 3924 5164 sapien-

2262 5180 2371 5241 tes,
2388 5175 2489 5230 sed
2517 5173 2678 5230 illam
2705 5175 3055 5248 sapientiam
3081 5181 3140 5233 et
3164 5176 3618 5251 intelligentiam
3645 5178 3920 5247 scientes,

2261 5280 2380 5336 qua
2399 5261 2532 5319 illos
2549 5263 2649 5335 qui
2669 5263 2730 5320 in
2747 5264 3085 5337 supradicta
3106 5265 3370 5324 humana
3387 5268 3611 5324 astutia
3640 5269 3920 5325 ﬁduciam

2261 5371 2430 5410 suam
2461 5353 2830 5419 habuissent,
2856 5353 3105 5428 pleniter
3125 5373 3228 5429 per
3247 5357 3475 5429 justam
3507 5361 3565 5414 et
3595 5363 3816 5414 rectam
3831 5376 3921 5415 sa.

2259 5442 2539 5516 pientiam
2553 5459 2668 5500 non
2683 5442 2876 5500 solum
2890 5445 3104 5516 reprim
3113 5447 3336 5515 cre,sed
3350 5447 3619 5505 funditus
3630 5448 3921 5522 opprime-

2258 5551 2318 5590 re
2336 5533 2685 5606 potuissent.
2709 5533 2888 5589 Electi
2916 5538 3114 5592 autem
3137 5535 3455 5593 consiliarii
3482 5554 3600 5592 una
3629 5553 3764 5595 cum
3783 5553 3916 5612 rege

2257 5623 2366 5679 hoc
2398 5623 2552 5678 inter
2580 5639 2642 5677 se
2671 5621 3074 5695 principaliter
3099 5625 3487 5682 constitutum
3518 5625 3916 5694 habebant,ut

2257 5712 2542 5788 quidquid
2577 5712 2731 5769 inter
2749 5728 2811 5770 se
2833 5711 3200 5774 familiariter
3226 5715 3402 5773 locuti
3425 5716 3824 5792 thissent,tam
3838 5718 3913 5776 de
