4152 6506
261 434 416 496 1005

1001 436 1104 494 AD
1151 435 1555 496 PllOCERES
1601 437 1702 496 DE
1747 437 2300 499 INS'I‘ITU'I‘IONE
2346 440 2930 505 CAROLOMANNI.

3514 451 3668 514 1006

259 569 414 622 statu
448 564 633 652 regni,
658 579 957 636 quamque
985 569 1040 619 et
1067 566 1136 621 de
1161 566 1394 636 speciali
1429 567 1745 638 cujuslibet
1777 584 1910 639 per—
1939 571 1992 636 Α
2029 569 2310 640 palatium
2345 573 2833 639 convocabantur,
2868 575 2928 630 in
2960 576 3066 632 hoc
3098 577 3387 650 praecipue
3415 580 3667 652 vigebat,

259 651 632 720 sona,nullus
667 653 793 708 sine
819 670 1108 710 consensu
1141 655 1401 727 ipsorum
1449 656 1686 712 cuilibet
1714 657 1910 712 dome-

260 743 406 799 stico
439 759 566 810 suo,
598 741 688 796 vel
739 742 1069 814 cuicunque
1101 743 1265 798 alteri
1317 744 1544 814 prodcri
1591 746 1907 812 debuisset,

260 832 587 889 secundum
617 830 726 886 hoc
756 832 912 904 quod
944 849 1036 888 res
1073 833 1276 888 eadem
1307 832 1426 888 sive
1455 833 1570 901 die,
1597 833 1716 889 sive
1765 837 1909 889 duo-

261 920 519 988 bus,sive
550 919 938 992 amplius,seu
969 938 1212 990 annum,
1231 920 1319 976 vel
1346 921 1522 976 etiam
1554 922 1612 976 in
1633 926 1908 995 perpetuo

258 1010 548 1080 celari,vel
578 1011 688 1068 sub
719 1003 952 1068 silentio
984 1027 1221 1068 manere
1251 1028 1488 1068 necesse
1519 1012 1910 1086 fuissetzquia

259 1117 410 1174 saepe
437 1100 500 1156 in
530 1099 634 1157 tali
663 1103 914 1156 tractatu
947 1102 1017 1156 de
1045 1100 1307 1173 qualibet
1353 1117 1620 1174 persona,
1653 1102 1788 1158 talis
1819 1105 1908 1158 in-

259 1191 493 1248 terdum
525 1193 760 1263 propter
786 1206 1159 1246 communem
1183 1190 1493 1246 utilitatem
1511 1193 1798 1264 agendam
1818 1191 1906 1248 vel

257 1281 571 1337 cavendam
604 1295 794 1336 sermo
827 1279 1108 1352 procedit,
1140 1279 1242 1352 qui
1274 1280 1344 1335 ab
1386 1297 1452 1335 eo
1483 1281 1772 1354 cognitus,
1805 1285 1909 1338 aut

259 1369 424 1426 valde
444 1370 664 1436 turbat,
689 1371 791 1424 aut
819 1369 976 1440 quod
1009 1369 1198 1441 magis
1229 1373 1318 1425 est
1345 1369 1405 1424 in
1439 1371 1904 1442 desperationem

256 1458 462 1526 trahit,
485 1457 576 1514 vel
608 1458 762 1530 quod
809 1457 1225 1536 gravissimum
1257 1463 1367 1525 est,
1389 1458 1450 1514 in
1499 1458 1902 1516 inﬁdelitatem

258 1547 558 1616 convertit,
593 1551 650 1603 et
677 1547 751 1602 ab
782 1546 943 1602 omni
974 1548 1260 1619 profectu,
1285 1564 1459 1620 quem
1491 1548 1737 1605 fortasse
1760 1548 1906 1604 mul-

255 1636 530 1711 tipliciter
570 1652 832 1693 exercere
862 1637 1074 1708 potuit,
1108 1636 1374 1692 inutilem
1407 1636 1617 1704 reddit,
1651 1654 1785 1692 cum
1816 1642 1903 1693 ta-

258 1743 392 1782 men
423 1723 568 1781 nihil
600 1723 652 1781 ei
673 1725 903 1781 obesset
923 1724 972 1782 si
1004 1725 1278 1780 eumdem
1310 1741 1640 1781 sermonem
1662 1724 1905 1782 minime

255 1815 449 1872 sciret.
484 1812 662 1880 Quale
694 1813 763 1869 de
793 1812 1031 1869 homine
1060 1831 1198 1882 uno,
1233 1812 1347 1869 tale
1392 1815 1462 1869 de
1504 1814 1757 1883 duobus,
1782 1813 1904 1873 tale

256 1906 326 1961 de
356 1908 618 1972 centum,
649 1901 764 1958 tale
806 1904 878 1959 de
926 1903 1134 1974 majori
1178 1920 1446 1971 numero,
1477 1902 1567 1958 vel
1608 1903 1782 1959 etiam
1832 1905 1903 1959 de
1928 1942 1980 2010 B

256 1992 532 2066 progenie
571 2008 710 2058 una,
743 1991 832 2046 vel
881 1995 1002 2046 tota
1051 1990 1312 2062 qualibet
1360 1990 1537 2046 simul
1582 1991 1899 2063 provincia,

256 2082 305 2137 si
339 2097 553 2153 magna
582 2079 809 2136 cautela
839 2097 956 2135 non
987 2079 1182 2147 fuerit,
1215 2079 1340 2135 ﬁeri
1372 2078 1600 2152 poterit.

323 2171 459 2228 CAP.
493 2169 706 2226 XXXII.
740 2168 1169 2241 Apocrisiarius
1215 2173 1432 2234 autem,
1465 2167 1523 2223 id
1573 2172 1662 2224 est
1709 2167 1900 2239 capel-

257 2261 450 2328 lanus,
482 2258 571 2316 vel
604 2257 805 2331 palatii
835 2261 1054 2326 custos,
1078 2261 1134 2313 et
1164 2258 1522 2314 camerarius
1553 2273 1784 2329 semper
1810 2257 1900 2312 in-

255 2353 510 2407 tererant
535 2364 548 2403 :
571 2352 628 2404 et
657 2346 872 2403 idcirco
901 2363 1036 2403 cum
1059 2364 1291 2403 summo
1323 2347 1516 2402 studio
1549 2345 1696 2402 tales
1725 2345 1899 2420 elige-

256 2442 493 2507 bantur,
522 2441 624 2495 aut
651 2435 818 2492 electi
867 2436 1298 2502 intruebantur,
1332 2436 1431 2508 qui
1477 2435 1684 2492 merito
1714 2435 1898 2492 inter-

254 2547 383 2586 esse
413 2526 760 2600 potuissent.
795 2525 906 2581 Sed
939 2529 996 2580 et
1024 2527 1094 2581 de
1134 2525 1356 2581 caeteris
1389 2524 1896 2594 ministerialibus,

254 2618 354 2692 qui
387 2616 566 2672 talem
588 2633 650 2672 se
679 2615 1046 2682 ostendebat,
1082 2619 1147 2669 ut
1177 2615 1248 2670 ad
1280 2615 1389 2670 hoc
1420 2614 1504 2669 vel
1528 2613 1898 2686 praesens,vel

251 2710 506 2774 futurus,
541 2692 698 2762 nunc
749 2704 1046 2770 discendo,
1099 2705 1475 2775 postmodum
1530 2720 1663 2758 vero
1707 2704 1898 2758 consi-

251 2796 468 2864 liando,
502 2794 626 2850 loco
659 2795 998 2850 eorumdem
1032 2793 1348 2849 honorifice
1375 2793 1652 2848 substitui
1685 2793 1900 2864 potuis-

251 2890 358 2951 set,
415 2900 548 2939 cum
608 2898 843 2938 summa
896 2881 1216 2937 intentione
1272 2881 1487 2935 mentis
1543 2879 1898 2936 intendendo

256 2973 505 3047 singulis
535 2988 662 3044 quae
684 2971 1007 3043 agebantur
1027 2971 1307 3026 interesse
1318 2969 1899 3040 jubebatur,salvaus

253 3062 492 3130 credita,
526 3060 726 3116 dicens
755 3059 1072 3131 incognita,
1109 3057 1365 3114 retinens
1387 3057 1655 3114 ordinata
1685 3062 1741 3114 et
1769 3075 1900 3113 con-

252 3151 457 3210 stituta
492 3167 503 3207 :
533 3153 598 3206 ut
653 3148 701 3205 si
747 3149 893 3204 forto
943 3146 1059 3204 tale
1109 3147 1330 3219 aliquid
1380 3151 1540 3203 extra
1597 3155 1698 3203 aut
1747 3148 1899 3204 infra

252 3257 498 3313 regnum
529 3240 800 3304 oriretur,
837 3241 938 3294 aut
966 3238 1331 3310 insperatum
1362 3240 1418 3292 et
1446 3236 1575 3292 ideo
1607 3255 1720 3292 non
1751 3254 1896 3310 prae-

2024 662 2090 712 ut
2119 675 2233 713 non
2260 660 2545 731 speciales
2561 661 2649 717 vel
2673 662 3002 735 singulares
3023 682 3412 739 quascunque
3427 669 3514 724 vel
3533 686 3672 741 quo-

2023 765 2414 822 rumcumque
2444 768 2676 819 causas,
2701 754 2799 807 sed
2834 771 2940 809 nec
2969 754 3145 810 etiam
3177 755 3542 829 illorum,qui
3565 775 3670 830 pro

2020 837 2496 894 contentionibus
2527 857 2723 895 rerum
2758 845 2861 896 aut
2890 840 3090 915 legum
3118 843 3430 900 veniebant
3445 845 3683 906 ordine:

2021 929 2171 994 rent,
2197 943 2503 1000 quousque
2533 928 2634 985 illa
2663 946 2789 1002 quae
2819 930 3167 1003 generaliter
3195 932 3268 988 ad
3299 931 3550 989 salutem
3577 934 3670 990 vel

2018 1018 2239 1071 statum
2269 1015 2423 1089 regis
2444 1021 2502 1072 et
2520 1018 2683 1090 regni
2707 1019 3099 1092 pertinebant,
3113 1019 3360 1076 Domino
3383 1021 3668 1078 miseran-

2015 1107 2092 1172 te,
2127 1104 2396 1162 ordinata
2424 1106 2866 1174 habuissent,Et
2884 1113 3026 1166 tunc
3047 1110 3367 1177 demum,si
3387 1110 3536 1167 forte
3554 1112 3670 1169 tale

2015 1191 2228 1264 aliquit
2257 1195 2472 1250 domno
2505 1211 2638 1268 rege
2669 1196 3040 1269 praecipiente
3070 1200 3487 1255 reservandum
3518 1204 3663 1269 erat,

2016 1283 2172 1353 quod
2195 1283 2321 1338 sine
2341 1300 2543 1340 eorum
2565 1289 2723 1341 certa
2744 1285 3211 1344 consideratione
3241 1287 3617 1344 determinari
3631 1307 3667 1346 a

2015 1370 2227 1426 comite
2276 1371 2500 1444 palatii,
2539 1372 2626 1429 vel
2683 1373 2926 1442 caeteris,
2963 1375 3180 1446 quibus
3239 1378 3663 1449 congruebant,

2016 1475 2130 1514 non
2163 1460 2469 1532 potuisset.
2511 1467 2528 1482 '

2035 1606 2040 1610 ,
2084 1553 2217 1605 CAP.
2250 1551 2487 1607 XXXIV.
2519 1553 2791 1609 Proceres
2817 1569 2952 1610 vero
2983 1554 3268 1626 pradicti,
3290 1554 3410 1612 sive
3438 1555 3498 1610 in
3530 1554 3664 1624 hoc,

2014 1639 2133 1695 sive
2155 1639 2214 1694 in
2246 1640 2343 1697 illo
2373 1641 2610 1712 praefato
2643 1642 2879 1714 placito,
2899 1642 3040 1714 quin
3071 1647 3128 1699 et
3155 1643 3332 1716 primi
3363 1648 3665 1701 senatores

2013 1728 2197 1800 regni,
2231 1745 2304 1784 ne
2335 1729 2504 1800 quasi
2555 1729 2681 1786 sine
2729 1747 2909 1786 causa
2950 1730 3255 1787 convocari
3303 1731 3662 1803 viderentur,

2013 1833 2148 1873 mox
2179 1818 2526 1874 auctoritate
2555 1818 2715 1892 regia
2742 1836 2846 1892 per
2884 1819 3262 1876 denominata
3307 1824 3366 1876 et
3393 1819 3666 1878 ordinata

2013 1905 2290 1978 capitula,
2323 1923 2450 1978 quae
2476 1907 2562 1962 vel
2613 1908 2684 1963 ab
2736 1908 2864 1980 ipso
2915 1925 3018 1981 per
3064 1907 3512 1980 inspirationem
3561 1909 3664 1966 Dei

2012 1995 2268 2064 inventa,
2300 1995 2388 2052 vel
2423 1995 2684 2068 undique
2716 1997 2828 2052 sibi
2860 1998 3129 2054 nuntiata
3149 2001 3282 2069 post
3309 2014 3511 2054 eorum
3534 1999 3664 2055 abs-

2009 2100 2243 2140 cessum
2275 2085 2563 2158 precipuae
2595 2086 2844 2155 fuerant,
2878 2087 2963 2143 eis
3011 2088 3083 2142 ad
3123 2087 3540 2145 conferendum
3569 2088 3658 2144 vel

2011 2175 2082 2228 ad
2112 2174 2604 2230 considerandum
2627 2176 2917 2248 patefacta
2933 2176 3326 2242 sunt.Quibus
3347 2177 3657 2250 susceptis,

2009 2262 2306 2318 interdum
2337 2263 2430 2318 die
2461 2264 2902 2331 uno,interdum
2933 2264 3133 2332 biduo,
3166 2265 3462 2321 interdum
3478 2265 3658 2321 etiam

2009 2351 2224 2420 triduo,
2255 2351 2344 2408 vel
2377 2352 2631 2424 amplius
2662 2356 2837 2424 prout
2865 2369 3062 2408 rerum
3090 2353 3320 2424 pondus
3358 2354 3662 2425 expetebat

2010 2443 2264 2512 accepto,
2292 2456 2362 2494 ex
2390 2439 2683 2512 praedictis
2719 2439 3057 2497 domesticis
3086 2439 3290 2512 palatii
3340 2439 3539 2496 missis
3569 2440 3661 2496 in-

2008 2527 2746 2600 tercurrentibus,quaaque
2777 2528 2889 2586 sibi
2919 2528 3269 2584 videbantur
3294 2528 3660 2601 interrogan-

2008 2621 2097 2672 tes
2129 2633 2594 2688 responsumque
2625 2616 2986 2689 recipientes,
3018 2617 3222 2674 tandiu
3254 2617 3338 2673 ita
3367 2616 3527 2674 nullo
3559 2633 3661 2674 ex-

2008 2710 2209 2761 traneo
2241 2707 2768 2778 apprOpinquante,
2801 2708 2984 2762 donec
3017 2723 3108 2763 res
3139 2706 3382 2778 singulae
3413 2708 3484 2762 ad
3519 2707 3660 2762 effe-

2008 2799 2169 2850 ctum
2196 2796 2486 2867 perductae
2530 2795 2766 2867 gloriosi
2801 2795 3082 2867 principis
3113 2795 3338 2851 auditui
3381 2796 3441 2850 in
3474 2796 3659 2857 sacris

2007 2885 2135 2954 ejus
2184 2884 2489 2939 obtutibus
2539 2889 2986 2956 exponerentur,
3019 2889 3076 2939 et
3123 2885 3410 2956 quidquid
3460 2884 3594 2940 data
3625 2901 3659 2940 a

2007 2973 2123 3028 Deo
2172 2972 2460 3044 sapientia
2503 2974 2630 3043 ejus
2675 2973 2932 3045 eligeret,
2995 2989 3199 3029 omnes
3247 2978 3654 3045 sequerentur,

2004 3079 2134 3118 ecce
2166 3062 2319 3118 sicut
2342 3063 2410 3117 de
2438 3062 2664 3130 uno,ita
2683 3063 2754 3117 de
2785 3062 3128 3131 duobus,vel
3161 3067 3426 3134 quoquot
3457 3067 3655 3118 essent

2007 3151 2280 3223 capitulis
2313 3151 2612 3222 agebatur,
2630 3166 2937 3223 quousque
2969 3151 3166 3208 omnia
3195 3151 3309 3208 Deo
3342 3147 3655 3208 miserante

2007 3241 2164 3296 illius
2195 3241 2476 3312 temporis
2508 3241 2837 3296 necessaria
2865 3239 3278 3313 expolirentur.

250 3331 596 3387 meditatum
629 3328 1002 3384 nuntiaretur
1022 3327 1234 3396 (rarius
1267 3332 1462 3383 tamen
1484 3343 1719 3382 necesse
1745 3330 1898 3382 esset
1927 3316 1969 3383 C
2078 3331 2215 3387 CAP.
2249 3330 2456 3386 XXXV.
2491 3330 2734 3385 Interim
2764 3347 2918 3396 vero,
2953 3347 3068 3401 quo
3100 3330 3221 3386 hac
3271 3330 3330 3385 in
3363 3330 3516 3402 regis
3547 3332 3653 3386 ab-

252 3426 319 3476 ut
349 3419 662 3475 consilium
713 3417 888 3473 altius
934 3421 1302 3484 tractaretur,
1338 3421 1395 3472 et
1426 3421 1620 3471 tamen
1666 3419 1900 3487 tempus

254 3515 455 3584 aptum
490 3527 602 3563 non
635 3511 808 3572 esset,
837 3507 896 3561 in
929 3523 1043 3578 quo
1070 3506 1289 3578 praefati
1335 3504 1651 3560 consiliarii
1692 3522 1899 3560 convo-

253 3601 567 3666 carentur),
600 3596 709 3668 ipsi
746 3595 989 3668 palatini
1036 3613 1137 3666 per
1183 3594 1645 3650 miscricordiam
1676 3595 1799 3663 Dei,
1832 3611 1901 3649 ex

251 3706 454 3745 eorum
487 3687 728 3743 assidua
757 3683 1175 3750 familiaritate,
1203 3688 1321 3738 tam
1353 3684 1411 3738 in
1445 3682 1696 3756 publicis
1717 3685 1904 3741 consi-

252 3778 367 3846 liis,
398 3791 694 3850 quamque
721 3791 789 3830 ex
819 3773 1142 3830 domestica
1172 3775 1231 3828 in
1264 3774 1371 3828 hac
1402 3779 1565 3845 parte
1596 3772 1900 3830 allocutio-

254 3885 346 3934 ne,
379 3865 780 3939 responsione,
811 3867 867 3920 et
916 3862 1360 3930 consultatione,
1412 3862 1671 3918 studium
1721 3863 1896 3919 habe-

251 3958 583 4029 rent,prout
605 3959 746 4010 tunc
778 3952 860 4008 rei
891 3951 978 4007 vel
1011 3952 1294 4024 temporis
1328 3951 1582 4023 qualitas
1612 3951 1898 4023 exigebat,

253 4050 354 4103 aut
383 4043 694 4110 consilium
744 4041 994 4115 pleniter
1041 4042 1178 4096 dare
1209 4041 1349 4112 quid
1400 4042 1580 4109 fieret,
1616 4045 1716 4096 aut
1745 4045 1898 4097 certe

253 4135 547 4209 quomodo
592 4133 662 4188 ad
715 4131 1002 4204 praefinita
1048 4133 1316 4202 tempora
1359 4147 1494 4184 cum
1545 4129 1807 4196 consilio,
1842 4136 1900 4187 et

253 4226 475 4298 absque
521 4222 640 4278 ullo
691 4221 1040 4277 detrimento
1091 4238 1181 4276 res
1231 4221 1434 4275 eadem
1479 4220 1766 4291 expectari
1811 4221 1897 4277 vel

253 4313 569 4371 sustentari
597 4311 902 4384 potuisset.
936 4309 1067 4365 Haac
1097 4311 1179 4366 de-
1199 4309 1542 4381 majoribus.

325 4407 458 4460 Car.
490 4401 729 4458 XXXIII.
763 4401 844 4456 De
875 4399 1201 4456 minoribus
1231 4416 1387 4464 vero,
1419 4399 1506 4454 vel
1539 4400 1768 4471 proprie
1800 4417 1898 4472 pa-

254 4492 474 4561 latinis,
507 4491 588 4547 ita
618 4495 682 4546 ut
713 4489 970 4545 diximus
1003 4506 1119 4544 non
1162 4487 1510 4561 generaliter
1540 4489 1610 4542 ad
1654 4505 1900 4561 regnum

253 4580 701 4654 pertinentibus,
726 4579 826 4635 sed
858 4578 1191 4650 specialiter
1222 4577 1292 4632 ad
1325 4593 1605 4648 personas
1636 4593 1901 4649 quasque

2011 3421 2201 3476 sentia
2216 3419 2692 3491 agebantur,ipse
2716 3418 2987 3491 princeps
3007 3417 3244 3490 reliquae
3265 3419 3656 3489 multitudini,

2010 3510 2070 3564 in
2102 3508 2493 3581 suscipiendis
2532 3507 2898 3574 muneribus,
2932 3507 3258 3564 salutandis
3297 3509 3658 3580 proceribus,

2010 3598 2440 3654 confabulando
2468 3597 2660 3654 rarius
2686 3597 2850 3665 visis,
2870 3596 3276 3669 compatiendo
3307 3597 3658 3666 senioribus,

2010 3689 2430 3761 congaudendo
2457 3687 2877 3759 junioribus,et
2897 3691 3102 3742 caetera
3118 3686 3211 3742 his
3227 3686 3445 3743 similia
3462 3692 3583 3742 tam
3600 3688 3662 3743 in

2009 3776 2397 3850 spiritalibus,
2425 3793 2724 3847 quamque
2755 3781 2813 3831 et
2843 3776 2901 3830 in
2937 3774 3662 3847 saecularibuspccupatus

2009 3871 2133 3923 erat
2166 3883 2177 3919 :
2215 3866 2295 3920 ita
2323 3869 2547 3935 tamen,
2579 3869 2644 3918 ut
2703 3865 3170 3935 quotiescunque
3219 3867 3658 3936 segregatorum

2009 3954 2278 4010 voluntas
2330 3957 2500 4020 esset,
2535 3954 2606 4008 ad
2657 3969 2755 4008 eos
2810 3952 3050 4020 veniret,
3099 3950 3366 4008 similiter
3424 3969 3658 4024 quoque

2009 4047 2228 4117 quanto
2279 4042 2466 4114 spatio
2512 4041 2834 4098 voluissent
2878 4058 3012 4096 cum
3067 4040 3151 4096 eis
3200 4041 3566 4111 consisteret,
3600 4046 3658 4098 et

2009 4151 2145 4190 cum
2193 4131 2353 4188 omni
2401 4130 2815 4198 familiaritate,
2851 4130 3104 4202 qualiter
3153 4129 3388 4202 singula
3429 4135 3658 4203 reperta

2008 4223 2356 4280 habuissent
2406 4221 2750 4287 referebant,
2784 4223 3122 4292 quantaque
3171 4223 3380 4276 mutua
3425 4219 3561 4275 hinc
3601 4225 3659 4277 et

2010 4313 2146 4367 inde
2197 4309 2570 4367 altercatione
2597 4309 2684 4364 vel
2713 4309 3128 4380 disputatione,
3165 4325 3268 4364 seu
3301 4309 3491 4366 amica
3520 4327 3658 4366 con-

2008 4401 2270 4457 tentione
2301 4401 2715 4464 decertassent,
2743 4397 3001 4469 apertius
3031 4397 3373 4453 recitabant.
3410 4398 3520 4454 Sed
3553 4414 3659 4455 nec

2009 4489 2155 4546 illud
2170 4486 3052 4562 praetermittendum,quomode
3074 4484 3123 4541 si
3140 4489 3375 4558 tempus
3386 4502 3660 4545 serenum

2011 4583 2154 4648 erat,
2189 4582 2368 4645 extra,
2401 4576 2494 4632 sln
2524 4579 2742 4644 autem,
2777 4575 2932 4631 intra
2958 4575 3189 4631 diversa
3218 4573 3346 4631 loca
3375 4575 3664 4654 distincta

253 4669 858 4744 respicientibus,quae
889 4665 1217 4740 specialiter
1248 4665 1464 4738 palatio
1491 4665 1900 4736 imminebant,
1933 4689 1981 4754 Ι)
2011 4671 2195 4734 erant,
2230 4665 2332 4721 ubi
2364 4668 2421 4721 et
2450 4663 2511 4720 hi
2543 4664 2913 4754 abundanter
2959 4664 3245 4754 segregati
3278 4665 3573 4731 semotim,
3607 4671 3664 4721 et

256 4777 388 4816 cum
423 4759 506 4816 eis
556 4757 832 4814 dominus
888 4773 1085 4812 rerum
1143 4756 1225 4811 ita
1274 4755 1576 4810 inconfuse
1635 4755 1906 4810 ordinare
1937 4753 1952 4754 ί
2015 4760 2221 4813 caetera
2278 4754 2594 4810 multitudo
2646 4753 2962 4826 separatim
3007 4753 3259 4810 residere
3312 4754 3658 4825 potuissent,

254 4849 560 4923 potuisset,
575 4852 642 4904 ut
670 4846 1018 4915 exinde,non
1051 4845 1243 4901 solum
1266 4843 1683 4900 detrimentum
1711 4843 1899 4900 ullum

257 4939 531 5006 oriretur,
553 4954 754 4994 verum
787 4934 962 4992 etiam
993 4939 1185 4990 ortum
1219 4938 1319 4989 aut
1339 4933 1655 4989 imminens
1686 4933 1906 4988 utiliter

258 5031 362 5084 aut
382 5026 768 5100 mitigari,aut
797 5025 1063 5081 funditus
1083 5023 1504 5096 exstingui,aut
1531 5023 1707 5078 etiam
1739 5021 1905 5078 evelli

258 5116 570 5190 potuisset.
603 5116 662 5172 Si
709 5131 844 5172 vero
892 5113 1027 5170 talis
1075 5117 1230 5170 esset
1279 5130 1476 5181 causa,
1507 5116 1573 5167 ut
1620 5111 1908 5168 velocitati

259 5206 678 5277 immineret,et
706 5208 906 5260 tamen
931 5203 1302 5275 aliquatenus
1333 5219 1520 5274 usque
1541 5202 1612 5257 ad
1643 5201 1910 5275 generale

261 5294 544 5368 placitum
577 5310 812 5367 quoque
837 5296 1004 5365 pacto
1031 5291 1463 5358 sustentari,vel
1495 5291 1621 5347 sine
1651 5296 1908 5363 peccato,

261 5389 364 5440 aut
395 5385 521 5440 sine
551 5382 911 5441 contumelia
931 5380 1353 5455 potuisset,ipsi
1377 5380 1618 5435 modum
1642 5382 1906 5453 ejusdem

261 5473 709 5531 sustentationis
743 5489 812 5529 ex
852 5471 1125 5544 praedicto
1174 5470 1384 5540 majori
1428 5486 1539 5525 usu
1595 5469 1908 5525 consilium

261 5563 439 5619 dandi
465 5561 766 5635 scirent,et
795 5559 1141 5634 sapientiam
1173 5559 1434 5631 priorum
1467 5557 1682 5613 imitari
1701 5557 1911 5630 placite

263 5653 399 5720 Deo,
433 5657 490 5710 et
520 5651 743 5709 utiliter
763 5667 933 5725 regco
965 5649 1198 5706 interim
1232 5649 1368 5704 dare
1390 5646 1737 5720 potuissent.
1763 5647 1910 5702 Prae-

261 5743 514 5802 fatorum
547 5745 744 5800 autem
775 5739 1246 5800 consiliariorum
1278 5737 1542 5808 intentio,
1578 5737 1810 5812 quando
1840 5737 1912 5794 ad

2009 4847 2173 4919 prius
2217 4849 2417 4900 tamen
2455 4846 2672 4899 caetera;
2722 4841 3026 4899 inferiores
3071 4859 3331 4914 personae
3376 4841 3662 4898 interesse

2011 4934 2258 4991 minime
2288 4931 2637 5006 potuissent.
2671 4934 2806 4996 Quae
2838 4935 3087 5002 utraque
3116 4934 3313 4985 tamen
3363 4929 3662 4986 seniorum

2014 5021 2425 5095 susceptacula
2455 5022 2540 5078 sic
2571 5022 2629 5076 in
2662 5021 2892 5077 duobus
2921 5020 3110 5075 divisa
3147 5023 3333 5087 erant,
3361 5023 3429 5075 ut
3472 5019 3663 5091 primo

2015 5127 2218 5168 omnes
2249 5108 2893 5183 episcopi,abbates,vel
2925 5107 3668 5178 hujusmodihonoriﬁcen-

2017 5202 2194 5258 tiores
2244 5199 2460 5267 clerici,
2494 5199 2716 5270 absque
2763 5197 2883 5252 ulla
2928 5195 3212 5252 laicorum
3260 5195 3668 5254 commistione

2021 5292 2534 5363 congregarentur.
2569 5285 2850 5343 Similiter
2891 5284 3153 5352 comites,
3186 5283 3275 5340 vel
3324 5284 3667 5356 hujusmodi

2019 5378 2314 5453 principes
2345 5377 2582 5433 sibimet
2605 5372 3124 5430 honorilicabiliter
3154 5391 3188 5429 a
3217 5377 3423 5430 cetera
3464 5373 3667 5430 multi-

2019 5469 2225 5524 tudine
2255 5467 2445 5539 primo
2478 5480 2650 5520 mane
2681 5465 3146 5536 segregarentur,
3179 5479 3486 5535 quousque
3513 5466 3669 5519 tem-

2019 5574 2132 5630 pus
2161 5555 2279 5612 sive
2311 5557 2596 5628 praasente
2626 5553 2744 5609 sive
2772 5553 3012 5608 absente
3052 5568 3186 5624 rege
3215 5556 3545 5609 occurreret
3575 5555 3672 5609 :et

2020 5651 2160 5702 tunc
2192 5643 2450 5718 praedicti
2483 5642 2744 5699 seniores
2774 5658 2936 5698 more
2968 5641 3361 5709 solito,clerici
3381 5641 3454 5698 ad
3476 5657 3670 5713 suam,

2021 5735 2155 5794 laici
2179 5751 2316 5793 vero
2349 5734 2421 5792 ad
2470 5748 2642 5791 suam
2691 5729 3071 5789 constitutam
3121 5747 3344 5803 curam,
3376 5728 3675 5793 subselliis
