4152 6518
461 407 612 472 1011

1235 409 1626 473 HINCMARI
1669 408 1915 472 RHEM.
1959 405 2326 471 ARCHIEP.
2371 403 2776 472 OPUSCULA
2819 403 3086 468 VARIA.

3725 401 3895 466 1012

459 541 804 616 perveniens
833 539 1086 616 qualiter
1125 542 1300 611 vivat,
1333 547 1393 600 et
1421 544 1570 600 bene
1613 543 1813 600 vivens
1860 542 2112 616 qualiter
2143 539 2596 614 Alanguorum,
2628 539 2916 614 gaudium
2962 537 3295 610 hominum,
3335 535 3650 612 temperies
3701 537 3891 607 aeris,

461 632 688 701 doceat,
721 637 779 691 et
811 637 968 690 recte
997 634 1214 690 docens
1242 632 1649 690 inﬁrmitatem
1669 649 1839 690 suam
1859 631 2119 705 quotidie

460 727 683 795 quanta
711 722 1179 781 consideratione
1207 727 1541 795 cognoscat,
1567 723 1776 779 beatus
1805 721 2118 794 Gregorius

461 812 524 870 in
553 812 836 872 Pastorali
883 811 1086 886 regula
1132 811 1492 868 sufﬁcienter
1537 817 1597 869 et
1638 810 2118 883 eloquentissime

461 902 653 960 docet.

533 993 670 1050 CAP.
702 992 827 1050 VII.
857 991 1056 1060 Qualis
1081 992 1334 1064 denique
1368 1008 1467 1047 rex
1497 992 1704 1048 debeat
1731 1008 1880 1060 esse,
1913 992 2118 1049 beatus

463 1082 790 1156 Cyprianus
821 1081 882 1139 in
913 1098 1068 1138 nono
1086 1080 1406 1138 Abusionis
1430 1081 1618 1155 gradu
1641 1081 2005 1138 demonstrat
2023 1081 2121 1136 do-

463 1188 603 1229 cens
623 1172 828 1244 (cap.9)
852 1189 864 1227 :
895 1193 917 1222 α
941 1171 1172 1228 Etenim
1193 1187 1388 1244 regem
1413 1187 1528 1227 non
1549 1169 1842 1243 iniquum,
1869 1171 1970 1227 sed
1992 1186 2117 1226 cor-

457 1263 750 1318 rectorem
779 1260 1123 1334 iniquorum
1155 1277 1286 1317 esse
1329 1263 1575 1333 oportet.
1609 1259 1750 1317 Inde
1796 1261 1856 1316 in
1905 1263 2119 1316 semet-

462 1349 594 1424 ipso
625 1349 882 1408 nominis
911 1349 1005 1407 sui
1043 1349 1389 1423 dignitatem
1439 1347 1735 1405 custodire
1781 1349 1974 1405 debet.
2005 1349 2118 1406 No-

465 1451 604 1494 men
657 1437 816 1494 enim
873 1435 1028 1510 regis
1082 1433 1559 1493 intellectualiter
1615 1436 1725 1492 ho‘c
1784 1437 2016 1506 retinet,
2057 1441 2122 1492 ut

462 1526 750 1599 subjectis
779 1525 1059 1583 omnibus
1089 1524 1331 1582 rectoris
1369 1525 1630 1583 ofﬁcium
1677 1529 1973 1600 procuret.
2005 1526 2118 1583 Sed

465 1615 718 1689 qualiter
745 1614 892 1673 alios
921 1604 1213 1688 corrigere
1240 1613 1584 1688 poterit,qui
1605 1615 1873 1688 proprios
1902 1631 2118 1684 mores,

464 1721 539 1761 ne
585 1703 775 1778 iniqui
823 1703 963 1772 sint,
995 1720 1112 1760 non
1158 1702 1440 1776 corrigit?
1465 1701 1754 1770 Quoniam
1799 1703 1859 1760 in
1881 1703 2122 1775 justitia

465 1794 620 1868 regis
647 1793 936 1851 excitatur
963 1791 1200 1860 solium,
1232 1797 1291 1849 et
1320 1792 1380 1849 in
1411 1791 1653 1850 veritate
1681 1791 1836 1867 regis
1863 1792 2119 1850 solidan-

464 1887 564 1941 tur
589 1881 991 1984 gubernacula
1019 1881 1642 1982 populorumJustitia
1663 1898 1798 1984 vero
1827 1883 1982 1956 regis
2007 1886 2118 1984 est,
2147 1925 2198 1994 Β

464 1970 760 2030 neminem
786 2030 792 2035 ,
818 1971 1038 2044 injuste
1085 1987 1190 2044 per
1235 1969 1555 2044 potentiam
1599 1970 1952 2044 opprimere,
1992 1971 2120 2028 sine

463 2077 852 2136 personarum
882 2059 1217 2133 acceptione
1245 2058 1400 2116 inter
1441 2059 1634 2116 virum
1682 2064 1740 2116 et
1786 2061 2120 2133 proximum

465 2167 643 2208 suum
663 2151 828 2223 justo
848 2149 1118 2222 judicare
1151 2167 1164 2205 :
1195 2148 1457 2216 advenis,
1489 2152 1548 2206 et
1577 2148 1910 2222 pupillis,et
1927 2150 2122 2206 viduis

465 2240 836 2296 defensorem
867 2255 1017 2320 esse,
1051 2239 1208 2294 furta
1235 2236 1528 2306 cohibere,
1562 2236 1852 2295 adulteria
1890 2240 2119 2310 punire,

464 2327 702 2401 iniquos
731 2344 849 2384 non
878 2325 1151 2394 exaltare,
1185 2324 1518 2398 impudicos
1553 2328 1612 2381 et
1641 2324 1956 2384 histriones
2003 2344 2121 2384 non

467 2415 715 2486 nutrire,
746 2414 962 2488 impios
993 2414 1066 2470 de
1096 2417 1254 2470 terra
1282 2413 1545 2486 perdere,
1574 2413 1897 2487 parricidas
1922 2420 1980 2472 et
1998 2433 2122 2490 per-

457 2508 733 2580 jurantes
761 2505 953 2562 vivere
973 2520 1089 2560 non
1110 2502 1619 2561 sinere.Ecelesias
1644 2504 2122 2579 defendere,pau-

465 2612 634 2670 peres
662 2593 1050 2668 eleemosynis
1079 2593 1254 2664 alere,
1278 2593 1476 2665 justos
1503 2610 1680 2667 super
1708 2594 1869 2667 regni
1892 2594 2124 2669 negotia

471 2683 852 2754 constituere,
885 2699 1056 2740 senes
1085 2686 1143 2738 et
1170 2681 1464 2756 sapientes
1492 2687 1550 2738 et
1590 2683 1817 2741 sobrios
1847 2684 2122 2742 consilia-

475 2774 596 2832 rios
618 2774 852 2842 habere,
885 2788 1192 2846 magorum
1231 2775 1290 2828 et
1339 2770 1700 2828 hariolorum
1747 2773 2122 2846 pythonissa-

471 2879 722 2936 rumque
753 2861 1273 2936 superstitionibus
1295 2877 1411 2916 non
1434 2859 2122 2928 intendere,iracundiam

473 2953 728 3022 differre,
759 2951 1010 3025 patriam
1041 2951 1268 3008 fortiter
1288 2950 1520 3022 etjuste
1541 2954 1742 3007 contra
1763 2951 2125 3010 adversarios

467 3041 796 3112 defendere,
831 3057 935 3115 per
963 3039 1162 3096 omnia
1192 3039 1252 3094 in
1283 3038 1400 3094 Deo
1428 3038 1738 3108 conlidere,
1761 3041 2124 3114 properitati-

472 3131 586 3188 bus
615 3129 882 3188 animum
914 3147 1028 3186 non
1059 3127 1303 3196 elevare,
1336 3131 1548 3184 cuneta
1579 3128 1822 3185 adversa
1836 3129 2124 3202 patienter

465 3218 733 3286 tolerare,
767 3219 942 3275 fidem
972 3216 1320 3274 catholicam
1360 3215 1420 3272 in
1470 3215 1657 3274 Deum
1704 3217 1938 3288 habere,
1971 3219 2123 3277 filios

2225 629 2511 686 serenitas
2545 629 2748 698 maris,
2780 631 2946 684 terrae
2976 625 3324 695 fecunditas,
3357 627 3636 685 solatium
3666 644 3897 702 paupe-

2226 735 2380 788 rum,
2414 718 2722 774 hzereditas
2753 717 3032 787 filiorum,
3055 721 3111 772 et
3134 715 3487 790 sibimetipsi
3507 732 3647 790 spes
3669 717 3894 773 futura:

2225 806 2630 865 beatitudinis.
2647 808 2920 863 Attamen
2951 805 3098 862 sciat
3111 806 3392 878 rex,quod
3410 805 3566 863 sicut
3584 806 3646 863 in
3669 806 3896 863 throno

2225 895 2536 954 hominum
2567 895 2796 968 primus
2823 895 3178 952 constitutus
3210 899 3322 964 est,
3342 893 3426 952 sic
3447 899 3506 952 et
3526 894 3588 952 in
3610 895 3896 970 penis,si

2219 985 2520 1058 justitiam
2543 1001 2660 1041 non
2689 984 2912 1055 fecerit,
2946 983 3265 1057 primatum
3295 983 3606 1041 habiturus
3632 985 3900 1043 est.0m-

2228 1092 2332 1132 nes
2363 1091 2621 1146 namqne
2651 1089 3036 1146 quoscunque
3068 1077 3401 1146 peccatores
3431 1075 3542 1132 sub
3572 1091 3635 1132 se
3655 1075 3718 1132 in
3745 1093 3897 1149 prc-

2229 1165 2380 1222 senti
2429 1163 2660 1228 habuit.
2699 1180 2879 1236 supra
2925 1177 2990 1220 se
3038 1163 3210 1220 modo
3258 1162 3616 1236 implacabili
3664 1163 3728 1221 in
3782 1163 3896 1221 illa

2228 1269 2400 1328 pmna
2430 1253 2629 1310 futura
2659 1252 2919 1310 habebit.

2298 1341 2435 1398 Car.
2467 1341 2616 1399 VIII.
2649 1363 2678 1393 «
2711 1342 2782 1398 Et
2810 1345 3010 1398 sextus
3036 1340 3354 1400 Abusionis
3379 1342 3597 1417 gradus
3617 1343 3892 1418 est,»qni

2228 1448 2345 1488 non
2377 1430 2570 1488 solum
2601 1431 2748 1504 regi,
2780 1431 2882 1487 sed
2921 1435 2981 1487 et
3026 1429 3322 1501 omnibus,
3353 1431 3455 1505 qui
3503 1432 3892 1490 dominorum

2227 1524 2546 1578 censentur
2585 1519 2844 1592 nomine,
2877 1519 3168 1587 convenit,
3203 1543 3232 1571 ι(
3263 1519 3540 1578 dominus
3589 1522 3718 1580 sine
3767 1523 3890 1579 vir-

2228 1614 2356 1668 tute
2388 1627 2403 1666 :
2437 1609 2580 1682 quia
2608 1607 2756 1666 nihil
2778 1609 3009 1682 proficit
3031 1609 3374 1667 dominandi
3396 1610 3612 1668 habere
3631 1616 3894 1685 potesta-

2225 1703 2368 1768 tem,
2402 1698 2452 1756 si
2482 1697 2759 1756 dominus
2789 1698 2916 1771 ipse
2947 1715 3064 1755 non
3093 1697 3307 1756 habeat
3331 1697 3567 1758 virtutis
3602 1701 3886 1775 rigorem.

2228 1787 2340 1844 Sed
2373 1787 2472 1844 hie
2497 1786 2730 1844 virtutis
2761 1787 3060 1861 rigor,non
3081 1791 3204 1844 tam
3224 1787 3496 1846 exteriori
3514 1791 3888 1862 fortitudine,

2228 1893 2356 1950 quis
2386 1882 2442 1934 et
2468 1876 2600 1950 ipsa
2628 1876 3010 1934 saecularibus
3037 1877 3295 1934 dominis
3324 1879 3656 1938 necessaria
3681 1883 3892 1953 est,in-

2228 1965 2406 2039 diget,
2436 1981 2616 2039 quam
2646 1964 2828 2021 animi
2853 1964 3114 2022 interiori
3145 1965 3488 2024 fortitudine
3517 1968 3688 2025 bonis
3707 1970 3891 2026 mori-

2230 2057 2344 2113 bus
2372 2054 2624 2112 exerceri
2655 2055 3014 2128 debet.Saape
3035 2055 3193 2112 enim
3215 2056 3557 2114 dominandi
3577 2075 3680 2132 per
3698 2059 3890 2116 animi

2229 2143 2647 2218 negligentiam
2679 2145 2944 2217 perditur
2972 2143 3274 2215 fortitudo,
3307 2145 3464 2202 sicut
3505 2145 3566 2202 in
3615 2147 3740 2205 Heli
3789 2167 3888 2206 sa-

2229 2235 2462 2290 cerdote
2493 2234 2712 2290 factum
2744 2233 2926 2291 fuisse
2963 2235 3380 2308 comprobatur
3405 2236 3454 2306 (1
3481 2237 3606 2310 Reg.
3639 2238 3701 2311 ιι)
3733 2256 3748 2294 :
3779 2239 3885 2311 qui

2231 2323 2374 2380 dum
2407 2322 2715 2380 severitate
2727 2322 2938 2395 judicii
2959 2328 3270 2396 peccantes
3289 2323 3442 2382 filios
3465 2343 3582 2382 non
3601 2327 3884 2394 coercuit,

2229 2411 2290 2467 in
2319 2428 2522 2468 eorum
2559 2412 2880 2468 vindictam
2929 2413 3234 2484 Dominus,
3264 2412 3426 2472 velut
3472 2417 3882 2487 consentienti,

2232 2501 2498 2557 ferociter
2529 2517 2644 2558 non
2675 2502 2952 2575 pepercit.
2977 2502 3114 2559 Tria
3142 2519 3279 2576 ergo
3299 2504 3629 2562 necessaria
3649 2504 3758 2562 hos
3777 2507 3880 2579 qui

2231 2588 2610 2646 dominantur
2657 2590 2872 2647 habere
2920 2596 3166 2666 oportet,
3215 2595 3498 2650 terrorem
3551 2595 3796 2663 scilicet,
3826 2600 3886 2652 et

2232 2679 2682 2747 ordinationem,
2714 2684 2771 2735 et
2800 2697 3080 2738 amorem.
3107 2681 3228 2738 Nisi
3252 2682 3410 2738 enim
3439 2688 3672 2740 ametur
3698 2684 3883 2741 domi-

2232 2785 2348 2825 nus
2376 2769 2594 2842 pariter
2623 2774 2683 2825 et
2710 2770 3326 2840 metuatur,ordinatio
3349 2771 3591 2829 minime
3611 2779 3884 2832 constare

2231 2857 2391 2914 illius
2423 2862 2633 2932 potest.
2659 2859 2766 2916 Per
2795 2859 3077 2916 beneficia
3098 2877 3234 2935 ergo
3255 2865 3312 2918 et
3329 2861 3729 2920 alfabilitatem
3757 2881 3884 2939 pro-

2232 2952 2397 3004 curet
2426 2952 2493 3004 ut
2520 2948 2818 3022 diligatur,
2850 2953 2908 3006 et
2937 2965 3042 3022 per
3063 2950 3258 3022 justas
3285 2949 3725 3022 vindictas,non
3749 2971 3880 3027 pro-

2231 3037 2370 3110 prie
2397 3037 2646 3109 injuriae,
2681 3039 2780 3095 sed
2811 3038 2958 3112 legis
3009 3039 3130 3106 Dei,
3163 3040 3397 3098 studeat
3446 3046 3513 3098 ut
3559 3047 3875 3100 metuatur.

2233 3126 2541 3198 Propterea
2570 3143 2803 3200 quoque
2834 3128 2976 3184 dum
3005 3127 3173 3185 multi
3219 3131 3478 3203 pendent
3526 3131 3588 3186 in
3629 3148 3717 3200 eo,
3751 3133 3876 3204 ipse

2231 3215 2348 3272 Deo
2378 3215 2671 3274 adhaerere
2702 3217 2893 3284 debet,
2925 3217 3026 3284 qui
3054 3216 3224 3274 illum
3255 3218 3316 3274 in
3347 3220 3629 3277 ducatum
3659 3221 3876 3278 consti-

470 3325 610 3366 suos
639 3325 756 3364 non
787 3307 979 3364 sinere
1009 3306 1190 3379 impie
1219 3321 1408 3379 agere,
1441 3305 1614 3362 certis
1645 3306 1806 3364 horis
1845 3308 2118 3366 orationi-
2150 3302 2195 3370 C
2231 3305 2366 3374 tuit,
2387 3305 2488 3378 qui
2519 3306 2592 3362 ad
2625 3308 2912 3380 portanda
2935 3306 3256 3364 multorum
3278 3308 3677 3384 onera,ipsum
3699 3309 3879 3367 veluti

466 3397 580 3454 bus
610 3396 904 3462 insistere,
937 3399 1074 3452 ante
1103 3395 1279 3452 horas
1308 3412 1599 3469 congruas
1631 3396 1828 3453 cibum
1861 3415 1978 3454 non
2007 3415 2120 3472 gu-

468 3489 644 3542 stare.
681 3485 766 3542 νω
801 3485 951 3540 enim
993 3491 1176 3552 terrae,
1209 3485 1364 3556 cujus
1417 3501 1516 3541 rer
1557 3501 1698 3557 puer
1740 3495 1836 3556 est,
1869 3496 1921 3543 et
1963 3490 2120 3560 cujus

461 3576 743 3650 principe:
784 3589 946 3630 mane
989 3573 1272 3630 comedunt
1323 3573 1514 3646 (Eccle.
1547 3591 1602 3642 x,
1639 3575 1744 3647 16).
1779 3575 1909 3632 Haec
1958 3578 2120 3650 regni

394 3672 400 3679 '
466 3661 913 3738 prosperitatem
934 3662 994 3718 in
1018 3662 1289 3736 presenti
1341 3661 1650 3732 faciunt,et
1675 3679 1871 3738 regem
1903 3667 1975 3722 ad
2006 3683 2118 3724 caa-

465 3751 638 3810 lestia
667 3768 848 3827 regna
877 3751 1120 3809 meliora
1152 3752 1504 3825 perducunt.
1537 3753 1645 3820 Qui
1689 3767 1821 3810 vero
1870 3772 2118 3830 regnum

465 3859 580 3898 non
615 3843 941 3900 secundum
971 3842 1124 3898 hanc
1153 3841 1342 3916 legem
1376 3843 1930 3915 dispensat,multas
1952 3845 2118 3902 nimi-

465 3948 599 3988 rum
621 3931 1002 3989 adversitates
1024 3930 1254 4004 imperii
1281 3931 1801 3988 tolerabit.ldcireo
1822 3934 1981 3990 enim
2006 3953 2120 4008 pax

464 4039 618 4095 saepe
646 4020 998 4094 populorum
1031 4019 1348 4094 rumpitur,
1380 4024 1438 4076 et
1466 4019 1819 4078 offendicula
1846 4021 2021 4080 etiam
2047 4025 2118 4082 de

465 4126 644 4184 regno
671 4109 1055 4179 suscitantur,
1087 4113 1378 4164 terrarum
1410 4125 1643 4182 quoque
1673 4110 1900 4168 fructus
1943 4113 2115 4170 dimi-

465 4201 751 4278 nuqntur,
775 4201 833 4252 et
851 4197 1088 4254 servitia
1108 4196 1456 4270 populorum
1481 4199 2116 4271 prepediuntur,multi

464 4290 524 4342 et
549 4284 693 4342 varii
727 4283 956 4344 dolores
985 4285 1436 4358 prosperitatem
1462 4287 1626 4358 regni
1654 4286 1944 4358 inﬁciunt,
1978 4291 2114 4348 eb‘a-

465 4390 665 4431 rerum
695 4377 754 4430 et
799 4373 1116 4431 liberorum
1167 4378 1384 4432 mortes
1433 4375 1735 4434 tristitiam
1783 4379 2112 4451 conferunt,

461 4462 726 4520 hostium
741 4461 1016 4520 incursus
1033 4463 1360 4536 provincias
1375 4465 1638 4539 undique
1652 4468 2114 4535 vastant,bestis:

463 4555 866 4610 armentorum
895 4555 953 4607 et
983 4567 1258 4624 pecorum
1287 4569 1493 4627 greges
1521 4555 1863 4627 dilacerant,
1898 4562 2114 4632 tempe-

462 4645 585 4743 stas
617 4638 768 4742 aeris
797 4637 1371 4746 ethyemilsturbata
1389 4659 1586 4746 rerum
1610 4643 1966 4746 fecunditate
1991 4665 2109 4706 ma-
2144 4678 2193 4746 Ι)

460 4730 544 4788 ris
583 4728 913 4787 ministeria
957 4727 1288 4803 prohibent,
1321 4733 1379 4786 et
1422 4730 1735 4804 aliquando
1792 4735 2108 4794 fulminum

459 4819 612 4877 ictus
630 4822 858 4894 segetes
873 4823 933 4875 et
948 4817 1226 4874 arborum
1246 4817 1416 4875 flores
1439 4824 1497 4875 et
1517 4822 1828 4894 pampinos
1848 4841 2110 4897 quosque

457 4912 730 4966 exurunt.
766 4909 956 4982 Super
982 4905 1184 4964 omnia
1206 4923 1340 4962 vero
1371 4908 1526 4980 regis
1557 4909 1849 4981 injustitia
1879 4929 1994 4968 non
2017 4931 2108 4970 so-

456 4997 581 5055 lum
613 4997 918 5071 praesentis
948 4996 1179 5070 imperii
1226 4995 1434 5054 faciem
1482 4997 1748 5066 offuscat,
1783 5000 1884 5055 sed
1931 5003 2107 5060 etiam

457 5085 611 5144 filios
641 5103 782 5144 suos
811 5091 870 5142 et
898 5091 1158 5160 nepotes,
1184 5103 1256 5142 ne
1287 5089 1421 5159 post
1441 5102 1504 5141 se
1525 5087 1689 5157 regni
1710 5086 2107 5148 hereditatem

456 5174 1268 5247 teneant,ohscurat.Propter
1283 5173 1580 5246 piaculum
1600 5173 1758 5230 enim
1776 5175 2108 5238 Salomonis

455 5279 703 5337 regnum
737 5265 950 5319 domus
972 5261 1148 5319 Israel
1173 5261 1454 5319 Dominus
1471 5263 1542 5319 de
1559 5263 1832 5322 manibus
1849 5266 2106 5326 filiorum

454 5353 584 5423 ejus
614 5351 916 5425 dispersit,
945 5356 1003 5406 et
1034 5355 1270 5423 propter
1290 5349 1585 5421 justitiam
1620 5351 1796 5409 David
1831 5355 1986 5428 regis
2017 5356 2105 5412 lu-

454 5456 687 5496 cernam
711 5441 784 5498 de
805 5440 1029 5497 semine
1049 5442 1177 5512 ejus
1196 5456 1316 5494 sem
1327 5438 1496 5511 perin
1509 5441 1831 5498 Jerusalem
1847 5444 2101 5518 reliquit.

453 5527 598 5583 Ecce
619 5546 773 5600 quan
783 5535 906 5585 tum
923 5529 1158 5602 justitia
1172 5528 1324 5602 regis
1337 5529 1547 5584 smculo
1561 5531 2104 5600 valet,intuentibus

451 5615 756 5688 perspicue
786 5618 1072 5690 patet.Est
1102 5617 1258 5675 enim
1294 5633 1403 5689 pax
1433 5619 1805 5692 populorum,
1838 5623 2100 5680 tutamen

451 5703 671 5778 patriar,
707 5704 1052 5764 immunitas
1073 5706 1719 5780 plebis,munimenlum
1743 5710 2101 5780 gentis,cura

2231 3394 2527 3452 fortiorem
2561 3395 2849 3452 solidavit.
2883 3395 3139 3453 Paxillus
3171 3397 3350 3466 enim,
3382 3399 3496 3456 nisi
3536 3400 3683 3457 bene
3731 3400 3880 3458 forte

2231 3485 2517 3552 ﬁrmetur,
2548 3489 2606 3540 et
2635 3484 2810 3541 alicui
2842 3485 3065 3543 fortiori
3099 3485 3410 3556 adhaereat,
3443 3505 3618 3547 omne
3640 3490 3797 3562 quod
3819 3491 3881 3547 in

2229 3591 2295 3631 eo
2325 3575 2540 3646 pendet
2567 3574 2680 3631 cito
2711 3573 2949 3642 labitur,
2981 3579 3038 3632 et
3067 3575 3193 3649 ipse
3222 3575 3452 3634 solutus
3479 3595 3514 3635 a
3545 3579 3732 3653 rigore
3760 3597 3882 3638 sua

2229 3662 2526 3720 ﬁrmitatis
2555 3679 2689 3719 cum
2722 3663 2999 3721 oneribus
3030 3665 3102 3721 ad
3133 3671 3348 3724 terram
3375 3667 3684 3726 delabitur.
3699 3669 3795 3726 Sic
3824 3673 3884 3726 et

2229 3751 2519 3826 princeps,
2554 3751 2667 3808 nisi
2699 3770 2806 3810 suo
2838 3753 3122 3812 conditori
3148 3755 3522 3828 pertinaciter
3541 3757 3878 3826 adhaserit,

2227 3847 2285 3900 et
2314 3843 2460 3916 ipse,
2490 3847 2550 3900 et
2578 3860 2752 3900 omne
2782 3845 2938 3917 quod
2989 3845 3272 3914 continet,
3305 3847 3418 3904 cito
3469 3846 3712 3920 deperit.
3741 3849 3879 3916 Qui-

2227 3933 2364 3990 dam
2396 3950 2654 4006 namque
2678 3951 2780 4007 per
2805 3933 3148 3992 dominandi
3177 3934 3437 3992 omeium
3465 3935 3601 4010 plus
3633 3937 3749 3994 Deo
3778 3955 3880 4012 ap-

2227 4021 2630 4096 prOpinquant
2663 4041 2674 4079 :
2711 4023 2952 4096 quidam
2989 4024 3266 4098 imposito
3297 4025 3408 4082 sibi
3443 4025 3746 4100 dignitatis
3775 4027 3878 4084 ho-

2227 4129 2366 4169 nore
2395 4112 2709 4170 deteriores
2740 4114 2910 4169 fiunt.
2946 4114 3172 4188 Moyses
3204 4131 3458 4188 namque
3506 4120 3741 4190 accepto
3770 4133 3879 4190 po—

2224 4200 2350 4273 puli
2381 4201 2598 4256 ducatu
2629 4200 2978 4258 familiarius
3008 4201 3112 4259 Dei
3157 4201 3555 4260 locutionibus
3603 4204 3878 4260 utebatur

2224 4289 2417 4360 (Exod.
2449 4293 2651 4359 XXXIII)
2685 4306 2698 4345 :
2733 4290 2875 4346 Saul
2906 4307 3038 4348 vero
3069 4291 3226 4347 filius
3246 4291 3362 4358 Cis,
3387 4297 3699 4365 postquam
3719 4309 3879 4366 scep-

2225 4383 2317 4435 tra
2347 4379 2509 4452 regni
2526 4379 3310 4452 suscepit,perinobedentize
3333 4381 3670 4454 superbiam
3692 4382 3875 4440 Deum

2223 4466 2472 4546 offendit
2495 4467 2540 4539 (1
2569 4467 2696 4540 Reg.
2728 4468 2843 4539 xv).
2877 4469 2996 4524 Rex
3023 4468 3297 4526 Salomon
3327 4474 3640 4544 postquam
3693 4469 3874 4544 patris

2224 4557 2314 4614 sui
2364 4556 2541 4613 David
2593 4557 2792 4614 sedem
2824 4557 3095 4625 obtinuit,
3119 4563 3271 4615 Deus
3291 4558 3459 4616 illum
3491 4559 3645 4616 ultra
3671 4577 3874 4618 omnes

2225 4645 2500 4702 mortales
2531 4645 2694 4702 velut
2722 4647 2794 4702 ad
2828 4647 3125 4704 numerosi
3159 4647 3359 4722 populi
3389 4649 3871 4722 gubernationem

2223 4734 2524 4808 sapientiae
2573 4749 2818 4792 munere
2867 4735 3073 4792 ditavit
3098 4739 3202 4806 (III
3235 4737 3364 4808 Reg.
3399 4741 3504 4808 Ill).
3537 4738 3871 4795 Econtrario

2218 4841 2352 4880 vero
2379 4824 2690 4881 Jeroboam
2721 4841 2924 4882 servus
2965 4824 3314 4895 Salomonis,
3347 4832 3660 4902 postquam
3710 4829 3869 4902 regni

2219 4913 2432 4969 domus
2463 4913 2642 4970 David
2675 4913 2980 4986 occupavit
3009 4918 3258 4987 partem,
3283 4916 3355 4972 ad
3379 4916 3671 4974 idolorum
3691 4917 3874 4973 cultu-

2220 5019 2346 5058 ram
2376 5003 2578 5058 decem
2607 5003 2800 5058 tribus
2832 5003 3031 5071 Israel,
3065 5020 3194 5076 quae
3238 5010 3406 5063 erant
3450 5007 3510 5064 in
3557 5012 3724 5080 parte
3769 5008 3870 5064 Sa-

2219 5091 2417 5146 maria:
2451 5090 2686 5146 attraxit
2715 5089 2816 5162 (III
2843 5093 2966 5162 Reg.
3002 5093 3124 5165 xu).
3157 5094 3266 5151 Per
3292 5111 3421 5168 quae
3465 5095 3730 5170 exempla
3756 5096 3868 5152 evi-

2217 5179 2422 5234 denter
2452 5179 2800 5249 ostenditur,
2835 5182 3124 5254 quosdam
3155 5182 3215 5240 in
3249 5183 3580 5242 sublimiori
3610 5188 3764 5242 statu
3796 5186 3866 5242 ad

2218 5268 2501 5339 majorem
2533 5269 2952 5341 perfectionem
2983 5287 3264 5342 crescere,
3290 5275 3576 5346 quosdam
3607 5291 3740 5331 vero
3769 5292 3872 5348 per

2217 5355 2594 5428 supercilium
2614 5358 3031 5416 dominationis
3049 5361 3120 5416 ad
3138 5361 3427 5419 deteriora
3441 5364 3869 5421 defluere.Puer

2215 5447 2368 5518 quod
2403 5451 2720 5519 utrumque
2750 5447 3222 5522 intelligitur,eos
3247 5451 3344 5524 qui
3369 5452 3440 5507 ad
3470 5451 3712 5510 meliora
3732 5471 3866 5510 con-

2214 5537 2597 5605 descendunt,
2626 5554 2730 5609 per
2775 5537 3049 5594 virtutem
3101 5541 3304 5606 animi,
3337 5546 3394 5596 et
3433 5541 3532 5598 Dei
3584 5543 3864 5598 auxilium

2213 5643 2383 5698 posse
2416 5626 2474 5682 id
2507 5626 2778 5694 facere,et
2803 5645 2903 5685 eos
2933 5629 3030 5702 qui
3063 5631 3135 5686 ad
3157 5630 3445 5688 deteriora
3467 5632 3864 5703 devertuntur,

2212 5732 2314 5788 per
2343 5715 2558 5772 mentis
2603 5705 3065 5776 imbecillitatem
3115 5719 3334 5793 pariter
3361 5724 3416 5777 et
3450 5721 3862 5795 negligentiam
