  <div class='ocr_page' id='page_1' title='image "/cluster/home/n/w/nwhite01/storage/ocr_20150623/125/umn.31951002477418t/558.png"; bbox 0 0 4152 6514; ppageno 0'>
   <div class='ocr_carea' id='block_1_1' title="bbox 283 465 439 530">
    <p class='ocr_par' dir='ltr' id='par_1_1' title="bbox 283 465 439 530">
     <span class='ocr_line' id='line_1_1' title="bbox 283 465 439 530; baseline -0.019 0"><span class='ocrx_word' id='word_1_1' title='bbox 283 465 439 530; x_wconf 79' lang='grc'>1013</span> 
     </span>
    </p>
   </div>
   <div class='ocr_carea' id='block_1_2' title="bbox 1003 465 2966 534">
    <p class='ocr_par' dir='ltr' id='par_1_2' title="bbox 1003 465 2966 534">
     <span class='ocr_line' id='line_1_2' title="bbox 1003 465 2966 534; baseline 0.001 -4"><span class='ocrx_word' id='word_1_2' title='bbox 1003 467 1107 530; x_wconf 85' lang='lat' dir='ltr'>AD</span> <span class='ocrx_word' id='word_1_3' title='bbox 1151 465 1578 532; x_wconf 83' lang='lat' dir='ltr'>EPISGOPOS</span> <span class='ocrx_word' id='word_1_4' title='bbox 1623 467 1726 531; x_wconf 83' lang='lat' dir='ltr'>DE</span> <span class='ocrx_word' id='word_1_5' title='bbox 1768 467 2332 532; x_wconf 86' lang='lat' dir='ltr'>INSTITUTIONE</span> <span class='ocrx_word' id='word_1_6' title='bbox 2374 469 2966 534; x_wconf 79' lang='lat' dir='ltr'>COROLOMANNI.</span> 
     </span>
    </p>
   </div>
   <div class='ocr_carea' id='block_1_3' title="bbox 3537 471 3697 536">
    <p class='ocr_par' dir='ltr' id='par_1_3' title="bbox 3537 471 3697 536">
     <span class='ocr_line' id='line_1_3' title="bbox 3537 471 3697 536; baseline 0 -2"><span class='ocrx_word' id='word_1_7' title='bbox 3537 471 3697 536; x_wconf 72' lang='grc'>1014</span> 
     </span>
    </p>
   </div>
   <div class='ocr_carea' id='block_1_4' title="bbox 279 582 3694 678">
    <p class='ocr_par' dir='ltr' id='par_1_4' title="bbox 279 582 3694 678">
     <span class='ocr_line' id='line_1_4' title="bbox 279 582 3694 678; baseline 0.001 -18"><span class='ocrx_word' id='word_1_8' title='bbox 279 617 492 660; x_wconf 86' lang='lat' dir='ltr'>errare.</span> <span class='ocrx_word' id='word_1_9' title='bbox 526 599 690 657; x_wconf 84' lang='lat' dir='ltr'>Unde</span> <span class='ocrx_word' id='word_1_10' title='bbox 717 603 776 657; x_wconf 88' lang='lat' dir='ltr'>et</span> <span class='ocrx_word' id='word_1_11' title='bbox 803 599 1110 658; x_wconf 90' lang='lat' dir='ltr'>dominum</span> <span class='ocrx_word' id='word_1_12' title='bbox 1137 601 1360 674; x_wconf 83' lang='lat' dir='ltr'>absque</span> <span class='ocrx_word' id='word_1_13' title='bbox 1385 601 1603 659; x_wconf 90' lang='lat' dir='ltr'>virtute</span> <span class='ocrx_word' id='word_1_14' title='bbox 1640 602 1765 658; x_wconf 82' lang='lat' dir='ltr'>ﬁeri</span> <span class='ocrx_word' id='word_1_15' title='bbox 1813 618 1929 658; x_wconf 92' lang='lat' dir='ltr'>non</span> <span class='ocrx_word' id='word_1_16' title='bbox 1957 600 2015 670; x_wconf 74' lang='grc' dir='ltr'><strong>Α</strong></span> <span class='ocrx_word' id='word_1_17' title='bbox 2043 601 2348 660; x_wconf 90' lang='lat' dir='ltr'>blanditiis</span> <span class='ocrx_word' id='word_1_18' title='bbox 2377 601 2732 675; x_wconf 79' lang='lat' dir='ltr'>cujusquam</span> <span class='ocrx_word' id='word_1_19' title='bbox 2765 602 3031 660; x_wconf 80' lang='lat' dir='ltr'>scelerati</span> <span class='ocrx_word' id='word_1_20' title='bbox 3061 582 3517 678; x_wconf 77' lang='lat' dir='ltr'>pelliciatur,vel</span> <span class='ocrx_word' id='word_1_21' title='bbox 3547 604 3694 663; x_wconf 87' lang='lat' dir='ltr'>adu-</span> 
     </span>
    </p>
   </div>
   <div class='ocr_carea' id='block_1_5' title="bbox 281 689 1928 764">
    <p class='ocr_par' dir='ltr' id='par_1_5' title="bbox 281 689 1928 764">
     <span class='ocr_line' id='line_1_5' title="bbox 281 689 1928 764; baseline 0 -16"><span class='ocrx_word' id='word_1_22' title='bbox 281 693 464 762; x_wconf 89' lang='lat' dir='ltr'>decet,</span> <span class='ocrx_word' id='word_1_23' title='bbox 513 690 614 764; x_wconf 87' lang='lat' dir='ltr'>qui</span> <span class='ocrx_word' id='word_1_24' title='bbox 661 689 940 747; x_wconf 82' lang='lat' dir='ltr'>virtutem</span> <span class='ocrx_word' id='word_1_25' title='bbox 989 691 1117 748; x_wconf 83' lang='lat' dir='ltr'>sine</span> <span class='ocrx_word' id='word_1_26' title='bbox 1175 693 1272 748; x_wconf 86' lang='lat' dir='ltr'>Dei</span> <span class='ocrx_word' id='word_1_27' title='bbox 1323 691 1536 749; x_wconf 85' lang='lat' dir='ltr'>auxilio</span> <span class='ocrx_word' id='word_1_28' title='bbox 1593 691 1928 748; x_wconf 80' lang='lat' dir='ltr'>nullatenus</span> 
     </span>
    </p>
   </div>
   <div class='ocr_carea' id='block_1_6' title="bbox 276 779 1930 850">
    <p class='ocr_par' dir='ltr' id='par_1_6' title="bbox 276 779 1930 850">
     <span class='ocr_line' id='line_1_6' title="bbox 276 779 1930 850; baseline -0.001 -13"><span class='ocrx_word' id='word_1_29' title='bbox 276 779 588 846; x_wconf 89' lang='lat' dir='ltr'>habet.Qui</span> <span class='ocrx_word' id='word_1_30' title='bbox 620 779 835 836; x_wconf 89' lang='lat' dir='ltr'>etenim</span> <span class='ocrx_word' id='word_1_31' title='bbox 865 779 1056 836; x_wconf 86' lang='lat' dir='ltr'>multa</span> <span class='ocrx_word' id='word_1_32' title='bbox 1080 783 1298 850; x_wconf 88' lang='lat' dir='ltr'>tuetur,</span> <span class='ocrx_word' id='word_1_33' title='bbox 1333 781 1382 836; x_wconf 91' lang='lat' dir='ltr'>si</span> <span class='ocrx_word' id='word_1_34' title='bbox 1415 797 1530 836; x_wconf 90' lang='lat' dir='ltr'>non</span> <span class='ocrx_word' id='word_1_35' title='bbox 1562 780 1739 836; x_wconf 84' lang='lat' dir='ltr'>habet</span> <span class='ocrx_word' id='word_1_36' title='bbox 1767 781 1930 836; x_wconf 83' lang='lat' dir='ltr'>forti-</span> 
     </span>
    </p>
   </div>
   <div class='ocr_carea' id='block_1_7' title="bbox 275 867 1928 942">
    <p class='ocr_par' dir='ltr' id='par_1_7' title="bbox 275 867 1928 942">
     <span class='ocr_line' id='line_1_7' title="bbox 275 867 1928 942; baseline -0.001 -15"><span class='ocrx_word' id='word_1_37' title='bbox 275 869 546 928; x_wconf 84' lang='lat' dir='ltr'>tudinem</span> <span class='ocrx_word' id='word_1_38' title='bbox 575 867 901 934; x_wconf 89' lang='lat' dir='ltr'>animi,non</span> <span class='ocrx_word' id='word_1_39' title='bbox 928 867 1082 924; x_wconf 87' lang='lat' dir='ltr'>valet</span> <span class='ocrx_word' id='word_1_40' title='bbox 1102 869 1161 924; x_wconf 94' lang='lat' dir='ltr'>id</span> <span class='ocrx_word' id='word_1_41' title='bbox 1195 885 1386 942; x_wconf 85' lang='lat' dir='ltr'>agere,</span> <span class='ocrx_word' id='word_1_42' title='bbox 1411 868 1691 941; x_wconf 90' lang='lat' dir='ltr'>quoniam</span> <span class='ocrx_word' id='word_1_43' title='bbox 1713 886 1928 942; x_wconf 88' lang='lat' dir='ltr'>magna</span> 
     </span>
    </p>
   </div>
   <div class='ocr_carea' id='block_1_8' title="bbox 276 955 1929 1032">
    <p class='ocr_par' dir='ltr' id='par_1_8' title="bbox 276 955 1929 1032">
     <span class='ocr_line' id='line_1_8' title="bbox 276 955 1929 1032; baseline -0.002 -16"><span class='ocrx_word' id='word_1_44' title='bbox 276 957 508 1032; x_wconf 81' lang='lat' dir='ltr'>magnis</span> <span class='ocrx_word' id='word_1_45' title='bbox 554 955 1054 1028; x_wconf 79' lang='lat' dir='ltr'>infestationibus,</span> <span class='ocrx_word' id='word_1_46' title='bbox 1102 955 1192 1012; x_wconf 87' lang='lat' dir='ltr'>vel</span> <span class='ocrx_word' id='word_1_47' title='bbox 1245 956 1696 1014; x_wconf 87' lang='lat' dir='ltr'>adversitatibus</span> <span class='ocrx_word' id='word_1_48' title='bbox 1739 955 1929 1013; x_wconf 85' lang='lat' dir='ltr'>solent</span> 
     </span>
    </p>
   </div>
   <div class='ocr_carea' id='block_1_9' title="bbox 275 1044 1926 1120">
    <p class='ocr_par' dir='ltr' id='par_1_9' title="bbox 275 1044 1926 1120">
     <span class='ocr_line' id='line_1_9' title="bbox 275 1044 1926 1120; baseline -0.003 -15"><span class='ocrx_word' id='word_1_49' title='bbox 275 1045 772 1105; x_wconf 88' lang='lat' dir='ltr'>laborare.0mnis</span> <span class='ocrx_word' id='word_1_50' title='bbox 793 1062 928 1120; x_wconf 87' lang='lat' dir='ltr'>ergo</span> <span class='ocrx_word' id='word_1_51' title='bbox 952 1045 1051 1118; x_wconf 89' lang='lat' dir='ltr'>qui</span> <span class='ocrx_word' id='word_1_52' title='bbox 1069 1049 1280 1118; x_wconf 81' lang='lat' dir='ltr'>praeest</span> <span class='ocrx_word' id='word_1_53' title='bbox 1309 1045 1418 1100; x_wconf 90' lang='lat' dir='ltr'>hoc</span> <span class='ocrx_word' id='word_1_54' title='bbox 1445 1044 1722 1118; x_wconf 84' lang='lat' dir='ltr'>primitus</span> <span class='ocrx_word' id='word_1_55' title='bbox 1743 1045 1926 1102; x_wconf 87' lang='lat' dir='ltr'>animi</span> 
     </span>
    </p>
   </div>
   <div class='ocr_carea' id='block_1_10' title="bbox 275 1133 1925 1207">
    <p class='ocr_par' dir='ltr' id='par_1_10' title="bbox 275 1133 1925 1207">
     <span class='ocr_line' id='line_1_10' title="bbox 275 1133 1925 1207; baseline -0.002 -13"><span class='ocrx_word' id='word_1_56' title='bbox 275 1141 400 1195; x_wconf 91' lang='lat' dir='ltr'>tota</span> <span class='ocrx_word' id='word_1_57' title='bbox 430 1133 753 1192; x_wconf 86' lang='lat' dir='ltr'>intentione</span> <span class='ocrx_word' id='word_1_58' title='bbox 783 1138 1146 1207; x_wconf 87' lang='lat' dir='ltr'>procuret,ut</span> <span class='ocrx_word' id='word_1_59' title='bbox 1176 1151 1279 1206; x_wconf 86' lang='lat' dir='ltr'>per</span> <span class='ocrx_word' id='word_1_60' title='bbox 1306 1133 1506 1190; x_wconf 86' lang='lat' dir='ltr'>omnia</span> <span class='ocrx_word' id='word_1_61' title='bbox 1535 1135 1606 1190; x_wconf 89' lang='lat' dir='ltr'>de</span> <span class='ocrx_word' id='word_1_62' title='bbox 1633 1135 1735 1190; x_wconf 88' lang='lat' dir='ltr'>Dei</span> <span class='ocrx_word' id='word_1_63' title='bbox 1757 1135 1925 1207; x_wconf 89' lang='lat' dir='ltr'>adju-</span> 
     </span>
    </p>
   </div>
   <div class='ocr_carea' id='block_1_11' title="bbox 275 1222 1925 1296">
    <p class='ocr_par' dir='ltr' id='par_1_11' title="bbox 275 1222 1925 1296">
     <span class='ocr_line' id='line_1_11' title="bbox 275 1222 1925 1296; baseline -0.004 -12"><span class='ocrx_word' id='word_1_64' title='bbox 275 1226 424 1284; x_wconf 87' lang='lat' dir='ltr'>torio</span> <span class='ocrx_word' id='word_1_65' title='bbox 456 1224 695 1281; x_wconf 90' lang='lat' dir='ltr'>omnino</span> <span class='ocrx_word' id='word_1_66' title='bbox 724 1239 840 1280; x_wconf 90' lang='lat' dir='ltr'>non</span> <span class='ocrx_word' id='word_1_67' title='bbox 872 1223 1120 1280; x_wconf 86' lang='lat' dir='ltr'>dubitet.</span> <span class='ocrx_word' id='word_1_68' title='bbox 1172 1223 1233 1279; x_wconf 91' lang='lat' dir='ltr'>Si</span> <span class='ocrx_word' id='word_1_69' title='bbox 1281 1239 1534 1295; x_wconf 86' lang='lat' dir='ltr'>namque</span> <span class='ocrx_word' id='word_1_70' title='bbox 1583 1222 1819 1296; x_wconf 65' lang='lat' dir='ltr'>ceperit</span> <span class='ocrx_word' id='word_1_71' title='bbox 1865 1223 1925 1278; x_wconf 90' lang='lat' dir='ltr'>in</span> 
     </span>
    </p>
   </div>
   <div class='ocr_carea' id='block_1_12' title="bbox 275 1311 1928 1374">
    <p class='ocr_par' dir='ltr' id='par_1_12' title="bbox 275 1311 1928 1374">
     <span class='ocr_line' id='line_1_12' title="bbox 275 1311 1928 1374; baseline -0.004 -2"><span class='ocrx_word' id='word_1_72' title='bbox 275 1315 506 1374; x_wconf 85' lang='lat' dir='ltr'>actibus</span> <span class='ocrx_word' id='word_1_73' title='bbox 521 1313 648 1370; x_wconf 89' lang='lat' dir='ltr'>suis</span> <span class='ocrx_word' id='word_1_74' title='bbox 677 1311 1081 1369; x_wconf 83' lang='lat' dir='ltr'>auxiliatorem</span> <span class='ocrx_word' id='word_1_75' title='bbox 1099 1311 1314 1368; x_wconf 88' lang='lat' dir='ltr'>habere</span> <span class='ocrx_word' id='word_1_76' title='bbox 1330 1311 1643 1368; x_wconf 89' lang='lat' dir='ltr'>Dominum</span> <span class='ocrx_word' id='word_1_77' title='bbox 1667 1312 1928 1368; x_wconf 90' lang='lat' dir='ltr'>domino-</span> 
     </span>
    </p>
   </div>
   <div class='ocr_carea' id='block_1_13' title="bbox 273 1399 1927 1473">
    <p class='ocr_par' dir='ltr' id='par_1_13' title="bbox 273 1399 1927 1473">
     <span class='ocr_line' id='line_1_13' title="bbox 273 1399 1927 1473; baseline -0.004 -11"><span class='ocrx_word' id='word_1_78' title='bbox 273 1421 428 1473; x_wconf 90' lang='lat' dir='ltr'>rum,</span> <span class='ocrx_word' id='word_1_79' title='bbox 464 1403 664 1460; x_wconf 90' lang='lat' dir='ltr'>nullus</span> <span class='ocrx_word' id='word_1_80' title='bbox 703 1401 1014 1458; x_wconf 88' lang='lat' dir='ltr'>hominum</span> <span class='ocrx_word' id='word_1_81' title='bbox 1051 1399 1413 1472; x_wconf 87' lang='lat' dir='ltr'>contemptui</span> <span class='ocrx_word' id='word_1_82' title='bbox 1459 1400 1670 1473; x_wconf 89' lang='lat' dir='ltr'>poterit</span> <span class='ocrx_word' id='word_1_83' title='bbox 1714 1401 1927 1456; x_wconf 89' lang='lat' dir='ltr'>habere</span> 
     </span>
    </p>
   </div>
   <div class='ocr_carea' id='block_1_14' title="bbox 271 1491 1927 1567">
    <p class='ocr_par' dir='ltr' id='par_1_14' title="bbox 271 1491 1927 1567">
     <span class='ocr_line' id='line_1_14' title="bbox 271 1491 1927 1567; baseline -0.003 -15"><span class='ocrx_word' id='word_1_84' title='bbox 271 1495 402 1567; x_wconf 89' lang='lat' dir='ltr'>ejus</span> <span class='ocrx_word' id='word_1_85' title='bbox 431 1493 802 1550; x_wconf 82' lang='lat' dir='ltr'>dominatum</span> <span class='ocrx_word' id='word_1_86' title='bbox 837 1507 851 1547; x_wconf 89' lang='lat'>:</span> <span class='ocrx_word' id='word_1_87' title='bbox 885 1491 1007 1547; x_wconf 84' lang='lat' dir='ltr'>Non</span> <span class='ocrx_word' id='word_1_88' title='bbox 1051 1491 1201 1548; x_wconf 84' lang='lat' dir='ltr'>enim</span> <span class='ocrx_word' id='word_1_89' title='bbox 1229 1499 1310 1546; x_wconf 83' lang='lat' dir='ltr'>est</span> <span class='ocrx_word' id='word_1_90' title='bbox 1353 1498 1586 1562; x_wconf 79' lang='lat' dir='ltr'>potestas</span> <span class='ocrx_word' id='word_1_91' title='bbox 1614 1491 1731 1546; x_wconf 89' lang='lat' dir='ltr'>nisi</span> <span class='ocrx_word' id='word_1_92' title='bbox 1759 1507 1794 1546; x_wconf 90' lang='lat' dir='ltr'>a</span> <span class='ocrx_word' id='word_1_93' title='bbox 1821 1492 1927 1547; x_wconf 87' lang='lat' dir='ltr'>Deo</span> 
     </span>
    </p>
   </div>
   <div class='ocr_carea' id='block_1_15' title="bbox 271 1579 1924 1658">
    <p class='ocr_par' dir='ltr' id='par_1_15' title="bbox 271 1579 1924 1658">
     <span class='ocr_line' id='line_1_15' title="bbox 271 1579 1924 1658; baseline -0.005 -16"><span class='ocrx_word' id='word_1_94' title='bbox 271 1586 447 1658; x_wconf 86' lang='lat' dir='ltr'>(Rom.</span> <span class='ocrx_word' id='word_1_95' title='bbox 480 1600 602 1652; x_wconf 83' lang='lat' dir='ltr'>xm,</span> <span class='ocrx_word' id='word_1_96' title='bbox 637 1581 851 1654; x_wconf 80' lang='lat' dir='ltr'>1).Ipsc</span> <span class='ocrx_word' id='word_1_97' title='bbox 874 1581 1032 1637; x_wconf 90' lang='lat' dir='ltr'>enim</span> <span class='ocrx_word' id='word_1_98' title='bbox 1057 1579 1242 1637; x_wconf 90' lang='lat' dir='ltr'>elevat</span> <span class='ocrx_word' id='word_1_99' title='bbox 1269 1581 1342 1636; x_wconf 89' lang='lat' dir='ltr'>de</span> <span class='ocrx_word' id='word_1_100' title='bbox 1372 1583 1628 1636; x_wconf 86' lang='lat' dir='ltr'>stercore</span> <span class='ocrx_word' id='word_1_101' title='bbox 1647 1595 1924 1652; x_wconf 86' lang='lat' dir='ltr'>egenum,</span> 
     </span>
    </p>
   </div>
   <div class='ocr_carea' id='block_1_16' title="bbox 271 1667 1922 1743">
    <p class='ocr_par' dir='ltr' id='par_1_16' title="bbox 271 1667 1922 1743">
     <span class='ocr_line' id='line_1_16' title="bbox 271 1667 1922 1743; baseline -0.004 -12"><span class='ocrx_word' id='word_1_102' title='bbox 271 1678 330 1732; x_wconf 91' lang='lat' dir='ltr'>et</span> <span class='ocrx_word' id='word_1_103' title='bbox 357 1673 558 1730; x_wconf 88' lang='lat' dir='ltr'>sedere</span> <span class='ocrx_word' id='word_1_104' title='bbox 587 1670 726 1728; x_wconf 81' lang='lat' dir='ltr'>facit</span> <span class='ocrx_word' id='word_1_105' title='bbox 753 1687 886 1726; x_wconf 90' lang='lat' dir='ltr'>cum</span> <span class='ocrx_word' id='word_1_106' title='bbox 923 1669 1288 1743; x_wconf 88' lang='lat' dir='ltr'>principibus</span> <span class='ocrx_word' id='word_1_107' title='bbox 1318 1667 1522 1742; x_wconf 89' lang='lat' dir='ltr'>populi</span> <span class='ocrx_word' id='word_1_108' title='bbox 1553 1667 1646 1725; x_wconf 90' lang='lat' dir='ltr'>sui</span> <span class='ocrx_word' id='word_1_109' title='bbox 1679 1684 1693 1724; x_wconf 89' lang='lat'>:</span> <span class='ocrx_word' id='word_1_110' title='bbox 1728 1673 1786 1724; x_wconf 90' lang='lat' dir='ltr'>et</span> <span class='ocrx_word' id='word_1_111' title='bbox 1825 1669 1922 1724; x_wconf 88' lang='lat' dir='ltr'>de-</span> 
     </span>
    </p>
   </div>
   <div class='ocr_carea' id='block_1_17' title="bbox 271 1755 1919 1838">
    <p class='ocr_par' dir='ltr' id='par_1_17' title="bbox 271 1755 1919 1838">
     <span class='ocr_line' id='line_1_17' title="bbox 271 1755 1919 1838; baseline -0.004 -20"><span class='ocrx_word' id='word_1_112' title='bbox 271 1761 436 1838; x_wconf 89' lang='lat' dir='ltr'>ponit</span> <span class='ocrx_word' id='word_1_113' title='bbox 462 1763 731 1834; x_wconf 85' lang='lat' dir='ltr'>potentes</span> <span class='ocrx_word' id='word_1_114' title='bbox 761 1759 833 1814; x_wconf 90' lang='lat' dir='ltr'>de</span> <span class='ocrx_word' id='word_1_115' title='bbox 863 1759 1022 1826; x_wconf 88' lang='lat' dir='ltr'>sede,</span> <span class='ocrx_word' id='word_1_116' title='bbox 1073 1761 1131 1814; x_wconf 90' lang='lat' dir='ltr'>et</span> <span class='ocrx_word' id='word_1_117' title='bbox 1179 1757 1394 1813; x_wconf 76' lang='lat' dir='ltr'>exultat</span> <span class='ocrx_word' id='word_1_118' title='bbox 1438 1755 1694 1813; x_wconf 89' lang='lat' dir='ltr'>humiles</span> <span class='ocrx_word' id='word_1_119' title='bbox 1743 1757 1919 1828; x_wconf 86' lang='lat' dir='ltr'>(Psal.</span> 
     </span>
    </p>
   </div>
   <div class='ocr_carea' id='block_1_18' title="bbox 271 1844 1918 1920">
    <p class='ocr_par' dir='ltr' id='par_1_18' title="bbox 271 1844 1918 1920">
     <span class='ocr_line' id='line_1_18' title="bbox 271 1844 1918 1920; baseline -0.004 -11"><span class='ocrx_word' id='word_1_120' title='bbox 271 1869 413 1920; x_wconf 79' lang='lat' dir='ltr'>exn;</span> <span class='ocrx_word' id='word_1_121' title='bbox 448 1851 572 1906; x_wconf 89' lang='lat' dir='ltr'>Luc.</span> <span class='ocrx_word' id='word_1_122' title='bbox 605 1852 668 1918; x_wconf 80' lang='lat'>1),</span> <span class='ocrx_word' id='word_1_123' title='bbox 702 1852 769 1904; x_wconf 90' lang='lat' dir='ltr'>ut</span> <span class='ocrx_word' id='word_1_124' title='bbox 797 1847 1072 1904; x_wconf 89' lang='lat' dir='ltr'>subditus</span> <span class='ocrx_word' id='word_1_125' title='bbox 1101 1847 1205 1902; x_wconf 86' lang='lat' dir='ltr'>ﬁat</span> <span class='ocrx_word' id='word_1_126' title='bbox 1234 1844 1426 1902; x_wconf 90' lang='lat' dir='ltr'>omnis</span> <span class='ocrx_word' id='word_1_127' title='bbox 1470 1845 1730 1902; x_wconf 91' lang='lat' dir='ltr'>mundus</span> <span class='ocrx_word' id='word_1_128' title='bbox 1781 1846 1918 1915; x_wconf 90' lang='lat' dir='ltr'>Deo,</span> 
     </span>
    </p>
   </div>
   <div class='ocr_carea' id='block_1_19' title="bbox 271 1935 1502 2014">
    <p class='ocr_par' dir='ltr' id='par_1_19' title="bbox 271 1935 1502 2014">
     <span class='ocr_line' id='line_1_19' title="bbox 271 1935 1502 2014; baseline -0.011 -16"><span class='ocrx_word' id='word_1_129' title='bbox 271 1945 330 1998; x_wconf 90' lang='lat' dir='ltr'>et</span> <span class='ocrx_word' id='word_1_130' title='bbox 353 1943 519 2014; x_wconf 87' lang='lat' dir='ltr'>egeat</span> <span class='ocrx_word' id='word_1_131' title='bbox 547 1937 740 1995; x_wconf 88' lang='lat' dir='ltr'>omnis</span> <span class='ocrx_word' id='word_1_132' title='bbox 771 1935 957 2010; x_wconf 83' lang='lat' dir='ltr'>gloria</span> <span class='ocrx_word' id='word_1_133' title='bbox 986 1935 1087 1992; x_wconf 91' lang='lat' dir='ltr'>Dei</span> <span class='ocrx_word' id='word_1_134' title='bbox 1117 1935 1164 2008; x_wconf 91' lang='lat' dir='ltr'>(I</span> <span class='ocrx_word' id='word_1_135' title='bbox 1193 1935 1313 1992; x_wconf 82' lang='lat' dir='ltr'>Cor.</span> <span class='ocrx_word' id='word_1_136' title='bbox 1349 1938 1438 2004; x_wconf 83' lang='grc' dir='ltr'>ιι).</span> <span class='ocrx_word' id='word_1_137' title='bbox 1476 1959 1502 1984; x_wconf 85' lang='grc'>››</span> 
     </span>
    </p>
   </div>
   <div class='ocr_carea' id='block_1_20' title="bbox 342 2023 1923 2095">
    <p class='ocr_par' dir='ltr' id='par_1_20' title="bbox 342 2023 1923 2095">
     <span class='ocr_line' id='line_1_20' title="bbox 342 2023 1923 2095; baseline -0.004 -9"><span class='ocrx_word' id='word_1_138' title='bbox 342 2027 793 2095; x_wconf 76' lang='grc' dir='ltr'>οΑΡ.ΙΧ.Οιιο.Ιθε</span> <span class='ocrx_word' id='word_1_139' title='bbox 823 2025 934 2084; x_wconf 87' lang='lat' dir='ltr'>sibi</span> <span class='ocrx_word' id='word_1_140' title='bbox 967 2025 1244 2082; x_wconf 88' lang='lat' dir='ltr'>adhibere</span> <span class='ocrx_word' id='word_1_141' title='bbox 1273 2025 1480 2081; x_wconf 87' lang='lat' dir='ltr'>debeat</span> <span class='ocrx_word' id='word_1_142' title='bbox 1509 2042 1608 2082; x_wconf 86' lang='lat' dir='ltr'>rex</span> <span class='ocrx_word' id='word_1_143' title='bbox 1650 2023 1923 2082; x_wconf 88' lang='lat' dir='ltr'>consilia-</span> 
     </span>
    </p>
   </div>
   <div class='ocr_carea' id='block_1_21' title="bbox 272 2113 1926 2188">
    <p class='ocr_par' dir='ltr' id='par_1_21' title="bbox 272 2113 1926 2188">
     <span class='ocr_line' id='line_1_21' title="bbox 272 2113 1926 2188; baseline -0.005 -12"><span class='ocrx_word' id='word_1_144' title='bbox 272 2118 518 2187; x_wconf 88' lang='lat' dir='ltr'>rios,sed</span> <span class='ocrx_word' id='word_1_145' title='bbox 552 2121 610 2173; x_wconf 90' lang='lat' dir='ltr'>et</span> <span class='ocrx_word' id='word_1_146' title='bbox 640 2115 746 2182; x_wconf 90' lang='lat' dir='ltr'>illi,</span> <span class='ocrx_word' id='word_1_147' title='bbox 780 2114 882 2188; x_wconf 91' lang='lat' dir='ltr'>qui</span> <span class='ocrx_word' id='word_1_148' title='bbox 912 2115 971 2170; x_wconf 90' lang='lat' dir='ltr'>in</span> <span class='ocrx_word' id='word_1_149' title='bbox 1004 2114 1338 2188; x_wconf 85' lang='lat' dir='ltr'>principatu</span> <span class='ocrx_word' id='word_1_150' title='bbox 1369 2113 1542 2186; x_wconf 88' lang='lat' dir='ltr'>positi</span> <span class='ocrx_word' id='word_1_151' title='bbox 1577 2113 1798 2170; x_wconf 89' lang='lat' dir='ltr'>domini</span> <span class='ocrx_word' id='word_1_152' title='bbox 1830 2131 1926 2186; x_wconf 88' lang='lat' dir='ltr'>ap-</span> 
     </span>
    </p>
   </div>
   <div class='ocr_carea' id='block_1_22' title="bbox 241 2202 1926 2283">
    <p class='ocr_par' dir='ltr' id='par_1_22' title="bbox 241 2202 1926 2283">
     <span class='ocr_line' id='line_1_22' title="bbox 241 2202 1926 2283; baseline -0.004 -18"><span class='ocrx_word' id='word_1_153' title='bbox 241 2225 246 2230; x_wconf 73' lang='grc'><em>’</em></span> <span class='ocrx_word' id='word_1_154' title='bbox 273 2207 584 2283; x_wconf 90' lang='lat' dir='ltr'>pellantur,</span> <span class='ocrx_word' id='word_1_155' title='bbox 617 2203 964 2262; x_wconf 85' lang='lat' dir='ltr'>Ambrosius</span> <span class='ocrx_word' id='word_1_156' title='bbox 1011 2202 1070 2258; x_wconf 90' lang='lat' dir='ltr'>in</span> <span class='ocrx_word' id='word_1_157' title='bbox 1120 2202 1268 2259; x_wconf 89' lang='lat' dir='ltr'>libro</span> <span class='ocrx_word' id='word_1_158' title='bbox 1299 2202 1639 2258; x_wconf 84' lang='lat' dir='ltr'>Ofﬁciorum</span> <span class='ocrx_word' id='word_1_159' title='bbox 1670 2202 1926 2259; x_wconf 88' lang='lat' dir='ltr'>ostendit</span> 
     </span>
    </p>
   </div>
   <div class='ocr_carea' id='block_1_23' title="bbox 271 2291 1924 2369">
    <p class='ocr_par' dir='ltr' id='par_1_23' title="bbox 271 2291 1924 2369">
     <span class='ocr_line' id='line_1_23' title="bbox 271 2291 1924 2369; baseline -0.005 -14"><span class='ocrx_word' id='word_1_160' title='bbox 271 2300 415 2369; x_wconf 87' lang='lat' dir='ltr'>(Lib.</span> <span class='ocrx_word' id='word_1_161' title='bbox 449 2311 515 2364; x_wconf 88' lang='grc' dir='ltr'>ιι,</span> <span class='ocrx_word' id='word_1_162' title='bbox 545 2313 664 2368; x_wconf 88' lang='lat' dir='ltr'>cap.</span> <span class='ocrx_word' id='word_1_163' title='bbox 699 2296 786 2364; x_wconf 85' lang='grc'>17)</span> <span class='ocrx_word' id='word_1_164' title='bbox 822 2311 834 2348; x_wconf 90' lang='lat'><strong>:</strong></span> <span class='ocrx_word' id='word_1_165' title='bbox 862 2315 889 2344; x_wconf 90' lang='grc'><strong>‹‹</strong></span> <span class='ocrx_word' id='word_1_166' title='bbox 920 2291 1100 2359; x_wconf 87' lang='lat' dir='ltr'>Talis,</span> <span class='ocrx_word' id='word_1_167' title='bbox 1133 2292 1428 2364; x_wconf 87' lang='lat' dir='ltr'>inquiens,</span> <span class='ocrx_word' id='word_1_168' title='bbox 1463 2292 1636 2348; x_wconf 83' lang='lat' dir='ltr'>debet</span> <span class='ocrx_word' id='word_1_169' title='bbox 1665 2309 1792 2348; x_wconf 88' lang='lat' dir='ltr'>esse</span> <span class='ocrx_word' id='word_1_170' title='bbox 1822 2291 1924 2364; x_wconf 91' lang='lat' dir='ltr'>qui</span> 
     </span>
    </p>
   </div>
   <div class='ocr_carea' id='block_1_24' title="bbox 272 2379 1924 2454">
    <p class='ocr_par' dir='ltr' id='par_1_24' title="bbox 272 2379 1924 2454">
     <span class='ocr_line' id='line_1_24' title="bbox 272 2379 1924 2454; baseline -0.005 -10"><span class='ocrx_word' id='word_1_171' title='bbox 272 2385 584 2444; x_wconf 89' lang='lat' dir='ltr'>consilium</span> <span class='ocrx_word' id='word_1_172' title='bbox 614 2382 780 2440; x_wconf 87' lang='lat' dir='ltr'>alteri</span> <span class='ocrx_word' id='word_1_173' title='bbox 808 2383 930 2450; x_wconf 88' lang='lat' dir='ltr'>dat,</span> <span class='ocrx_word' id='word_1_174' title='bbox 962 2385 1028 2438; x_wconf 91' lang='lat' dir='ltr'>ut</span> <span class='ocrx_word' id='word_1_175' title='bbox 1051 2381 1314 2454; x_wconf 90' lang='lat' dir='ltr'>seipsum</span> <span class='ocrx_word' id='word_1_176' title='bbox 1345 2381 1594 2436; x_wconf 89' lang='lat' dir='ltr'>formam</span> <span class='ocrx_word' id='word_1_177' title='bbox 1627 2379 1755 2436; x_wconf 89' lang='lat' dir='ltr'>aliis</span> <span class='ocrx_word' id='word_1_178' title='bbox 1781 2399 1924 2453; x_wconf 67' lang='lat' dir='ltr'>prae-</span> 
     </span>
    </p>
   </div>
   <div class='ocr_carea' id='block_1_25' title="bbox 272 2469 1922 2546">
    <p class='ocr_par' dir='ltr' id='par_1_25' title="bbox 272 2469 1922 2546">
     <span class='ocr_line' id='line_1_25' title="bbox 272 2469 1922 2546; baseline -0.004 -13"><span class='ocrx_word' id='word_1_179' title='bbox 272 2476 406 2533; x_wconf 85' lang='lat' dir='ltr'>beat</span> <span class='ocrx_word' id='word_1_180' title='bbox 433 2474 505 2531; x_wconf 87' lang='lat' dir='ltr'>ad</span> <span class='ocrx_word' id='word_1_181' title='bbox 537 2471 869 2546; x_wconf 86' lang='lat' dir='ltr'>exemplum</span> <span class='ocrx_word' id='word_1_182' title='bbox 901 2471 1189 2527; x_wconf 90' lang='lat' dir='ltr'>bonorum</span> <span class='ocrx_word' id='word_1_183' title='bbox 1221 2487 1484 2544; x_wconf 89' lang='lat' dir='ltr'>operum,</span> <span class='ocrx_word' id='word_1_184' title='bbox 1536 2470 1595 2524; x_wconf 92' lang='lat' dir='ltr'>in</span> <span class='ocrx_word' id='word_1_185' title='bbox 1636 2469 1922 2540; x_wconf 89' lang='lat' dir='ltr'>doctrina,</span> 
     </span>
    </p>
   </div>
   <div class='ocr_carea' id='block_1_26' title="bbox 273 2557 1926 2637">
    <p class='ocr_par' dir='ltr' id='par_1_26' title="bbox 273 2557 1926 2637">
     <span class='ocr_line' id='line_1_26' title="bbox 273 2557 1926 2637; baseline -0.005 -16"><span class='ocrx_word' id='word_1_186' title='bbox 273 2565 336 2621; x_wconf 91' lang='lat' dir='ltr'>in</span> <span class='ocrx_word' id='word_1_187' title='bbox 364 2563 717 2637; x_wconf 84' lang='lat' dir='ltr'>integritate,</span> <span class='ocrx_word' id='word_1_188' title='bbox 748 2561 809 2617; x_wconf 88' lang='lat' dir='ltr'>in</span> <span class='ocrx_word' id='word_1_189' title='bbox 837 2560 1120 2634; x_wconf 85' lang='lat' dir='ltr'>gravitate</span> <span class='ocrx_word' id='word_1_190' title='bbox 1153 2579 1166 2616; x_wconf 92' lang='lat'><strong>:</strong></span> <span class='ocrx_word' id='word_1_191' title='bbox 1202 2565 1268 2615; x_wconf 91' lang='lat' dir='ltr'>ut</span> <span class='ocrx_word' id='word_1_192' title='bbox 1297 2559 1374 2636; x_wconf 77' lang='lat' dir='ltr'>sit</span> <span class='ocrx_word' id='word_1_193' title='bbox 1404 2560 1532 2631; x_wconf 84' lang='lat' dir='ltr'>ejus</span> <span class='ocrx_word' id='word_1_194' title='bbox 1554 2576 1746 2614; x_wconf 90' lang='lat' dir='ltr'>sermo</span> <span class='ocrx_word' id='word_1_195' title='bbox 1768 2557 1926 2614; x_wconf 86' lang='lat' dir='ltr'>salu-</span> 
     </span>
    </p>
   </div>
   <div class='ocr_carea' id='block_1_27' title="bbox 272 2646 1930 2724">
    <p class='ocr_par' dir='ltr' id='par_1_27' title="bbox 272 2646 1930 2724">
     <span class='ocr_line' id='line_1_27' title="bbox 272 2646 1930 2724; baseline -0.004 -16"><span class='ocrx_word' id='word_1_196' title='bbox 272 2651 396 2709; x_wconf 89' lang='lat' dir='ltr'>bris</span> <span class='ocrx_word' id='word_1_197' title='bbox 426 2655 602 2724; x_wconf 90' lang='lat' dir='ltr'>atque</span> <span class='ocrx_word' id='word_1_198' title='bbox 632 2649 1188 2722; x_wconf 88' lang='lat' dir='ltr'>irreprehensibilis,</span> <span class='ocrx_word' id='word_1_199' title='bbox 1237 2649 1549 2705; x_wconf 89' lang='lat' dir='ltr'>consilium</span> <span class='ocrx_word' id='word_1_200' title='bbox 1597 2646 1763 2720; x_wconf 89' lang='lat' dir='ltr'>utile,</span> <span class='ocrx_word' id='word_1_201' title='bbox 1810 2647 1930 2703; x_wconf 85' lang='lat' dir='ltr'>vita</span> 
     </span>
    </p>
   </div>
   <div class='ocr_carea' id='block_1_28' title="bbox 275 2736 1930 2812">
    <p class='ocr_par' dir='ltr' id='par_1_28' title="bbox 275 2736 1930 2812">
     <span class='ocr_line' id='line_1_28' title="bbox 275 2736 1930 2812; baseline -0.004 -14"><span class='ocrx_word' id='word_1_202' title='bbox 275 2741 545 2812; x_wconf 88' lang='lat' dir='ltr'>honesta,</span> <span class='ocrx_word' id='word_1_203' title='bbox 578 2737 872 2796; x_wconf 89' lang='lat' dir='ltr'>sententia</span> <span class='ocrx_word' id='word_1_204' title='bbox 900 2739 1130 2794; x_wconf 89' lang='lat' dir='ltr'>decora.</span> <span class='ocrx_word' id='word_1_205' title='bbox 1164 2737 1324 2794; x_wconf 88' lang='lat' dir='ltr'>Talis</span> <span class='ocrx_word' id='word_1_206' title='bbox 1377 2737 1556 2810; x_wconf 86' lang='lat' dir='ltr'>igitur</span> <span class='ocrx_word' id='word_1_207' title='bbox 1603 2736 1775 2792; x_wconf 88' lang='lat' dir='ltr'>debet</span> <span class='ocrx_word' id='word_1_208' title='bbox 1801 2753 1930 2792; x_wconf 90' lang='lat' dir='ltr'>esse</span> 
     </span>
    </p>
   </div>
   <div class='ocr_carea' id='block_1_29' title="bbox 277 2823 1928 2900">
    <p class='ocr_par' dir='ltr' id='par_1_29' title="bbox 277 2823 1928 2900">
     <span class='ocr_line' id='line_1_29' title="bbox 277 2823 1928 2900; baseline -0.005 -12"><span class='ocrx_word' id='word_1_209' title='bbox 277 2828 667 2897; x_wconf 88' lang='lat' dir='ltr'>consiliarius,</span> <span class='ocrx_word' id='word_1_210' title='bbox 700 2827 802 2900; x_wconf 91' lang='lat' dir='ltr'>qui</span> <span class='ocrx_word' id='word_1_211' title='bbox 825 2825 973 2882; x_wconf 89' lang='lat' dir='ltr'>nihil</span> <span class='ocrx_word' id='word_1_212' title='bbox 1003 2825 1356 2883; x_wconf 86' lang='lat' dir='ltr'>nebulosum</span> <span class='ocrx_word' id='word_1_213' title='bbox 1385 2826 1617 2896; x_wconf 86' lang='lat' dir='ltr'>habeat,</span> <span class='ocrx_word' id='word_1_214' title='bbox 1647 2823 1794 2880; x_wconf 89' lang='lat' dir='ltr'>nihil</span> <span class='ocrx_word' id='word_1_215' title='bbox 1823 2823 1928 2881; x_wconf 92' lang='lat' dir='ltr'>fal-</span> 
     </span>
    </p>
   </div>
   <div class='ocr_carea' id='block_1_30' title="bbox 275 2912 1929 2988">
    <p class='ocr_par' dir='ltr' id='par_1_30' title="bbox 275 2912 1929 2988">
     <span class='ocr_line' id='line_1_30' title="bbox 275 2912 1929 2988; baseline -0.006 -11"><span class='ocrx_word' id='word_1_216' title='bbox 275 2919 390 2988; x_wconf 86' lang='lat' dir='ltr'>lax,</span> <span class='ocrx_word' id='word_1_217' title='bbox 423 2917 569 2976; x_wconf 92' lang='lat' dir='ltr'>nihil</span> <span class='ocrx_word' id='word_1_218' title='bbox 599 2915 961 2985; x_wconf 90' lang='lat' dir='ltr'>fabulosum,</span> <span class='ocrx_word' id='word_1_219' title='bbox 992 2915 1138 2971; x_wconf 90' lang='lat' dir='ltr'>nihil</span> <span class='ocrx_word' id='word_1_220' title='bbox 1169 2915 1536 2983; x_wconf 88' lang='lat' dir='ltr'>simulatum,</span> <span class='ocrx_word' id='word_1_221' title='bbox 1571 2913 1728 2987; x_wconf 92' lang='lat' dir='ltr'>quod</span> <span class='ocrx_word' id='word_1_222' title='bbox 1748 2912 1929 2968; x_wconf 90' lang='lat' dir='ltr'>vitam</span> 
     </span>
    </p>
   </div>
   <div class='ocr_carea' id='block_1_31' title="bbox 277 3001 1930 3082">
    <p class='ocr_par' dir='ltr' id='par_1_31' title="bbox 277 3001 1930 3082">
     <span class='ocr_line' id='line_1_31' title="bbox 277 3001 1930 3082; baseline -0.005 -16"><span class='ocrx_word' id='word_1_223' title='bbox 277 3009 407 3082; x_wconf 86' lang='lat' dir='ltr'>ejus</span> <span class='ocrx_word' id='word_1_224' title='bbox 437 3024 504 3065; x_wconf 91' lang='lat' dir='ltr'>ac</span> <span class='ocrx_word' id='word_1_225' title='bbox 531 3023 726 3064; x_wconf 89' lang='lat' dir='ltr'>mores</span> <span class='ocrx_word' id='word_1_226' title='bbox 754 3003 1003 3074; x_wconf 84' lang='lat' dir='ltr'>refellat,</span> <span class='ocrx_word' id='word_1_227' title='bbox 1033 3003 1180 3060; x_wconf 90' lang='lat' dir='ltr'>nihil</span> <span class='ocrx_word' id='word_1_228' title='bbox 1206 3003 1542 3077; x_wconf 89' lang='lat' dir='ltr'>improbum</span> <span class='ocrx_word' id='word_1_229' title='bbox 1573 3019 1640 3058; x_wconf 90' lang='lat' dir='ltr'>ac</span> <span class='ocrx_word' id='word_1_230' title='bbox 1679 3001 1930 3058; x_wconf 87' lang='lat' dir='ltr'>malevo-</span> 
     </span>
    </p>
   </div>
   <div class='ocr_carea' id='block_1_32' title="bbox 277 3091 1930 3170">
    <p class='ocr_par' dir='ltr' id='par_1_32' title="bbox 277 3091 1930 3170">
     <span class='ocr_line' id='line_1_32' title="bbox 277 3091 1930 3170; baseline -0.004 -17"><span class='ocrx_word' id='word_1_231' title='bbox 277 3097 427 3166; x_wconf 92' lang='lat' dir='ltr'>lum,</span> <span class='ocrx_word' id='word_1_232' title='bbox 457 3095 611 3170; x_wconf 91' lang='lat' dir='ltr'>quod</span> <span class='ocrx_word' id='word_1_233' title='bbox 641 3097 861 3152; x_wconf 87' lang='lat' dir='ltr'>avertat</span> <span class='ocrx_word' id='word_1_234' title='bbox 889 3091 1425 3150; x_wconf 86' lang='lat' dir='ltr'>consulentes.Alia</span> <span class='ocrx_word' id='word_1_235' title='bbox 1454 3097 1594 3148; x_wconf 90' lang='lat' dir='ltr'>sunt</span> <span class='ocrx_word' id='word_1_236' title='bbox 1623 3091 1777 3148; x_wconf 89' lang='lat' dir='ltr'>enim</span> <span class='ocrx_word' id='word_1_237' title='bbox 1803 3107 1930 3164; x_wconf 81' lang='lat' dir='ltr'>quae</span> 
     </span>
    </p>
   </div>
   <div class='ocr_carea' id='block_1_33' title="bbox 181 3179 1932 3259">
    <p class='ocr_par' dir='ltr' id='par_1_33' title="bbox 181 3179 1932 3259">
     <span class='ocr_line' id='line_1_33' title="bbox 181 3179 1932 3259; baseline -0.005 -16"><span class='ocrx_word' id='word_1_238' title='bbox 181 3213 188 3218; x_wconf 91' lang='lat'><strong>-</strong></span> <span class='ocrx_word' id='word_1_239' title='bbox 278 3185 606 3259; x_wconf 87' lang='lat' dir='ltr'>fugiuntur,</span> <span class='ocrx_word' id='word_1_240' title='bbox 635 3183 751 3240; x_wconf 88' lang='lat' dir='ltr'>alia</span> <span class='ocrx_word' id='word_1_241' title='bbox 771 3199 900 3254; x_wconf 49' lang='lat' dir='ltr'>qua).</span> <span class='ocrx_word' id='word_1_242' title='bbox 929 3179 1696 3253; x_wconf 88' lang='lat' dir='ltr'>contemnuntur.Fugimus</span> <span class='ocrx_word' id='word_1_243' title='bbox 1715 3197 1784 3236; x_wconf 88' lang='lat' dir='ltr'>ea</span> <span class='ocrx_word' id='word_1_244' title='bbox 1804 3197 1932 3252; x_wconf 71' lang='lat' dir='ltr'>quae</span> 
     </span>
    </p>
   </div>
   <div class='ocr_carea' id='block_1_34' title="bbox 2038 691 3696 766">
    <p class='ocr_par' dir='ltr' id='par_1_34' title="bbox 2038 691 3696 766">
     <span class='ocr_line' id='line_1_34' title="bbox 2038 691 3696 766; baseline 0.003 -19"><span class='ocrx_word' id='word_1_245' title='bbox 2038 691 2362 749; x_wconf 86' lang='lat' dir='ltr'>lationibus&#39;</span> <span class='ocrx_word' id='word_1_246' title='bbox 2385 691 2878 766; x_wconf 87' lang='lat' dir='ltr'>decipiatur,quia</span> <span class='ocrx_word' id='word_1_247' title='bbox 2898 697 2988 750; x_wconf 89' lang='lat' dir='ltr'>est</span> <span class='ocrx_word' id='word_1_248' title='bbox 3017 709 3236 750; x_wconf 88' lang='lat' dir='ltr'>munus</span> <span class='ocrx_word' id='word_1_249' title='bbox 3257 711 3291 751; x_wconf 91' lang='lat' dir='ltr'>a</span> <span class='ocrx_word' id='word_1_250' title='bbox 3310 695 3696 764; x_wconf 88' lang='lat' dir='ltr'>dato,munus</span> 
     </span>
    </p>
   </div>
   <div class='ocr_carea' id='block_1_35' title="bbox 2041 781 3695 854">
    <p class='ocr_par' dir='ltr' id='par_1_35' title="bbox 2041 781 3695 854">
     <span class='ocr_line' id='line_1_35' title="bbox 2041 781 3695 854; baseline 0.002 -18"><span class='ocrx_word' id='word_1_251' title='bbox 2041 797 2076 836; x_wconf 88' lang='lat' dir='ltr'>a</span> <span class='ocrx_word' id='word_1_252' title='bbox 2105 781 2320 849; x_wconf 84' lang='lat' dir='ltr'>favore,</span> <span class='ocrx_word' id='word_1_253' title='bbox 2353 799 2573 836; x_wconf 90' lang='lat' dir='ltr'>munus</span> <span class='ocrx_word' id='word_1_254' title='bbox 2603 781 2676 836; x_wconf 90' lang='lat' dir='ltr'>ab</span> <span class='ocrx_word' id='word_1_255' title='bbox 2703 781 3006 854; x_wconf 87' lang='lat' dir='ltr'>obsequio.</span> <span class='ocrx_word' id='word_1_256' title='bbox 3039 783 3108 837; x_wconf 91' lang='lat' dir='ltr'>Et</span> <span class='ocrx_word' id='word_1_257' title='bbox 3138 782 3268 839; x_wconf 85' lang='lat' dir='ltr'>ideo</span> <span class='ocrx_word' id='word_1_258' title='bbox 3299 783 3472 840; x_wconf 87' lang='lat' dir='ltr'>debet</span> <span class='ocrx_word' id='word_1_259' title='bbox 3499 783 3695 840; x_wconf 88' lang='lat' dir='ltr'>omnis</span> 
     </span>
    </p>
   </div>
   <div class='ocr_carea' id='block_1_36' title="bbox 2031 870 3696 942">
    <p class='ocr_par' dir='ltr' id='par_1_36' title="bbox 2031 870 3696 942">
     <span class='ocr_line' id='line_1_36' title="bbox 2031 870 3696 942; baseline 0.001 -16"><span class='ocrx_word' id='word_1_260' title='bbox 2031 871 2215 942; x_wconf 78' lang='lat' dir='ltr'>judex</span> <span class='ocrx_word' id='word_1_261' title='bbox 2239 887 2438 926; x_wconf 86' lang='lat' dir='ltr'>cavere</span> <span class='ocrx_word' id='word_1_262' title='bbox 2472 887 2546 926; x_wconf 90' lang='lat' dir='ltr'>ne</span> <span class='ocrx_word' id='word_1_263' title='bbox 2589 871 2823 941; x_wconf 88' lang='lat' dir='ltr'>justum</span> <span class='ocrx_word' id='word_1_264' title='bbox 2848 870 3147 942; x_wconf 86' lang='lat' dir='ltr'>judicium</span> <span class='ocrx_word' id='word_1_265' title='bbox 3169 871 3510 940; x_wconf 89' lang='lat' dir='ltr'>vendat,aut</span> <span class='ocrx_word' id='word_1_266' title='bbox 3526 872 3696 929; x_wconf 86' lang='lat' dir='ltr'>testis</span> 
     </span>
    </p>
   </div>
   <div class='ocr_carea' id='block_1_37' title="bbox 2037 957 3693 1032">
    <p class='ocr_par' dir='ltr' id='par_1_37' title="bbox 2037 957 3693 1032">
     <span class='ocr_line' id='line_1_37' title="bbox 2037 957 3693 1032; baseline 0.001 -18"><span class='ocrx_word' id='word_1_267' title='bbox 2037 975 2240 1016; x_wconf 90' lang='lat' dir='ltr'>verum</span> <span class='ocrx_word' id='word_1_268' title='bbox 2273 957 2700 1028; x_wconf 89' lang='lat' dir='ltr'>testimonium,</span> <span class='ocrx_word' id='word_1_269' title='bbox 2735 962 2839 1015; x_wconf 92' lang='lat' dir='ltr'>aut</span> <span class='ocrx_word' id='word_1_270' title='bbox 2869 959 3185 1016; x_wconf 86' lang='lat' dir='ltr'>advocatus</span> <span class='ocrx_word' id='word_1_271' title='bbox 3214 959 3449 1031; x_wconf 86' lang='lat' dir='ltr'>justum</span> <span class='ocrx_word' id='word_1_272' title='bbox 3500 964 3693 1032; x_wconf 86' lang='lat' dir='ltr'>patro-</span> 
     </span>
    </p>
   </div>
   <div class='ocr_carea' id='block_1_38' title="bbox 2037 1047 3696 1120">
    <p class='ocr_par' dir='ltr' id='par_1_38' title="bbox 2037 1047 3696 1120">
     <span class='ocr_line' id='line_1_38' title="bbox 2037 1047 3696 1120; baseline 0.001 -16"><span class='ocrx_word' id='word_1_273' title='bbox 2037 1048 2280 1116; x_wconf 91' lang='lat' dir='ltr'>cinium,</span> <span class='ocrx_word' id='word_1_274' title='bbox 2314 1052 2372 1104; x_wconf 92' lang='lat' dir='ltr'>et</span> <span class='ocrx_word' id='word_1_275' title='bbox 2390 1047 2776 1120; x_wconf 86' lang='lat' dir='ltr'>jurisperitus</span> <span class='ocrx_word' id='word_1_276' title='bbox 2805 1065 3006 1104; x_wconf 88' lang='lat' dir='ltr'>verum</span> <span class='ocrx_word' id='word_1_277' title='bbox 3037 1047 3353 1104; x_wconf 90' lang='lat' dir='ltr'>consilium</span> <span class='ocrx_word' id='word_1_278' title='bbox 3381 1049 3696 1116; x_wconf 84' lang='lat' dir='ltr'>vendat,ne</span> 
     </span>
    </p>
   </div>
   <div class='ocr_carea' id='block_1_39' title="bbox 2037 1135 3696 1210">
    <p class='ocr_par' dir='ltr' id='par_1_39' title="bbox 2037 1135 3696 1210">
     <span class='ocr_line' id='line_1_39' title="bbox 2037 1135 3696 1210; baseline -0.001 -17"><span class='ocrx_word' id='word_1_279' title='bbox 2037 1137 2222 1206; x_wconf 78' lang='lat' dir='ltr'>Judze,</span> <span class='ocrx_word' id='word_1_280' title='bbox 2257 1137 2356 1210; x_wconf 92' lang='lat' dir='ltr'>qui</span> <span class='ocrx_word' id='word_1_281' title='bbox 2387 1135 2684 1192; x_wconf 88' lang='lat' dir='ltr'>Christum</span> <span class='ocrx_word' id='word_1_282' title='bbox 2717 1137 2817 1209; x_wconf 91' lang='lat' dir='ltr'>qui</span> <span class='ocrx_word' id='word_1_283' title='bbox 2847 1141 2937 1194; x_wconf 89' lang='lat' dir='ltr'>est</span> <span class='ocrx_word' id='word_1_284' title='bbox 2964 1137 3178 1194; x_wconf 88' lang='lat' dir='ltr'>veritas</span> <span class='ocrx_word' id='word_1_285' title='bbox 3209 1141 3267 1194; x_wconf 88' lang='lat' dir='ltr'>et</span> <span class='ocrx_word' id='word_1_286' title='bbox 3285 1135 3522 1208; x_wconf 90' lang='lat' dir='ltr'>justitia</span> <span class='ocrx_word' id='word_1_287' title='bbox 3552 1141 3696 1192; x_wconf 86' lang='lat' dir='ltr'>ve&#39;n-</span> 
     </span>
    </p>
   </div>
   <div class='ocr_carea' id='block_1_40' title="bbox 2037 1225 3696 1299">
    <p class='ocr_par' dir='ltr' id='par_1_40' title="bbox 2037 1225 3696 1299">
     <span class='ocr_line' id='line_1_40' title="bbox 2037 1225 3696 1299; baseline -0.001 -16"><span class='ocrx_word' id='word_1_288' title='bbox 2037 1227 2206 1296; x_wconf 90' lang='lat' dir='ltr'>didit,</span> <span class='ocrx_word' id='word_1_289' title='bbox 2233 1226 2430 1283; x_wconf 85' lang='lat' dir='ltr'>socius</span> <span class='ocrx_word' id='word_1_290' title='bbox 2462 1225 2660 1281; x_wconf 85' lang='lat' dir='ltr'>ﬁat.Et</span> <span class='ocrx_word' id='word_1_291' title='bbox 2679 1242 2753 1280; x_wconf 92' lang='lat' dir='ltr'>ne</span> <span class='ocrx_word' id='word_1_292' title='bbox 2775 1225 3092 1298; x_wconf 89' lang='lat' dir='ltr'>quisquam</span> <span class='ocrx_word' id='word_1_293' title='bbox 3119 1225 3178 1281; x_wconf 90' lang='lat' dir='ltr'>in</span> <span class='ocrx_word' id='word_1_294' title='bbox 3201 1225 3536 1299; x_wconf 86' lang='lat' dir='ltr'>principatu</span> <span class='ocrx_word' id='word_1_295' title='bbox 3558 1242 3696 1298; x_wconf 90' lang='lat' dir='ltr'>quo-</span> 
     </span>
    </p>
   </div>
   <div class='ocr_carea' id='block_1_41' title="bbox 2037 1313 3697 1388">
    <p class='ocr_par' dir='ltr' id='par_1_41' title="bbox 2037 1313 3697 1388">
     <span class='ocr_line' id='line_1_41' title="bbox 2037 1313 3697 1388; baseline -0.001 -16"><span class='ocrx_word' id='word_1_296' title='bbox 2037 1333 2271 1388; x_wconf 86' lang='lat' dir='ltr'>cunque</span> <span class='ocrx_word' id='word_1_297' title='bbox 2302 1313 2532 1387; x_wconf 85' lang='lat' dir='ltr'>positus</span> <span class='ocrx_word' id='word_1_298' title='bbox 2563 1313 3003 1370; x_wconf 85' lang='lat' dir='ltr'>adulationibus</span> <span class='ocrx_word' id='word_1_299' title='bbox 3022 1313 3367 1388; x_wconf 87' lang='lat' dir='ltr'>decipiatur,</span> <span class='ocrx_word' id='word_1_300' title='bbox 3385 1313 3697 1388; x_wconf 87' lang='lat' dir='ltr'>diligenter</span> 
     </span>
    </p>
   </div>
   <div class='ocr_carea' id='block_1_42' title="bbox 2025 1401 3692 1477">
    <p class='ocr_par' dir='ltr' id='par_1_42' title="bbox 2025 1401 3692 1477">
     <span class='ocr_line' id='line_1_42' title="bbox 2025 1401 3692 1477; baseline -0.001 -16"><span class='ocrx_word' id='word_1_301' title='bbox 2025 1405 2299 1461; x_wconf 86' lang='lat' dir='ltr'>&#39;attendat</span> <span class='ocrx_word' id='word_1_302' title='bbox 2327 1405 2481 1476; x_wconf 92' lang='lat' dir='ltr'>quod</span> <span class='ocrx_word' id='word_1_303' title='bbox 2514 1403 2576 1458; x_wconf 91' lang='lat' dir='ltr'>in</span> <span class='ocrx_word' id='word_1_304' title='bbox 2616 1403 2840 1476; x_wconf 83' lang='lat' dir='ltr'>Regum</span> <span class='ocrx_word' id='word_1_305' title='bbox 2869 1401 3116 1460; x_wconf 86' lang='lat' dir='ltr'>historia</span> <span class='ocrx_word' id='word_1_306' title='bbox 3144 1402 3362 1477; x_wconf 89' lang='lat' dir='ltr'>legitur</span> <span class='ocrx_word' id='word_1_307' title='bbox 3393 1419 3406 1460; x_wconf 91' lang='lat'><strong>:</strong></span> <span class='ocrx_word' id='word_1_308' title='bbox 3436 1403 3692 1460; x_wconf 84' lang='lat' dir='ltr'>Benadab</span> 
     </span>
    </p>
   </div>
   <div class='ocr_carea' id='block_1_43' title="bbox 2032 1491 3693 1568">
    <p class='ocr_par' dir='ltr' id='par_1_43' title="bbox 2032 1491 3693 1568">
     <span class='ocr_line' id='line_1_43' title="bbox 2032 1491 3693 1568; baseline 0 -20"><span class='ocrx_word' id='word_1_309' title='bbox 2032 1494 2260 1568; x_wconf 77' lang='lat' dir='ltr'>fugiens</span> <span class='ocrx_word' id='word_1_310' title='bbox 2301 1495 2585 1562; x_wconf 82' lang='lat' dir='ltr'>ingressus</span> <span class='ocrx_word' id='word_1_311' title='bbox 2630 1499 2711 1548; x_wconf 85' lang='lat' dir='ltr'>est</span> <span class='ocrx_word' id='word_1_312' title='bbox 2754 1493 3032 1548; x_wconf 87' lang='lat' dir='ltr'>civitatem</span> <span class='ocrx_word' id='word_1_313' title='bbox 3078 1493 3140 1548; x_wconf 87' lang='lat' dir='ltr'>in</span> <span class='ocrx_word' id='word_1_314' title='bbox 3183 1491 3520 1560; x_wconf 81' lang='lat' dir='ltr'>cubiculum,</span> <span class='ocrx_word' id='word_1_315' title='bbox 3553 1492 3693 1564; x_wconf 85' lang='lat' dir='ltr'>quod</span> 
     </span>
    </p>
   </div>
   <div class='ocr_carea' id='block_1_44' title="bbox 2033 1581 3693 1654">
    <p class='ocr_par' dir='ltr' id='par_1_44' title="bbox 2033 1581 3693 1654">
     <span class='ocr_line' id='line_1_44' title="bbox 2033 1581 3693 1654; baseline -0.001 -15"><span class='ocrx_word' id='word_1_316' title='bbox 2033 1591 2153 1640; x_wconf 87' lang='lat' dir='ltr'>erat</span> <span class='ocrx_word' id='word_1_317' title='bbox 2183 1585 2333 1638; x_wconf 86' lang='lat' dir='ltr'>intra</span> <span class='ocrx_word' id='word_1_318' title='bbox 2359 1581 2694 1648; x_wconf 80' lang='lat' dir='ltr'>cubiculum,</span> <span class='ocrx_word' id='word_1_319' title='bbox 2725 1581 3089 1654; x_wconf 74' lang='lat' dir='ltr'>dixeruntque</span> <span class='ocrx_word' id='word_1_320' title='bbox 3115 1582 3171 1637; x_wconf 88' lang='lat' dir='ltr'>ei</span> <span class='ocrx_word' id='word_1_321' title='bbox 3197 1583 3346 1638; x_wconf 83' lang='lat' dir='ltr'>servi</span> <span class='ocrx_word' id='word_1_322' title='bbox 3366 1581 3456 1637; x_wconf 83' lang='lat' dir='ltr'>sui</span> <span class='ocrx_word' id='word_1_323' title='bbox 3503 1599 3523 1636; x_wconf 91' lang='lat'><strong><em>:</em></strong></span> <span class='ocrx_word' id='word_1_324' title='bbox 3561 1581 3693 1638; x_wconf 86' lang='lat' dir='ltr'>Ecce</span> 
     </span>
    </p>
   </div>
   <div class='ocr_carea' id='block_1_45' title="bbox 2031 1671 3686 1744">
    <p class='ocr_par' dir='ltr' id='par_1_45' title="bbox 2031 1671 3686 1744">
     <span class='ocr_line' id='line_1_45' title="bbox 2031 1671 3686 1744; baseline -0.004 -14"><span class='ocrx_word' id='word_1_325' title='bbox 2031 1673 2369 1741; x_wconf 73' lang='lat' dir='ltr'>audivimus,</span> <span class='ocrx_word' id='word_1_326' title='bbox 2397 1672 2538 1744; x_wconf 87' lang='lat' dir='ltr'>quod</span> <span class='ocrx_word' id='word_1_327' title='bbox 2585 1687 2738 1740; x_wconf 85' lang='lat' dir='ltr'>reges</span> <span class='ocrx_word' id='word_1_328' title='bbox 2783 1671 2972 1727; x_wconf 88' lang='lat' dir='ltr'>domus</span> <span class='ocrx_word' id='word_1_329' title='bbox 3023 1671 3191 1727; x_wconf 88' lang='lat' dir='ltr'>Israel</span> <span class='ocrx_word' id='word_1_330' title='bbox 3238 1671 3523 1727; x_wconf 79' lang='lat' dir='ltr'>clementes</span> <span class='ocrx_word' id='word_1_331' title='bbox 3551 1671 3686 1727; x_wconf 88' lang='lat' dir='ltr'>sint.</span> 
     </span>
    </p>
   </div>
   <div class='ocr_carea' id='block_1_46' title="bbox 2030 1758 3692 1833">
    <p class='ocr_par' dir='ltr' id='par_1_46' title="bbox 2030 1758 3692 1833">
     <span class='ocr_line' id='line_1_46' title="bbox 2030 1758 3692 1833; baseline -0.004 -13"><span class='ocrx_word' id='word_1_332' title='bbox 2030 1768 2311 1820; x_wconf 80' lang='lat' dir='ltr'>Ponamus</span> <span class='ocrx_word' id='word_1_333' title='bbox 2341 1763 2528 1833; x_wconf 79' lang='lat' dir='ltr'>itaque</span> <span class='ocrx_word' id='word_1_334' title='bbox 2554 1776 2736 1818; x_wconf 85' lang='lat' dir='ltr'>saccos</span> <span class='ocrx_word' id='word_1_335' title='bbox 2768 1763 2830 1814; x_wconf 91' lang='lat' dir='ltr'>in</span> <span class='ocrx_word' id='word_1_336' title='bbox 2861 1759 3060 1815; x_wconf 87' lang='lat' dir='ltr'>lumbis</span> <span class='ocrx_word' id='word_1_337' title='bbox 3081 1759 3312 1826; x_wconf 77' lang='lat' dir='ltr'>nostris,</span> <span class='ocrx_word' id='word_1_338' title='bbox 3335 1765 3387 1814; x_wconf 87' lang='lat' dir='ltr'>et</span> <span class='ocrx_word' id='word_1_339' title='bbox 3410 1758 3692 1830; x_wconf 79' lang='lat' dir='ltr'>funiculos</span> 
     </span>
    </p>
   </div>
   <div class='ocr_carea' id='block_1_47' title="bbox 2031 1848 3686 1924">
    <p class='ocr_par' dir='ltr' id='par_1_47' title="bbox 2031 1848 3686 1924">
     <span class='ocr_line' id='line_1_47' title="bbox 2031 1848 3686 1924; baseline -0.004 -16"><span class='ocrx_word' id='word_1_340' title='bbox 2031 1855 2094 1909; x_wconf 88' lang='lat' dir='ltr'>in</span> <span class='ocrx_word' id='word_1_341' title='bbox 2123 1853 2397 1924; x_wconf 74' lang='lat' dir='ltr'>capitibus</span> <span class='ocrx_word' id='word_1_342' title='bbox 2425 1853 2648 1917; x_wconf 84' lang='lat' dir='ltr'>nostris,</span> <span class='ocrx_word' id='word_1_343' title='bbox 2689 1857 2750 1906; x_wconf 86' lang='lat' dir='ltr'>ut</span> <span class='ocrx_word' id='word_1_344' title='bbox 2797 1849 3143 1921; x_wconf 83' lang='lat' dir='ltr'>egrediamur</span> <span class='ocrx_word' id='word_1_345' title='bbox 3171 1848 3241 1903; x_wconf 87' lang='lat' dir='ltr'>ad</span> <span class='ocrx_word' id='word_1_346' title='bbox 3268 1852 3472 1916; x_wconf 54' lang='lat' dir='ltr'>reg‘cm&#39;</span> <span class='ocrx_word' id='word_1_347' title='bbox 3494 1848 3686 1915; x_wconf 82' lang='lat' dir='ltr'>Israel,</span> 
     </span>
    </p>
   </div>
   <div class='ocr_carea' id='block_1_48' title="bbox 2029 1937 3689 2014">
    <p class='ocr_par' dir='ltr' id='par_1_48' title="bbox 2029 1937 3689 2014">
     <span class='ocr_line' id='line_1_48' title="bbox 2029 1937 3689 2014; baseline -0.004 -15"><span class='ocrx_word' id='word_1_348' title='bbox 2029 1944 2264 2014; x_wconf 80' lang='lat' dir='ltr'>forsitan</span> <span class='ocrx_word' id='word_1_349' title='bbox 2319 1941 2554 1996; x_wconf 80' lang='lat' dir='ltr'>salvabit</span> <span class='ocrx_word' id='word_1_350' title='bbox 2606 1940 2823 1996; x_wconf 82' lang='lat' dir='ltr'>ani-mas</span> <span class='ocrx_word' id='word_1_351' title='bbox 2867 1945 3079 1995; x_wconf 87' lang='lat' dir='ltr'>nostras</span> <span class='ocrx_word' id='word_1_352' title='bbox 3134 1937 3234 2007; x_wconf 89' lang='lat' dir='ltr'>(III</span> <span class='ocrx_word' id='word_1_353' title='bbox 3286 1937 3412 2009; x_wconf 82' lang='lat' dir='ltr'>Reg.</span> <span class='ocrx_word' id='word_1_354' title='bbox 3466 1937 3689 2008; x_wconf 74' lang='lat' dir='ltr'>&#39;xx&#39;,‘30,</span> 
     </span>
    </p>
   </div>
   <div class='ocr_carea' id='block_1_49' title="bbox 2033 2024 3688 2100">
    <p class='ocr_par' dir='ltr' id='par_1_49' title="bbox 2033 2024 3688 2100">
     <span class='ocr_line' id='line_1_49' title="bbox 2033 2024 3688 2100; baseline -0.004 -13"><span class='ocrx_word' id='word_1_355' title='bbox 2033 2033 2144 2100; x_wconf 87' lang='grc'><strong>31).</strong></span> <span class='ocrx_word' id='word_1_356' title='bbox 2189 2034 2312 2098; x_wconf 91' lang='lat' dir='ltr'>Quo</span> <span class='ocrx_word' id='word_1_357' title='bbox 2351 2030 2504 2086; x_wconf 87' lang='lat' dir='ltr'>facto</span> <span class='ocrx_word' id='word_1_358' title='bbox 2551 2029 2823 2084; x_wconf 83' lang='lat' dir='ltr'>dixerunt</span> <span class='ocrx_word' id='word_1_359' title='bbox 2869 2027 2942 2082; x_wconf 90' lang='lat' dir='ltr'>ad</span> <span class='ocrx_word' id='word_1_360' title='bbox 2993 2043 3188 2100; x_wconf 84' lang='lat' dir='ltr'>regem</span> <span class='ocrx_word' id='word_1_361' title='bbox 3237 2024 3457 2083; x_wconf 87' lang='lat' dir='ltr'>Israel:</span> <span class='ocrx_word' id='word_1_362' title='bbox 3491 2025 3688 2082; x_wconf 77' lang='lat' dir='ltr'>Servus</span> 
     </span>
    </p>
   </div>
   <div class='ocr_carea' id='block_1_50' title="bbox 2035 2113 3690 2184">
    <p class='ocr_par' dir='ltr' id='par_1_50' title="bbox 2035 2113 3690 2184">
     <span class='ocr_line' id='line_1_50' title="bbox 2035 2113 3690 2184; baseline -0.005 -8"><span class='ocrx_word' id='word_1_363' title='bbox 2035 2130 2162 2177; x_wconf 87' lang='lat' dir='ltr'>tuus</span> <span class='ocrx_word' id='word_1_364' title='bbox 2187 2119 2442 2176; x_wconf 85' lang='lat' dir='ltr'>Benadab</span> <span class='ocrx_word' id='word_1_365' title='bbox 2469 2119 2603 2174; x_wconf 82' lang='lat' dir='ltr'>dicit</span> <span class='ocrx_word' id='word_1_366' title='bbox 2651 2137 2669 2172; x_wconf 90' lang='lat'><strong><em>:</em></strong></span> <span class='ocrx_word' id='word_1_367' title='bbox 2719 2117 2889 2184; x_wconf 87' lang='lat' dir='ltr'>Vivat,</span> <span class='ocrx_word' id='word_1_368' title='bbox 2941 2133 3033 2172; x_wconf 89' lang='lat' dir='ltr'>oro</span> <span class='ocrx_word' id='word_1_369' title='bbox 3080 2124 3150 2184; x_wconf 84' lang='lat' dir='ltr'>te,</span> <span class='ocrx_word' id='word_1_370' title='bbox 3198 2116 3390 2171; x_wconf 84' lang='lat' dir='ltr'>anima</span> <span class='ocrx_word' id='word_1_371' title='bbox 3434 2129 3574 2171; x_wconf 82' lang='lat' dir='ltr'>mea.</span> <span class='ocrx_word' id='word_1_372' title='bbox 3623 2113 3690 2169; x_wconf 84' lang='lat' dir='ltr'>Et</span> 
     </span>
    </p>
   </div>
   <div class='ocr_carea' id='block_1_51' title="bbox 2037 2202 3687 2277">
    <p class='ocr_par' dir='ltr' id='par_1_51' title="bbox 2037 2202 3687 2277">
     <span class='ocr_line' id='line_1_51' title="bbox 2037 2202 3687 2277; baseline -0.005 -11"><span class='ocrx_word' id='word_1_373' title='bbox 2037 2211 2132 2266; x_wconf 88' lang='lat' dir='ltr'>ille</span> <span class='ocrx_word' id='word_1_374' title='bbox 2158 2212 2282 2265; x_wconf 89' lang='lat' dir='ltr'>ait:</span> <span class='ocrx_word' id='word_1_375' title='bbox 2313 2208 2376 2264; x_wconf 88' lang='lat' dir='ltr'>Si</span> <span class='ocrx_word' id='word_1_376' title='bbox 2403 2209 2582 2264; x_wconf 87' lang='lat' dir='ltr'>adhuc</span> <span class='ocrx_word' id='word_1_377' title='bbox 2628 2208 2781 2274; x_wconf 84' lang='lat' dir='ltr'>vivit,</span> <span class='ocrx_word' id='word_1_378' title='bbox 2828 2207 3002 2277; x_wconf 84' lang='lat' dir='ltr'>frater</span> <span class='ocrx_word' id='word_1_379' title='bbox 3044 2221 3194 2261; x_wconf 88' lang='lat' dir='ltr'>meus</span> <span class='ocrx_word' id='word_1_380' title='bbox 3231 2211 3324 2261; x_wconf 78' lang='lat' dir='ltr'>est.</span> <span class='ocrx_word' id='word_1_381' title='bbox 3361 2202 3509 2271; x_wconf 77' lang='lat' dir='ltr'>Quod</span> <span class='ocrx_word' id='word_1_382' title='bbox 3538 2210 3687 2258; x_wconf 83' lang='lat' dir='ltr'>acce-</span> 
     </span>
    </p>
   </div>
   <div class='ocr_carea' id='block_1_52' title="bbox 2030 2296 3688 2370">
    <p class='ocr_par' dir='ltr' id='par_1_52' title="bbox 2030 2296 3688 2370">
     <span class='ocr_line' id='line_1_52' title="bbox 2030 2296 3688 2370; baseline -0.004 -17"><span class='ocrx_word' id='word_1_383' title='bbox 2030 2306 2232 2370; x_wconf 85' lang='lat' dir='ltr'>perunt</span> <span class='ocrx_word' id='word_1_384' title='bbox 2264 2300 2375 2352; x_wconf 86' lang='lat' dir='ltr'>viri</span> <span class='ocrx_word' id='word_1_385' title='bbox 2399 2313 2499 2368; x_wconf 87' lang='lat' dir='ltr'>pro</span> <span class='ocrx_word' id='word_1_386' title='bbox 2528 2298 2728 2362; x_wconf 85' lang='lat' dir='ltr'>omine,</span> <span class='ocrx_word' id='word_1_387' title='bbox 2769 2301 2822 2350; x_wconf 85' lang='lat' dir='ltr'>et</span> <span class='ocrx_word' id='word_1_388' title='bbox 2859 2296 3179 2366; x_wconf 81' lang='lat' dir='ltr'>festinantes</span> <span class='ocrx_word' id='word_1_389' title='bbox 3222 2301 3523 2364; x_wconf 86' lang='lat' dir='ltr'>rapuerunt</span> <span class='ocrx_word' id='word_1_390' title='bbox 3569 2304 3688 2347; x_wconf 89' lang='lat' dir='ltr'>ver-</span> 
     </span>
    </p>
   </div>
   <div class='ocr_carea' id='block_1_53' title="bbox 2038 2379 3690 2458">
    <p class='ocr_par' dir='ltr' id='par_1_53' title="bbox 2038 2379 3690 2458">
     <span class='ocr_line' id='line_1_53' title="bbox 2038 2379 3690 2458; baseline -0.005 -15"><span class='ocrx_word' id='word_1_391' title='bbox 2038 2390 2168 2443; x_wconf 90' lang='lat' dir='ltr'>bum</span> <span class='ocrx_word' id='word_1_392' title='bbox 2195 2403 2387 2442; x_wconf 74' lang='lat' dir='ltr'>eat-ore</span> <span class='ocrx_word' id='word_1_393' title='bbox 2414 2387 2530 2458; x_wconf 87' lang='lat' dir='ltr'>ejus</span> <span class='ocrx_word' id='word_1_394' title='bbox 2561 2393 2721 2456; x_wconf 84' lang='lat' dir='ltr'>atque</span> <span class='ocrx_word' id='word_1_395' title='bbox 2748 2383 3010 2438; x_wconf 75' lang='lat' dir='ltr'>dixerunt</span> <span class='ocrx_word' id='word_1_396' title='bbox 3045 2399 3064 2436; x_wconf 87' lang='lat'><strong><em>:</em></strong></span> <span class='ocrx_word' id='word_1_397' title='bbox 3107 2383 3296 2436; x_wconf 84' lang='lat' dir='ltr'>Frater</span> <span class='ocrx_word' id='word_1_398' title='bbox 3341 2389 3466 2436; x_wconf 81' lang='lat' dir='ltr'>tuus</span> <span class='ocrx_word' id='word_1_399' title='bbox 3513 2379 3690 2436; x_wconf 85' lang='lat' dir='ltr'>Bena-</span> 
     </span>
    </p>
   </div>
   <div class='ocr_carea' id='block_1_54' title="bbox 2035 2468 3693 2533">
    <p class='ocr_par' dir='ltr' id='par_1_54' title="bbox 2035 2468 3693 2533">
     <span class='ocr_line' id='line_1_54' title="bbox 2035 2468 3693 2533; baseline -0.005 -1"><span class='ocrx_word' id='word_1_400' title='bbox 2035 2477 2160 2533; x_wconf 84' lang='lat' dir='ltr'>dab.</span> <span class='ocrx_word' id='word_1_401' title='bbox 2191 2477 2257 2532; x_wconf 83' lang='lat' dir='ltr'>Et</span> <span class='ocrx_word' id='word_1_402' title='bbox 2283 2475 2432 2531; x_wconf 72' lang='lat' dir='ltr'>dixit</span> <span class='ocrx_word' id='word_1_403' title='bbox 2459 2476 2538 2531; x_wconf 87' lang='lat' dir='ltr'>eis</span> <span class='ocrx_word' id='word_1_404' title='bbox 2569 2490 2670 2530; x_wconf 73' lang='lat' dir='ltr'>rex</span> <span class='ocrx_word' id='word_1_405' title='bbox 2699 2475 2748 2528; x_wconf 86' lang='lat' dir='ltr'>Is</span> <span class='ocrx_word' id='word_1_406' title='bbox 2767 2473 2870 2528; x_wconf 71' lang='lat' dir='ltr'>uel</span> <span class='ocrx_word' id='word_1_407' title='bbox 2901 2491 2919 2526; x_wconf 89' lang='lat'><em>:</em></span> <span class='ocrx_word' id='word_1_408' title='bbox 2951 2473 3025 2527; x_wconf 83' lang='lat' dir='ltr'>Ite</span> <span class='ocrx_word' id='word_1_409' title='bbox 3071 2479 3122 2526; x_wconf 87' lang='lat' dir='ltr'>et</span> <span class='ocrx_word' id='word_1_410' title='bbox 3166 2469 3418 2525; x_wconf 64' lang='lat' dir='ltr'>adducite</span> <span class='ocrx_word' id='word_1_411' title='bbox 3461 2485 3582 2526; x_wconf 86' lang='lat' dir='ltr'>eum</span> <span class='ocrx_word' id='word_1_412' title='bbox 3621 2468 3693 2524; x_wconf 85' lang='lat' dir='ltr'>ad</span> 
     </span>
    </p>
   </div>
   <div class='ocr_carea' id='block_1_55' title="bbox 2035 2557 3690 2635">
    <p class='ocr_par' dir='ltr' id='par_1_55' title="bbox 2035 2557 3690 2635">
     <span class='ocr_line' id='line_1_55' title="bbox 2035 2557 3690 2635; baseline -0.004 -15"><span class='ocrx_word' id='word_1_413' title='bbox 2035 2582 2123 2622; x_wconf 89' lang='lat' dir='ltr'>me</span> <span class='ocrx_word' id='word_1_414' title='bbox 2151 2565 2338 2634; x_wconf 88' lang='lat' dir='ltr'>(ibid.,</span> <span class='ocrx_word' id='word_1_415' title='bbox 2371 2565 2460 2631; x_wconf 90' lang='lat'>32,</span> <span class='ocrx_word' id='word_1_416' title='bbox 2497 2562 2608 2635; x_wconf 89' lang='lat'>33).</span> <span class='ocrx_word' id='word_1_417' title='bbox 2661 2565 2786 2628; x_wconf 92' lang='lat' dir='ltr'>Quo</span> <span class='ocrx_word' id='word_1_418' title='bbox 2833 2559 3122 2624; x_wconf 83' lang='lat' dir='ltr'>veniente,</span> <span class='ocrx_word' id='word_1_419' title='bbox 3173 2557 3393 2632; x_wconf 84' lang='lat' dir='ltr'>pepigit</span> <span class='ocrx_word' id='word_1_420' title='bbox 3439 2574 3574 2614; x_wconf 90' lang='lat' dir='ltr'>cum</span> <span class='ocrx_word' id='word_1_421' title='bbox 3623 2573 3690 2614; x_wconf 89' lang='lat' dir='ltr'>eo</span> 
     </span>
    </p>
   </div>
   <div class='ocr_carea' id='block_1_56' title="bbox 2039 2645 3687 2721">
    <p class='ocr_par' dir='ltr' id='par_1_56' title="bbox 2039 2645 3687 2721">
     <span class='ocr_line' id='line_1_56' title="bbox 2039 2645 3687 2721; baseline -0.005 -11"><span class='ocrx_word' id='word_1_422' title='bbox 2039 2655 2250 2721; x_wconf 75' lang='lat' dir='ltr'>fmdus,</span> <span class='ocrx_word' id='word_1_423' title='bbox 2303 2651 2530 2708; x_wconf 88' lang='lat' dir='ltr'>dimisit</span> <span class='ocrx_word' id='word_1_424' title='bbox 2575 2667 2733 2708; x_wconf 87' lang='lat' dir='ltr'>eum.</span> <span class='ocrx_word' id='word_1_425' title='bbox 2787 2650 2949 2706; x_wconf 89' lang='lat' dir='ltr'>Unde</span> <span class='ocrx_word' id='word_1_426' title='bbox 3002 2647 3228 2704; x_wconf 69' lang='lat' dir='ltr'>audivxt</span> <span class='ocrx_word' id='word_1_427' title='bbox 3276 2663 3311 2703; x_wconf 92' lang='lat' dir='ltr'>a</span> <span class='ocrx_word' id='word_1_428' title='bbox 3358 2645 3687 2720; x_wconf 83' lang='lat' dir='ltr'>propheta:</span> 
     </span>
    </p>
   </div>
   <div class='ocr_carea' id='block_1_57' title="bbox 2041 2733 3690 2812">
    <p class='ocr_par' dir='ltr' id='par_1_57' title="bbox 2041 2733 3690 2812">
     <span class='ocr_line' id='line_1_57' title="bbox 2041 2733 3690 2812; baseline -0.006 -12"><span class='ocrx_word' id='word_1_429' title='bbox 2041 2743 2182 2812; x_wconf 86' lang='lat' dir='ltr'>Quia</span> <span class='ocrx_word' id='word_1_430' title='bbox 2209 2741 2477 2798; x_wconf 70' lang='lat' dir='ltr'>dimisisti</span> <span class='ocrx_word' id='word_1_431' title='bbox 2519 2741 2705 2796; x_wconf 87' lang='lat' dir='ltr'>virum</span> <span class='ocrx_word' id='word_1_432' title='bbox 2751 2738 2980 2810; x_wconf 82' lang='lat' dir='ltr'>dignum</span> <span class='ocrx_word' id='word_1_433' title='bbox 3023 2742 3196 2792; x_wconf 86' lang='lat' dir='ltr'>morte</span> <span class='ocrx_word' id='word_1_434' title='bbox 3242 2733 3308 2790; x_wconf 85' lang='lat' dir='ltr'>de</span> <span class='ocrx_word' id='word_1_435' title='bbox 3353 2743 3528 2790; x_wconf 78' lang='lat' dir='ltr'>manu</span> <span class='ocrx_word' id='word_1_436' title='bbox 3575 2741 3690 2799; x_wconf 88' lang='lat' dir='ltr'>tua,</span> 
     </span>
    </p>
   </div>
   <div class='ocr_carea' id='block_1_58' title="bbox 2037 2823 3694 2900">
    <p class='ocr_par' dir='ltr' id='par_1_58' title="bbox 2037 2823 3694 2900">
     <span class='ocr_line' id='line_1_58' title="bbox 2037 2823 3694 2900; baseline -0.005 -11"><span class='ocrx_word' id='word_1_437' title='bbox 2037 2833 2145 2889; x_wconf 87' lang='lat' dir='ltr'>erit</span> <span class='ocrx_word' id='word_1_438' title='bbox 2170 2831 2361 2887; x_wconf 88' lang='lat' dir='ltr'>anima</span> <span class='ocrx_word' id='word_1_439' title='bbox 2405 2837 2500 2885; x_wconf 87' lang='lat' dir='ltr'>tua</span> <span class='ocrx_word' id='word_1_440' title='bbox 2544 2843 2643 2900; x_wconf 88' lang='lat' dir='ltr'>pro</span> <span class='ocrx_word' id='word_1_441' title='bbox 2688 2829 2880 2884; x_wconf 85' lang='lat' dir='ltr'>anima</span> <span class='ocrx_word' id='word_1_442' title='bbox 2907 2827 3046 2897; x_wconf 87' lang='lat' dir='ltr'>ejus,</span> <span class='ocrx_word' id='word_1_443' title='bbox 3079 2831 3130 2880; x_wconf 87' lang='lat' dir='ltr'>et</span> <span class='ocrx_word' id='word_1_444' title='bbox 3153 2823 3389 2896; x_wconf 82' lang='lat' dir='ltr'>populus</span> <span class='ocrx_word' id='word_1_445' title='bbox 3439 2831 3567 2880; x_wconf 88' lang='lat' dir='ltr'>tuus</span> <span class='ocrx_word' id='word_1_446' title='bbox 3591 2837 3694 2894; x_wconf 88' lang='lat' dir='ltr'>pro</span> 
     </span>
    </p>
   </div>
   <div class='ocr_carea' id='block_1_59' title="bbox 2034 2905 3597 2986">
    <p class='ocr_par' dir='ltr' id='par_1_59' title="bbox 2034 2905 3597 2986">
     <span class='ocr_line' id='line_1_59' title="bbox 2034 2905 3597 2986; baseline -0.014 -16"><span class='ocrx_word' id='word_1_447' title='bbox 2034 2912 2234 2986; x_wconf 88' lang='lat' dir='ltr'>populo</span> <span class='ocrx_word' id='word_1_448' title='bbox 2263 2913 2380 2984; x_wconf 85' lang='lat' dir='ltr'>ejus</span> <span class='ocrx_word' id='word_1_449' title='bbox 2400 2909 2587 2979; x_wconf 85' lang='lat' dir='ltr'>(ibid.,</span> <span class='ocrx_word' id='word_1_450' title='bbox 2619 2905 2730 2980; x_wconf 78' lang='grc'>42).</span> <span class='ocrx_word' id='word_1_451' title='bbox 3593 2923 3597 2926; x_wconf 82' lang='grc'><strong>·</strong></span> 
     </span>
    </p>
   </div>
   <div class='ocr_carea' id='block_1_60' title="bbox 2110 2989 3698 3066">
    <p class='ocr_par' dir='ltr' id='par_1_60' title="bbox 2110 2989 3698 3066">
     <span class='ocr_line' id='line_1_60' title="bbox 2110 2989 3698 3066; baseline -0.007 -9"><span class='ocrx_word' id='word_1_452' title='bbox 2110 3005 2244 3057; x_wconf 81' lang='lat' dir='ltr'>CAP.</span> <span class='ocrx_word' id='word_1_453' title='bbox 2275 2999 2364 3056; x_wconf 80' lang='lat' dir='ltr'>XI.</span> <span class='ocrx_word' id='word_1_454' title='bbox 2415 2997 2528 3056; x_wconf 88' lang='lat' dir='ltr'>Sed</span> <span class='ocrx_word' id='word_1_455' title='bbox 2576 2999 2636 3052; x_wconf 89' lang='lat' dir='ltr'>et</span> <span class='ocrx_word' id='word_1_456' title='bbox 2681 2995 3004 3052; x_wconf 88' lang='lat' dir='ltr'>cavendum</span> <span class='ocrx_word' id='word_1_457' title='bbox 3053 2995 3144 3050; x_wconf 91' lang='lat' dir='ltr'>est</span> <span class='ocrx_word' id='word_1_458' title='bbox 3187 2989 3573 3066; x_wconf 86' lang='lat' dir='ltr'>principibus,</span> <span class='ocrx_word' id='word_1_459' title='bbox 3622 3005 3698 3046; x_wconf 89' lang='lat' dir='ltr'>ne</span> 
     </span>
    </p>
   </div>
   <div class='ocr_carea' id='block_1_61' title="bbox 2041 3077 3698 3156">
    <p class='ocr_par' dir='ltr' id='par_1_61' title="bbox 2041 3077 3698 3156">
     <span class='ocr_line' id='line_1_61' title="bbox 2041 3077 3698 3156; baseline -0.008 -9"><span class='ocrx_word' id='word_1_460' title='bbox 2041 3090 2459 3148; x_wconf 88' lang='lat' dir='ltr'>sceleratorum</span> <span class='ocrx_word' id='word_1_461' title='bbox 2481 3083 2757 3142; x_wconf 88' lang='lat' dir='ltr'>amicitiis</span> <span class='ocrx_word' id='word_1_462' title='bbox 2780 3078 3332 3156; x_wconf 86' lang='lat' dir='ltr'>conjungantur,vel</span> <span class='ocrx_word' id='word_1_463' title='bbox 3350 3077 3698 3152; x_wconf 90' lang='lat' dir='ltr'>hujusmodi</span> 
     </span>
    </p>
   </div>
   <div class='ocr_carea' id='block_1_62' title="bbox 2041 3167 3696 3247">
    <p class='ocr_par' dir='ltr' id='par_1_62' title="bbox 2041 3167 3696 3247">
     <span class='ocr_line' id='line_1_62' title="bbox 2041 3167 3696 3247; baseline -0.007 -11"><span class='ocrx_word' id='word_1_464' title='bbox 2041 3180 2102 3236; x_wconf 90' lang='lat' dir='ltr'>in</span> <span class='ocrx_word' id='word_1_465' title='bbox 2131 3177 2527 3236; x_wconf 86' lang='lat' dir='ltr'>familiaritate</span> <span class='ocrx_word' id='word_1_466' title='bbox 2556 3173 2907 3247; x_wconf 86' lang='lat' dir='ltr'>suscipiant.</span> <span class='ocrx_word' id='word_1_467' title='bbox 2942 3195 2970 3222; x_wconf 88' lang='grc'>‹‹</span> <span class='ocrx_word' id='word_1_468' title='bbox 3005 3169 3316 3237; x_wconf 89' lang='lat' dir='ltr'>Malorum,</span> <span class='ocrx_word' id='word_1_469' title='bbox 3347 3167 3541 3242; x_wconf 88' lang='lat' dir='ltr'>inquit</span> <span class='ocrx_word' id='word_1_470' title='bbox 3559 3169 3696 3225; x_wconf 88' lang='lat' dir='ltr'>bea-</span> 
     </span>
    </p>
   </div>
   <div class='ocr_carea' id='block_1_63' title="bbox 281 3255 3699 3350">
    <p class='ocr_par' dir='ltr' id='par_1_63' title="bbox 281 3255 3699 3350">
     <span class='ocr_line' id='line_1_63' title="bbox 281 3255 3699 3350; baseline -0.005 -18"><span class='ocrx_word' id='word_1_471' title='bbox 281 3255 531 3350; x_wconf 67' lang='lat' dir='ltr'>possunt</span> <span class='ocrx_word' id='word_1_472' title='bbox 560 3289 788 3341; x_wconf 88' lang='lat' dir='ltr'>nocere,</span> <span class='ocrx_word' id='word_1_473' title='bbox 821 3289 951 3344; x_wconf 68' lang='lat' dir='ltr'>quae</span> <span class='ocrx_word' id='word_1_474' title='bbox 1001 3269 1294 3327; x_wconf 89' lang='lat' dir='ltr'>malitiose</span> <span class='ocrx_word' id='word_1_475' title='bbox 1342 3272 1592 3342; x_wconf 88' lang='lat' dir='ltr'>possunt</span> <span class='ocrx_word' id='word_1_476' title='bbox 1629 3269 1689 3324; x_wconf 89' lang='lat' dir='ltr'>in</span> <span class='ocrx_word' id='word_1_477' title='bbox 1719 3286 1929 3325; x_wconf 84' lang='lat' dir='ltr'>noxam</span> <span class='ocrx_word' id='word_1_478' title='bbox 1969 3343 2002 3350; x_wconf 76' lang='lat'><strong>_</strong></span> <span class='ocrx_word' id='word_1_479' title='bbox 2042 3274 2142 3326; x_wconf 87' lang='lat' dir='ltr'>tus</span> <span class='ocrx_word' id='word_1_480' title='bbox 2171 3266 2486 3340; x_wconf 89' lang='lat' dir='ltr'>Gregorius</span> <span class='ocrx_word' id='word_1_481' title='bbox 2515 3265 2750 3338; x_wconf 83' lang='lat' dir='ltr'>(Pastor.</span> <span class='ocrx_word' id='word_1_482' title='bbox 2783 3261 2884 3318; x_wconf 91' lang='lat' dir='ltr'>lib.</span> <span class='ocrx_word' id='word_1_483' title='bbox 2915 3279 2998 3350; x_wconf 74' lang='lat' dir='ltr'>in,</span> <span class='ocrx_word' id='word_1_484' title='bbox 3031 3277 3160 3332; x_wconf 90' lang='lat' dir='ltr'>cap.</span> <span class='ocrx_word' id='word_1_485' title='bbox 3181 3257 3437 3350; x_wconf 74' lang='lat' dir='ltr'>22),cun_i</span> <span class='ocrx_word' id='word_1_486' title='bbox 3464 3255 3699 3350; x_wconf 79' lang='lat' dir='ltr'>incaute</span> 
     </span>
    </p>
   </div>
   <div class='ocr_carea' id='block_1_64' title="bbox 279 3343 3696 3436">
    <p class='ocr_par' dir='ltr' id='par_1_64' title="bbox 279 3343 3696 3436">
     <span class='ocr_line' id='line_1_64' title="bbox 279 3343 3696 3436; baseline -0.006 -14"><span class='ocrx_word' id='word_1_487' title='bbox 279 3343 534 3436; x_wconf 76' lang='lat' dir='ltr'>serpere,</span> <span class='ocrx_word' id='word_1_488' title='bbox 565 3367 630 3418; x_wconf 88' lang='lat' dir='ltr'>ut</span> <span class='ocrx_word' id='word_1_489' title='bbox 659 3361 707 3417; x_wconf 92' lang='lat' dir='ltr'>si</span> <span class='ocrx_word' id='word_1_490' title='bbox 738 3361 790 3418; x_wconf 91' lang='lat' dir='ltr'>is</span> <span class='ocrx_word' id='word_1_491' title='bbox 820 3343 922 3433; x_wconf 84' lang='lat' dir='ltr'>qui</span> <span class='ocrx_word' id='word_1_492' title='bbox 973 3359 1318 3427; x_wconf 89' lang='lat' dir='ltr'>consulitur,</span> <span class='ocrx_word' id='word_1_493' title='bbox 1351 3358 1533 3414; x_wconf 91' lang='lat' dir='ltr'>dubia</span> <span class='ocrx_word' id='word_1_494' title='bbox 1577 3357 1655 3414; x_wconf 89' lang='lat' dir='ltr'>sit</span> <span class='ocrx_word' id='word_1_495' title='bbox 1699 3358 1835 3427; x_wconf 84' lang='lat' dir='ltr'>ﬁde,</span> <span class='ocrx_word' id='word_1_496' title='bbox 1877 3361 1936 3414; x_wconf 90' lang='lat' dir='ltr'>et</span> <span class='ocrx_word' id='word_1_497' title='bbox 1960 3343 2004 3412; x_wconf 83' lang='lat' dir='ltr'>C</span> <span class='ocrx_word' id='word_1_498' title='bbox 2041 3357 2319 3417; x_wconf 87' lang='lat' dir='ltr'>amicitiis</span> <span class='ocrx_word' id='word_1_499' title='bbox 2340 3355 2672 3428; x_wconf 89' lang='lat' dir='ltr'>jungimur,</span> <span class='ocrx_word' id='word_1_500' title='bbox 2696 3351 2886 3424; x_wconf 91' lang='lat' dir='ltr'>culpis</span> <span class='ocrx_word' id='word_1_501' title='bbox 2915 3346 3362 3436; x_wconf 86' lang='lat' dir='ltr'>ligamur.Unde</span> <span class='ocrx_word' id='word_1_502' title='bbox 3389 3345 3696 3436; x_wconf 54' lang='lat' dir='ltr'>losaphat,</span> 
     </span>
    </p>
   </div>
   <div class='ocr_carea' id='block_1_65' title="bbox 278 3445 1931 3528">
    <p class='ocr_par' dir='ltr' id='par_1_65' title="bbox 278 3445 1931 3528">
     <span class='ocr_line' id='line_1_65' title="bbox 278 3445 1931 3528; baseline -0.004 -18"><span class='ocrx_word' id='word_1_503' title='bbox 278 3451 538 3528; x_wconf 68' lang='lat' dir='ltr'>pecuniae</span> <span class='ocrx_word' id='word_1_504' title='bbox 569 3451 792 3508; x_wconf 89' lang='lat' dir='ltr'>avidus.</span> <span class='ocrx_word' id='word_1_505' title='bbox 827 3453 890 3506; x_wconf 89' lang='lat' dir='ltr'>ut</span> <span class='ocrx_word' id='word_1_506' title='bbox 919 3449 1108 3524; x_wconf 90' lang='lat' dir='ltr'>possit</span> <span class='ocrx_word' id='word_1_507' title='bbox 1135 3448 1320 3522; x_wconf 87' lang='lat' dir='ltr'>pretio</span> <span class='ocrx_word' id='word_1_508' title='bbox 1354 3446 1658 3516; x_wconf 86' lang='lat' dir='ltr'>mutari,si</span> <span class='ocrx_word' id='word_1_509' title='bbox 1685 3445 1931 3520; x_wconf 81' lang='lat' dir='ltr'>injurin-</span> 
     </span>
    </p>
   </div>
   <div class='ocr_carea' id='block_1_66' title="bbox 280 3535 1930 3613">
    <p class='ocr_par' dir='ltr' id='par_1_66' title="bbox 280 3535 1930 3613">
     <span class='ocr_line' id='line_1_66' title="bbox 280 3535 1930 3613; baseline -0.004 -14"><span class='ocrx_word' id='word_1_510' title='bbox 280 3540 513 3608; x_wconf 89' lang='lat' dir='ltr'>sus,hic</span> <span class='ocrx_word' id='word_1_511' title='bbox 543 3539 780 3613; x_wconf 39' lang='lat' dir='ltr'>fugitur,</span> <span class='ocrx_word' id='word_1_512' title='bbox 794 3555 862 3596; x_wconf 88' lang='lat' dir='ltr'>ac</span> <span class='ocrx_word' id='word_1_513' title='bbox 892 3537 1356 3604; x_wconf 78' lang='lat' dir='ltr'>declinatur.Qui</span> <span class='ocrx_word' id='word_1_514' title='bbox 1385 3554 1517 3594; x_wconf 89' lang='lat' dir='ltr'>vero</span> <span class='ocrx_word' id='word_1_515' title='bbox 1545 3535 1930 3610; x_wconf 82' lang='lat' dir='ltr'>voluptarius,</span> 
     </span>
    </p>
   </div>
   <div class='ocr_carea' id='block_1_67' title="bbox 279 3627 1936 3703">
    <p class='ocr_par' dir='ltr' id='par_1_67' title="bbox 279 3627 1936 3703">
     <span class='ocr_line' id='line_1_67' title="bbox 279 3627 1936 3703; baseline -0.005 -14"><span class='ocrx_word' id='word_1_516' title='bbox 279 3633 698 3703; x_wconf 88' lang='lat' dir='ltr'>intemperans,</span> <span class='ocrx_word' id='word_1_517' title='bbox 727 3632 786 3684; x_wconf 89' lang='lat' dir='ltr'>et</span> <span class='ocrx_word' id='word_1_518' title='bbox 813 3628 862 3684; x_wconf 91' lang='lat' dir='ltr'>si</span> <span class='ocrx_word' id='word_1_519' title='bbox 893 3627 1120 3685; x_wconf 83' lang='lat' dir='ltr'>alienus</span> <span class='ocrx_word' id='word_1_520' title='bbox 1151 3645 1186 3684; x_wconf 91' lang='lat' dir='ltr'>a</span> <span class='ocrx_word' id='word_1_521' title='bbox 1215 3627 1440 3694; x_wconf 85' lang='lat' dir='ltr'>fraude,</span> <span class='ocrx_word' id='word_1_522' title='bbox 1466 3630 1677 3682; x_wconf 63' lang='lat' dir='ltr'>tamen</span> <span class='ocrx_word' id='word_1_523' title='bbox 1726 3643 1936 3682; x_wconf 90' lang='lat' dir='ltr'>avarus</span> 
     </span>
    </p>
   </div>
   <div class='ocr_carea' id='block_1_68' title="bbox 281 3715 1931 3792">
    <p class='ocr_par' dir='ltr' id='par_1_68' title="bbox 281 3715 1931 3792">
     <span class='ocr_line' id='line_1_68' title="bbox 281 3715 1931 3792; baseline -0.005 -14"><span class='ocrx_word' id='word_1_524' title='bbox 281 3725 340 3779; x_wconf 91' lang='lat' dir='ltr'>et</span> <span class='ocrx_word' id='word_1_525' title='bbox 369 3718 636 3792; x_wconf 90' lang='lat' dir='ltr'>cupidior</span> <span class='ocrx_word' id='word_1_526' title='bbox 653 3717 804 3774; x_wconf 93' lang='lat' dir='ltr'>lucri</span> <span class='ocrx_word' id='word_1_527' title='bbox 831 3717 1046 3790; x_wconf 88' lang='lat' dir='ltr'>turpis,</span> <span class='ocrx_word' id='word_1_528' title='bbox 1077 3717 1174 3774; x_wconf 90' lang='lat' dir='ltr'>hic</span> <span class='ocrx_word' id='word_1_529' title='bbox 1197 3715 1614 3772; x_wconf 90' lang='lat' dir='ltr'>contemnitur.</span> <span class='ocrx_word' id='word_1_530' title='bbox 1647 3715 1799 3788; x_wconf 86' lang='lat' dir='ltr'>(Cap.</span> <span class='ocrx_word' id='word_1_531' title='bbox 1823 3715 1931 3786; x_wconf 90' lang='grc'>11).</span> 
     </span>
    </p>
   </div>
   <div class='ocr_carea' id='block_1_69' title="bbox 282 3803 1938 3878">
    <p class='ocr_par' dir='ltr' id='par_1_69' title="bbox 282 3803 1938 3878">
     <span class='ocr_line' id='line_1_69' title="bbox 282 3803 1938 3878; baseline -0.004 -13"><span class='ocrx_word' id='word_1_532' title='bbox 282 3808 424 3876; x_wconf 88' lang='lat' dir='ltr'>Quis</span> <span class='ocrx_word' id='word_1_533' title='bbox 450 3807 610 3864; x_wconf 91' lang='lat' dir='ltr'>enim</span> <span class='ocrx_word' id='word_1_534' title='bbox 638 3807 698 3862; x_wconf 92' lang='lat' dir='ltr'>in</span> <span class='ocrx_word' id='word_1_535' title='bbox 731 3823 894 3863; x_wconf 71' lang='lat' dir='ltr'>caano</span> <span class='ocrx_word' id='word_1_536' title='bbox 919 3806 1139 3862; x_wconf 90' lang='lat' dir='ltr'>fontem</span> <span class='ocrx_word' id='word_1_537' title='bbox 1161 3805 1466 3878; x_wconf 85' lang='lat' dir='ltr'>requirat?</span> <span class='ocrx_word' id='word_1_538' title='bbox 1497 3805 1630 3876; x_wconf 89' lang='lat' dir='ltr'>quis</span> <span class='ocrx_word' id='word_1_539' title='bbox 1651 3821 1682 3860; x_wconf 92' lang='lat' dir='ltr'>e</span> <span class='ocrx_word' id='word_1_540' title='bbox 1703 3803 1938 3859; x_wconf 88' lang='lat' dir='ltr'>turbida</span> 
     </span>
    </p>
   </div>
   <div class='ocr_carea' id='block_1_70' title="bbox 282 3891 1940 3972">
    <p class='ocr_par' dir='ltr' id='par_1_70' title="bbox 282 3891 1940 3972">
     <span class='ocr_line' id='line_1_70' title="bbox 282 3891 1940 3972; baseline -0.006 -17"><span class='ocrx_word' id='word_1_541' title='bbox 282 3913 437 3972; x_wconf 90' lang='lat' dir='ltr'>aqua</span> <span class='ocrx_word' id='word_1_542' title='bbox 462 3900 666 3970; x_wconf 90' lang='lat' dir='ltr'>potum</span> <span class='ocrx_word' id='word_1_543' title='bbox 697 3895 893 3968; x_wconf 84' lang='lat' dir='ltr'>petat?</span> <span class='ocrx_word' id='word_1_544' title='bbox 925 3895 1126 3967; x_wconf 88' lang='lat' dir='ltr'>Itaque</span> <span class='ocrx_word' id='word_1_545' title='bbox 1173 3893 1275 3950; x_wconf 90' lang='lat' dir='ltr'>ubi</span> <span class='ocrx_word' id='word_1_546' title='bbox 1319 3893 1552 3950; x_wconf 85' lang='lat' dir='ltr'>luxuria</span> <span class='ocrx_word' id='word_1_547' title='bbox 1578 3896 1686 3962; x_wconf 90' lang='lat' dir='ltr'>est,</span> <span class='ocrx_word' id='word_1_548' title='bbox 1721 3891 1821 3948; x_wconf 90' lang='lat' dir='ltr'>ubi</span> <span class='ocrx_word' id='word_1_549' title='bbox 1854 3892 1940 3946; x_wconf 90' lang='lat' dir='ltr'>in-</span> 
     </span>
    </p>
   </div>
   <div class='ocr_carea' id='block_1_71' title="bbox 279 3980 1936 4060">
    <p class='ocr_par' dir='ltr' id='par_1_71' title="bbox 279 3980 1936 4060">
     <span class='ocr_line' id='line_1_71' title="bbox 279 3980 1936 4060; baseline -0.004 -17"><span class='ocrx_word' id='word_1_550' title='bbox 279 3985 690 4060; x_wconf 86' lang='lat' dir='ltr'>temperantia,</span> <span class='ocrx_word' id='word_1_551' title='bbox 719 3983 822 4040; x_wconf 91' lang='lat' dir='ltr'>ubi</span> <span class='ocrx_word' id='word_1_552' title='bbox 845 3983 1122 4040; x_wconf 88' lang='lat' dir='ltr'>vitiorum</span> <span class='ocrx_word' id='word_1_553' title='bbox 1155 3981 1441 4049; x_wconf 87' lang='lat' dir='ltr'>confusio,</span> <span class='ocrx_word' id='word_1_554' title='bbox 1473 3980 1608 4054; x_wconf 92' lang='lat' dir='ltr'>quis</span> <span class='ocrx_word' id='word_1_555' title='bbox 1657 3981 1793 4037; x_wconf 91' lang='lat' dir='ltr'>inde</span> <span class='ocrx_word' id='word_1_556' title='bbox 1824 3980 1936 4036; x_wconf 92' lang='lat' dir='ltr'>sibi</span> 
     </span>
    </p>
   </div>
   <div class='ocr_carea' id='block_1_72' title="bbox 283 4069 1940 4148">
    <p class='ocr_par' dir='ltr' id='par_1_72' title="bbox 283 4069 1940 4148">
     <span class='ocr_line' id='line_1_72' title="bbox 283 4069 1940 4148; baseline -0.006 -14"><span class='ocrx_word' id='word_1_557' title='bbox 283 4075 508 4148; x_wconf 85' lang='lat' dir='ltr'>aliquid</span> <span class='ocrx_word' id='word_1_558' title='bbox 537 4073 929 4132; x_wconf 90' lang='lat' dir='ltr'>hauriendum</span> <span class='ocrx_word' id='word_1_559' title='bbox 960 4071 1294 4129; x_wconf 83' lang='lat' dir='ltr'>existimet?</span> <span class='ocrx_word' id='word_1_560' title='bbox 1323 4071 1463 4137; x_wconf 89' lang='lat' dir='ltr'>Quis</span> <span class='ocrx_word' id='word_1_561' title='bbox 1507 4087 1623 4126; x_wconf 89' lang='lat' dir='ltr'>non</span> <span class='ocrx_word' id='word_1_562' title='bbox 1657 4069 1940 4142; x_wconf 89' lang='lat' dir='ltr'>despiciat</span> 
     </span>
    </p>
   </div>
   <div class='ocr_carea' id='block_1_73' title="bbox 285 4159 1938 4234">
    <p class='ocr_par' dir='ltr' id='par_1_73' title="bbox 285 4159 1938 4234">
     <span class='ocr_line' id='line_1_73' title="bbox 285 4159 1938 4234; baseline -0.005 -12"><span class='ocrx_word' id='word_1_563' title='bbox 285 4181 517 4222; x_wconf 90' lang='lat' dir='ltr'>morum</span> <span class='ocrx_word' id='word_1_564' title='bbox 549 4163 955 4231; x_wconf 89' lang='lat' dir='ltr'>colluvionem,</span> <span class='ocrx_word' id='word_1_565' title='bbox 989 4163 1124 4234; x_wconf 91' lang='lat' dir='ltr'>quis</span> <span class='ocrx_word' id='word_1_566' title='bbox 1155 4159 1362 4217; x_wconf 87' lang='lat' dir='ltr'>utilem</span> <span class='ocrx_word' id='word_1_567' title='bbox 1395 4176 1584 4216; x_wconf 81' lang='lat' dir='ltr'>causae</span> <span class='ocrx_word' id='word_1_568' title='bbox 1615 4159 1817 4216; x_wconf 64' lang='lat' dir='ltr'>aliena:</span> <span class='ocrx_word' id='word_1_569' title='bbox 1840 4159 1938 4232; x_wconf 90' lang='lat' dir='ltr'>ju-</span> 
     </span>
    </p>
   </div>
   <div class='ocr_carea' id='block_1_74' title="bbox 284 4247 1938 4326">
    <p class='ocr_par' dir='ltr' id='par_1_74' title="bbox 284 4247 1938 4326">
     <span class='ocr_line' id='line_1_74' title="bbox 284 4247 1938 4326; baseline -0.005 -15"><span class='ocrx_word' id='word_1_570' title='bbox 284 4253 458 4324; x_wconf 87' lang='lat' dir='ltr'>dicet,</span> <span class='ocrx_word' id='word_1_571' title='bbox 491 4269 666 4326; x_wconf 88' lang='lat' dir='ltr'>quem</span> <span class='ocrx_word' id='word_1_572' title='bbox 695 4252 854 4308; x_wconf 87' lang='lat' dir='ltr'>videt</span> <span class='ocrx_word' id='word_1_573' title='bbox 881 4250 1154 4308; x_wconf 86' lang='lat' dir='ltr'>inutilem</span> <span class='ocrx_word' id='word_1_574' title='bbox 1185 4249 1313 4306; x_wconf 68' lang='lat' dir='ltr'>vitae</span> <span class='ocrx_word' id='word_1_575' title='bbox 1344 4249 1502 4307; x_wconf 62' lang='lat' dir='ltr'>suae?</span> <span class='ocrx_word' id='word_1_576' title='bbox 1551 4249 1694 4317; x_wconf 84' lang='lat' dir='ltr'>Quis</span> <span class='ocrx_word' id='word_1_577' title='bbox 1724 4247 1938 4306; x_wconf 91' lang='lat' dir='ltr'>iterum</span> 
     </span>
    </p>
   </div>
   <div class='ocr_carea' id='block_1_75' title="bbox 285 4337 1936 4416">
    <p class='ocr_par' dir='ltr' id='par_1_75' title="bbox 285 4337 1936 4416">
     <span class='ocr_line' id='line_1_75' title="bbox 285 4337 1936 4416; baseline -0.005 -16"><span class='ocrx_word' id='word_1_578' title='bbox 285 4342 644 4416; x_wconf 89' lang='lat' dir='ltr'>improbum,</span> <span class='ocrx_word' id='word_1_579' title='bbox 678 4341 1032 4398; x_wconf 87' lang='lat' dir='ltr'>malevolum</span> <span class='ocrx_word' id='word_1_580' title='bbox 1063 4337 1555 4396; x_wconf 87' lang='lat' dir='ltr'>contumeliosum</span> <span class='ocrx_word' id='word_1_581' title='bbox 1583 4355 1698 4395; x_wconf 89' lang='lat' dir='ltr'>non</span> <span class='ocrx_word' id='word_1_582' title='bbox 1731 4337 1936 4412; x_wconf 88' lang='lat' dir='ltr'>fugiat,</span> 
     </span>
    </p>
   </div>
   <div class='ocr_carea' id='block_1_76' title="bbox 286 4426 1944 4503">
    <p class='ocr_par' dir='ltr' id='par_1_76' title="bbox 286 4426 1944 4503">
     <span class='ocr_line' id='line_1_76' title="bbox 286 4426 1944 4503; baseline -0.004 -14"><span class='ocrx_word' id='word_1_583' title='bbox 286 4436 346 4489; x_wconf 90' lang='lat' dir='ltr'>et</span> <span class='ocrx_word' id='word_1_584' title='bbox 375 4431 447 4488; x_wconf 86' lang='lat' dir='ltr'>ad</span> <span class='ocrx_word' id='word_1_585' title='bbox 476 4431 808 4488; x_wconf 90' lang='lat' dir='ltr'>nocendum</span> <span class='ocrx_word' id='word_1_586' title='bbox 840 4429 1152 4503; x_wconf 81' lang='lat' dir='ltr'>paratum?</span> <span class='ocrx_word' id='word_1_587' title='bbox 1181 4427 1314 4500; x_wconf 91' lang='lat' dir='ltr'>quis</span> <span class='ocrx_word' id='word_1_588' title='bbox 1347 4445 1461 4483; x_wconf 89' lang='lat' dir='ltr'>non</span> <span class='ocrx_word' id='word_1_589' title='bbox 1483 4443 1618 4483; x_wconf 87' lang='lat' dir='ltr'>eum</span> <span class='ocrx_word' id='word_1_590' title='bbox 1641 4426 1802 4482; x_wconf 89' lang='lat' dir='ltr'>omni</span> <span class='ocrx_word' id='word_1_591' title='bbox 1825 4430 1944 4482; x_wconf 89' lang='lat' dir='ltr'>stu-</span> 
     </span>
    </p>
   </div>
   <div class='ocr_carea' id='block_1_77' title="bbox 287 4515 1944 4590">
    <p class='ocr_par' dir='ltr' id='par_1_77' title="bbox 287 4515 1944 4590">
     <span class='ocr_line' id='line_1_77' title="bbox 287 4515 1944 4590; baseline -0.004 -13"><span class='ocrx_word' id='word_1_592' title='bbox 287 4520 384 4577; x_wconf 88' lang='lat' dir='ltr'>dio</span> <span class='ocrx_word' id='word_1_593' title='bbox 414 4519 708 4577; x_wconf 78' lang='lat' dir='ltr'>declinet?</span> <span class='ocrx_word' id='word_1_594' title='bbox 740 4519 882 4586; x_wconf 86' lang='lat' dir='ltr'>Quis</span> <span class='ocrx_word' id='word_1_595' title='bbox 897 4536 1030 4575; x_wconf 89' lang='lat' dir='ltr'>vero</span> <span class='ocrx_word' id='word_1_596' title='bbox 1050 4517 1322 4590; x_wconf 89' lang='lat' dir='ltr'>quamvis</span> <span class='ocrx_word' id='word_1_597' title='bbox 1338 4517 1696 4572; x_wconf 87' lang='lat' dir='ltr'>instructum</span> <span class='ocrx_word' id='word_1_598' title='bbox 1719 4515 1790 4572; x_wconf 90' lang='lat' dir='ltr'>ad</span> <span class='ocrx_word' id='word_1_599' title='bbox 1813 4532 1944 4571; x_wconf 75' lang='lat' dir='ltr'>com</span> 
     </span>
    </p>
   </div>
   <div class='ocr_carea' id='block_1_78' title="bbox 288 4604 1943 4682">
    <p class='ocr_par' dir='ltr' id='par_1_78' title="bbox 288 4604 1943 4682">
     <span class='ocr_line' id='line_1_78' title="bbox 288 4604 1943 4682; baseline -0.005 -14"><span class='ocrx_word' id='word_1_600' title='bbox 288 4609 406 4668; x_wconf 89' lang='lat' dir='ltr'>silii</span> <span class='ocrx_word' id='word_1_601' title='bbox 437 4626 629 4682; x_wconf 88' lang='lat' dir='ltr'>opem,</span> <span class='ocrx_word' id='word_1_602' title='bbox 663 4607 967 4665; x_wconf 87' lang='lat' dir='ltr'>difﬁcilem</span> <span class='ocrx_word' id='word_1_603' title='bbox 999 4613 1197 4663; x_wconf 85' lang='lat' dir='ltr'>tamen</span> <span class='ocrx_word' id='word_1_604' title='bbox 1221 4623 1460 4662; x_wconf 86' lang='lat' dir='ltr'>accessu</span> <span class='ocrx_word' id='word_1_605' title='bbox 1483 4604 1794 4673; x_wconf 89' lang='lat' dir='ltr'>ambiat,in</span> <span class='ocrx_word' id='word_1_606' title='bbox 1827 4621 1943 4676; x_wconf 90' lang='lat' dir='ltr'>quo</span> 
     </span>
    </p>
   </div>
   <div class='ocr_carea' id='block_1_79' title="bbox 2043 3434 3698 3522">
    <p class='ocr_par' dir='ltr' id='par_1_79' title="bbox 2043 3434 3698 3522">
     <span class='ocr_line' id='line_1_79' title="bbox 2043 3434 3698 3522; baseline -0.009 -17"><span class='ocrx_word' id='word_1_607' title='bbox 2043 3448 2146 3522; x_wconf 90' lang='lat' dir='ltr'>qui</span> <span class='ocrx_word' id='word_1_608' title='bbox 2193 3450 2282 3503; x_wconf 88' lang='lat' dir='ltr'>tot</span> <span class='ocrx_word' id='word_1_609' title='bbox 2328 3447 2400 3502; x_wconf 87' lang='lat' dir='ltr'>de</span> <span class='ocrx_word' id='word_1_610' title='bbox 2447 3445 2714 3500; x_wconf 88' lang='lat' dir='ltr'>anteacta</span> <span class='ocrx_word' id='word_1_611' title='bbox 2767 3440 2884 3497; x_wconf 89' lang='lat' dir='ltr'>vita</span> <span class='ocrx_word' id='word_1_612' title='bbox 2933 3435 3240 3512; x_wconf 68' lang='lat' dir='ltr'>praeconiis</span> <span class='ocrx_word' id='word_1_613' title='bbox 3285 3434 3594 3502; x_wconf 84' lang='lat' dir='ltr'>attollitur,</span> <span class='ocrx_word' id='word_1_614' title='bbox 3624 3434 3698 3490; x_wconf 87' lang='lat' dir='ltr'>de</span> 
     </span>
    </p>
   </div>
   <div class='ocr_carea' id='block_1_80' title="bbox 2041 3524 3692 3607">
    <p class='ocr_par' dir='ltr' id='par_1_80' title="bbox 2041 3524 3692 3607">
     <span class='ocr_line' id='line_1_80' title="bbox 2041 3524 3692 3607; baseline -0.01 -13"><span class='ocrx_word' id='word_1_615' title='bbox 2041 3536 2238 3594; x_wconf 89' lang='lat' dir='ltr'>Achab</span> <span class='ocrx_word' id='word_1_616' title='bbox 2289 3533 2442 3607; x_wconf 89' lang='lat' dir='ltr'>regis</span> <span class='ocrx_word' id='word_1_617' title='bbox 2492 3529 2752 3588; x_wconf 88' lang='lat' dir='ltr'>amicitia</span> <span class='ocrx_word' id='word_1_618' title='bbox 2798 3545 2946 3602; x_wconf 87' lang='lat' dir='ltr'>pene</span> <span class='ocrx_word' id='word_1_619' title='bbox 2993 3527 3292 3600; x_wconf 90' lang='lat' dir='ltr'>periturus</span> <span class='ocrx_word' id='word_1_620' title='bbox 3335 3524 3692 3598; x_wconf 85' lang='lat' dir='ltr'>increpatur.</span> 
     </span>
    </p>
   </div>
   <div class='ocr_carea' id='block_1_81' title="bbox 2043 3613 3696 3694">
    <p class='ocr_par' dir='ltr' id='par_1_81' title="bbox 2043 3613 3696 3694">
     <span class='ocr_line' id='line_1_81' title="bbox 2043 3613 3696 3694; baseline -0.009 -10"><span class='ocrx_word' id='word_1_621' title='bbox 2043 3627 2148 3684; x_wconf 88' lang='lat' dir='ltr'>Cui</span> <span class='ocrx_word' id='word_1_622' title='bbox 2179 3643 2214 3682; x_wconf 92' lang='lat' dir='ltr'>a</span> <span class='ocrx_word' id='word_1_623' title='bbox 2240 3622 2486 3680; x_wconf 86' lang='lat' dir='ltr'>Domino</span> <span class='ocrx_word' id='word_1_624' title='bbox 2510 3638 2612 3694; x_wconf 89' lang='lat' dir='ltr'>per</span> <span class='ocrx_word' id='word_1_625' title='bbox 2630 3618 2977 3692; x_wconf 86' lang='lat' dir='ltr'>prophetam</span> <span class='ocrx_word' id='word_1_626' title='bbox 3005 3615 3256 3672; x_wconf 89' lang='lat' dir='ltr'>dicitur:</span> <span class='ocrx_word' id='word_1_627' title='bbox 3284 3615 3456 3687; x_wconf 85' lang='lat' dir='ltr'>Impia</span> <span class='ocrx_word' id='word_1_628' title='bbox 3480 3613 3696 3685; x_wconf 67' lang='lat' dir='ltr'>praebes</span> 
     </span>
    </p>
   </div>
   <div class='ocr_carea' id='block_1_82' title="bbox 2043 3695 3701 3774">
    <p class='ocr_par' dir='ltr' id='par_1_82' title="bbox 2043 3695 3701 3774">
     <span class='ocr_line' id='line_1_82' title="bbox 2043 3695 3701 3774; baseline -0.009 -11"><span class='ocrx_word' id='word_1_629' title='bbox 2043 3707 2343 3771; x_wconf 76' lang='lat' dir='ltr'>auxilium,</span> <span class='ocrx_word' id='word_1_630' title='bbox 2375 3711 2426 3760; x_wconf 84' lang='lat' dir='ltr'>et</span> <span class='ocrx_word' id='word_1_631' title='bbox 2456 3702 2543 3758; x_wconf 83' lang='lat' dir='ltr'>his</span> <span class='ocrx_word' id='word_1_632' title='bbox 2567 3702 2666 3774; x_wconf 88' lang='lat' dir='ltr'>qui</span> <span class='ocrx_word' id='word_1_633' title='bbox 2691 3699 2922 3756; x_wconf 86' lang='lat' dir='ltr'>oderunt</span> <span class='ocrx_word' id='word_1_634' title='bbox 2949 3698 3246 3754; x_wconf 84' lang='lat' dir='ltr'>Dominum</span> <span class='ocrx_word' id='word_1_635' title='bbox 3279 3695 3528 3750; x_wconf 88' lang='lat' dir='ltr'>amicitia</span> <span class='ocrx_word' id='word_1_636' title='bbox 3558 3695 3701 3766; x_wconf 85' lang='lat' dir='ltr'>jun-</span> 
     </span>
    </p>
   </div>
   <div class='ocr_carea' id='block_1_83' title="bbox 2043 3781 3698 3868">
    <p class='ocr_par' dir='ltr' id='par_1_83' title="bbox 2043 3781 3698 3868">
     <span class='ocr_line' id='line_1_83' title="bbox 2043 3781 3698 3868; baseline -0.01 -16"><span class='ocrx_word' id='word_1_637' title='bbox 2043 3797 2190 3868; x_wconf 85' lang='lat' dir='ltr'>geris</span> <span class='ocrx_word' id='word_1_638' title='bbox 2237 3811 2256 3848; x_wconf 88' lang='lat'><em>:</em></span> <span class='ocrx_word' id='word_1_639' title='bbox 2302 3801 2354 3848; x_wconf 89' lang='lat' dir='ltr'>et</span> <span class='ocrx_word' id='word_1_640' title='bbox 2399 3791 2603 3846; x_wconf 87' lang='lat' dir='ltr'>ideirco</span> <span class='ocrx_word' id='word_1_641' title='bbox 2651 3790 2798 3844; x_wconf 88' lang='lat' dir='ltr'>iram</span> <span class='ocrx_word' id='word_1_642' title='bbox 2843 3785 3063 3858; x_wconf 83' lang='lat' dir='ltr'>quidem</span> <span class='ocrx_word' id='word_1_643' title='bbox 3106 3784 3332 3840; x_wconf 86' lang='lat' dir='ltr'>Domini</span> <span class='ocrx_word' id='word_1_644' title='bbox 3374 3781 3698 3848; x_wconf 83' lang='lat' dir='ltr'>merebaris,</span> 
     </span>
    </p>
   </div>
   <div class='ocr_carea' id='block_1_84' title="bbox 2044 3871 3702 3952">
    <p class='ocr_par' dir='ltr' id='par_1_84' title="bbox 2044 3871 3702 3952">
     <span class='ocr_line' id='line_1_84' title="bbox 2044 3871 3702 3952; baseline -0.009 -11"><span class='ocrx_word' id='word_1_645' title='bbox 2044 3885 2137 3941; x_wconf 85' lang='lat' dir='ltr'>sed</span> <span class='ocrx_word' id='word_1_646' title='bbox 2167 3884 2304 3938; x_wconf 85' lang='lat' dir='ltr'>bona</span> <span class='ocrx_word' id='word_1_647' title='bbox 2334 3897 2496 3952; x_wconf 85' lang='lat' dir='ltr'>opera</span> <span class='ocrx_word' id='word_1_648' title='bbox 2527 3880 2749 3933; x_wconf 80' lang='lat' dir='ltr'>inventa</span> <span class='ocrx_word' id='word_1_649' title='bbox 2777 3883 2906 3931; x_wconf 87' lang='lat' dir='ltr'>sunt</span> <span class='ocrx_word' id='word_1_650' title='bbox 2933 3878 2993 3930; x_wconf 89' lang='lat' dir='ltr'>in</span> <span class='ocrx_word' id='word_1_651' title='bbox 3023 3881 3091 3942; x_wconf 81' lang='lat' dir='ltr'>te,</span> <span class='ocrx_word' id='word_1_652' title='bbox 3122 3889 3184 3929; x_wconf 89' lang='lat' dir='ltr'>eo</span> <span class='ocrx_word' id='word_1_653' title='bbox 3221 3871 3362 3946; x_wconf 85' lang='lat' dir='ltr'>quod</span> <span class='ocrx_word' id='word_1_654' title='bbox 3406 3871 3702 3928; x_wconf 80' lang='lat' dir='ltr'>abstuleris</span> 
     </span>
    </p>
   </div>
   <div class='ocr_carea' id='block_1_85' title="bbox 2048 3957 3703 4038">
    <p class='ocr_par' dir='ltr' id='par_1_85' title="bbox 2048 3957 3703 4038">
     <span class='ocr_line' id='line_1_85' title="bbox 2048 3957 3703 4038; baseline -0.01 -7"><span class='ocrx_word' id='word_1_655' title='bbox 2048 3976 2186 4032; x_wconf 87' lang='lat' dir='ltr'>locos</span> <span class='ocrx_word' id='word_1_656' title='bbox 2217 3971 2281 4028; x_wconf 73' lang='lat' dir='ltr'>tle</span> <span class='ocrx_word' id='word_1_657' title='bbox 2309 3979 2454 4026; x_wconf 86' lang='lat' dir='ltr'>terra</span> <span class='ocrx_word' id='word_1_658' title='bbox 2481 3966 2619 4024; x_wconf 76' lang='lat' dir='ltr'>Iuda</span> <span class='ocrx_word' id='word_1_659' title='bbox 2653 3966 2724 4038; x_wconf 87' lang='lat' dir='ltr'>(II</span> <span class='ocrx_word' id='word_1_660' title='bbox 2749 3967 2880 4021; x_wconf 89' lang='lat' dir='ltr'>Par.</span> <span class='ocrx_word' id='word_1_661' title='bbox 2924 3966 3063 4032; x_wconf 70' lang='lat' dir='ltr'>xxx).</span> <span class='ocrx_word' id='word_1_662' title='bbox 3113 3961 3200 4016; x_wconf 89' lang='lat' dir='ltr'>Ab</span> <span class='ocrx_word' id='word_1_663' title='bbox 3249 3959 3349 4017; x_wconf 92' lang='lat' dir='ltr'>illo</span> <span class='ocrx_word' id='word_1_664' title='bbox 3397 3959 3556 4016; x_wconf 88' lang='lat' dir='ltr'>enim</span> <span class='ocrx_word' id='word_1_665' title='bbox 3599 3957 3703 4032; x_wconf 86' lang='lat' dir='ltr'>qui</span> 
     </span>
    </p>
   </div>
   <div class='ocr_carea' id='block_1_86' title="bbox 2049 4048 3705 4125">
    <p class='ocr_par' dir='ltr' id='par_1_86' title="bbox 2049 4048 3705 4125">
     <span class='ocr_line' id='line_1_86' title="bbox 2049 4048 3705 4125; baseline -0.01 -5"><span class='ocrx_word' id='word_1_666' title='bbox 2049 4078 2283 4120; x_wconf 89' lang='lat' dir='ltr'>summe</span> <span class='ocrx_word' id='word_1_667' title='bbox 2341 4061 2538 4114; x_wconf 88' lang='lat' dir='ltr'>rectus</span> <span class='ocrx_word' id='word_1_668' title='bbox 2584 4059 2692 4122; x_wconf 89' lang='lat' dir='ltr'>est,</span> <span class='ocrx_word' id='word_1_669' title='bbox 2744 4070 2810 4109; x_wconf 90' lang='lat' dir='ltr'>eo</span> <span class='ocrx_word' id='word_1_670' title='bbox 2859 4051 2988 4125; x_wconf 89' lang='lat' dir='ltr'>ipso</span> <span class='ocrx_word' id='word_1_671' title='bbox 3026 4052 3154 4122; x_wconf 89' lang='lat' dir='ltr'>jam</span> <span class='ocrx_word' id='word_1_672' title='bbox 3212 4048 3526 4120; x_wconf 87' lang='lat' dir='ltr'>discrepat,</span> <span class='ocrx_word' id='word_1_673' title='bbox 3587 4063 3705 4120; x_wconf 91' lang='lat' dir='ltr'>quo</span> 
     </span>
    </p>
   </div>
   <div class='ocr_carea' id='block_1_87' title="bbox 2049 4135 3708 4227">
    <p class='ocr_par' dir='ltr' id='par_1_87' title="bbox 2049 4135 3708 4227">
     <span class='ocr_line' id='line_1_87' title="bbox 2049 4135 3708 4227; baseline -0.011 -18"><span class='ocrx_word' id='word_1_674' title='bbox 2049 4163 2455 4227; x_wconf 88' lang='lat' dir='ltr'>perversorum</span> <span class='ocrx_word' id='word_1_675' title='bbox 2487 4142 2765 4202; x_wconf 86' lang='lat' dir='ltr'>amicitiis</span> <span class='ocrx_word' id='word_1_676' title='bbox 2795 4141 2914 4197; x_wconf 88' lang='lat' dir='ltr'>vita</span> <span class='ocrx_word' id='word_1_677' title='bbox 2945 4143 3146 4196; x_wconf 87' lang='lat' dir='ltr'>nostra</span> <span class='ocrx_word' id='word_1_678' title='bbox 3195 4135 3526 4193; x_wconf 89' lang='lat' dir='ltr'>concordat.</span> <span class='ocrx_word' id='word_1_679' title='bbox 3561 4135 3708 4192; x_wconf 85' lang='lat' dir='ltr'>Hinc</span> 
     </span>
    </p>
   </div>
   <div class='ocr_carea' id='block_1_88' title="bbox 2049 4224 3709 4307">
    <p class='ocr_par' dir='ltr' id='par_1_88' title="bbox 2049 4224 3709 4307">
     <span class='ocr_line' id='line_1_88' title="bbox 2049 4224 3709 4307; baseline -0.011 -10"><span class='ocrx_word' id='word_1_680' title='bbox 2049 4224 2252 4307; x_wconf 90' lang='lat' dir='ltr'>David,</span> <span class='ocrx_word' id='word_1_681' title='bbox 2288 4235 2430 4292; x_wconf 91' lang='lat' dir='ltr'>dum</span> <span class='ocrx_word' id='word_1_682' title='bbox 2460 4238 2650 4290; x_wconf 88' lang='lat' dir='ltr'>totum</span> <span class='ocrx_word' id='word_1_683' title='bbox 2683 4248 2744 4288; x_wconf 90' lang='lat' dir='ltr'>se</span> <span class='ocrx_word' id='word_1_684' title='bbox 2775 4230 2846 4285; x_wconf 90' lang='lat' dir='ltr'>ad</span> <span class='ocrx_word' id='word_1_685' title='bbox 2881 4228 3098 4284; x_wconf 76' lang='lat' dir='ltr'>fmdera</span> <span class='ocrx_word' id='word_1_686' title='bbox 3126 4224 3287 4299; x_wconf 88' lang='lat' dir='ltr'>pacis</span> <span class='ocrx_word' id='word_1_687' title='bbox 3307 4229 3536 4282; x_wconf 66' lang='lat' dir='ltr'>aeterna:</span> <span class='ocrx_word' id='word_1_688' title='bbox 3564 4239 3709 4280; x_wconf 90' lang='lat' dir='ltr'>con-</span> 
     </span>
    </p>
   </div>
   <div class='ocr_carea' id='block_1_89' title="bbox 2051 4311 3710 4400">
    <p class='ocr_par' dir='ltr' id='par_1_89' title="bbox 2051 4311 3710 4400">
     <span class='ocr_line' id='line_1_89' title="bbox 2051 4311 3710 4400; baseline -0.01 -15"><span class='ocrx_word' id='word_1_689' title='bbox 2051 4327 2386 4400; x_wconf 85' lang='lat' dir='ltr'>stringeret,</span> <span class='ocrx_word' id='word_1_690' title='bbox 2419 4326 2670 4380; x_wconf 89' lang='lat' dir='ltr'>testatur</span> <span class='ocrx_word' id='word_1_691' title='bbox 2717 4319 2873 4392; x_wconf 89' lang='lat' dir='ltr'>quod</span> <span class='ocrx_word' id='word_1_692' title='bbox 2923 4333 3056 4372; x_wconf 89' lang='lat' dir='ltr'>cum</span> <span class='ocrx_word' id='word_1_693' title='bbox 3109 4313 3284 4371; x_wconf 90' lang='lat' dir='ltr'>malis</span> <span class='ocrx_word' id='word_1_694' title='bbox 3331 4311 3710 4370; x_wconf 89' lang='lat' dir='ltr'>concordiam</span> 
     </span>
    </p>
   </div>
   <div class='ocr_carea' id='block_1_90' title="bbox 2052 4401 3706 4480">
    <p class='ocr_par' dir='ltr' id='par_1_90' title="bbox 2052 4401 3706 4480">
     <span class='ocr_line' id='line_1_90' title="bbox 2052 4401 3706 4480; baseline -0.01 -6"><span class='ocrx_word' id='word_1_695' title='bbox 2052 4436 2167 4474; x_wconf 92' lang='lat' dir='ltr'>non</span> <span class='ocrx_word' id='word_1_696' title='bbox 2197 4418 2437 4480; x_wconf 85' lang='lat' dir='ltr'>teneret,</span> <span class='ocrx_word' id='word_1_697' title='bbox 2487 4410 2734 4467; x_wconf 89' lang='lat' dir='ltr'>dicens:</span> <span class='ocrx_word' id='word_1_698' title='bbox 2769 4407 2957 4462; x_wconf 81' lang='lat' dir='ltr'>Nonne</span> <span class='ocrx_word' id='word_1_699' title='bbox 3010 4406 3106 4478; x_wconf 87' lang='lat' dir='ltr'>qui</span> <span class='ocrx_word' id='word_1_700' title='bbox 3150 4403 3378 4460; x_wconf 86' lang='lat' dir='ltr'>oderunt</span> <span class='ocrx_word' id='word_1_701' title='bbox 3427 4410 3496 4471; x_wconf 86' lang='lat' dir='ltr'>te,</span> <span class='ocrx_word' id='word_1_702' title='bbox 3544 4401 3706 4468; x_wconf 86' lang='lat' dir='ltr'>Deus,</span> 
     </span>
    </p>
   </div>
   <div class='ocr_carea' id='block_1_91' title="bbox 2051 4490 3710 4570">
    <p class='ocr_par' dir='ltr' id='par_1_91' title="bbox 2051 4490 3710 4570">
     <span class='ocr_line' id='line_1_91' title="bbox 2051 4490 3710 4570; baseline -0.011 -6"><span class='ocrx_word' id='word_1_703' title='bbox 2051 4507 2272 4565; x_wconf 86' lang='lat' dir='ltr'>oderam</span> <span class='ocrx_word' id='word_1_704' title='bbox 2329 4503 2472 4567; x_wconf 88' lang='lat' dir='ltr'>illos,</span> <span class='ocrx_word' id='word_1_705' title='bbox 2533 4507 2583 4556; x_wconf 87' lang='lat' dir='ltr'>et</span> <span class='ocrx_word' id='word_1_706' title='bbox 2641 4513 2807 4570; x_wconf 80' lang='lat' dir='ltr'>super</span> <span class='ocrx_word' id='word_1_707' title='bbox 2857 4495 3108 4551; x_wconf 88' lang='lat' dir='ltr'>inimicos</span> <span class='ocrx_word' id='word_1_708' title='bbox 3165 4501 3283 4548; x_wconf 85' lang='lat' dir='ltr'>tuos</span> <span class='ocrx_word' id='word_1_709' title='bbox 3339 4490 3710 4550; x_wconf 83' lang='lat' dir='ltr'>tabescebam?</span> 
     </span>
    </p>
   </div>
   <div class='ocr_carea' id='block_1_92' title="bbox 2051 4580 3712 4670">
    <p class='ocr_par' dir='ltr' id='par_1_92' title="bbox 2051 4580 3712 4670">
     <span class='ocr_line' id='line_1_92' title="bbox 2051 4580 3712 4670; baseline -0.011 -17"><span class='ocrx_word' id='word_1_710' title='bbox 2051 4603 2284 4670; x_wconf 76' lang='lat' dir='ltr'>perlecta</span> <span class='ocrx_word' id='word_1_711' title='bbox 2310 4591 2433 4648; x_wconf 83' lang='lat' dir='ltr'>odio</span> <span class='ocrx_word' id='word_1_712' title='bbox 2479 4589 2702 4646; x_wconf 84' lang='lat' dir='ltr'>oderam</span> <span class='ocrx_word' id='word_1_713' title='bbox 2752 4587 2896 4652; x_wconf 87' lang='lat' dir='ltr'>illos,</span> <span class='ocrx_word' id='word_1_714' title='bbox 2951 4583 3170 4639; x_wconf 86' lang='lat' dir='ltr'>inimici</span> <span class='ocrx_word' id='word_1_715' title='bbox 3212 4582 3348 4654; x_wconf 88' lang='lat' dir='ltr'>facti</span> <span class='ocrx_word' id='word_1_716' title='bbox 3393 4589 3522 4638; x_wconf 90' lang='lat' dir='ltr'>sunt</span> <span class='ocrx_word' id='word_1_717' title='bbox 3567 4580 3712 4636; x_wconf 81' lang='lat' dir='ltr'>mihi</span> 
     </span>
    </p>
   </div>
   <div class='ocr_carea' id='block_1_93' title="bbox 290 4669 1933 4784">
    <p class='ocr_par' dir='ltr' id='par_1_93' title="bbox 290 4669 1933 4770">
     <span class='ocr_line' id='line_1_93' title="bbox 290 4669 1933 4770; baseline -0.003 -14"><span class='ocrx_word' id='word_1_718' title='bbox 290 4699 371 4756; x_wconf 89' lang='lat' dir='ltr'>sit</span> <span class='ocrx_word' id='word_1_719' title='bbox 399 4669 566 4766; x_wconf 73' lang='lat' dir='ltr'>illud,</span> <span class='ocrx_word' id='word_1_720' title='bbox 598 4669 883 4770; x_wconf 75' lang='lat' dir='ltr'>tanquam</span> <span class='ocrx_word' id='word_1_721' title='bbox 905 4697 956 4754; x_wconf 91' lang='lat' dir='ltr'>si</span> <span class='ocrx_word' id='word_1_722' title='bbox 977 4695 1112 4769; x_wconf 90' lang='lat' dir='ltr'>quis</span> <span class='ocrx_word' id='word_1_723' title='bbox 1143 4713 1306 4768; x_wconf 73' lang='lat' dir='ltr'>aquae</span> <span class='ocrx_word' id='word_1_724' title='bbox 1338 4695 1560 4751; x_wconf 87' lang='lat' dir='ltr'>fontem</span> <span class='ocrx_word' id='word_1_725' title='bbox 1590 4669 1933 4767; x_wconf 65' lang='lat' dir='ltr'>praecludatl</span> 
     </span>
    </p>
   </div>
   <div class='ocr_carea' id='block_1_94' title="bbox 2046 4669 3708 4784">
    <p class='ocr_par' dir='ltr' id='par_1_94' title="bbox 2054 4669 3708 4784">
     <span class='ocr_line' id='line_1_94' title="bbox 2054 4669 3708 4760; baseline -0.02 -17"><span class='ocrx_word' id='word_1_726' title='bbox 2054 4669 2231 4760; x_wconf 83' lang='lat' dir='ltr'>(Psal.</span> <span class='ocrx_word' id='word_1_727' title='bbox 2261 4696 2531 4743; x_wconf 83' lang='lat' dir='ltr'>cxxxvm,</span> <span class='ocrx_word' id='word_1_728' title='bbox 2563 4679 2655 4744; x_wconf 90' lang='grc'>21,</span> <span class='ocrx_word' id='word_1_729' title='bbox 2683 4677 2798 4744; x_wconf 87' lang='lat'>22).</span> <span class='ocrx_word' id='word_1_730' title='bbox 2851 4671 3128 4729; x_wconf 87' lang='lat' dir='ltr'>Inimicos</span> <span class='ocrx_word' id='word_1_731' title='bbox 3176 4675 3373 4728; x_wconf 86' lang='lat' dir='ltr'>autem</span> <span class='ocrx_word' id='word_1_732' title='bbox 3426 4669 3528 4726; x_wconf 89' lang='lat' dir='ltr'>Dei</span> <span class='ocrx_word' id='word_1_733' title='bbox 3577 4685 3708 4741; x_wconf 69' lang='lat' dir='ltr'>per-</span> 
     </span>
     <span class='ocr_line' id='line_1_95' title="bbox 2068 4757 3708 4784; baseline -0.017 19"><span class='ocrx_word' id='word_1_734' title='bbox 2068 4777 2089 4784; x_wconf 60' lang='grc' dir='ltr'>η</span> <span class='ocrx_word' id='word_1_735' title='bbox 2157 4778 2165 4784; x_wconf 85' lang='lat'><strong><em>-</em></strong></span> <span class='ocrx_word' id='word_1_736' title='bbox 2295 4771 2332 4784; x_wconf 88' lang='lat'>--</span> <span class='ocrx_word' id='word_1_737' title='bbox 2455 4767 2492 4784; x_wconf 78' lang='grc' dir='ltr'><strong>ν</strong></span> <span class='ocrx_word' id='word_1_738' title='bbox 2761 4763 2826 4784; x_wconf 29' lang='grc' dir='ltr'>Α,</span> <span class='ocrx_word' id='word_1_739' title='bbox 2867 4763 3012 4784; x_wconf 46' lang='grc' dir='ltr'>μη,</span> <span class='ocrx_word' id='word_1_740' title='bbox 3049 4760 3181 4784; x_wconf 52' lang='lat' dir='ltr'>sui:</span> <span class='ocrx_word' id='word_1_741' title='bbox 3219 4763 3352 4784; x_wconf 70' lang='lat'>___...</span> <span class='ocrx_word' id='word_1_742' title='bbox 3388 4757 3626 4784; x_wconf 52' lang='lat' dir='ltr'>Am..-“</span> <span class='ocrx_word' id='word_1_743' title='bbox 3657 4759 3708 4784; x_wconf 64' lang='grc' dir='ltr'>,ι</span> 
     </span>
    </p>
   </div>
   <div class='ocr_carea' id='block_1_95' title="bbox 289 4757 3712 4860">
    <p class='ocr_par' dir='ltr' id='par_1_95' title="bbox 289 4757 3712 4860">
     <span class='ocr_line' id='line_1_96' title="bbox 289 4757 3712 4860; baseline -0.01 -15"><span class='ocrx_word' id='word_1_744' title='bbox 289 4787 438 4855; x_wconf 87' lang='lat' dir='ltr'>Quid</span> <span class='ocrx_word' id='word_1_745' title='bbox 467 4757 893 4860; x_wconf 72' lang='lat' dir='ltr'>enim-prodest</span> <span class='ocrx_word' id='word_1_746' title='bbox 921 4757 1134 4843; x_wconf 83' lang='lat' dir='ltr'>habere</span> <span class='ocrx_word' id='word_1_747' title='bbox 1165 4757 1540 4858; x_wconf 74' lang='lat' dir='ltr'>sapientiam,</span> <span class='ocrx_word' id='word_1_748' title='bbox 1557 4757 1610 4840; x_wconf 82' lang='lat' dir='ltr'>si</span> <span class='ocrx_word' id='word_1_749' title='bbox 1637 4783 1950 4840; x_wconf 88' lang='lat' dir='ltr'>consilium</span> <span class='ocrx_word' id='word_1_750' title='bbox 1976 4757 2026 4784; x_wconf 60' lang='lat' dir='ltr'><strong><em>u</em></strong></span> <span class='ocrx_word' id='word_1_751' title='bbox 2063 4757 2210 4832; x_wconf 80' lang='lat' dir='ltr'>fecto</span> <span class='ocrx_word' id='word_1_752' title='bbox 2242 4771 2374 4860; x_wconf 91' lang='lat' dir='ltr'>odio</span> <span class='ocrx_word' id='word_1_753' title='bbox 2401 4767 2596 4860; x_wconf 82' lang='lat' dir='ltr'>odisse</span> <span class='ocrx_word' id='word_1_754' title='bbox 2624 4768 2732 4835; x_wconf 89' lang='lat' dir='ltr'>est,</span> <span class='ocrx_word' id='word_1_755' title='bbox 2757 4763 2830 4821; x_wconf 90' lang='lat' dir='ltr'>ad</span> <span class='ocrx_word' id='word_1_756' title='bbox 2859 4763 3017 4836; x_wconf 91' lang='lat' dir='ltr'>quod</span> <span class='ocrx_word' id='word_1_757' title='bbox 3048 4760 3184 4819; x_wconf 88' lang='lat' dir='ltr'>facti</span> <span class='ocrx_word' id='word_1_758' title='bbox 3217 4763 3357 4817; x_wconf 89' lang='lat' dir='ltr'>sunt</span> <span class='ocrx_word' id='word_1_759' title='bbox 3385 4757 3712 4830; x_wconf 85' lang='lat' dir='ltr'>diligere,et</span> 
     </span>
    </p>
   </div>
   <div class='ocr_carea' id='block_1_96' title="bbox 290 4872 1946 4951">
    <p class='ocr_par' dir='ltr' id='par_1_96' title="bbox 290 4872 1946 4951">
     <span class='ocr_line' id='line_1_97' title="bbox 290 4872 1946 4951; baseline -0.004 -17"><span class='ocrx_word' id='word_1_760' title='bbox 290 4881 508 4951; x_wconf 75' lang='lat' dir='ltr'>neges?</span> <span class='ocrx_word' id='word_1_761' title='bbox 537 4877 596 4934; x_wconf 90' lang='lat' dir='ltr'>Si</span> <span class='ocrx_word' id='word_1_762' title='bbox 629 4875 972 4934; x_wconf 87' lang='lat' dir='ltr'>consulendi</span> <span class='ocrx_word' id='word_1_763' title='bbox 1003 4874 1364 4932; x_wconf 88' lang='lat' dir='ltr'>intercludas</span> <span class='ocrx_word' id='word_1_764' title='bbox 1395 4874 1646 4947; x_wconf 91' lang='lat' dir='ltr'>copiam,</span> <span class='ocrx_word' id='word_1_765' title='bbox 1679 4872 1946 4930; x_wconf 89' lang='lat' dir='ltr'>clausisti</span> 
     </span>
    </p>
   </div>
   <div class='ocr_carea' id='block_1_97' title="bbox 288 4955 1944 5036">
    <p class='ocr_par' dir='ltr' id='par_1_97' title="bbox 288 4955 1944 5036">
     <span class='ocr_line' id='line_1_98' title="bbox 288 4955 1944 5036; baseline -0.004 -13"><span class='ocrx_word' id='word_1_766' title='bbox 288 4967 529 5034; x_wconf 84' lang='lat' dir='ltr'>fontem,</span> <span class='ocrx_word' id='word_1_767' title='bbox 560 4969 626 5022; x_wconf 90' lang='lat' dir='ltr'>ut</span> <span class='ocrx_word' id='word_1_768' title='bbox 639 4955 764 5022; x_wconf 72' lang='lat' dir='ltr'>&#39;nec</span> <span class='ocrx_word' id='word_1_769' title='bbox 793 4963 924 5022; x_wconf 87' lang='lat' dir='ltr'>aliis</span> <span class='ocrx_word' id='word_1_770' title='bbox 954 4963 1185 5033; x_wconf 85' lang='lat' dir='ltr'>inﬂuat,</span> <span class='ocrx_word' id='word_1_771' title='bbox 1221 4979 1326 5020; x_wconf 94' lang='lat' dir='ltr'>ncc</span> <span class='ocrx_word' id='word_1_772' title='bbox 1357 4962 1465 5019; x_wconf 90' lang='lat' dir='ltr'>tibi</span> <span class='ocrx_word' id='word_1_773' title='bbox 1505 4961 1713 5036; x_wconf 87' lang='lat' dir='ltr'>prosit.</span> <span class='ocrx_word' id='word_1_774' title='bbox 1745 4961 1944 5018; x_wconf 81' lang='lat' dir='ltr'>Admi-</span> 
     </span>
    </p>
   </div>
   <div class='ocr_carea' id='block_1_98' title="bbox 290 5051 1948 5127">
    <p class='ocr_par' dir='ltr' id='par_1_98' title="bbox 290 5051 1948 5127">
     <span class='ocr_line' id='line_1_99' title="bbox 290 5051 1948 5127; baseline -0.002 -16"><span class='ocrx_word' id='word_1_775' title='bbox 290 5054 516 5112; x_wconf 87' lang='lat' dir='ltr'>randus</span> <span class='ocrx_word' id='word_1_776' title='bbox 543 5053 690 5110; x_wconf 90' lang='lat' dir='ltr'>mihi</span> <span class='ocrx_word' id='word_1_777' title='bbox 711 5059 770 5112; x_wconf 90' lang='lat' dir='ltr'>et</span> <span class='ocrx_word' id='word_1_778' title='bbox 787 5053 1203 5127; x_wconf 81' lang='lat' dir='ltr'>suspiciendas</span> <span class='ocrx_word' id='word_1_779' title='bbox 1219 5051 1797 5126; x_wconf 88' lang='lat' dir='ltr'>consiliarius,quam</span> <span class='ocrx_word' id='word_1_780' title='bbox 1821 5068 1948 5125; x_wconf 90' lang='lat' dir='ltr'>pro-</span> 
     </span>
    </p>
   </div>
   <div class='ocr_carea' id='block_1_99' title="bbox 293 5140 1944 5218">
    <p class='ocr_par' dir='ltr' id='par_1_99' title="bbox 293 5140 1944 5218">
     <span class='ocr_line' id='line_1_100' title="bbox 293 5140 1944 5218; baseline -0.002 -18"><span class='ocrx_word' id='word_1_781' title='bbox 293 5143 476 5218; x_wconf 89' lang='lat' dir='ltr'>pitius</span> <span class='ocrx_word' id='word_1_782' title='bbox 504 5143 790 5200; x_wconf 88' lang='lat' dir='ltr'>Dominus</span> <span class='ocrx_word' id='word_1_783' title='bbox 819 5143 1089 5216; x_wconf 88' lang='lat' dir='ltr'>patribus</span> <span class='ocrx_word' id='word_1_784' title='bbox 1133 5140 1312 5210; x_wconf 89' lang='lat' dir='ltr'>dedit,</span> <span class='ocrx_word' id='word_1_785' title='bbox 1365 5141 1626 5200; x_wconf 73' lang='lat' dir='ltr'>offensus</span> <span class='ocrx_word' id='word_1_786' title='bbox 1680 5140 1944 5199; x_wconf 90' lang='lat' dir='ltr'>abstulit.</span> 
     </span>
    </p>
   </div>
   <div class='ocr_carea' id='block_1_100' title="bbox 293 5230 1952 5305">
    <p class='ocr_par' dir='ltr' id='par_1_100' title="bbox 293 5230 1952 5305">
     <span class='ocr_line' id='line_1_101' title="bbox 293 5230 1952 5305; baseline 0 -17"><span class='ocrx_word' id='word_1_787' title='bbox 293 5231 464 5288; x_wconf 86' lang='lat' dir='ltr'>Prom</span> <span class='ocrx_word' id='word_1_788' title='bbox 469 5231 630 5304; x_wconf 87' lang='lat' dir='ltr'>ptius</span> <span class='ocrx_word' id='word_1_789' title='bbox 645 5235 843 5288; x_wconf 89' lang='lat' dir='ltr'>tamen</span> <span class='ocrx_word' id='word_1_790' title='bbox 865 5248 975 5288; x_wconf 91' lang='lat' dir='ltr'>nos</span> <span class='ocrx_word' id='word_1_791' title='bbox 983 5232 1148 5304; x_wconf 87' lang='lat' dir='ltr'>justo</span> <span class='ocrx_word' id='word_1_792' title='bbox 1161 5230 1494 5302; x_wconf 87' lang='lat' dir='ltr'>viro,quam</span> <span class='ocrx_word' id='word_1_793' title='bbox 1505 5231 1780 5305; x_wconf 87' lang='lat' dir='ltr'>prudenti</span> <span class='ocrx_word' id='word_1_794' title='bbox 1797 5249 1952 5288; x_wconf 90' lang='lat' dir='ltr'>com-</span> 
     </span>
    </p>
   </div>
   <div class='ocr_carea' id='block_1_101' title="bbox 295 5319 1952 5393">
    <p class='ocr_par' dir='ltr' id='par_1_101' title="bbox 295 5319 1952 5393">
     <span class='ocr_line' id='line_1_102' title="bbox 295 5319 1952 5393; baseline 0 -15"><span class='ocrx_word' id='word_1_795' title='bbox 295 5320 612 5378; x_wconf 90' lang='lat' dir='ltr'>mittimus.</span> <span class='ocrx_word' id='word_1_796' title='bbox 646 5319 963 5378; x_wconf 85' lang='lat' dir='ltr'>Pulchrum</span> <span class='ocrx_word' id='word_1_797' title='bbox 995 5325 1086 5377; x_wconf 90' lang='lat' dir='ltr'>est</span> <span class='ocrx_word' id='word_1_798' title='bbox 1115 5319 1298 5393; x_wconf 90' lang='lat' dir='ltr'>igitur</span> <span class='ocrx_word' id='word_1_799' title='bbox 1325 5319 1472 5376; x_wconf 91' lang='lat' dir='ltr'>bene</span> <span class='ocrx_word' id='word_1_800' title='bbox 1500 5319 1727 5390; x_wconf 89' lang='lat' dir='ltr'>velle,et</span> <span class='ocrx_word' id='word_1_801' title='bbox 1756 5338 1822 5378; x_wconf 94' lang='lat' dir='ltr'>eo</span> <span class='ocrx_word' id='word_1_802' title='bbox 1843 5321 1952 5378; x_wconf 86' lang='lat' dir='ltr'>lar—</span> 
     </span>
    </p>
   </div>
   <div class='ocr_carea' id='block_1_102' title="bbox 295 5409 1594 5484">
    <p class='ocr_par' dir='ltr' id='par_1_102' title="bbox 295 5409 1594 5484">
     <span class='ocr_line' id='line_1_103' title="bbox 295 5409 1594 5484; baseline -0.005 -17"><span class='ocrx_word' id='word_1_803' title='bbox 295 5409 408 5483; x_wconf 86' lang='lat' dir='ltr'>giri</span> <span class='ocrx_word' id='word_1_804' title='bbox 433 5409 678 5467; x_wconf 90' lang='lat' dir='ltr'>consilio</span> <span class='ocrx_word' id='word_1_805' title='bbox 709 5415 776 5466; x_wconf 92' lang='lat' dir='ltr'>ut</span> <span class='ocrx_word' id='word_1_806' title='bbox 804 5409 1020 5484; x_wconf 91' lang='lat' dir='ltr'>prosis,</span> <span class='ocrx_word' id='word_1_807' title='bbox 1053 5426 1173 5484; x_wconf 81' lang='lat' dir='ltr'>non</span> <span class='ocrx_word' id='word_1_808' title='bbox 1204 5413 1270 5464; x_wconf 90' lang='lat' dir='ltr'>ut</span> <span class='ocrx_word' id='word_1_809' title='bbox 1301 5424 1533 5464; x_wconf 90' lang='lat' dir='ltr'>noceas.</span> <span class='ocrx_word' id='word_1_810' title='bbox 1566 5431 1594 5459; x_wconf 83' lang='lat'><strong>»</strong></span> 
     </span>
    </p>
   </div>
   <div class='ocr_carea' id='block_1_103' title="bbox 367 5481 1954 5571">
    <p class='ocr_par' dir='ltr' id='par_1_103' title="bbox 367 5481 1954 5571">
     <span class='ocr_line' id='line_1_104' title="bbox 367 5481 1954 5571; baseline -0.001 -17"><span class='ocrx_word' id='word_1_811' title='bbox 367 5503 498 5554; x_wconf 80' lang='lat' dir='ltr'>CAP.</span> <span class='ocrx_word' id='word_1_812' title='bbox 531 5499 598 5554; x_wconf 91' lang='grc' dir='ltr'>Χ.</span> <span class='ocrx_word' id='word_1_813' title='bbox 629 5501 676 5554; x_wconf 89' lang='grc' dir='ltr'><strong>Α</strong></span> <span class='ocrx_word' id='word_1_814' title='bbox 705 5481 923 5571; x_wconf 86' lang='lat' dir='ltr'>quibus</span> <span class='ocrx_word' id='word_1_815' title='bbox 953 5481 1094 5554; x_wconf 44' lang='lat' dir='ltr'>una.</span> <span class='ocrx_word' id='word_1_816' title='bbox 1122 5515 1256 5551; x_wconf 89' lang='lat' dir='ltr'>cum</span> <span class='ocrx_word' id='word_1_817' title='bbox 1307 5496 1528 5552; x_wconf 66' lang='lat' dir='ltr'>cazteris</span> <span class='ocrx_word' id='word_1_818' title='bbox 1567 5497 1954 5568; x_wconf 85' lang='lat' dir='ltr'>pravitatibus</span> 
     </span>
    </p>
   </div>
   <div class='ocr_carea' id='block_1_104' title="bbox 298 5583 1952 5658">
    <p class='ocr_par' dir='ltr' id='par_1_104' title="bbox 298 5583 1952 5658">
     <span class='ocr_line' id='line_1_105' title="bbox 298 5583 1952 5658; baseline -0.002 -12"><span class='ocrx_word' id='word_1_819' title='bbox 298 5604 364 5646; x_wconf 86' lang='lat' dir='ltr'>se</span> <span class='ocrx_word' id='word_1_820' title='bbox 393 5603 492 5644; x_wconf 85' lang='lat' dir='ltr'>rex</span> <span class='ocrx_word' id='word_1_821' title='bbox 523 5589 735 5645; x_wconf 88' lang='lat' dir='ltr'>debeat</span> <span class='ocrx_word' id='word_1_822' title='bbox 763 5588 1082 5653; x_wconf 90' lang='lat' dir='ltr'>custodire,</span> <span class='ocrx_word' id='word_1_823' title='bbox 1113 5591 1170 5642; x_wconf 87' lang='lat' dir='ltr'>et</span> <span class='ocrx_word' id='word_1_824' title='bbox 1199 5583 1403 5658; x_wconf 89' lang='lat' dir='ltr'>quales</span> <span class='ocrx_word' id='word_1_825' title='bbox 1434 5587 1676 5643; x_wconf 89' lang='lat' dir='ltr'>comites</span> <span class='ocrx_word' id='word_1_826' title='bbox 1705 5604 1770 5643; x_wconf 88' lang='lat' dir='ltr'>ac</span> <span class='ocrx_word' id='word_1_827' title='bbox 1792 5588 1952 5658; x_wconf 88' lang='lat' dir='ltr'>judi-</span> 
     </span>
    </p>
   </div>
   <div class='ocr_carea' id='block_1_105' title="bbox 300 5674 1954 5747">
    <p class='ocr_par' dir='ltr' id='par_1_105' title="bbox 300 5674 1954 5747">
     <span class='ocr_line' id='line_1_106' title="bbox 300 5674 1954 5747; baseline 0 -14"><span class='ocrx_word' id='word_1_828' title='bbox 300 5693 397 5734; x_wconf 86' lang='lat' dir='ltr'>ces</span> <span class='ocrx_word' id='word_1_829' title='bbox 427 5676 636 5734; x_wconf 81' lang='lat' dir='ltr'>debeat</span> <span class='ocrx_word' id='word_1_830' title='bbox 667 5676 1292 5743; x_wconf 86' lang='lat' dir='ltr'>constituere,sanctus</span> <span class='ocrx_word' id='word_1_831' title='bbox 1322 5674 1688 5747; x_wconf 87' lang='lat' dir='ltr'>Augustinus</span> <span class='ocrx_word' id='word_1_832' title='bbox 1709 5677 1954 5734; x_wconf 86' lang='lat' dir='ltr'>demon-</span> 
     </span>
    </p>
   </div>
   <div class='ocr_carea' id='block_1_106' title="bbox 301 5763 1957 5838">
    <p class='ocr_par' dir='ltr' id='par_1_106' title="bbox 301 5763 1957 5838">
     <span class='ocr_line' id='line_1_107' title="bbox 301 5763 1957 5838; baseline 0.001 -16"><span class='ocrx_word' id='word_1_833' title='bbox 301 5764 440 5834; x_wconf 78' lang='lat' dir='ltr'>trat,</span> <span class='ocrx_word' id='word_1_834' title='bbox 476 5765 718 5824; x_wconf 90' lang='lat' dir='ltr'>dicens:</span> <span class='ocrx_word' id='word_1_835' title='bbox 751 5767 962 5824; x_wconf 84' lang='lat' dir='ltr'>Caveat</span> <span class='ocrx_word' id='word_1_836' title='bbox 1011 5763 1304 5838; x_wconf 89' lang='lat' dir='ltr'>princeps,</span> <span class='ocrx_word' id='word_1_837' title='bbox 1356 5781 1426 5821; x_wconf 87' lang='lat' dir='ltr'>ne</span> <span class='ocrx_word' id='word_1_838' title='bbox 1475 5765 1822 5824; x_wconf 90' lang='lat' dir='ltr'>muneribus</span> <span class='ocrx_word' id='word_1_839' title='bbox 1867 5767 1957 5824; x_wconf 89' lang='lat' dir='ltr'>vel</span> 
     </span>
    </p>
   </div>
   <div class='ocr_carea' id='block_1_107' title="bbox 2054 4857 3708 4942">
    <p class='ocr_par' dir='ltr' id='par_1_107' title="bbox 2054 4857 3708 4942">
     <span class='ocr_line' id='line_1_108' title="bbox 2054 4857 3708 4942; baseline -0.013 -20"><span class='ocrx_word' id='word_1_840' title='bbox 2054 4864 2210 4942; x_wconf 87' lang='lat' dir='ltr'>quod</span> <span class='ocrx_word' id='word_1_841' title='bbox 2243 4859 2469 4918; x_wconf 88' lang='lat' dir='ltr'>faciunt</span> <span class='ocrx_word' id='word_1_842' title='bbox 2498 4857 2822 4929; x_wconf 86' lang='lat' dir='ltr'>increpare,</span> <span class='ocrx_word' id='word_1_843' title='bbox 2855 4869 3050 4910; x_wconf 89' lang='lat' dir='ltr'>mores</span> <span class='ocrx_word' id='word_1_844' title='bbox 3081 4865 3392 4924; x_wconf 88' lang='lat' dir='ltr'>pravorum</span> <span class='ocrx_word' id='word_1_845' title='bbox 3423 4861 3708 4920; x_wconf 89' lang='lat' dir='ltr'>premere,</span> 
     </span>
    </p>
   </div>
   <div class='ocr_carea' id='block_1_108' title="bbox 2053 4951 2580 5026">
    <p class='ocr_par' dir='ltr' id='par_1_108' title="bbox 2053 4951 2580 5026">
     <span class='ocr_line' id='line_1_109' title="bbox 2053 4951 2580 5026; baseline -0.023 -11"><span class='ocrx_word' id='word_1_846' title='bbox 2053 4957 2186 5015; x_wconf 62' lang='lat' dir='ltr'>vita:</span> <span class='ocrx_word' id='word_1_847' title='bbox 2217 4951 2514 5026; x_wconf 89' lang='lat' dir='ltr'>prodesse.</span> <span class='ocrx_word' id='word_1_848' title='bbox 2551 4970 2580 4997; x_wconf 86' lang='grc'>››</span> 
     </span>
    </p>
   </div>
   <div class='ocr_carea' id='block_1_109' title="bbox 2128 5022 3712 5106">
    <p class='ocr_par' dir='ltr' id='par_1_109' title="bbox 2128 5022 3712 5106">
     <span class='ocr_line' id='line_1_110' title="bbox 2128 5022 3712 5106; baseline -0.015 -6"><span class='ocrx_word' id='word_1_849' title='bbox 2128 5022 2262 5102; x_wconf 54' lang='lat' dir='ltr'>Car.</span> <span class='ocrx_word' id='word_1_850' title='bbox 2296 5039 2418 5096; x_wconf 89' lang='lat' dir='ltr'>XII.</span> <span class='ocrx_word' id='word_1_851' title='bbox 2452 5036 2618 5104; x_wconf 90' lang='lat' dir='ltr'>Quod</span> <span class='ocrx_word' id='word_1_852' title='bbox 2650 5051 2750 5091; x_wconf 82' lang='lat' dir='ltr'>rex</span> <span class='ocrx_word' id='word_1_853' title='bbox 2777 5033 3014 5106; x_wconf 89' lang='lat' dir='ltr'>propter</span> <span class='ocrx_word' id='word_1_854' title='bbox 3043 5025 3438 5084; x_wconf 89' lang='lat' dir='ltr'>ministerium</span> <span class='ocrx_word' id='word_1_855' title='bbox 3463 5022 3712 5098; x_wconf 86' lang='lat' dir='ltr'>regium,</span> 
     </span>
    </p>
   </div>
   <div class='ocr_carea' id='block_1_110' title="bbox 2058 5111 3712 5205">
    <p class='ocr_par' dir='ltr' id='par_1_110' title="bbox 2058 5111 3712 5205">
     <span class='ocr_line' id='line_1_111' title="bbox 2058 5111 3712 5205; baseline -0.016 -14"><span class='ocrx_word' id='word_1_856' title='bbox 2058 5153 2164 5193; x_wconf 88' lang='lat' dir='ltr'>nec</span> <span class='ocrx_word' id='word_1_857' title='bbox 2195 5128 2446 5205; x_wconf 89' lang='lat' dir='ltr'>quilibet</span> <span class='ocrx_word' id='word_1_858' title='bbox 2473 5125 2770 5200; x_wconf 90' lang='lat' dir='ltr'>princeps,</span> <span class='ocrx_word' id='word_1_859' title='bbox 2793 5121 2972 5176; x_wconf 88' lang='lat' dir='ltr'>etiam</span> <span class='ocrx_word' id='word_1_860' title='bbox 3001 5116 3456 5190; x_wconf 89' lang='lat' dir='ltr'>quibuscunque</span> <span class='ocrx_word' id='word_1_861' title='bbox 3476 5111 3712 5205; x_wconf 51' lang='lat' dir='ltr'>pfopin-</span> 
     </span>
    </p>
   </div>
   <div class='ocr_carea' id='block_1_111' title="bbox 2061 5201 3712 5299">
    <p class='ocr_par' dir='ltr' id='par_1_111' title="bbox 2061 5201 3712 5299">
     <span class='ocr_line' id='line_1_112' title="bbox 2061 5201 3712 5299; baseline -0.016 -18"><span class='ocrx_word' id='word_1_862' title='bbox 2061 5201 2302 5299; x_wconf 76' lang='lat' dir='ltr'>quitatis</span> <span class='ocrx_word' id='word_1_863' title='bbox 2334 5211 2872 5276; x_wconf 89' lang='lat' dir='ltr'>necessitudinibus</span> <span class='ocrx_word' id='word_1_864' title='bbox 2892 5207 3477 5299; x_wconf 75' lang='lat' dir='ltr'>conjunctus,contra</span> <span class='ocrx_word' id='word_1_865' title='bbox 3504 5201 3712 5271; x_wconf 88' lang='lat' dir='ltr'>Deum,</span> 
     </span>
    </p>
   </div>
   <div class='ocr_carea' id='block_1_112' title="bbox 2061 5292 3715 5380">
    <p class='ocr_par' dir='ltr' id='par_1_112' title="bbox 2061 5292 3715 5380">
     <span class='ocr_line' id='line_1_113' title="bbox 2061 5292 3715 5380; baseline -0.015 -9"><span class='ocrx_word' id='word_1_866' title='bbox 2061 5292 2444 5380; x_wconf 73' lang='lat' dir='ltr'>sanctamque</span> <span class='ocrx_word' id='word_1_867' title='bbox 2465 5301 2785 5360; x_wconf 75' lang='lat' dir='ltr'>Ecclesium</span> <span class='ocrx_word' id='word_1_868' title='bbox 2807 5303 2981 5370; x_wconf 87' lang='lat' dir='ltr'>atque</span> <span class='ocrx_word' id='word_1_869' title='bbox 2999 5292 3420 5367; x_wconf 89' lang='lat' dir='ltr'>rempublicam</span> <span class='ocrx_word' id='word_1_870' title='bbox 3433 5306 3715 5364; x_wconf 75' lang='lat' dir='ltr'>perversae</span> 
     </span>
    </p>
   </div>
   <div class='ocr_carea' id='block_1_113' title="bbox 2065 5379 3717 5476">
    <p class='ocr_par' dir='ltr' id='par_1_113' title="bbox 2065 5379 3717 5476">
     <span class='ocr_line' id='line_1_114' title="bbox 2065 5379 3717 5476; baseline -0.012 -18"><span class='ocrx_word' id='word_1_871' title='bbox 2065 5397 2376 5476; x_wconf 84' lang='lat' dir='ltr'>agentibus</span> <span class='ocrx_word' id='word_1_872' title='bbox 2401 5395 2614 5451; x_wconf 73' lang='lat' dir='ltr'>affectu</span> <span class='ocrx_word' id='word_1_873' title='bbox 2641 5386 2861 5446; x_wconf 88' lang='lat' dir='ltr'>carnali</span> <span class='ocrx_word' id='word_1_874' title='bbox 2906 5401 3142 5459; x_wconf 88' lang='lat' dir='ltr'>parcere</span> <span class='ocrx_word' id='word_1_875' title='bbox 3172 5383 3397 5450; x_wconf 88' lang='lat' dir='ltr'>debeat,</span> <span class='ocrx_word' id='word_1_876' title='bbox 3430 5397 3499 5436; x_wconf 82' lang='lat' dir='ltr'>ex</span> <span class='ocrx_word' id='word_1_877' title='bbox 3524 5379 3717 5438; x_wconf 82' lang='lat' dir='ltr'>verbis</span> 
     </span>
    </p>
   </div>
   <div class='ocr_carea' id='block_1_114' title="bbox 2065 5473 3716 5546">
    <p class='ocr_par' dir='ltr' id='par_1_114' title="bbox 2065 5473 3716 5546">
     <span class='ocr_line' id='line_1_115' title="bbox 2065 5473 3716 5546; baseline -0.016 1"><span class='ocrx_word' id='word_1_878' title='bbox 2065 5473 2301 5546; x_wconf 75' lang='lat' dir='ltr'>Domini</span> <span class='ocrx_word' id='word_1_879' title='bbox 2333 5479 2578 5538; x_wconf 87' lang='lat' dir='ltr'>dicentis</span> <span class='ocrx_word' id='word_1_880' title='bbox 2611 5495 2624 5532; x_wconf 88' lang='lat'><strong>:</strong></span> <span class='ocrx_word' id='word_1_881' title='bbox 2661 5478 2767 5546; x_wconf 86' lang='lat' dir='ltr'>Qui</span> <span class='ocrx_word' id='word_1_882' title='bbox 2793 5490 2903 5530; x_wconf 83' lang='lat' dir='ltr'>non</span> <span class='ocrx_word' id='word_1_883' title='bbox 2933 5473 3045 5528; x_wconf 84' lang='lat' dir='ltr'>odit</span> <span class='ocrx_word' id='word_1_884' title='bbox 3067 5479 3282 5543; x_wconf 82' lang='lat' dir='ltr'>patrem</span> <span class='ocrx_word' id='word_1_885' title='bbox 3307 5485 3489 5537; x_wconf 86' lang='lat' dir='ltr'>suum,</span> <span class='ocrx_word' id='word_1_886' title='bbox 3521 5475 3571 5523; x_wconf 88' lang='lat' dir='ltr'>et</span> <span class='ocrx_word' id='word_1_887' title='bbox 3598 5483 3716 5521; x_wconf 86' lang='lat' dir='ltr'>ma-</span> 
     </span>
    </p>
   </div>
   <div class='ocr_carea' id='block_1_115' title="bbox 2067 5555 3722 5644">
    <p class='ocr_par' dir='ltr' id='par_1_115' title="bbox 2067 5555 3722 5644">
     <span class='ocr_line' id='line_1_116' title="bbox 2067 5555 3722 5644; baseline -0.016 -7"><span class='ocrx_word' id='word_1_888' title='bbox 2067 5589 2226 5644; x_wconf 86' lang='lat' dir='ltr'>trem,</span> <span class='ocrx_word' id='word_1_889' title='bbox 2257 5583 2308 5632; x_wconf 88' lang='lat' dir='ltr'>et</span> <span class='ocrx_word' id='word_1_890' title='bbox 2335 5587 2582 5636; x_wconf 75' lang='lat' dir='ltr'>uxorem,</span> <span class='ocrx_word' id='word_1_891' title='bbox 2613 5575 2664 5624; x_wconf 87' lang='lat' dir='ltr'>et</span> <span class='ocrx_word' id='word_1_892' title='bbox 2690 5567 2854 5639; x_wconf 83' lang='lat' dir='ltr'>ﬁlios,</span> <span class='ocrx_word' id='word_1_893' title='bbox 2881 5571 2934 5620; x_wconf 89' lang='lat' dir='ltr'>et</span> <span class='ocrx_word' id='word_1_894' title='bbox 2974 5565 3175 5634; x_wconf 80' lang='lat' dir='ltr'>fratres</span> <span class='ocrx_word' id='word_1_895' title='bbox 3203 5568 3253 5616; x_wconf 86' lang='lat' dir='ltr'>et</span> <span class='ocrx_word' id='word_1_896' title='bbox 3281 5574 3512 5626; x_wconf 86' lang='lat' dir='ltr'>sorores,</span> <span class='ocrx_word' id='word_1_897' title='bbox 3543 5555 3722 5612; x_wconf 87' lang='lat' dir='ltr'>adhuc</span> 
     </span>
    </p>
   </div>
   <div class='ocr_carea' id='block_1_116' title="bbox 2067 5645 3722 5726">
    <p class='ocr_par' dir='ltr' id='par_1_116' title="bbox 2067 5645 3722 5726">
     <span class='ocr_line' id='line_1_117' title="bbox 2067 5645 3722 5726; baseline -0.015 -1"><span class='ocrx_word' id='word_1_898' title='bbox 2067 5677 2247 5726; x_wconf 87' lang='lat' dir='ltr'>autem</span> <span class='ocrx_word' id='word_1_899' title='bbox 2276 5672 2327 5720; x_wconf 88' lang='lat' dir='ltr'>et</span> <span class='ocrx_word' id='word_1_900' title='bbox 2357 5662 2603 5716; x_wconf 86' lang='lat' dir='ltr'>animam</span> <span class='ocrx_word' id='word_1_901' title='bbox 2633 5673 2810 5723; x_wconf 87' lang='lat' dir='ltr'>suam,</span> <span class='ocrx_word' id='word_1_902' title='bbox 2859 5670 2971 5709; x_wconf 87' lang='lat' dir='ltr'>non</span> <span class='ocrx_word' id='word_1_903' title='bbox 3014 5658 3186 5724; x_wconf 86' lang='lat' dir='ltr'>potest</span> <span class='ocrx_word' id='word_1_904' title='bbox 3221 5665 3372 5706; x_wconf 87' lang='lat' dir='ltr'>meus</span> <span class='ocrx_word' id='word_1_905' title='bbox 3418 5663 3532 5704; x_wconf 86' lang='lat' dir='ltr'>esse</span> <span class='ocrx_word' id='word_1_906' title='bbox 3561 5645 3722 5702; x_wconf 85' lang='lat' dir='ltr'>disci-</span> 
     </span>
    </p>
   </div>
   <div class='ocr_carea' id='block_1_117' title="bbox 2065 5737 3720 5832">
    <p class='ocr_par' dir='ltr' id='par_1_117' title="bbox 2065 5737 3720 5832">
     <span class='ocr_line' id='line_1_118' title="bbox 2065 5737 3720 5832; baseline -0.014 -17"><span class='ocrx_word' id='word_1_907' title='bbox 2065 5759 2228 5832; x_wconf 82' lang='lat' dir='ltr'>pulus</span> <span class='ocrx_word' id='word_1_908' title='bbox 2261 5755 2410 5825; x_wconf 82' lang='lat' dir='ltr'>(Luc.</span> <span class='ocrx_word' id='word_1_909' title='bbox 2461 5767 2576 5818; x_wconf 83' lang='lat' dir='ltr'>xw,</span> <span class='ocrx_word' id='word_1_910' title='bbox 2613 5748 2725 5816; x_wconf 87' lang='lat'>26),</span> <span class='ocrx_word' id='word_1_911' title='bbox 2777 5744 2838 5800; x_wconf 92' lang='lat' dir='ltr'>in</span> <span class='ocrx_word' id='word_1_912' title='bbox 2884 5739 3130 5798; x_wconf 90' lang='lat' dir='ltr'>homilia</span> <span class='ocrx_word' id='word_1_913' title='bbox 3174 5737 3470 5812; x_wconf 88' lang='lat' dir='ltr'>Evangelii</span> <span class='ocrx_word' id='word_1_914' title='bbox 3513 5737 3720 5794; x_wconf 89' lang='lat' dir='ltr'>beatus</span> 
     </span>
    </p>
   </div>
  </div>
