4152 6538
501 440 660 504 mus

1281 434 1667 500 HINCMARI
1711 431 1960 495 RHEM.
2003 425 2370 491 ARCHIEP.
2416 429 2828 495 OPUSCULA
2866 431 3132 495 VARIA.

3765 432 3946 496 1016

494 571 814 647 Gregorius
859 573 1226 631 demonstrat
1271 569 1474 627 dicens
1512 568 1801 641 (homx3'7)
1835 583 1850 623 :
1883 589 1912 617 «
1942 565 2002 622 Si
2031 563 2150 620 vim
2177 559 2239 630 Α
2272 579 2408 620 nem
2437 563 2777 622 redditurus
2799 570 2910 637 est,
2943 570 3011 624 ut
3054 566 3233 625 etiam
3281 565 3500 642 singuli
3545 568 3648 642 qui
3698 569 3826 626 sub
3869 583 3944 627 eo

499 661 775 739 precepti
823 661 1265 736 perpendimus,
1319 663 1640 731 utrumque
1698 673 1802 730 per
1849 653 2152 712 discretio-

502 769 638 810 nem
667 765 840 826 agere
865 749 1153 818 valemus,
1188 751 1254 804 ut
1300 764 1398 804 eos
1447 747 1548 820 qui
1598 745 1769 802 nobis
1816 743 2010 801 carnis
2057 759 2159 799 co-

501 840 779 916 gnatione
807 838 1108 913 conjuncti
1140 840 1362 904 sunt,et
1381 853 1528 910 quos
1548 839 1844 910 proximos
1865 833 2156 902 novimus,

388 959 397 967 -
502 929 843 1004 diligamus,
877 933 936 986 et
967 944 1114 1001 quos
1143 925 1508 984 adversarios
1532 923 1593 980 in
1624 924 1714 980 via
1743 923 1846 980 Dei
1878 923 2157 997 patimur,

504 1019 757 1076 odiendo
805 1021 864 1074 et
912 1014 1188 1089 fugiendo
1239 1014 1595 1070 nesciamur.
1629 1011 1806 1080 Quasi
1849 1011 2004 1068 enim
2059 1026 2162 1083 per

504 1108 708 1166 odium
736 1105 1023 1180 diligitur,
1055 1103 1157 1176 qui
1188 1100 1500 1160 carnaliter
1531 1101 1788 1174 sapiens,
1822 1100 1963 1156 dum
1985 1113 2163 1172 prava

506 1195 678 1253 nobis
707 1192 945 1270 ingerit,
977 1208 1094 1249 non
1127 1190 1384 1248 auditur.
1416 1191 1658 1246 Ametur
1687 1186 1934 1261 quilibet
1960 1186 2021 1242 in
2051 1185 2162 1242 hoc

505 1285 729 1342 mundo
749 1283 927 1340 etiam
949 1280 1346 1339 adversarius:
1364 1279 1465 1337 sed
1498 1278 1558 1334 in
1583 1277 1679 1334 via
1702 1276 1804 1335 Dei
1833 1274 2164 1334 contrarius

505 1391 624 1432 non
641 1377 873 1432 ametur
887 1371 1063 1429 etiam
1081 1369 1468 1444 propinquus,
1483 1373 1551 1426 ut
1559 1385 1628 1426 eo
1637 1367 1836 1426 varius
1851 1362 2168 1442 cognoscat

507 1463 715 1534 Deum,
749 1478 865 1535 quo
899 1461 960 1517 in
989 1460 1119 1533 ejus
1148 1475 1328 1516 causa
1367 1457 1663 1516 neminem
1715 1458 2098 1531 recognoscit.
2135 1480 2164 1510 »

577 1553 710 1610 Car.
743 1551 891 1608 XIII.
927 1549 1094 1608 Sicut
1140 1565 1321 1624 supra
1367 1552 1458 1606 est
1507 1547 1788 1622 positum,
1831 1548 1988 1621 quod
2019 1547 2164 1605 nulli

507 1640 794 1702 sacerdoti
825 1657 966 1698 suos
1003 1639 1178 1697 liceat
1224 1655 1482 1696 canones
1529 1638 1822 1714 ignorare,
1855 1655 1962 1696 nec
1993 1639 2166 1712 quid-

506 1747 686 1806 quam
719 1730 928 1799 facere,
953 1729 1110 1803 quod
1143 1729 1380 1786 Patrum
1413 1728 1603 1804 possit
1632 1727 1850 1802 regulis
1879 1729 2114 1787 obviare
2147 1748 2162 1788 :

504 1820 589 1878 ita
613 1819 676 1876 in
704 1818 938 1894 legibus
966 1817 1150 1876 sacris
1181 1817 1482 1875 decretum
1513 1821 1624 1886 est,
1657 1823 1724 1875 ut
1752 1817 1912 1893 leges
1941 1819 2166 1878 nescire

2266 657 2408 709 sunt
2432 652 2690 711 ministri
2720 655 3168 730 diligentissime
3215 657 3290 714 ab
3336 673 3403 714 eo
3427 657 3845 732 inquirantur,
3879 665 3946 717 et

2267 741 2414 800 tales
2431 743 2964 816 constituantur,ne
2979 746 3104 820 ipse
3119 763 3224 820 pro
3238 747 3324 805 eis
3344 747 3638 821 judicium
3656 749 3946 807 incurrat

2267 831 2552 890 divinum.
2586 833 2668 891 De
2696 833 3074 910 oppressione
3122 852 3446 911 pauperum
3491 838 3944 911 providendum

2269 926 2379 990 est,
2412 921 2551 996 quia
2579 917 2649 980 in'
2666 941 2868 982 eorum
2901 924 3214 983 afﬂictione
3241 925 3396 983 Deus
3425 927 3948 998 oﬂ‘enditur,sicut

2271 1010 2583 1069 Psalmista
2612 1013 2759 1094 dixit
2791 1030 2804 1069 :
2837 1016 3066 1088 Propter
3096 1017 3380 1074 miseriam
3421 1017 3649 1091 inopum
3675 1026 3732 1076 et
3758 1021 3946 1089 gemi-

2271 1109 2388 1158 tum
2412 1118 2716 1182 pauperum
2741 1120 2890 1160 nunc
2915 1121 3228 1175 exsurgant,
3279 1104 3413 1163 dicit
3455 1107 3722 1165 Dominus
3751 1109 3939 1178 (Psal.

2271 1206 2350 1261 xi,
2381 1191 2456 1264 6).
2492 1191 2920 1250 Providendum
2951 1199 3043 1252 est
3071 1211 3144 1252 ne
3173 1191 3511 1270 afﬂigantur
3551 1197 3611 1253 in
3660 1196 3943 1256 aedificiis

2271 1279 2606 1352 superﬂuis,
2639 1281 2700 1337 in
2730 1282 3028 1341 exactione
3057 1281 3276 1353 hostili,
3307 1284 3358 1342 si
3389 1284 3542 1344 Deus
3572 1302 3780 1360 pacem
3825 1304 3940 1362 pro

2273 1385 2384 1425 sua
2438 1369 2842 1429 misericordia
2887 1371 3178 1443 tribuerit,
3231 1389 3303 1432 ne
3348 1377 3552 1434 contra
3591 1375 3937 1451 capitulum

2273 1459 2472 1517 domni
2504 1459 2875 1535 imperatoris
2905 1461 3115 1531 Caroli,
3150 1466 3217 1520 ut
3244 1479 3416 1522 nemo
3447 1465 3520 1522 ad
3550 1465 3937 1536 mallum,vel

2275 1550 2348 1608 ad
2379 1549 2656 1624 placitum
2688 1555 2994 1626 cogeretur
3021 1552 3236 1623 venire,
3285 1552 3399 1612 nisi
3448 1555 3672 1614 scabini
3705 1562 3767 1614 et
3824 1557 3938 1632 qui

2265 1656 2514 1698 causam
2546 1657 2714 1699 suam
2747 1641 2973 1714 quaerit,
3004 1646 3063 1700 et
3089 1643 3184 1700 cui
3213 1647 3526 1718 queratur.

2346 1759 2481 1817 CAP.
2514 1757 2628 1816 XV.
2656 1757 2912 1817 Comites
2959 1761 3018 1816 et
3063 1757 3285 1828 vicarii,
3331 1759 3420 1818 vel
3467 1760 3644 1819 etiam
3693 1763 3934 1840 decani,

2277 1848 2532 1922 plurima
2562 1847 2775 1922 placita
2804 1847 3184 1919 constituant,
3207 1854 3266 1906 et
3295 1849 3346 1906 si
3377 1849 3460 1907 ibi
3491 1867 3605 1909 non
3635 1855 3933 1926 venerint,

505 1909 654 2014 nam
683 1909 874 2016 lifeﬁt’
908 1911 1181 2016 “utﬁt?
1201 1911 1597 2016 sul“:
1619 1910 2162 2016 θρῷθξῗηθταδυπξ
2191 1941 2240 2010 Β
2273 1909 2756 2012 compositionem
2788 1938 2918 2010 ejus
2956 1909 3247 1996 exsolvere
3267 1937 3579 1998 faciant.Et
3599 1940 3742 2014 quia

501 1999 662 2059 enim
695 1996 1083 2068 dicitur,nulli
1112 1997 1288 2055 liceat
1314 1996 1474 2072 leges
1503 1998 1836 2067 nescire,vel
1871 2015 1998 2072 quae
2017 2002 2162 2057 sunt

506 2091 729 2148 statuta
757 2091 1154 2157 contemnere,
1191 2085 1354 2144 nulla
1400 2103 1651 2161 persona
1696 2085 1758 2144 in
1807 2103 2161 2162 quocunque

507 2178 712 2237 ordine
739 2176 1050 2252 excipitur,
1073 2194 1201 2250 qua:
1221 2175 1334 2234 hac
1364 2176 1658 2234 sententia
1704 2193 1821 2234 non
1867 2177 2160 2235 constrin-

507 2267 944 2343 gamrﬂportet
971 2265 1148 2336 enim,
1180 2269 1248 2323 ut
1276 2265 1375 2339 qui
1399 2267 1585 2338 judex
1612 2270 1701 2324 est
1721 2266 1992 2340 judicum
2011 2283 2162 2340 pau-

509 2373 680 2432 peres
707 2357 780 2412 ad
811 2372 874 2413 se
899 2355 1128 2430 ingredi
1160 2355 1478 2430 permittat,
1518 2359 1578 2412 et
1621 2354 1936 2430 diligenter
1965 2355 2162 2428 inqui-

509 2449 702 2516 rat,ne
729 2445 878 2503 forte
907 2443 1013 2514 illi,
1045 2443 1146 2518 qui
1177 2444 1250 2501 ab
1279 2461 1347 2502 eo
1365 2443 1670 2502 constituti
1697 2449 1856 2515 sunt,
1887 2449 1949 2502 et
1976 2445 2161 2502 vicem

509 2536 642 2609 ejus
671 2551 842 2610 agere
872 2534 1086 2592 debent
1112 2533 1172 2590 in
1203 2533 1666 2608 populo,injuste
1685 2537 1787 2592 aut
1805 2533 2165 2608 negligenter

511 2641 798 2700 pauperes
835 2623 956 2698 pati
987 2622 1396 2697 oppressiones
1420 2623 2161 2697 permittant,terrorquec-

504 2715 612 2788 jus
634 2712 867 2787 iniquos
886 2713 1323 2788 comprimat,et
1350 2711 1659 2770 benevolos
1690 2716 1866 2786 atque
1893 2711 2162 2788 indigen-

507 2807 598 2863 tes
621 2819 731 2861 sua
755 2802 1103 2861 auctoritate
1139 2801 1422 2860 sublevet.
1466 2800 1797 2858 Periculum
1828 2803 2044 2877 quippe
2076 2809 2166 2862 est

511 2891 1036 2970 cuilibet,ofﬁcium
1061 2908 1238 2948 suum
1258 2907 1360 2965 per
1374 2890 1522 2947 alios
1538 2891 1599 2946 in
1611 2895 1841 2948 tantum
1864 2909 2161 2968 peragere,

511 2985 577 3038 ut
609 2998 670 3038 se
700 2982 772 3038 ab
803 2997 870 3038 eo
898 2979 1125 3037 diutius
1152 2979 1484 3038 subtrahat.
1525 2979 1797 3053 Legimus
1836 2983 2164 3056 antiquitus

502 3071 742 3144 judices
771 3069 831 3126 in
861 3073 1029 3144 porta
1057 3069 1130 3126 ad
1155 3068 1546 3142 judicandum
1578 3069 1820 3139 sedisse,
1856 3075 1923 3128 ut
1965 3071 2164 3131 nullus

511 3157 820 3217 accedendi
837 3158 1246 3216 difficultatem
1266 3156 1524 3214 haberet.
1553 3157 1716 3217 Unde
1737 3161 1944 3221 beatus
1966 3161 2163 3220 Hiero-

511 3265 726 3322 nymus
755 3247 816 3303 in
846 3245 1184 3304 Zachariam
1235 3245 1576 3320 prophetam
1625 3247 1763 3322 (cap.
1797 3249 1852 3322 8)
1887 3265 1900 3305 :
1935 3273 1963 3300 «
1994 3249 2160 3307 Veri-

511 3315 714 3406 tatem,
744 3335 958 3409 inquit,
991 3339 1049 3390 et
1069 3315 1362 3408 judicium
1393 3337 1556 3409 pacis
1591 3315 1854 3410 judicate
1883 3341 1942 3397 in
1973 3341 2159 3415 portis
2188 3315 2234 3384 α

508 3426 740 3483 vestris.
776 3425 839 3481 In
863 3424 1090 3498 judicio
1122 3423 1310 3498 prima
1339 3424 1416 3482 sit
1445 3426 1657 3484 veritas
1686 3431 1861 3502 atque
1902 3430 2158 3503 justitia,

509 3514 722 3572 deinde
753 3516 1034 3587 sequatur
1065 3513 1486 3572 misericordia.
1548 3518 1708 3584 Quod
1760 3519 2048 3592 sequitur,
2099 3519 2160 3577 in

509 3601 696 3678 portis
725 3601 952 3672 vestris,
987 3601 1070 3658 illi
1103 3603 1438 3678 prophetico
1467 3607 1739 3680 congruit
1772 3624 1783 3663 :
1819 3607 2080 3665 Oderunt
2100 3609 2160 3666 in

510 3691 694 3767 portis
725 3691 1156 3766 corripientem,
1182 3696 1240 3750 et
1269 3694 1512 3751 verbum
1543 3701 1814 3752 sanctum
1840 3697 2159 3757 abominati

507 3785 650 3841 sunt
677 3783 877 3855 (Amos,
908 3782 983 3856 v).
1017 3782 1088 3839 Et
1117 3783 1176 3838 in
1200 3780 1314 3840 alio
1342 3782 1467 3840 loco
1502 3801 1515 3840 :
1549 3784 1675 3841 Non
1706 3787 2159 3858 confundantur,

505 3887 641 3930 cum
668 3868 984 3946 loquentur
1013 3869 1272 3930 inimicis
1301 3873 1426 3929 suis
1458 3873 1516 3930 in
1548 3879 1714 3948 porta
1745 3877 1916 3946 (Psal.
1949 3880 2156 3952 cxxix).

504 3960 685 4019 David
715 3978 949 4034 quoque
961 3960 1272 4034 judicabat
1293 3961 1352 4018 in
1374 3962 1820 4036 portis,quando
1841 3966 2160 4026 Abessalon

492 4052 806 4109 veritatem
830 4049 1042 4124 judicii
1073 4050 1487 4124 repromittens
1521 4052 1674 4125 patri
1707 4055 1982 4113 tendebat
2011 4055 2159 4114 insi-

503 4140 634 4198 dias
663 4140 740 4213 (ιι
767 4139 892 4210 Reg.
927 4142 1064 4210 xix).
1098 4140 1169 4196 Et
1197 4137 1499 4214 quaeritur,
1531 4157 1712 4213 quare
1743 4144 1897 4217 apud
1927 4144 2163 4206 Judmos

501 4229 564 4286 in
595 4227 779 4302 portis
809 4227 974 4286 locus
1007 4227 1180 4285 fuerit
1199 4227 1620 4302 judicandi.Ne
1649 4238 1996 4304 cogerentur
2017 4239 2165 4311 agri.

501 4317 640 4376 colae
671 4317 890 4374 intrare
917 4317 1114 4386 urbes,
1147 4321 1202 4374 et
1249 4315 1487 4390 aliquod
1532 4317 1731 4376 subire
1762 4321 2159 4400 dispendium,

493 4405 728 4480 judices
759 4406 819 4463 in
849 4406 1034 4480 portis
1065 4406 1420 4476 residebant,
1453 4409 1519 4463 ut
1547 4413 1668 4464 tam
1699 4411 1959 4470 urbanos
1981 4433 2160 4488 quam

501 4493 774 4563 rusticos,
805 4498 863 4552 et
891 4494 951 4551 in
983 4493 1142 4551 exitu
1173 4496 1231 4549 et
1263 4493 1506 4551 introitu
1554 4496 1720 4553 urbis
1769 4499 2061 4572 audirent,
2103 4510 2162 4563 et

501 4583 666 4642 linito
699 4583 930 4660 negotio
965 4580 1374 4656 unusquisque
1403 4584 1712 4643 confestim
1743 4589 1817 4645 ad
1849 4591 2015 4650 sedes
2033 4605 2160 4666 pro“-

499 4673 661 4750 prias
689 4676 1090 4730 reverteretur.
1127 4693 1155 4721 η

570 4761 853 4821 CAp.XlV.
877 4761 986 4830 Qui
1017 4765 1214 4818 autem
1245 4767 1378 4835 post
1407 4779 1605 4836 regem
1637 4766 1923 4840 populum
1955 4788 2150 4844 regere

499 4853 732 4921 debent,
764 4852 824 4909 id
854 4854 945 4909 est
973 4851 1153 4908 duces
1199 4855 1258 4907 et
1288 4851 1552 4921 comites,
1578 4871 1816 4912 necesse
1846 4863 1936 4914 est
1967 4863 2029 4916 ut
2058 4866 2150 4918 ta-

498 4941 584 5000 les
615 4943 1021 4998 instituantur.
1057 4938 1159 5012 qui
1188 4941 1315 4997 sine
1346 4941 1605 5015 periculo
1634 4941 1764 5016 ejus
1787 4945 2000 5018 quieos
2021 4965 2152 5008 con-

497 5029 865 5104 stituit,quos
895 5029 1004 5086 sub
1036 5047 1098 5086 se
1125 5029 1346 5087 habent
1365 5047 1499 5088 cum
1522 5032 1765 5104 justitia
1793 5039 1852 5091 et
1883 5039 2152 5110 aequitate

496 5120 826 5196 gubernare
858 5117 1208 5192 intelligant,
1257 5123 1434 5193 atque
1481 5138 1615 5178 cum
1662 5122 1817 5180 bona
1853 5125 2152 5188 voluntate

498 5211 653 5285 quod
684 5207 1020 5283 intelligunt
1067 5208 1388 5284 adimplere
1434 5216 1766 5283 procurent,
1801 5213 2050 5274 scientes
2089 5235 2152 5276 se

496 5301 569 5357 ad
601 5298 711 5356 hoc
741 5299 966 5372 positos
995 5315 1144 5367 esse,
1179 5303 1245 5355 ut
1292 5298 1521 5373 plebem
1575 5299 1798 5358 salvent
1825 5308 1884 5360 et
1924 5311 2150 5380 regant,

497 5405 613 5444 non
644 5393 711 5444 ut
740 5387 1122 5444 dominentur
1141 5393 1199 5444 et
1219 5389 1484 5461 afﬂigant
1515 5406 1528 5444 :
1565 5406 1754 5463 neque
1774 5396 1841 5448 ut
1862 5393 2144 5466 populum

497 5475 597 5533 Dei
628 5493 803 5533 suum
834 5478 1251 5546 mstiment,aut
1277 5478 1347 5534 ad
1373 5495 1542 5534 suam
1564 5478 1809 5552 gloriam
1841 5482 1954 5538 sibi
1979 5482 2143 5542 illum

497 5565 733 5638 subjici,
766 5568 918 5640 quod
974 5567 1225 5641 pertinet
1272 5567 1342 5622 ad
1392 5568 1760 5640 tyrannidem
1793 5577 1850 5627 et
1872 5571 2142 5644 iniquam

499 5657 864 5726 potestatem.
899 5655 1078 5714 Valde
1107 5656 1263 5712 enim
1296 5655 1472 5730 exigit
1503 5641 2017 5732 necessitas,‘l{uia
2046 5681 2144 5720 rex

499 5741 835 5815 eaquissimo
857 5746 1042 5816 judici
1063 5746 1132 5801 de
1149 5744 1464 5804 commisso
1485 5747 1594 5804 sibi
1628 5747 1954 5805 ministerio
1977 5751 2143 5808 ratio-

2269 2045 2373 2102 per
2401 2027 2716 2085 manninas
2753 2027 3086 2096 veniebant,
3135 2027 3607 2102 excogitaverunt
3654 2030 3932 2105 quidam,

2269 2109 2336 2174 ut
2364 2134 2470 2192 per
2497 2117 2724 2174 bannos
2755 2115 3021 2174 venirent
3049 2117 3124 2175 ad
3151 2115 3386 2190 placita,
3419 2119 3588 2192 quasi
3615 2127 3934 2194 propterea

2269 2205 2484 2264 melius
2511 2209 2684 2274 esset,
2719 2222 2790 2262 ne
2820 2205 2980 2280 ipsas
3007 2205 3317 2264 manninas
3348 2205 3696 2266 alterutrum
3737 2210 3927 2270 solve-

2271 2300 2418 2353 rent.
2447 2296 2577 2352 Hazc
2627 2295 2755 2352 ideo
2806 2294 3109 2363 facientes,
3142 2299 3208 2353 ut
3237 2295 3353 2369 ipsi
3383 2297 3646 2355 bannum
3689 2298 3927 2374 accipe-

2271 2389 2421 2455 rent,
2450 2389 2508 2442 et
2533 2383 2860 2449 intentum
2889 2383 3094 2442 exinde
3119 2384 3518 2460 affligerentur
3542 2396 3928 2461 pauperes,ut

2271 2474 2427 2532 unde
2457 2474 2621 2548 prius
2651 2474 2709 2531 in
2737 2474 2993 2532 exercitu
3022 2472 3221 2548 plures
3251 2474 3336 2532 ire
3363 2480 3649 2549 poterant,
3677 2479 3772 2535 vix
3813 2479 3924 2537 ali-

2272 2563 2370 2638 qui
2405 2564 2578 2621 modo
2608 2563 2691 2621 ire
2715 2562 3089 2637 praevaleant.
3120 2564 3190 2620 Et
3240 2563 3301 2620 in
3350 2563 3444 2622 his
3487 2566 3765 2627 omnibus
3803 2586 3923 2627 non

2271 2652 2464 2711 solum
2497 2671 2612 2712 non
2644 2652 2878 2710 solvunt
2907 2651 3216 2710 fasciculos
3247 2655 3572 2712 secundum
3595 2655 3808 2714 Isaiam
3828 2658 3924 2716 de-

2271 2743 2593 2818 primentes
2623 2744 2751 2812 (Isa.
2787 2745 2866 2812 1.),
2905 2742 3008 2800 sed
3059 2741 3237 2799 etiam
3285 2744 3696 2816 superaddunt
3743 2764 3925 2820 super

2272 2833 2520 2891 miseros
2548 2837 2606 2890 et
2635 2835 2893 2906 agentes.
2929 2831 3171 2900 Quando
3219 2830 3375 2888 enim
3419 2839 3659 2906 sperant
3695 2833 3923 2908 aliquid

2271 2920 2593 2990 lucrari,ad
2625 2921 2812 2996 legem
2845 2937 2909 2977 se
2933 2924 3280 2978 convertunt
3329 2938 3342 2978 :
3393 2921 3628 2995 quando
3658 2940 3792 2981 vero
3820 2941 3926 2998 per

2272 3009 2462 3085 legem
2493 3027 2608 3066 non
2637 3009 2935 3067 aestimant
2964 3010 3285 3082 nequirem,
3320 3011 3392 3066 ad
3425 3011 3682 3086 capitula
3714 3013 3921 3070 confu-

2271 3099 2442 3174 giunt
2473 3117 2486 3154 :
2521 3098 2722 3172 sicque
2752 3098 3048 3154 interdum
3081 3097 3237 3166 Iit,ut
3267 3115 3370 3156 nec
3392 3099 3651 3173 capitula
3673 3100 3924 3174 pleniter

2271 3193 2706 3256 conserventur,
2757 3187 2857 3244 sed
2912 3205 3015 3261 pro
3065 3185 3249 3244 nihilo
3280 3186 3628 3259 habeantur,
3663 3207 3767 3247 nec
3807 3190 3918 3249 lex.

2271 3277 2482 3336 Omnia
2509 3275 2665 3333 enim
2697 3274 2853 3332 mala
2879 3274 2971 3332 lex
2998 3274 3222 3333 Veteris
3262 3277 3619 3334 Testamenti
3656 3279 3916 3338 damnat.

2271 3365 2383 3425 Sed
2413 3364 2697 3423 Dominus
2729 3363 2872 3421 dixit
2901 3363 3209 3438 discipulis
3229 3364 3354 3422 suis
3373 3366 3445 3422 de
3466 3367 3742 3425 omnibus
3763 3368 3925 3427 Chri-

2271 3455 2481 3512 stianis
2514 3473 2526 3512 :
2560 3455 2726 3512 Amen
2763 3453 2882 3511 dico
2930 3453 3101 3522 vobis,
3150 3455 3268 3512 nisi
3317 3455 3675 3516 abundaverit
3692 3460 3920 3530 justitia

2270 3554 2444 3602 vestra
2469 3544 2594 3617 plus
2623 3561 2790 3618 quam
2817 3543 3138 3600 Scribarum
3164 3551 3216 3601 et
3242 3545 3653 3604 Pharisaeorum
3679 3564 3792 3605 non
3827 3551 3916 3605 in-

2271 3634 2486 3692 trabitis
2519 3636 2578 3690 in
2605 3649 2835 3704 regnum
2863 3633 3122 3690 caelorum
3153 3633 3371 3706 (Matth.
3404 3634 3482 3708 v.)

2341 3759 2623 3817 CAP.XVI.
2649 3759 2729 3816 De
2759 3757 2990 3832 legibus
3018 3775 3052 3815 a
3081 3757 3436 3831 quibusdam
3467 3758 3919 3835 imperatoribus

2271 3849 2424 3908 male
2442 3848 2840 3918 constitutis,a
2859 3847 2958 3920 qui
2966 3847 3218 3904 busdam
3237 3865 3372 3906 vero
3392 3847 3539 3906 bene
3559 3851 3915 3919 constitutis,

2269 3944 2513 3998 sanctus
2537 3937 2905 4012 Augustinus
2935 3937 3008 3994 ab
3040 3936 3404 3994 Bonifacium
3434 3937 3582 3995 dicit
3608 3942 3915 4014 (epist.50):

2270 4030 2693 4103 «Imperatores
2722 4026 2957 4100 quando
2987 4042 3092 4100 pro
3121 4025 3376 4084 falsitate
3396 4032 3599 4085 contra
3619 4029 3916 4088 veritatem

2219 4159 2240 4178 ι
2271 4117 2638 4176 constituunt
2665 4115 2852 4173 malas
2884 4114 3394 4188 leges,probantur
3421 4116 3570 4174 bene
3597 4118 3915 4190 credentes,

2269 4212 2331 4266 et
2358 4211 2714 4265 coronantur
2745 4205 3448 4278 perseverantee.0uando
3477 4211 3676 4264 autem
3701 4225 3807 4281 pro
3823 4226 3916 4267 ve-

2272 4298 2447 4355 ritate
2476 4299 2680 4354 contra
2700 4293 3016 4352 falsitatem
3033 4293 3404 4351 constituunt
3421 4294 3608 4354 bonas
3625 4295 3916 4372 leges,tex~

2271 4391 2476 4444 rentur
2503 4384 2825 4454 saevientes,
2857 4388 2916 4441 et
2939 4383 3314 4458 corriguntur
3340 4383 3750 4461 intelligentes.
3783 4409 3813 4439 ιι
3846 4389 3915 4445 Et

2271 4477 2344 4534 ad
2375 4473 2781 4532 Marcellinum
2811 4474 2884 4530 de
2909 4472 3175 4531 moribus
3204 4473 3374 4530 bonis
3403 4474 3822 4549 principum,et
3843 4478 3911 4536 de

2268 4565 2570 4640 republica
2613 4563 2882 4636 augenda
2926 4563 3070 4620 dicit
3109 4565 3286 4638 (epist.
3334 4563 3390 4638 5)
3444 4582 3458 4622 :
3507 4587 3538 4617 ‹‹
3589 4567 3671 4622 Ex
3715 4584 3912 4641 parva,

2186 4689 2234 4756 Ι)
2263 4653 2870 4756 inquiens,republica
2887 4657 2944 4711 et
2956 4654 3132 4756 inppi.
3150 4670 3428 4756 magnam
3453 4655 3908 4732 opulentamque

2263 4749 2528 4806 fecerunt
2555 4745 2658 4819 qui
2687 4748 2926 4818 accepta
2955 4743 3174 4818 injuria
3201 4743 3504 4818 ignoscam
3521 4761 3701 4818 quam
3722 4763 3908 4821 perso-

2259 4838 2359 4912 qui
2391 4834 3018 4902 malebant.Quomodo
3045 4832 3256 4890 Ciesari
3285 4833 3490 4908 utique
3531 4835 3903 4894 administra-

2257 4927 2369 4984 tori
2400 4923 2958 5000 reipublicaa,mores
2985 4923 3115 4996 ejus
3143 4921 3425 4980 extollens
3451 4912 3650 4982 Cic'ero
3679 4925 3906 4983 dicebat

2261 5016 2433 5090 (Orat.
2463 5031 2563 5088 pro
2605 5013 2773 5085 ιω),
2803 5013 2960 5086 quod
3005 5011 3152 5068 nihil
3201 5011 3468 5071 oblivisci
3525 5013 3741 5072 soleret
3794 5015 3906 5072 nisi

2259 5104 2530 5178 injurias.
2569 5101 2806 5159 Dicebat
2833 5100 2992 5156 enim
3023 5099 3136 5157 hoc
3163 5105 3288 5158 tam
3315 5118 3571 5176 magnus
3617 5102 3901 5173 laudator,

2259 5199 2365 5252 aut
2391 5197 2514 5250 tam
2545 5207 2799 5265 magnus
2827 5188 3099 5247 adulator
3131 5207 3144 5246 :
3179 5190 3282 5248 sed
3313 5189 3362 5248 si
3407 5189 3700 5262 laudator,
3731 5193 3903 5251 talem

2259 5283 2547 5340 Caesarem
2577 5284 2850 5348 noverat;
2901 5279 2952 5336 si
3002 5283 3200 5336 autem
3247 5279 3537 5351 adulator,
3569 5281 3748 5341 talem
3782 5301 3905 5341 esse

2256 5373 2465 5429 debere
2495 5371 2840 5428 ostendebat
2857 5369 3184 5443 principem
3205 5367 3718 5444 civitatis,qualem
3742 5373 3902 5430 illum

2251 5461 2536 5520 fallaciter
2563 5460 2938 5534 praedicabat.
2974 5480 3003 5510 »ι
3032 5460 3201 5532 Apud
3251 5465 3474 5516 veteres
3509 5478 3766 5534 namque
3792 5463 3902 5520 tale

2251 5551 2626 5625 proverbium
2656 5555 2782 5606 erat
2816 5566 2828 5605 :
2865 5550 2976 5607 Rea:
3005 5552 3134 5618 eris,
3179 5552 3233 5605 si
3277 5558 3418 5608 recte
3460 5552 3639 5620 facias
3668 5571 3688 5609 :
3717 5555 3771 5610 si
3797 5570 3903 5611 non

2249 5643 2424 5712 facias
2457 5657 2556 5697 rex
2583 5657 2694 5697 mm
2722 5641 2854 5696 eris.

2321 5758 2454 5813 CAP.
2490 5755 2658 5812 XVII.
2695 5755 2885 5829 Regia!
2936 5755 3184 5814 virtutes
3230 5755 3520 5832 pracipue
3563 5758 3690 5815 duae
3741 5765 3897 5828 sunt,
