4152 6508
266 462 424 524 1017

1170 469 1274 530 DE
1316 469 1779 532 COERCENDO
1823 470 2087 535 RAPTU
2129 473 2569 549 VIDUARUM,
2615 476 2782 539 ESC.

3520 482 3677 548 1018

256 598 498 691 justitia
525 599 794 691 videlicet
822 605 879 659 et
897 603 1105 676 pietas.
1130 601 1547 660 Verumtamen
1583 603 1644 660 in
1675 604 1912 677 regibus
1942 611 1997 679 Α
2023 605 2304 676 tionibus,
2339 608 2700 666 sufficienter
2748 626 2818 666 ex
2864 612 3126 685 synodali
3179 617 3465 672 conventu
3513 616 3670 691 apud

266 687 401 762 plus
422 687 701 746 laudatur
730 690 917 763 pietas
951 710 964 748 :
998 709 1135 749 nam
1158 692 1393 766 justitia
1420 710 1523 765 per
1543 710 1607 750 se
1637 693 1763 749 sine
1795 693 1915 766 pie-

262 781 382 835 tate
413 795 614 836 severa
643 783 752 837 est.
786 781 865 837 De
907 781 1131 855 rapinis
1176 781 1638 854 compescendis,
1670 785 1726 837 et
1774 798 1916 855 pace

262 867 646 936 restituenda,
680 873 738 925 et
779 870 964 927 sacris
1012 871 1353 944 Scripturis,
1384 869 1913 927 ecclesiasticarum

260 956 460 1031 legum
491 957 954 1027 definitionibus,
987 977 1054 1018 ac
1081 960 1279 1034 legnm
1312 976 1615 1019 sacrarum
1638 960 1918 1016 constitu-

2024 696 2370 770 martyrium
2393 697 2572 753 beatae
2594 697 2800 755 Macra
2820 716 3008 772 nuper
3026 701 3224 759 habito
3244 702 3489 761 collecta
3507 706 3673 763 fratri

2022 784 2204 856 hujus
2231 785 2385 859 regis
2434 787 2620 844 nostri
2669 805 2858 862 nuper
2902 789 3174 846 defuncto
3221 807 3323 865 per
3368 793 3672 867 episcopos

2023 873 2319 941 misimus,
2349 892 2477 948 quae
2506 875 2601 933 hic
2641 877 2923 951 replicare
2951 896 3068 935 non
3101 882 3521 952 necessarium,
3552 883 3671 941 imo

2024 962 2391 1033 superﬂuum
2425 962 2725 1021 duximus.

1876 1199 2055 1268 XI.

1462 1355 1731 1403 COKHUNI
1775 1355 2190 1403 EPISCOPORUM
2234 1356 2426 1403 NOMIN
2436 1358 2469 1402 E

1620 1501 1765 1588 AD
1831 1501 2226 1601 REGEM

682 1668 772 1732 Ile
799 1668 1112 1733 coercendo
1141 1680 1196 1732 et
1221 1670 1609 1755 exstirpanda
1638 1679 1817 1754 raptu
1848 1669 2188 1749 viduarum,
2218 1671 2561 1755 puellarum
2589 1691 2660 1736 ac
2687 1672 3254 1739 sanctimonialium.

1183 1795 1289 1869 (Ad
1319 1797 1613 1871 eumdem,
1646 1812 1717 1855 ex
1745 1795 2207 1870 Paralipomenis
2235 1796 2482 1857 Joannis
2511 1798 2749 1871 Busaei.)

326 2046 572 2105 Domino
590 2046 1373 2122 Christianissimo,glorioso
1396 2051 1453 2104 et
1471 2048 1740 2123 piissimo
1756 2050 1913 2122 prin-
1940 2070 1988 2136 Β
2017 2050 2175 2105 enim
2207 2066 2441 2123 semper
2469 2048 2802 2106 sollicitudo
2834 2050 2893 2106 in
2925 2052 3111 2109 beatis
3142 2054 3578 2128 apostolis,hmc
3610 2057 3671 2117 in

256 2136 392 2211 cipi,
415 2135 672 2193 humiles
704 2136 853 2193 servi
885 2135 1101 2194 Christi
1133 2135 1453 2193 Galliarum
1484 2141 1541 2193 et
1569 2137 1908 2194 Germania-

256 2243 388 2283 rum
419 2224 697 2300 epiSGOpi,
731 2242 834 2300 pro
866 2226 1027 2281 cultu
1059 2229 1117 2280 et
1146 2225 1536 2282 sanctimonia
1564 2226 1777 2282 domus
1805 2228 1910 2282 Do-

258 2315 427 2388 mini,
459 2331 588 2388 quas
618 2318 709 2371 est
735 2313 996 2371 Ecclesia
1022 2314 1124 2370 Dei
1155 2314 1295 2384 veri,
1320 2314 1596 2371 columna
1624 2319 1684 2371 et
1712 2317 1909 2372 ﬁrma-

262 2408 530 2462 mentum
559 2402 839 2461 veritatis.

329 2494 465 2551 CAP.
498 2493 542 2550 Ι.
576 2493 831 2550 Maxima
877 2496 936 2549 et
981 2493 1332 2567 gravissima
1377 2493 1724 2551 necessitate
1753 2511 1911 2550 com-

262 2582 540 2667 pellimur
569 2598 775 2639 omnes
796 2582 1041 2655 nos,qui
1071 2582 1164 2639 his
1196 2581 1531 2640 novissimis
1549 2587 1606 2640 et
1633 2582 1917 2656 periculo-

261 2671 516 2730 sissimis
546 2671 910 2744 temporibus
939 2670 1267 2745 episcopale
1294 2671 1688 2731 ministerium
1720 2676 1777 2728 et
1806 2689 1912 2747 gu-

266 2761 673 2818 bernationem
700 2759 1094 2817 Ecclesiarum
1124 2759 1248 2829 Dei,
1271 2760 1407 2818 licet
1437 2760 1665 2835 indigni
1695 2765 1754 2817 et
1799 2760 1915 2816 mi-

266 2848 412 2909 nimi
439 2848 629 2907 sortiti
645 2866 876 2919 sumus,
891 2854 956 2905 ut
974 2848 1330 2923 periclitanti
1349 2849 1512 2925 gregi
1526 2850 1918 2923 Dominico,et

265 2939 430 2997 novis
451 2937 685 2996 insidiis
700 2942 876 3011 atque
895 2937 1370 2996 infestationibus
1389 2938 1578 2996 hostis
1600 2938 1825 3013 antiqui
1847 2938 1917 2994 de

269 3028 363 3085 die
380 3029 439 3084 in
463 3028 617 3084 diem
641 3026 1037 3087 miserabilius
1073 3026 1697 3097 laboranti,communi
1728 3027 1917 3084 inten-

266 3118 423 3175 tione
442 3121 499 3173 et
529 3115 821 3185 studio,in
851 3120 1139 3189 quantum
1153 3117 1308 3174 Deus
1325 3116 1662 3174 facultatem
1690 3115 1918 3182 tribuit,

269 3205 582 3281 vigilanter
607 3209 666 3262 et
704 3208 941 3262 strenue
970 3204 1423 3279 prospiciamus.
1458 3206 1733 3274 Quamvis
1764 3203 1921 3262 enim

259 3298 520 3371 potestas
541 3293 706 3369 regni
726 3293 1068 3368 temporalis
1090 3292 1285 3351 divino
1300 3294 1526 3366 judicio
1545 3296 1605 3351 in
1626 3296 1736 3353 hoc
1752 3293 1924 3352 Chri-

260 3383 587 3441 stianorum
617 3399 797 3458 regno
827 3384 900 3441 ad
941 3400 1197 3458 praesens
1241 3384 1510 3441 videatur
1555 3385 1760 3455 divisa,
1793 3402 1913 3442 una

254 3476 345 3530 est
363 3477 560 3530 tamen
576 3472 638 3529 in
655 3472 932 3529 omnibus
948 3476 1007 3529 et
1026 3489 1097 3530 ex
1115 3471 1391 3530 omnibus
1412 3473 1642 3532 Christo
1660 3474 1913 3531 Domino
1936 3439 1980 3508 α

253 3566 589 3638 protegente
618 3561 1057 3632 Ecclesia,unus
1087 3563 1530 3634 Dominus,una
1549 3564 1907 3634 fldes,unum

252 3668 440 3727 genus
470 3650 721 3709 electum
743 3651 935 3725 regale
957 3651 1498 3719 sacerdotium,una
1516 3669 1663 3726 gens
1680 3657 1905 3725 sancta,

254 3758 410 3799 unus
439 3740 696 3815 populus
725 3740 1156 3814 acquisitionis,
1180 3757 1357 3814 quem
1386 3740 1514 3815 ipse
1543 3741 1830 3799 Dominus
1852 3745 1910 3800 et

251 3829 515 3888 Salvator
544 3830 614 3886 de
642 3829 900 3887 tenebris
930 3829 1158 3886 vocavit
1203 3829 1265 3887 in
1318 3828 1664 3888 admirabile
1706 3831 1908 3889 lumen

251 3935 449 3989 suum,
481 3935 586 3993 pro
645 3919 818 3991 cujus
873 3918 1263 3992 acquisitione
1319 3923 1379 3975 et
1434 3924 1718 3993 perpetua
1776 3919 1906 3976 uni-

248 4008 411 4075 tione
438 4007 616 4065 etiam
646 4011 897 4064 mortem
928 4011 1166 4080 gustare
1205 4006 1486 4080 dignatus
1533 4012 1643 4079 est,
1678 4008 1908 4065 dicente

246 4096 557 4173 Evangelio
589 4113 602 4154 :
640 4098 794 4173 Quia
817 4099 970 4154 Iesus
998 4098 1297 4153 moriturus
1340 4105 1463 4154 erat
1500 4115 1600 4171 pro
1644 4106 1820 4169 gente,
1855 4106 1907 4155 et

246 4204 361 4244 non
389 4193 602 4244 tantum
624 4202 726 4260 pro
756 4194 931 4258 gente,
963 4186 1058 4243 sed
1082 4193 1145 4243 ut
1171 4187 1312 4258 ﬁlios
1339 4187 1440 4244 Dei
1460 4189 1560 4261 qui
1585 4195 1747 4244 erant
1790 4187 1903 4244 dis-

248 4277 403 4351 persi
425 4283 778 4348 congregaret
805 4277 868 4332 in
897 4292 1069 4332 unum
1093 4277 1269 4347 (Joan.
1303 4293 1382 4345 χι,
1401 4277 1492 4349 51,
1514 4276 1627 4350 52).
1661 4277 1826 4334 Unde
1849 4282 1907 4335 et

253 4365 382 4442 ipse
411 4365 744 4425 admirabili
785 4365 1121 4439 dignatione
1164 4364 1442 4439 loquitur,
1477 4366 1676 4422 dicens
1708 4383 1720 4422 :
1755 4366 1913 4432 Sicut

254 4457 406 4513 novit
449 4471 536 4513 me
574 4458 758 4526 Pater,
790 4461 843 4512 et
886 4471 982 4528 ego
1031 4472 1259 4526 agnosco
1300 4456 1540 4524 Patrem,
1571 4464 1622 4512 et
1664 4456 1914 4512 animam

256 4560 439 4602 meam
462 4561 606 4618 pono
629 4561 731 4618 pro
762 4544 951 4602 ovibus
979 4546 1137 4600 meis.
1169 4544 1348 4601 Habeo
1378 4559 1504 4618 quae
1532 4561 1643 4601 non
1688 4551 1817 4601 sunt
1842 4562 1912 4601 ex

256 4635 356 4693 hoc
413 4635 568 4705 ovili,
604 4642 655 4691 et
709 4635 839 4691 illas
896 4638 1099 4707 oportet
1151 4650 1239 4689 me
1293 4633 1578 4707 adducere,
1625 4642 1675 4690 et
1731 4650 1911 4691 vocem

252 4741 434 4782 meam
488 4724 733 4793 audient,
765 4731 817 4782 et
868 4726 960 4796 ﬁet
1011 4740 1188 4780 unum
1242 4724 1382 4780 ovile
1434 4731 1488 4781 et
1526 4740 1670 4780 unus
1721 4732 1908 4796 pastor

2016 2138 2323 2194 beatorum
2355 2139 2757 2212 apostolorum
2791 2143 3326 2210 successoribus,id
3357 2150 3448 2202 est
3477 2146 3671 2203 Eccle-

2018 2225 2242 2283 siarum
2273 2228 2370 2284 Dei
2405 2229 2751 2301 rectoribus,
2776 2228 2912 2285 fecit
2941 2249 3126 2287 unum
3159 2250 3393 2307 gregem
3412 2235 3673 2292 Domini-

2019 2332 2176 2383 cum,
2215 2333 2395 2371 unam
2445 2315 2746 2390 religionis
2797 2318 3149 2389 custodiam,
3196 2339 3378 2378 unam
3427 2327 3675 2389 matrem

2019 2404 2369 2461 Eccclesiam
2401 2423 2522 2461 una
2552 2411 2746 2462 mente
2777 2405 3042 2482 diligere,
3073 2413 3250 2484 atque
3281 2411 3546 2469 unanimi
3577 2414 3676 2470 de-

2018 2493 2249 2551 votione
2276 2512 2525 2552 scrvare.

2094 2583 2228 2638 CAP.
2264 2583 2332 2640 II.
2377 2585 2740 2658 Quapropter
2794 2585 3173 2645 obsecramus
3245 2588 3677 2654 Christianissi-

2023 2687 2182 2727 mam
2213 2671 2512 2745 pietatem,
2540 2676 2596 2727 et
2617 2672 2934 2747 gloriosam
2957 2675 3382 2735 sublimitatem
3401 2685 3678 2753 vestram,

2024 2764 2089 2816 ut
2118 2759 2386 2835 religiose
2418 2760 2581 2836 regni
2613 2762 2711 2818 Dei
2743 2763 3095 2822 constitutos
3125 2766 3451 2839 ministros,
3488 2774 3546 2826 et
3573 2789 3675 2845 po-

2023 2848 2146 2923 puli
2176 2849 2491 2907 Christiani
2526 2855 2796 2920 rectores,
2829 2855 2887 2909 et
2925 2852 3132 2909 divina;
3164 2854 3463 2931 religionis
3502 2863 3678 2935 atque

2023 2937 2428 2995 ecclesiasticae
2443 2939 2773 2996 sanctitatis
2788 2945 3223 3000 conservatores
3236 2961 3302 3000 ac
3318 2944 3675 3019 defensores,

2026 3032 2093 3085 ut
2122 3047 2189 3086 ea
2217 3044 2346 3103 quae
2377 3047 2480 3102 pro
2512 3028 2701 3087 salute
2729 3028 3062 3099 animarum
3108 3032 3392 3102 fidelium,
3425 3040 3483 3092 et
3512 3037 3675 3094 Chri-

2027 3116 2203 3174 stiani
2235 3117 2398 3193 regni
2431 3117 2867 3176 conservatione
2893 3137 2960 3177 ac
2997 3120 3425 3195 tranquillitate
3473 3142 3675 3187 emen-

2030 3206 2226 3264 danda
2255 3211 2668 3282 suggeruntur,
2703 3225 2839 3264 cum
2882 3208 3065 3266 divini
3112 3210 3343 3270 timoris
3371 3213 3593 3272 honore
3621 3220 3679 3273 et

2031 3301 2190 3353 metu
2239 3298 2421 3355 futuri
2460 3297 2670 3371 judicii
2697 3298 2973 3375 audiatis,
3006 3301 3209 3358 audita
3245 3303 3410 3375 justo
3450 3305 3679 3378 judicio

2032 3386 2395 3453 examinetis,
2429 3388 2760 3445 examinata
2788 3391 3141 3463 competenti
3185 3392 3490 3451 severitate
3523 3410 3678 3453 rese,

2017 3476 2184 3534 cetis.
2217 3476 2374 3533 Nihil
2404 3477 2562 3533 enim
2592 3478 2675 3534 ita
2718 3478 3138 3553 omnipotentis
3170 3480 3272 3538 Dei
3304 3480 3674 3545 iracundiam

2015 3571 2340 3640 exasperat,
2364 3571 2423 3623 et
2444 3567 2605 3641 regni
2634 3585 2836 3641 pacem
2863 3570 3187 3643 perturbat,
3212 3575 3280 3627 ut
3302 3576 3677 3648 contemptus

2017 3654 2223 3711 divinae
2245 3655 2412 3729 legis,
2437 3660 2494 3711 et
2523 3656 2885 3713 conculcatio
2916 3662 3168 3730 paternas
3199 3660 3583 3733 auctoritatis,
3618 3666 3676 3720 et

2017 3743 2343 3818 profanatio
2392 3742 2801 3802 ecclesiasticas
2850 3746 3164 3804 munditiei
3212 3752 3272 3804 et
3318 3749 3669 3809 sanctitatis.

2016 3832 2180 3889 Unde
2211 3832 2489 3890 adversus
2512 3831 2726 3905 impios
2756 3831 2902 3906 legis
2934 3851 3053 3890 suae
3083 3838 3514 3911 contemptores
3545 3837 3672 3912 ipse

2015 3921 2171 3977 Deus
2198 3920 2689 3993 loquitur,dicens
2718 3938 2731 3978 :
2756 3921 2821 3977 Et
2839 3921 3009 3979 oblita
3037 3938 3093 3979 es
3123 3922 3259 3994 legis
3285 3926 3387 3982 Dei
3415 3927 3519 3995 tui,
3538 3926 3674 3984 obli-

2014 4013 2194 4069 viscar
2209 4011 2454 4083 ﬁliorum
2472 4018 2693 4067 tuorum
2719 4018 2771 4067 et
2789 4027 2886 4082 ego
2916 4010 3058 4081 (Ose.
3081 4028 3158 4081 IV,
3182 4012 3257 4083 6).
3276 4012 3358 4069 De
3378 4013 3595 4087 quibus
3615 4020 3674 4075 et

2017 4097 2155 4155 alibi
2187 4099 2471 4173 scriptum
2502 4102 2592 4155 est
2621 4116 2635 4155 :
2668 4098 2735 4155 At
2762 4100 2852 4155 illi
2869 4099 3281 4158 subsannabant
3298 4103 3521 4161 nuntios
3543 4107 3670 4173 Dei,

1990 4190 2067 4246 ~et
2113 4188 2582 4262 parvipendebani
2635 4205 2906 4247 sermones
2950 4190 3088 4263 ejus,
3139 4189 3308 4248 donec
3367 4193 3675 4252 ascenderet

2015 4281 2174 4352 furor
2203 4279 2423 4335 Domini
2451 4280 2514 4335 in
2533 4280 2799 4352 populum
2826 4296 3007 4348 suum,
3040 4287 3093 4336 et
3117 4288 3254 4338 esset
3274 4282 3433 4338 nulla
3461 4285 3673 4341 curatio

2019 4368 2093 4437 (II
2118 4368 2250 4423 Par.
2282 4383 2472 4437 xxxvr,
2509 4366 2618 4440 16).
2655 4368 2874 4423 Redeat
2921 4384 3058 4442 ergo
3089 4385 3320 4442 semper
3358 4369 3418 4426 in
3450 4388 3672 4430 memo-

2021 4458 2168 4514 riam
2197 4457 2289 4513 lex
2317 4456 2439 4528 Dei,
2455 4473 2560 4513 nec
2592 4461 2948 4530 spernantur
2972 4474 3037 4514 ac
3068 4458 3512 4519 subsannentur
3531 4479 3676 4520 nun-

2019 4545 2085 4603 tii
2118 4546 2240 4615 Dei,
2267 4545 2454 4601 sancti
2502 4543 2771 4601 videlicet
2817 4549 3011 4619 patres
3061 4547 3309 4622 antiqui,
3345 4550 3416 4606 de
3456 4552 3673 4626 quibus

2020 4634 2145 4708 ipse
2175 4633 2462 4691 Dominus
2489 4632 2551 4690 in
2582 4632 2891 4708 Evangelio
2923 4635 3067 4693 dicit
3099 4654 3112 4694 :
3149 4637 3257 4707 Qui
3283 4655 3374 4697 vos
3406 4642 3562 4699 audit
3589 4659 3676 4699 me

2018 4724 2192 4794 audit,
2224 4732 2275 4781 et
2302 4726 2401 4798 qui
2427 4740 2518 4780 vos
2541 4726 2753 4796 spernit
2778 4741 2868 4782 me
2905 4728 3119 4799 spernit
3146 4727 3295 4801 (Luc.
3328 4747 3384 4798 x,
3413 4731 3521 4799 16).
3555 4730 3672 4787 Ha-

255 4815 432 4890 (loan.
463 4813 784 4888 1,15,16).
835 4814 980 4870 Cum
1031 4829 1168 4887 ergo
1225 4812 1421 4869 omnis
1477 4812 1734 4886 populus
1787 4812 1921 4900 Dei,
1948 4817 1995 4884 D
2024 4814 2159 4870 beat
2188 4831 2289 4869 vos
2339 4816 2541 4870 sancta
2588 4817 2777 4871 mater
2823 4814 3083 4872 Ecclesia
3129 4815 3257 4889 pios
3295 4817 3588 4890 pudicitiae
3619 4823 3678 4876 et

251 4907 417 4963 tanto
442 4902 627 4978 pretio
656 4903 996 4976 redemptus
1027 4905 1084 4959 et
1114 4902 1428 4972 adunatus,
1454 4918 1611 4958 unus
1654 4918 1796 4978 grex
1843 4900 1924 4988 sit

252 4994 366 5051 sub
388 5010 506 5050 uno
528 4996 788 5066 pastore,
800 4996 859 5049 et
878 5008 1084 5049 omnes
1103 4991 1285 5065 hujus
1305 4991 1502 5066 gregis
1523 4995 1793 5065 pastores
1814 5007 1925 5079 per

251 5083 540 5143 unitatem
565 5081 723 5154 ﬁdei,
757 5086 816 5139 et
845 5080 1299 5138 unanimitatem
1329 5080 1768 5151 sollicitudinis,
1787 5086 1917 5144 tan.

250 5191 432 5249 quam
463 5190 623 5231 unus
653 5177 858 5249 pastor
898 5172 1146 5230 existere
1177 5162 1429 5229 debeant
1461 5174 1573 5228 sub
1620 5191 1738 5230 uno
1771 5177 1827 5230 et
1859 5174 1920 5231 in

251 5282 370 5321 uno
401 5262 664 5338 principe
693 5266 1023 5337 pastorum,
1044 5265 1211 5338 tanta
1239 5277 1480 5317 necesse
1511 5265 1602 5318 est
1632 5262 1753 5318 sint
1780 5263 1921 5322 cha-

251 5336 425 5410 ritate
472 5336 647 5424 uniti,
682 5336 849 5408 tanta
895 5350 1141 5425 spiritus
1189 5336 1474 5406 societate
1533 5351 1809 5423 copulati,
1856 5363 1924 5415 ut,

251 5440 501 5500 invicem
533 5458 714 5498 onera
763 5459 873 5498 sua
917 5439 1307 5497 libentissime
1357 5440 1821 5513 compartiantur
1857 5446 1916 5497 et

251 5536 507 5607 portent,
539 5536 596 5588 et
627 5532 706 5589 sit
737 5533 822 5588 eis
862 5529 1146 5587 instantia
1189 5528 1533 5603 quotidiana
1580 5528 1912 5587 sollicitudo

252 5621 519 5680 omnium
534 5621 954 5689 Ecclesiarum,
970 5624 1035 5676 ut
1057 5620 1106 5676 si
1129 5620 1269 5693 quid
1291 5618 1514 5692 patitur
1529 5636 1714 5676 unum
1734 5636 1915 5675 mem-

254 5711 449 5779 brum,
466 5711 904 5787 compatiantur
925 5708 1121 5767 omnia
1144 5707 1429 5776 membra,
1445 5705 1563 5764 sive
1579 5707 1912 5781 gratulatur

255 5818 441 5859 unum
462 5801 814 5867 membrum,
829 5797 1234 5872 congaudeant
1255 5795 1453 5854 omnia
1474 5798 1756 5854 membra.
1778 5798 1907 5855 Haec

2028 4902 2386 4961 castimonia
2418 4903 2693 4960 custodes
2723 4920 2790 4961 ac
2821 4904 3173 4963 defensores.
3195 4908 3329 4974 Quae
3352 4907 3411 4987 in
3442 4910 3675 4964 tantum

2030 4993 2103 5050 ab
2131 4991 2233 5049 illa
2261 4991 2630 5066 omnipotens
2658 4992 2814 5051 Deus
2842 4992 3036 5067 exigit,
3066 4997 3132 5050 ut
3158 4993 3495 5052 terribiliter
3519 4997 3643 5070 Apo

2030 5082 2217 5139 stolus
2247 5084 2494 5139 testetur
2522 5086 2577 5138 et
2606 5081 2762 5139 dicat
2789 5099 2803 5138 :
2836 5088 3035 5139 Pacem
3062 5084 3362 5156 sequimini
3388 5075 3515 5141 cum
3556 5102 3676 5143 om-

2028 5174 2214 5241 nibus,
2247 5180 2298 5228 et
2324 5174 2764 5245 sanctimoniam,
2795 5173 2914 5228 sine
2942 5188 3051 5244 qua
3078 5188 3234 5229 nemo
3256 5172 3462 5230 videbit
3490 5177 3674 5231 Domi-

2028 5279 2165 5318 num
2194 5261 2374 5335 (Hebr.
2406 5278 2506 5330 xu,
2542 5262 2652 5330 15).
2685 5261 2755 5316 Et
2800 5258 3014 5317 iterum
3048 5276 3062 5316 :
3093 5260 3319 5318 Nescitis
3362 5264 3496 5336 quia
3541 5271 3674 5320 tem-

2024 5352 2182 5425 plum
2209 5352 2312 5409 Dei
2337 5352 2484 5417 estis,
2501 5357 2551 5406 et
2578 5349 2819 5422 Spiritus
2848 5357 3066 5407 sanctus
3084 5350 3290 5408 habitat
3321 5353 3382 5408 in
3409 5354 3597 5408 vobis?
3614 5354 3678 5411 Si

2020 5442 2145 5513 quis
2172 5448 2353 5509 autem
2401 5438 2663 5511 templum
2709 5439 2810 5493 Dei
2853 5439 3157 5509 violaverit,
3190 5440 3463 5513 disperdet
3511 5442 3676 5500 illam

2023 5534 2185 5586 Deus.
2225 5527 2501 5600 Templum
2550 5529 2701 5582 enim
2754 5529 2855 5583 Dei
2907 5537 3159 5586 sanetum
3212 5538 3308 5600 est,
3351 5530 3493 5603 quod
3548 5534 3675 5589 estis

2020 5635 2110 5675 vos
2140 5622 2192 5687 (Ι
2222 5619 2349 5675 Cor.
2383 5633 2469 5685 ιιι,
2494 5616 2601 5683 16).
2634 5617 2705 5672 Et
2733 5615 2946 5674 iterum
2982 5634 2995 5673 :
3031 5619 3258 5677 Nescitis
3288 5621 3422 5694 quia
3448 5637 3676 5695 corpora

2020 5716 2199 5764 vestra
2245 5706 2487 5762 membra
2539 5705 2752 5762 Christi
2797 5711 2962 5763 sunt?
3014 5709 3222 5767 Tollens
3269 5727 3393 5783 ergo
3429 5714 3675 5769 membra

2021 5797 2231 5855 Christi
2279 5796 2483 5867 faciam
2529 5795 2770 5851 membra
2821 5801 3158 5855 metricis?
3182 5799 3333 5856 Absit
3362 5800 3409 5873 (1
3418 5802 3559 5879 _Cor.
3590 5817 3669 5887 vr,
