4152 6522
511 415 668 480 1019

1283 410 1670 475 HINGMARI
1717 410 1963 473 RHEM.
2007 409 2374 504 AllCHIEP.
2423 407 2839 475 OPUSCALA'
2875 408 3142 474 VARIA.

3773 408 3946 474 1020

507 550 617 622 15).
649 550 720 608 Et
747 548 960 608 iterum
992 565 1006 606 :
1039 549 1105 606 Et
1133 565 1247 606 non
1275 549 1407 604 estis
1434 547 1600 604 vestri
1629 565 1647 600 :
1677 548 1848 618 empti
1867 547 2016 603 enim
2033 547 2160 602 estis
2188 545 2244 614 Α
2273 544 2502 602 minum
2519 545 3098 619 impudentissimam
3114 543 3548 619 audaciam,qui
3565 543 3944 602 calcatisDea'

498 642 677 714 pretio
693 656 914 710 magno,
925 639 1226 712 gloriﬁcate
1247 645 1300 694 et
1315 643 1521 709 portate
1537 637 1832 692 Dominum
1848 636 1909 691 in
1931 651 2156 706 corpore

503 736 678 786 vestro
701 731 752 798 (I
769 729 892 786 Cor.
914 744 993 796 χι,
1008 730 1122 795 20).
1144 725 1305 782 Istud
1321 729 1411 782 est
1430 723 1715 797 templum
1738 723 1924 791 Dei,et
1946 723 2157 779 domus

505 817 606 876 Dei
635 815 770 886 vivi,
803 817 875 873 de
905 833 1022 889 qua
1051 814 1337 886 scriptum
1375 817 1466 870 est
1497 830 1511 868 :
1544 813 1776 868 Domum
1821 819 1973 868 tuam
2012 811 2158 868 decet

501 905 829 973 sanctitudo,
843 906 1090 973 Domine,
1103 906 1163 959 in
1179 902 1579 973 longitudinem
1601 901 1816 958 dierum
1836 901 2006 974 (Psal.
2022 917 2154 967 xcn,

504 997 580 1064 5).
614 995 696 1050 De
717 1011 834 1067 qua
865 997 920 1050 et
949 994 1156 1050 beatus
1193 991 1530 1064 patriarcha
1556 990 1758 1058 Jacob,
1793 989 1894 1062 qui
1945 1005 2156 1062 cogno-

505 1083 766 1140 minatus
797 1086 886 1138 est
915 1081 1112 1148 Israel,
1145 1079 1206 1136 in
1257 1079 1508 1153 mystica
1555 1077 1730 1136 laude
1776 1079 1858 1134 ait
1885 1095 1897 1133 :
1931 1079 2049 1134 Non
2076 1086 2155 1134 est

507 1174 598 1229 hic
642 1171 816 1238 aliud,
841 1172 956 1226 nisi
1003 1170 1192 1227 domus
1229 1169 1327 1224 Dei
1360 1175 1410 1224 et
1435 1177 1593 1240 porta
1635 1169 1761 1223 cwli
1807 1167 1957 1240 (Gen.
1989 1169 2156 1235 xvlu,

507 1261 622 1334 27).
657 1259 804 1328 Quia
833 1258 1104 1316 videlicet
1131 1263 1189 1314 et
1219 1274 1376 1314 nunc
1407 1257 1583 1314 habet
1621 1256 2010 1314 habitatorem
2041 1257 2157 1313 Do-

508 1350 760 1418 minum,
791 1352 850 1405 et
877 1351 1009 1421 post
1034 1350 1378 1420 praesentem
1411 1343 1588 1402 vitam
1619 1346 1690 1402 de
1719 1347 1940 1402 mundo
1980 1345 2161 1402 mittit

512 1439 583 1496 ad
607 1437 842 1496 cmlum.

583 1527 721 1584 Cap.
755 1526 852 1583 III.
887 1525 1128 1598 Propter
1157 1523 1307 1580 hanc
1337 1523 1786 1580 sanctimoniam
1837 1527 1896 1580 et
1925 1523 2158 1579 mundi-

510 1616 652 1673 tiem
680 1634 715 1672 a
742 1613 1028 1688 contagiis
1057 1611 1383 1682 diabolicis,
1417 1612 1676 1670 Ecclesia
1701 1629 1736 1668 a
1763 1611 1993 1670 Christo
2015 1612 2158 1669 dile-

513 1711 624 1774 cta,
649 1710 706 1762 et
722 1705 852 1778 ejus
874 1704 1146 1778 passione
1166 1707 1523 1776 comparata,
1547 1707 1604 1760 et
1622 1702 1851 1759 lavacro
1879 1701 2158 1776 baptismi

511 1800 760 1869 purgata
780 1799 868 1851 est
885 1797 946 1851 et
969 1793 1218 1866 expiata,
1231 1796 1482 1849 testante
1499 1791 1775 1866 Apostolo
1797 1809 1864 1848 ac
1887 1793 2116 1848 dicente
2141 1809 2155 1847 :

510 1886 756 1990 Christus
779 1885 980 1990 dilexit
1005 1883 1325 1950 Ecelesiam,
1345 1883 1658 1990 etseipsum
1692 1881 1920 1984 tradidit
1945 1898 2156 1990 prp'pa,
2190 1925 2238 1990 Β

505 1974 780 2030 mandans
805 1982 930 2030 eam
960 1973 1177 2029 lavacro
1204 1986 1367 2045 aquae
1391 1973 1452 2027 in
1479 1971 1637 2028 verbo
1668 1973 1814 2040 vitae,
1839 1979 1899 2027 ut
1933 1971 2160 2028 exhibe-

506 2073 588 2121 ret
624 2066 736 2138 ipse
761 2064 874 2120 sibi
889 2063 1187 2136 gloriosam
1225 2061 1540 2126 Ecclesium,
1571 2076 1684 2117 non
1713 2059 1998 2116 habentem
2040 2077 2158 2116 ma~

507 2153 693 2215 cuiam
739 2159 837 2207 aut
884 2167 1102 2221 rugam,
1135 2158 1232 2205 aut
1277 2147 1493 2221 aliquid
1521 2148 1834 2220 ejusmodi:
1859 2147 1952 2205 sed
1991 2155 2050 2203 ut
2089 2149 2162 2204 sit

507 2249 698 2298 sancta
723 2249 775 2297 et
805 2240 1158 2296 immaculata
1187 2238 1398 2311 (Ephes.
1423 2255 1481 2308 v,
1508 2239 1620 2306 25).
1663 2235 2006 2309 Quicunque
2053 2237 2159 2310 igi-

509 2334 610 2386 tur
637 2328 819 2402 hujus
851 2327 1031 2384 maris
1061 2325 1238 2398 filius,
1270 2326 1451 2397 hujus
1499 2323 1758 2398 corporis
1806 2324 2157 2391 membrum,

507 2419 689 2492 hujus
718 2417 919 2490 templi
950 2416 1140 2490 portio
1169 2414 1448 2473 veraciter
1478 2433 1604 2472 esse
1635 2415 1946 2481 desiderat,
1961 2415 2163 2470 audiat

507 2513 566 2569 et
593 2507 874 2565 obaudiat
904 2505 1156 2562 ﬁdeliter
1184 2504 1374 2562 eidem
1402 2501 1680 2578 Apostolo
1703 2503 2044 2560 admonenti
2075 2507 2159 2559 at-

507 2613 622 2671 que
652 2594 871 2653 dicenti
905 2611 919 2652 :
959 2596 1055 2652 Vos
1082 2595 1233 2651 enim
1269 2595 1397 2650 estis
1447 2593 1710 2666 templum
1738 2596 1844 2650 Dei
1868 2595 1998 2660 vivi,
2020 2594 2162 2650 sicut

507 2687 642 2743 dicit
668 2687 955 2754 Dominus,
981 2693 1033 2741 et
1063 2683 1383 2740 inhabitabo
1407 2690 1459 2738 et
1487 2685 1548 2739 in
1565 2681 1854 2739 ambulabo
1878 2684 1939 2738 in
1961 2683 2163 2751 illis,et

509 2792 603 2833 ero
629 2776 708 2832 eis
737 2775 900 2841 Deus,
933 2781 984 2832 et
1018 2773 1129 2846 ipsi
1172 2779 1335 2829 erunt
1380 2771 1524 2827 mihi
1563 2771 1798 2844 populus
1827 2773 1901 2841 (II
1929 2770 2050 2828 Cor.
2081 2789 2159 2838 vn,

508 2864 618 2938 16).
643 2865 714 2920 Et
741 2866 876 2937 post
903 2859 1212 2936 paululum
1247 2875 1261 2916 :
1293 2860 1400 2916 Has
1431 2861 1602 2932 igitur
1628 2859 1884 2918 habentes
1918 2861 2160 2932 promis-

503 2956 704 3021 siones,
735 2951 1078 3020 charissimi,
1118 2949 1444 3006 mandemus
1472 2965 1572 3006 nos
1600 2951 1668 3005 ab
1698 2950 1852 3006 omni
1892 2950 2160 3022 inquina-

505 3051 684 3101 mento
713 3043 898 3099 carnis
925 3049 980 3098 et
1013 3041 1265 3113 spiritus,
1293 3038 1632 3111 perﬁcientes
1673 3038 2163 3110 sanctiﬁcationem

508 3134 569 3190 in
599 3133 792 3189 timore
809 3131 906 3186 Dei
935 3129 1008 3203 (Il
1035 3128 1157 3186 Cor.
1190 3144 1314 3198 vui,
1349 3128 1422 3196 1).
1446 3127 1527 3183 De
1547 3126 1766 3184 talibus
1794 3127 1951 3184 enim
1983 3143 2162 3184 mem-

507 3222 633 3278 bris
662 3224 722 3278 et
753 3217 1048 3294 lapidibus
1076 3216 1223 3273 vivis
1253 3215 1633 3273 constituitur
1661 3215 1763 3273 illa
1782 3214 1986 3273 civitas
2008 3215 2162 3290 regis

2270 632 2520 707 legibus,
2544 638 2601 690 et
2631 632 3137 690 sanctissimorum
3167 633 3403 689 Patrum
3424 631 3779 689 auctoritate
3803 648 3946 688 oon-

2267 726 2509 795 tempta,
2525 723 2748 794 absque
2779 721 2900 778 ulla
2928 721 3109 778 divini
3143 721 3263 778 sive
3284 721 3528 778 humani
3557 719 3815 795 pudoris
3847 738 3942 777 re-

2265 809 2544 880 verentia,
2571 815 2857 884 tanquam
2888 811 3062 866 bruta
3083 814 3142 867 et
3171 809 3598 867 irrationabilia
3625 810 3938 882 jumenta,

2267 899 2555 973 templum
2577 899 2861 972 Dei,quod
2890 904 2979 956 est
3007 899 3398 956 sanctimonia
3423 898 3942 967 ﬁdelium,violare

2267 1007 2385 1046 non
2416 993 2711 1058 metuunt,
2732 995 2788 1046 et
2817 989 3014 1062 ipsum
3047 988 3227 1046 altare
3257 989 3506 1056 Domini,
3530 989 3688 1062 quod
3725 994 3820 1046 cst
3841 1007 3939 1046 sa-

2269 1079 2556 1136 cerdotale
2588 1077 3002 1147 ministerium,
3035 1077 3119 1134 illi
3151 1079 3431 1142 dicatum,
3463 1085 3520 1134 et
3563 1079 3697 1151 ejus
3741 1077 3940 1135 cultui

2268 1171 2724 1240 scquestratum,
2745 1167 2868 1224 suis
2891 1167 3171 1234 calcibus,
3196 1172 3481 1240 quantum
3511 1167 3570 1223 in
3592 1185 3656 1224 se
3687 1173 3805 1240 est,
3841 1169 3944 1224 de-

2268 1262 2491 1313 struere
2534 1262 2589 1312 et
2636 1261 2888 1312 evertere
2920 1255 3286 1312 moliuntur:
3321 1257 3464 1313 dum
3517 1257 3577 1313 in
3623 1256 3941 1314 nonnullis

2269 1347 2430 1420 regni
2463 1347 2643 1419 hujus
2673 1346 2960 1420 partibus,
2978 1351 3216 1420 propter
3235 1363 3439 1404 eorum
3460 1347 3762 1421 publicam
3787 1348 3942 1405 infe-

2267 1437 2715 1504 stationem,nec
2735 1434 3042 1492 viduarum
3074 1435 3409 1493 miseranda
3425 1436 3711 1494 desolatio
3735 1435 3938 1511 legiti-

2268 1543 2426 1582 mam
2439 1525 2654 1582 habere
2674 1524 3004 1581 libertatem
3027 1525 3517 1598 permittitur,nec
3540 1525 3671 1583 ﬁlia:
3685 1527 3747 1582 in
3761 1533 3940 1584 aetate

2268 1613 2515 1688 puellari
2529 1617 2586 1670 et
2595 1617 2908 1686 parentum
2931 1613 3206 1672 domibus
3228 1614 3754 1688 wnstituttejuxta
3770 1615 3938 1688 leges

2269 1703 2498 1760 divinas
2532 1707 2588 1760 et
2619 1702 2931 1772 humanas,
2965 1704 3305 1760 eorumdem
3337 1709 3646 1777 parentum
3677 1722 3936 1762 suorum

2267 1793 2417 1850 votis
2445 1797 2623 1866 atque
2654 1792 3460 1860 auctoritate,matronalibus
3479 1793 3701 1868 nuptiis
3719 1794 3938 1851 hones-

2271 1885 2395 1938 tare
2423 1881 2720 1939 ullatenus
2750 1883 3060 1939 sinuntur:
3088 1887 3146 1938 et
3165 1883 3428 1956 ipsarum
3461 1901 3692 1957 quoque
3713 1884 3937 1941 sancti-

2269 1970 2615 2028 monialium
2646 1971 2763 2029 Deo
2794 1971 2986 2028 dicata
3017 1972 3265 2042 devotio,
3283 1976 3486 2030 contra
3501 1973 3930 2046 professionem

2270 2060 2622 2128 sanctitatis,
2656 2065 2713 2116 ct
2761 2061 3143 2118 reverentiam
3192 2061 3398 2118 divina:
3446 2062 3930 2128 consecrationis,

2269 2147 2611 2206 dissolvitur
2640 2153 2698 2206 et
2726 2149 3087 2222 profanatur.
3124 2149 3209 2206 Ita
3239 2148 3336 2205 ille
3367 2147 3645 2222 antiquus
3675 2149 3928 2207 humani

2269 2238 2500 2313 generis
2519 2239 2706 2296 hostis
2727 2239 3024 2313 quondam
3047 2257 3148 2313 per
3168 2239 3473 2297 Balthasar
3493 2239 3739 2313 impium
3763 2245 3822 2298 et
3840 2257 3931 2297 sa-

2271 2327 2553 2401 crilegum
2567 2346 2762 2401 regem
2773 2345 2913 2384 vasa
2934 2329 3145 2386 domus
3163 2327 3264 2385 Dei
3279 2346 3351 2386 au
3359 2346 3456 2385 rea
3466 2333 3636 2402 atque
3649 2334 3929 2403 argentea

2269 2416 2480 2490 polluit
2500 2418 2658 2490 (Dan.
2693 2411 2786 2486 v)’:
2813 2435 2970 2474 nunc
3002 2434 3104 2492 per
3133 2417 3384 2475 istorum
3415 2417 3714 2491 profanam
3757 2417 3927 2474 inso-

2270 2506 2511 2563 lentiam
2543 2510 2718 2579 atque
2747 2504 3108 2578 impietatem
3155 2505 3341 2562 multo
3372 2505 3718 2580 pretiosiora
3746 2511 3806 2563 et
3823 2506 3928 2563 Dei

2270 2594 2536 2651 chariora
2555 2611 2683 2652 com
2693 2594 2984 2652 maculare
3004 2599 3062 2652 et
3081 2594 3338 2651 ludibrio
3363 2599 3537 2668 atque
3555 2594 3930 2652 insultationi

2269 2685 2604 2741 daemonum
2634 2683 2923 2756 subjicere
2946 2700 3060 2740 non
3083 2689 3292 2740 cessat.
3320 2683 3386 2740 Hi
3417 2688 3560 2740 sunt
3589 2682 3808 2757 publici
3831 2701 3928 2740 ra-

2270 2777 2465 2846 ptores
2485 2776 2544 2829 et
2562 2773 2887 2846 praedones,
2909 2789 3044 2828 cum
3066 2769 3422 2830 satellitibus
3442 2777 3499 2829 et
3518 2771 3694 2830 sociis
3714 2771 3925 2846 impie-

2268 2862 2408 2920 tatis
2439 2879 2580 2930 sute,
2604 2879 2720 2918 non
2754 2861 3007 2935 alicujus
3033 2861 3290 2919 hominis
3338 2860 3648 2919 exteriores
3696 2879 3792 2920 res
3835 2861 3924 2918 vel

2269 2952 2664 3011 substantiam
2705 2952 3099 3023 devastantes,
3131 2952 3232 3008 sed
3263 2950 3450 3025 ipsius
3502 2951 3928 3024 omnipotentis

2273 3042 2370 3100 Dei
2402 3040 2687 3098 familiam
2717 3041 3159 3114 dcpopulantcs.
3180 3039 3326 3096 Cum
3349 3039 3566 3114 quibus
3592 3039 3794 3113 utique
3816 3058 3924 3097 nec

2269 3131 2466 3188 cibum
2497 3147 2728 3187 sumere
2759 3133 3006 3202 oportet,
3021 3129 3175 3186 sicut
3204 3129 3274 3186 de
3306 3128 3580 3186 omnibus
3610 3128 3924 3202 rapacibus

2270 3219 2589 3295 apostolica
2617 3218 2932 3276 auctoritas
2987 3219 3312 3293 praascribit
3340 3219 3392 3290 (Ι
3417 3218 3538 3276 Cor.
3571 3222 3644 3290 v).
3677 3219 3742 3275 1n
3790 3219 3922 3292 qui-

509 3309 732 3383 magni,
757 3324 905 3364 nova
929 3309 1114 3380 nupta
1128 3309 1187 3362 et
1205 3321 1423 3378 sponsa
1441 3304 1600 3380 agni,
1621 3305 1694 3362 dc
1723 3304 1918 3378 quain
1940 3305 2160 3378 Apoca-
2191 3299 2235 3366 C
2273 3311 2384 3367 bus
2412 3309 2508 3366 isti
2541 3309 2798 3382 primum
2831 3309 3099 3366 obtinent
3125 3308 3340 3376 locum,
3367 3313 3627 3382 raptores
3658 3306 3929 3364 videlicet

509 3397 664 3472 ιγρεὶ
695 3395 914 3470 legitur
947 3411 961 3450 :
995 3395 1151 3451 Beati
1179 3395 1278 3467 qui
1295 3395 1482 3450 lavant
1499 3394 1666 3451 stolas
1685 3411 1832 3460 suas,
1853 3402 1914 3450 ut
1931 3395 2007 3450 sit
2021 3401 2164 3466 pole-

509 3494 620 3542 stas
646 3502 838 3543 eorum
856 3485 917 3540 in
937 3485 1090 3554 ligno
1110 3485 1258 3552 vitaz,
1274 3491 1326 3538 et
1341 3485 1514 3556 portis
1543 3485 1749 3539 intrent
1771 3485 1832 3538 in
1848 3485 2122 3539 civitatem
2143 3501 2162 3537 :

511 3576 652 3648 foris
680 3590 860 3645 canes,
891 3581 944 3630 et
971 3571 1257 3645 impudici,
1285 3579 1336 3627 et
1366 3573 1608 3644 veneﬁci,
1629 3579 1682 3628 et
1705 3574 1884 3628 omnis
1903 3575 2000 3644 qui
2017 3581 2166 3628 amat

511 3673 564 3722 et
578 3664 716 3738 facit
729 3662 1078 3719 mendacium
1094 3661 1273 3734 (Apoc.
1299 3678 1438 3731 χχιι,
1458 3661 1546 3726 14,
1567 3661 1675 3731 15).
1694 3661 1800 3733 lluj
1811 3677 1878 3716 us
1899 3660 2164 3734 gloriosae

513 3755 726 3812 domus
757 3751 858 3809 Dei
891 3752 1182 3824 decorem,
1213 3755 1273 3808 et
1312 3749 1508 3807 locum
1557 3749 1940 3807 habitationis
1968 3750 2166 3825 gloriae

511 3845 662 3916 ejus,
678 3839 1017 3898 fidelissime
1047 3839 1288 3914 diligere
1307 3843 1364 3896 et
1391 3839 1565 3896 zelari
1594 3839 1807 3896 debent
1837 3857 1952 3896 non
1974 3838 2165 3897 solum

512 3930 771 4007 episcopi
803 3934 861 3987 et
880 3930 1214 3986 sacerdotes
1243 3928 1301 3984 in
1325 3929 1698 4000 sedibus,sed
1721 3927 1899 3985 etiam
1921 3946 2085 4003 reges
2107 3929 2166 3984 in

514 4020 712 4096 regnis
741 4023 798 4075 et
827 4017 1062 4092 palatiis
1093 4018 1312 4086 suis,et
1341 4033 1546 4090 regum
1577 4017 1820 4074 comites
1833 4017 1894 4073 in
1920 4017 2167 4075 civitati-

515 4111 628 4167 bus
660 4108 877 4178 suis,et
897 4106 1180 4164 comitum
1201 4105 1400 4162 vicarii
1423 4105 1482 4160 in
1503 4105 1774 4178 plebibus
1795 4107 1940 4176 suis,
1964 4113 2022 4164 et
2037 4107 2169 4180 qui-

517 4215 750 4270 cunque
767 4195 1222 4269 patresfamilias
1249 4193 1309 4250 in
1331 4193 1606 4251 domibus
1627 4195 1771 4263 suis,
1796 4195 1854 4250 in
1879 4213 2063 4252 unum
2089 4197 2170 4252 di-

515 4304 618 4345 ves
638 4303 706 4343 ac
726 4303 968 4360 pauper,
984 4285 1043 4341 in
1071 4288 1267 4341 mente
1287 4287 1345 4339 et
1376 4283 1606 4340 actibus
1635 4283 1782 4340 suis.
1798 4288 1964 4341 Hunc
1979 4285 2168 4342 zelum

519 4376 811 4452 praecipue
839 4374 1154 4448 Apostolus
1183 4371 1456 4440 exercuit,
1482 4377 1540 4429 et
1569 4372 1738 4430 nobis
1768 4391 1875 4431 suo
1907 4375 2170 4449 exemplo

519 4465 910 4523 exercendum
942 4461 1372 4521 commendavit
1391 4462 1592 4519 dicens
1612 4479 1623 4518 :
1647 4463 1898 4519 {Emulor
1914 4465 2064 4519 enim
2084 4482 2170 4522 vos

2271 3397 2580 3456 viduarum
2625 3402 2682 3455 et
2724 3397 3075 3472 puellarum,
3099 3401 3158 3454 et
3187 3396 3744 3466 sanctimonialium,
3783 3414 3924 3454 con-

2272 3491 2591 3560 temptores
2635 3487 3029 3556 sacerdotum,
3065 3487 3376 3544 violatores
3407 3484 3610 3560 templi
3654 3485 3773 3554 Dei,
3807 3503 3926 3544 non

2272 3576 2546 3633 timentes
2575 3574 2719 3631 illud
2749 3575 3134 3648 apostolicum
3169 3593 3183 3632 :
3216 3575 3280 3632 Si
3308 3577 3430 3648 quis
3460 3581 3646 3632 autem
3665 3576 3930 3648 templum

2275 3665 2384 3720 Dei
2411 3664 2712 3731 viotaverit,
2761 3662 3030 3735 disperdet
3075 3661 3246 3720 illum
3290 3664 3433 3720 Deus
3462 3664 3510 3734 (1
3537 3667 3661 3723 Cor.
3694 3681 3778 3732 ιιι,
3814 3665 3922 3734 17).

2274 3753 2347 3809 Et
2375 3757 2548 3822 recte,
2571 3751 2620 3808 si
2653 3751 2888 3825 aliquod
2913 3751 3202 3826 templum
3226 3752 3328 3809 Dei
3357 3770 3427 3810 ex
3469 3751 3646 3826 lignis
3675 3756 3733 3808 et
3775 3751 3926 3826 lapi-

2277 3841 2451 3898 dibus
2481 3857 2661 3898 manu
2692 3841 2910 3897 factum
2943 3840 3339 3911 incenderent,
3372 3841 3493 3898 sive
3537 3842 3923 3909 destruerent,

2278 3930 2350 3988 ab
2399 3929 2674 3987 omnibus
2725 3929 2993 4004 sacrilegi
3046 3934 3104 3987 et
3152 3929 3432 4004 puniendi
3473 3929 3922 4002 judicarentur:

2277 4025 2496 4094 quanto
2529 4019 2718 4093 magis
2751 4019 2851 4091 qui
2883 4019 2984 4076 Dei
3015 4018 3128 4076 vivi
3158 4019 3446 4093 templum
3499 4020 3834 4077 subvertere
3871 4025 3930 4075 et

2277 4109 2566 4181 dissipare
2598 4125 2714 4164 non
2738 4112 3031 4176 metuunt,
3053 4109 3195 4166 dum
3236 4126 3303 4165 ex
3350 4113 3521 4182 raptu
3571 4108 3929 4165 arbitrantur

2279 4201 2402 4258 ﬁeri
2430 4216 2602 4273 posse
2633 4199 2997 4273 conjugium,
3032 4204 3089 4256 et
3118 4216 3188 4256 ex
3212 4199 3413 4272 iniquo
3435 4197 3814 4255 contubernio
3847 4195 3926 4254 le-

2278 4290 2553 4364 gitimum
2584 4288 3050 4361 matrimonium,
3085 4288 3241 4362 quod
3292 4287 3457 4345 nulla
3504 4304 3766 4360 unquam
3814 4285 3925 4354 lex,

2281 4376 2443 4434 nulla
2471 4377 2860 4435 humanitatis
2879 4378 3238 4436 consuetudo
3271 4375 3576 4450 permisit?
3605 4375 3752 4432 Nam
3783 4380 3840 4432 et
3871 4375 3927 4432 in

2280 4466 2514 4524 exordio
2546 4465 2753 4522 mundi
2783 4467 2857 4523 ad
2886 4466 3364 4541 propagationem
3409 4465 3639 4540 generis
3687 4463 3930 4522 humani

520 4556 620 4611 Dei
635 4555 989 4612 aemulatione
1009 4571 1028 4609 :
1051 4551 1312 4624 despondi
1335 4553 1485 4608 enim
1512 4567 1603 4609 vos
1631 4554 1735 4608 uni
1763 4554 1880 4609 viro
1903 4555 2174 4625 viiginem
2283 4555 2614 4613 masculum
2639 4559 2694 4612 et
2714 4554 2993 4612 feminam
3015 4555 3169 4612 Deus
3191 4554 3344 4624 fecit,
3367 4572 3580 4628 eosque
3619 4571 3727 4610 sua
3754 4554 3931 4611 benc-

520 4651 722 4701 castam
748 4643 1003 4740 mnibere
1031 4640 1351 4740 Christohal‘
1373 4641 1492 4698 Cor.
1525 4644 1694 4740 ain-2).
1720 4641 1800 4740 De
1831 4641 1940 4699 hoc
1970 4649 2027 4700 et
2049 4644 2172 4717 ipse
2200 4673 2250 4740 Β
2283 4645 2538 4702 dictione
2559 4645 2864 4718 conjunxit
2886 4645 3086 4702 dicens
3113 4663 3124 4701 :
3150 4647 3382 4704 Crescite
3403 4654 3454 4702 et
3475 4644 3934 4718 multiplicamini

523 4733 812 4790 Dominus
841 4729 1104 4805 loquitur
1131 4729 1192 4784 in
1225 4727 1455 4786 Psalmo
1487 4747 1500 4786 :
1529 4729 1688 4786 Zelus
1717 4731 1905 4787 domus
1951 4741 2056 4788 tua:
2082 4750 2171 4790 co-
2200 4727 2244 4740 ”
2281 4737 2432 4809 (Gen.
2467 4752 2507 4803 ι,
2538 4737 2652 4804 28).

521 4822 690 4880 medit
719 4838 804 4878 me
830 4821 1006 4892 (Psal.
1040 4836 1230 4888 vam,
1265 4817 1374 4890 10).
1397 4820 1580 4885 Quem
1612 4817 1802 4875 zelum
1836 4824 1958 4876 tam
2009 4822 2174 4878 terri-
2355 4829 2488 4882 CAP.
2520 4822 2588 4878 V.
2622 4823 2806 4897 Cujus
2837 4822 2916 4880 rei
2949 4823 3274 4881 imitatione
3305 4823 3482 4880 etiam
3504 4829 3710 4881 sancta
3736 4821 3934 4879 Eccle-

523 4911 717 4968 biliter
747 4908 1020 4978 exercuit,
1055 4912 1122 4964 ut
1149 4925 1265 4966 non
1295 4905 1489 4976 verbo,
1523 4924 1638 4980 quo
1663 4907 1839 4964 etiam
1883 4909 2176 4968 daemones
2285 4915 2374 4972 sia
2403 4913 2730 4986 antiquitus
2763 4911 3104 4970 solemniter
3132 4917 3190 4970 et
3235 4912 3642 4970 venerabiliter
3674 4911 3934 4969 custodi-

525 5002 785 5074 fugabat,
819 4999 922 5056 sed
954 5014 1132 5054 manu
1163 5001 1220 5053 et
1258 4995 1487 5070 ﬂagello
1518 4996 1918 5069 profanatores
1965 4999 2177 5059 domus
2283 5003 2384 5072 vit,
2413 5021 2515 5060 eos
2544 5001 2647 5076 qui
2677 5003 2738 5059 in
2769 5002 2870 5060 illa
2910 5001 3070 5058 velut
3117 5001 3177 5058 in
3225 5003 3498 5076 paradiso
3528 5002 3630 5060 Dei
3663 5002 3934 5076 conjugio

525 5089 627 5146 Dei
658 5087 836 5146 simul
869 5105 1004 5144 cum
1036 5087 1161 5144 suis
1191 5085 1588 5144 oblationibus
1619 5090 1677 5140 et
1699 5087 2024 5157 sacrificiis,
2048 5108 2176 5164 qua:
2287 5091 2601 5166 copulandi
2630 5097 2848 5160 essent,
2873 5091 3072 5148 divina
3099 5091 3502 5150 benedictione
3530 5095 3586 5148 et
3619 5090 3932 5148 missarum

526 5195 852 5254 praeparare
882 5177 1250 5245 videbantur,
1283 5173 1594 5232 extruserit
1622 5175 1800 5245 (Joan.
1835 5177 1918 5250 ιι).

2293 5179 2679 5238 celebratione
2710 5181 3054 5256 conjugens.
3088 5184 3222 5248 Quae
3270 5180 3541 5239 videlicet
3586 5181 3834 5238 honesta
3880 5186 3935 5236 et

598 5271 740 5325 ΑΑΡ.
773 5267 865 5325 Ν.
918 5267 1309 5324 Obsecremus
1359 5263 1562 5338 igitur,
1595 5267 1661 5319 ut
1690 5269 1748 5320 et
1777 5265 1963 5338 pietas
1991 5273 2184 5326 vestra
2295 5269 2566 5343 religiosa
2585 5271 2943 5342 conjunctio,
2962 5271 3078 5328 Deo
3101 5277 3334 5329 auctore
3358 5276 3564 5346 empta,
3587 5275 3645 5328 et
3679 5273 3808 5344 ejus
3837 5271 3933 5327 be-

526 5378 594 5418 ex
624 5359 734 5415 hac
768 5361 971 5414 sancta
989 5362 1176 5412 matre
1195 5357 1491 5428 generata,
1506 5352 1696 5426 ipsius
1718 5355 2033 5413 Salvatoris
2055 5357 2184 5414 imi-

529 5449 706 5504 tatrix
738 5449 960 5514 ell‘ecta,
984 5446 1155 5518 cujus
1185 5441 1586 5500 misericordia
1616 5447 1672 5498 et
1701 5449 1829 5500 tuta
1847 5451 1904 5500 et
1932 5446 2184 5504 cxaltata

533 5538 824 5606 consistit,
848 5535 1090 5609 arripiat
1119 5533 1307 5591 zelum
1331 5549 1435 5606 pro
1456 5533 1628 5588 domo
1653 5533 1773 5602 Dei,
1797 5539 1855 5590 et
1877 5536 2185 5594 aemuletur

534 5641 661 5680 eam
702 5625 794 5681 Dei
831 5623 1222 5694 aemulatione,
1249 5637 1520 5678 coercens
1548 5625 1603 5676 et
1634 5622 1982 5694 exstirpans,
2009 5630 2066 5680 et
2088 5627 2185 5684 ﬂa-

535 5711 685 5787 gello
699 5714 859 5784 juste
876 5713 1198 5770 severitatis
1219 5709 1610 5766 exterminans
1651 5713 2044 5782 quorumdam
2074 5714 2182 5772 ho-

2295 5357 2625 5415 nedictione
2650 5360 2901 5428 firmata,
2926 5361 3103 5418 etiam
3136 5362 3286 5418 inter
3315 5367 3536 5434 gentes,
3552 5377 3682 5432 quae
3715 5359 3934 5416 nullam

2293 5449 2481 5522 legem
2513 5455 2882 5522 acceperunt,
2910 5451 3134 5506 nullam
3166 5452 3263 5507 Dci
3291 5452 3624 5507 habuerunt
3645 5450 3933 5516 notitiam,

2291 5538 2554 5612 legitimo
2585 5537 2787 5595 ordine
2817 5545 2873 5595 et
2903 5540 3153 5596 naturali
3180 5540 3306 5614 lege
3325 5544 3551 5598 servata
3579 5540 3817 5596 est.Nec
3839 5557 3926 5595 un-

2293 5645 2472 5702 quam
2505 5644 2626 5684 rem
2678 5629 2860 5700 pacis,
2893 5628 3195 5686 charitatis
3243 5635 3415 5703 atque
3464 5628 3806 5696 concordiae,
3839 5646 3938 5701 per

2293 5715 2665 5785 discordiam,
2691 5722 2745 5772 ct
2775 5717 3132 5788 violentiam,
3167 5723 3222 5775 et
3251 5719 3611 5792 impietatem
3660 5717 3780 5774 fieri
3814 5717 3936 5774 lici-
