4152 6508
206 457 360 522 1021

1092 462 1196 527 DE
1239 463 1709 530 conscenso
1755 460 2017 524 RAPTU
2061 441 2509 538 VIDUARI‘JM,
2555 461 2726 525 ETC.

3465 471 3622 538 1022

201 596 333 651 tum
363 592 493 650 fuit.
518 594 833 652 Testentur
851 593 962 653 hoc
982 595 1229 669 publica;
1252 597 1650 655 Romanorum
1673 595 1852 670 leges,
1883 593 1940 662 Α
1967 609 2108 668 agro
2161 596 2382 650 tantam
2431 592 2767 652 violentiam
2824 600 3180 672 perpetrant,
3215 605 3274 660 et
3328 601 3474 663 istos
3515 603 3624 681 'qui

205 683 424 758 quibus
453 683 656 741 orbem
674 746 682 757 η
701 684 1040 742 universum
1069 686 1260 744 vivere
1291 688 1403 743 sub
1455 704 1564 744 sua
1591 685 1856 743 domina-

202 771 363 830 tione
391 773 860 831 constituerunt:
902 775 962 830 in
995 775 1210 848 quibus
1249 777 1558 833 manifeste
1596 774 1858 848 principi-

202 866 326 930 tur,
349 866 406 920 et
431 863 589 920 viros
619 867 882 936 raptores
912 869 971 922 et
1000 863 1249 922 feminas
1287 869 1506 938 raptas,
1532 865 1582 922 si
1612 863 1717 932 eis,
1742 862 1860 920 sive

207 953 344 1008 ante
373 955 627 1024 raptum,
653 951 774 1009 sive
800 958 933 1026 post
961 959 1586 1026 raptum,consensum
1607 953 1860 1026 praebue-

205 1041 348 1110 rint,
373 1040 560 1114 pmnis
582 1039 808 1099 ultimis
837 1059 965 1100 esse
997 1043 1362 1116 puniendos:
1389 1044 1686 1115 adjutores
1717 1058 1861 1114 quo-

209 1147 327 1204 que
365 1133 424 1186 et
474 1129 777 1188 ministros
797 1135 1098 1204 raptorum
1125 1131 1362 1206 ignibus
1382 1131 1864 1198 conoremandos,

209 1223 271 1278 et
319 1219 764 1277 conciliatorum
818 1237 884 1276 ac
941 1219 1331 1278 mediatorum
1380 1221 1530 1278 tanti
1589 1219 1866 1276 facinoris

207 1309 452 1384 plumbo
481 1308 730 1383 liquenti
761 1313 940 1384 atque
969 1311 1210 1367 ferventi
1237 1327 1339 1368 ora
1367 1311 1721 1367 damnanda.
1750 1309 1866 1365 Nec

207 1397 332 1456 ullo
362 1398 536 1456 modo
567 1397 754 1469 illam,
776 1415 904 1472 quas
937 1415 998 1456 se
1040 1403 1270 1464 raptam
1300 1416 1430 1457 esse
1461 1398 1862 1472 conqueritur,

207 1487 477 1546 excusari
509 1505 702 1562 posse,
736 1505 863 1562 quae
907 1505 970 1546 se
999 1505 1108 1546 nec
1136 1489 1526 1547 dormituram
1573 1487 1869 1546 custodire

207 1577 458 1647 studuit,
492 1593 599 1635 nec
627 1577 870 1635 vocibus
896 1578 1224 1635 vicinorum
1257 1577 1466 1636 solatia
1497 1583 1672 1652 atque
1701 1577 1868 1634 auxi-

207 1667 292 1726 lia
321 1665 620 1742 ﬂagitavit.
643 1667 808 1735 Quod
831 1666 1185 1724 mirabiliter
1211 1666 1536 1742 divinelegi
1564 1670 1866 1734 consonat,

207 1755 312 1814 ubi
339 1755 537 1830 puella
567 1755 943 1830 desponsata,
967 1756 1018 1812 si
1063 1757 1138 1814 ab
1187 1756 1384 1830 aliquo
1412 1757 1474 1814 in
1506 1755 1738 1814 civitate
1766 1773 1870 1830 op-

207 1863 418 1920 pressa
445 1844 642 1914 fuerit,
664 1844 964 1919 lapidibus
985 1845 1154 1903 obrui
1178 1847 1445 1918 jubetur,
1459 1846 1598 1920 quia
1619 1863 1737 1904 non
1759 1845 1875 1902 cla-

208 1934 396 1993 mavit
412 1951 550 1992 cum
571 1939 728 1993 esset
745 1934 806 1991 in
823 1934 1077 2005 civitate,
1093 1935 1194 1992 ubi
1211 1935 1301 1992 vel
1319 1952 1608 1993 concursu
1629 1935 1864 2003 civium,
1897 1966 1947 2032 Β

205 2025 300 2082 vel
332 2023 596 2082 subsidio
636 2023 1095 2082 domesticorum
1142 2029 1372 2098 poterat
1415 2025 1650 2082 liberari
1692 2027 1865 2098 (Deut.

207 2131 348 2183 xm,
374 2113 482 2187 14).
507 2113 671 2170 Unde
690 2117 749 2170 et
767 2113 939 2170 beata
958 2113 1064 2170 illa
1082 2115 1352 2172 Susanna
1370 2113 1668 2182 laudatur,
1688 2129 1868 2188 quam

207 2207 480 2278 parentes
501 2203 630 2276 ejus
650 2219 788 2262 cum
809 2207 1008 2260 essent
1019 2203 1170 2276 justi
1189 2204 1526 2260 erudierant
1541 2204 1869 2260 secundum

207 2293 400 2367 legem
431 2292 648 2366 Moysis
677 2309 689 2350 :
715 2292 854 2366 quia
874 2309 1010 2349 cum
1039 2293 1328 2350 lavaretur
1357 2292 1483 2350 sola
1513 2293 1573 2350 in
1606 2292 1868 2366 pomario

206 2381 320 2439 viri
353 2381 467 2450 sui,
490 2399 608 2440 non
653 2381 846 2439 solum
899 2381 1122 2456 iniquis
1162 2383 1406 2440 senibus
1453 2400 1568 2439 non
1620 2382 1872 2456 praabuit

208 2487 522 2529 assensum
544 2469 840 2541 adulterii,
870 2471 972 2528 sed
994 2472 1174 2529 etiam
1193 2489 1332 2530 voce
1354 2488 1575 2546 magna
1587 2471 1872 2528 exclama-

205 2559 311 2628 vit,
335 2564 402 2616 ut
429 2559 640 2616 famuli
671 2561 887 2618 domus
917 2559 1208 2630 audirent,
1243 2565 1300 2618 et
1329 2565 1758 2627 succurrerent,
1782 2565 1868 2618 at-

207 2667 325 2724 que
353 2649 438 2706 ita
465 2649 538 2706 ab
571 2649 892 2723 impiorum
920 2650 1223 2724 impietate
1273 2655 1694 2725 protegeretur,
1719 2650 1873 2707 sicut

207 2742 268 2795 et
297 2737 517 2796 factum
549 2742 640 2796 est
665 2740 828 2810 (Dan.
861 2756 984 2806 xm,
1008 2739 1121 2813 24).

282 2871 417 2929 CAP.
447 2871 544 2928 VI.
577 2872 690 2929 Sed
717 2877 776 2928 et
819 2877 940 2929 tam
991 2877 1264 2930 sanctum
1313 2877 1488 2947 atque
1536 2873 1872 2932 inviolabile

207 2957 398 3015 voluit
423 2975 553 3016 esse
581 2957 672 3016 lex
726 2959 823 3016 Dei
850 2959 1042 3016 fcedus
1071 2963 1129 3017 et
1156 2959 1457 3017 vinculum
1506 2961 1868 3036 nuptiarum,

212 3047 504 3122 parentali
555 3048 903 3105 auctoritate
931 3053 990 3105 et
1027 3047 1290 3124 legitima
1329 3049 1722 3124 postulatione
1760 3050 1870 3106 ini-

211 3136 522 3206 tiatum,ut
536 3135 795 3209 puellam
811 3135 1432 3211 desponsatam,etiam
1449 3143 1582 3196 ante
1599 3139 1870 3213 copulam

212 3224 823 3299 nuptiarum,uxorem
839 3227 970 3299 ejus
989 3227 1085 3284 cui
1107 3229 1462 3302 desponsata
1481 3232 1572 3285 est
1591 3245 1721 3287 esse
1741 3246 1872 3287 con-

211 3314 431 3384 ﬁrmet,
461 3313 662 3372 dicens
689 3331 704 3371 :
727 3315 792 3372 Si
815 3317 1064 3388 puellam
1085 3317 1361 3387 virginem
1386 3317 1732 3390 desponderit
1758 3321 1866 3390 vir,

211 3411 268 3461 et
295 3405 568 3461 invenerit
601 3421 724 3460 eam
768 3406 976 3479 aliquis
1003 3409 1066 3462 in
1093 3407 1328 3474 civitate,
1359 3414 1412 3464 et
1453 3407 1702 3465 cubuerit
1745 3425 1872 3466 cum

213 3493 340 3559 illa,
371 3493 562 3550 educes
589 3500 883 3567 utrumque
910 3511 1080 3568 usque
1098 3495 1168 3551 ad
1182 3503 1401 3567 portam
1419 3498 1662 3554 civitatis
1691 3498 1868 3567 illius,

208 3589 267 3639 et
293 3581 566 3655 lapidibus
591 3582 908 3652 obruentur,
941 3583 1131 3656 puella
1160 3585 1293 3656 quia
1320 3601 1433 3642 non
1459 3587 1720 3642 clamavit
1747 3603 1874 3643 cum

213 3679 356 3728 esset
381 3673 442 3727 in
470 3673 710 3742 civitate,
743 3674 831 3729 vir
859 3674 993 3746 quia
1029 3673 1348 3730 humiliavit
1373 3690 1604 3732 uxorem
1625 3677 1874 3748 proximi

210 3763 310 3819 sui
327 3762 508 3834 (Deut.
531 3778 666 3830 χχιι,
683 3761 946 3836 23).Inde
966 3766 1053 3820 est
1081 3764 1238 3836 quod
1262 3762 1439 3820 etiam
1469 3763 1530 3819 in
1560 3765 1870 3839 Evangelio

210 3850 288 3908 de
316 3851 486 3908 beata
504 3854 562 3908 et
589 3851 848 3926 gloriosa
875 3853 978 3908 Dei
1009 3852 1293 3926 genitrice
1325 3853 1529 3922 Maria,
1550 3871 1685 3910 cum
1717 3859 1874 3912 esset

212 3941 572 4013 desponsata
597 3941 836 4015 Joseph,
859 3941 1078 4000 dicitur
1103 3941 1190 3998 illi
1219 3959 1324 4016 per
1343 3943 1618 4018 angelum
1643 3961 1657 4000 :
1678 3944 1872 4016 Ioseph

210 4030 326 4103 ﬁlii
365 4031 558 4098 David,
597 4032 717 4088 noli
762 4033 952 4088 timere
1008 4033 1253 4105 accipere
1306 4033 1540 4089 Mariam
1591 4035 1873 4107 conjugem

212 4126 368 4176 tuam
395 4117 600 4190 (Matth.
623 4137 665 4193 ι,
683 4121 798 4190 20).
821 4121 893 4177 Et
939 4119 1000 4176 in
1029 4120 1182 4178 Osea
1225 4121 1530 4195 propheta,
1564 4121 1614 4178 si
1662 4121 1870 4195 puellae

213 4207 581 4280 desponsata
602 4209 675 4266 ab
701 4208 832 4266 aliis
851 4207 1079 4266 violata:
1102 4209 1338 4279 fuerint,
1351 4209 1628 4268 adulteras
1651 4228 1872 4269 nuncu-

211 4299 452 4370 pantur,
487 4296 716 4355 dicente
763 4298 1014 4356 Domino
1045 4317 1058 4355 ε
1093 4299 1208 4356 Non
1256 4299 1488 4357 visitabo
1529 4317 1693 4373 super
1721 4302 1870 4374 ﬁlias

210 4392 440 4454 vestras,
469 4403 596 4444 cum
636 4390 852 4461 fuerint
883 4391 1196 4462 fornicata,
1228 4405 1402 4464 neque
1446 4407 1608 4464 super
1649 4408 1872 4464 sponsas

212 4482 421 4533 vestras
462 4493 589 4533 cum
635 4477 1068 4535 adulteraverint
1096 4479 1236 4552 (Ose.
1271 4495 1348 4548 iv,
1383 4479 1491 4551 14).
1527 4479 1644 4537 Hos
1675 4485 1870 4542 autem

213 4568 501 4638 raptores,
521 4569 581 4622 et
607 4583 1004 4640 oppressores,
1029 4585 1095 4624 ac
1115 4567 1447 4636 violatores,
1466 4567 1556 4624 lex
1577 4569 1679 4625 Dei
1702 4568 1872 4626 latro-

214 4653 394 4712 nibus
441 4659 501 4712 et
546 4655 862 4714 homicidis
914 4663 1235 4731 comparat,
1282 4663 1339 4715 et
1386 4658 1635 4715 interfici
1677 4659 1869 4732 jubet,

213 4743 317 4800 ubi
338 4744 410 4801 de
428 4744 644 4818 puella,
670 4762 797 4820 quae
817 4747 878 4803 in
901 4763 1042 4821 agro
1063 4746 1346 4804 violenter
1367 4763 1647 4821 oppressa
1674 4749 1868 4822 fuerit,

213 4831 496 4907 loquitur,
520 4833 720 4892 dicens
743 4851 758 4891 :
782 4836 884 4892 Sin
901 4845 1084 4893 autem
1103 4839 1162 4893 in
1187 4853 1320 4908 agro
1338 4839 1427 4894 vir
1445 4841 1707 4910 repererit
1717 4840 1872 4912 puel-

214 4919 330 4976 lam
355 4936 482 4993 quae
507 4922 838 4996 desponsata
871 4931 968 4992 est,
996 4932 1048 4981 et
1084 4925 1491 4998 apprehendens
1519 4928 1875 4984 concubuerit

211 5023 340 5064 cum
368 5011 489 5078 illa,
522 5013 638 5084 ipse
661 5015 932 5070 morietur
975 5015 1145 5086 solus,
1175 5016 1362 5088 puella
1408 5016 1564 5072 nihil
1605 5017 1868 5089 patietur,

212 5113 314 5154 nee
355 5107 431 5155 est
473 5116 571 5156 rea
613 5104 826 5158 mortis.
877 5103 1146 5171 Quoniam
1191 5106 1334 5161 sicut
1390 5105 1532 5162 latro
1588 5109 1874 5176 consurgit

213 5193 404 5244 contra
427 5190 658 5261 fratrem
699 5207 882 5254 suum,
915 5199 978 5248 ut
1023 5193 1232 5249 occidat
1275 5195 1522 5250 animam
1547 5197 1683 5268 ejus,
1715 5197 1793 5252 ita
1819 5204 1873 5254 et

209 5277 396 5349 puella
447 5295 704 5352 perpessa
759 5289 836 5337 est
865 5299 885 5338 :
921 5282 1041 5338 sola
1095 5291 1214 5338 erat
1272 5285 1333 5338 in
1387 5299 1538 5356 agro,
1589 5286 1866 5353 clamavit,

213 5372 288 5509 ἐξ
316 5367 506 5424 nullus
576 5367 760 5440 adfuit
816 5373 914 5443 qui
982 5372 1239 5428 liberaret
1305 5387 1429 5427 eam
1483 5373 1668 5442 (Deut.
1727 5391 1865 5444 xxn,

293 5498 308 5509 .
335 5457 450 5509 26).

293 5498 308 5522 ,
335 5457 450 5524 26).

285 5587 420 5644 CAP.
451 5589 573 5648 VII.
607 5593 942 5665 Agnoscant
978 5610 1041 5650 se
1088 5610 1224 5668 ergo
1256 5594 1356 5668 qui
1387 5595 1678 5668 ejusmodi
1725 5601 1867 5652 sunt

214 5679 272 5732 et
283 5675 547 5754 latrones
571 5684 629 5738 et
647 5680 996 5754 homicidas,
1009 5687 1066 5740 et
1088 5684 1420 5740 animarum
1441 5682 1861 5758 interfectores,

214 5767 270 5822 et
292 5765 499 5841 dignos
525 5775 730 5828 morte.
753 5771 868 5829 Nec
889 5771 1070 5830 distat
1091 5773 1312 5847 aliquid
1343 5773 1494 5830 inter
1517 5771 1650 5831 illos
1672 5773 1774 5846 qui
1803 5774 1862 5832 in

1969 681 2087 740 sive
2117 683 2178 738 in
2209 682 2569 753 civitatibus,
2601 684 2722 741 sive
2759 685 2820 742 in
2850 686 2960 744 viis
2995 689 3086 746 vel
3114 691 3410 764 domibus,
3443 697 3622 756 etiam

1969 787 2104 828 cum
2135 772 2310 828 turba
2339 777 2396 828 et
2425 773 2606 830 armis
2629 773 2848 832 similia
2869 777 3250 838 committunt
3283 800 3296 838 :
3330 784 3444 840 nisi
3466 787 3625 860 quod

1969 860 2056 917 illi
2088 860 2312 918 similes
2337 867 2478 918 sunt
2507 862 2856 932 latronibus,
2881 866 2982 938 qui
3013 865 3075 922 in
3103 867 3264 927 silvis
3295 875 3352 928 et
3379 875 3626 936 desertis

1969 949 2115 1007 locis
2144 949 2370 1007 occulte
2396 951 2774 1026 insidiantur,
2801 953 2900 1011 isti
2921 973 3054 1014 vero
3084 957 3309 1018 similes
3340 963 3628 1022 atrocissi-

1972 1040 2088 1096 mis
2107 1044 2165 1096 et
2185 1041 2576 1114 apertissimis
2597 1045 2990 1116 praedonibus,
3007 1048 3107 1121 qui
3129 1049 3217 1106 vel
3240 1043 3526 1110 nocturno
3547 1055 3626 1112 si-

1971 1128 2267 1198 lentio,vel
2290 1130 2446 1187 clara
2477 1131 2607 1189 luce
2631 1133 2856 1191 civibus
2877 1135 3072 1193 infesti
3094 1141 3152 1194 et
3170 1140 3484 1212 perniciosi
3510 1145 3628 1201 exi-

1975 1219 2276 1286 stunt.Qui
2299 1237 2434 1276 cum
2457 1237 2563 1278 nec
2585 1221 2791 1278 divinae
2816 1221 2961 1298 legis
2983 1226 3209 1298 ordine,
3231 1246 3337 1286 nec
3357 1236 3628 1304 parenta-

1973 1306 2050 1365 lis
2070 1307 2395 1366 voluntutis
2415 1309 2780 1380 auctoritate,
2795 1329 2902 1369 nec
2922 1314 3330 1374 ecclesiastica:
3352 1321 3630 1380 sanctita-

1975 1397 2054 1453 tis
2075 1397 2308 1470 pietate,
2335 1399 2462 1472 conj
2475 1399 2703 1473 ugalem
2727 1401 2998 1474 copulam
3021 1404 3211 1462 sortiti
3233 1410 3392 1480 sunt,
3417 1409 3519 1465 sed
3549 1411 3632 1466 in-

1975 1502 2154 1559 super
2169 1503 2274 1560 pro
2295 1487 2701 1546 benedictione
2720 1491 3070 1549 sacerdotali
3084 1497 3636 1556 excommunicatio-

1977 1593 2112 1635 nem
2143 1577 2441 1651 publicam
2467 1595 2536 1636 ex
2566 1580 2914 1638 auctoritate
2944 1599 3238 1642 canonum
3265 1593 3630 1660 meruerunt,

1979 1685 2096 1741 qua
2111 1667 2298 1723 fronte
2314 1666 2690 1742 sacrilegium
2704 1669 2889 1726 videri
2903 1671 3106 1729 volunt
3119 1691 3248 1732 esse
3265 1677 3628 1752 coniugium,

1979 1761 2037 1814 et
2063 1755 2438 1813 latrocinium
2469 1757 2942 1830 matrimonium,
2973 1765 3030 1818 et
3066 1762 3404 1823 violentiam
3444 1765 3634 1840 pieta-

1979 1847 2139 1903 tem?
2158 1846 2305 1902 Cum
2335 1863 2441 1904 nee
2479 1846 2605 1904 sine
2650 1847 3032 1906 fundamento
3079 1853 3269 1924 possit
3314 1855 3635 1914 consistere

1981 1935 2314 2004 aedificium,
2337 1939 2395 1992 et
2419 1937 2738 2010 exstirpata
2762 1937 2992 1996 arhoris
3022 1940 3232 2012 radice,
3258 1960 3632 2018 nequaquam

1977 2026 2126 2082 rami
2145 2024 2358 2082 virides
2380 2025 2699 2100 pullulent:
2724 2030 2782 2083 et
2802 2027 2872 2084 de
2895 2027 3237 2101 bujusmodi
3259 2050 3632 2108 nequaquam

1978 2113 2239 2188 legitimo
2259 2113 2573 2183 connubio,
2597 2114 2700 2170 sed
2727 2115 3057 2173 adulterino
3080 2119 3486 2190 contubernio,
3510 2122 3634 2180 nul-

1977 2203 2210 2260 latenus
2231 2203 2348 2259 dici
2379 2202 2567 2276 possit
2595 2204 2748 2276 quod
2772 2203 3055 2263 Dominus
3085 2207 3146 2263 in
3179 2209 3491 2283 Evangelio
3513 2210 3630 2268 ait:

1981 2294 2131 2362 Quod
2155 2308 2284 2363 ergo
2311 2295 2451 2349 Deus
2486 2293 2794 2365 conjunxit,
2829 2293 2986 2351 homo
3029 2313 3142 2352 non
3187 2306 3398 2370 separet
3426 2299 3632 2369 (Matth.

1977 2401 2094 2452 xxx,
2126 2383 2202 2453 6),
2239 2381 2340 2438 sed
2371 2380 2570 2454 potius
2601 2397 2616 2436 :
2647 2382 2814 2448 Quod
2855 2382 3032 2439 homo
3071 2383 3250 2457 impie
3280 2390 3340 2442 et
3369 2385 3636 2461 improbe

1979 2470 2304 2544 conjunxit,
2329 2470 2484 2527 Deus
2507 2487 2616 2527 sua
2634 2470 2907 2543 aequitate
2928 2471 3224 2530 dissociet.
3250 2474 3352 2532 Isti
3375 2480 3515 2534 sunt
3533 2477 3636 2550 qui

1979 2578 2083 2634 per
2106 2559 2444 2616 violentiam
2469 2563 2526 2615 et
2555 2563 2929 2632 potentatum
2952 2577 3148 2632 suum,
3171 2567 3306 2636 post
3334 2569 3635 2641 contemp-

1978 2654 2102 2706 tum
2129 2647 2548 2721 omnipotentis
2569 2647 2693 2717 Dei,
2709 2652 3097 2706 contemnunt
3114 2651 3291 2708 etiam
3313 2653 3633 2712 Ecclesiam

1979 2737 2103 2804 Dei,
2130 2740 2516 2794 contemnunt
2545 2737 2876 2794 sacerdotes
2900 2737 3023 2807 Dei,
3047 2738 3274 2798 nullam
3303 2758 3636 2802 excommu-

1979 2826 2292 2883 nicationis
2314 2825 2530 2883 Christi
2561 2826 2942 2883 reverentiam
2971 2827 3272 2897 habentes,
3287 2830 3391 2904 qui
3425 2833 3632 2890 minis-

1979 2918 2088 2974 tris
2107 2921 2166 2974 et
2185 2915 2508 2974 rectoribus
2527 2914 2796 2972 Ecclesia
2817 2933 2936 2972 suae
2957 2916 3110 2974 hanc
3131 2921 3480 2992 potestatem
3493 2919 3635 2979 'con-

1977 3005 2136 3072 tulit,
2152 3007 2353 3064 dicens
2376 3023 2389 3062 :
2411 3005 2560 3074 Quod
2577 3007 2630 3062 si
2649 3005 2940 3062 Ecclesiam
2955 3023 3069 3063 non
3089 3007 3350 3078 audierit,
3365 3009 3636 3069 videlicet

1981 3095 2230 3168 quilibet
2250 3097 2640 3168 praesumptor
2658 3097 2716 3151 et
2734 3098 3071 3164 contumax,
3083 3098 3158 3154 sit
3177 3099 3282 3154 tibi
3298 3100 3442 3156 sicut
3461 3101 3635 3158 ethni-

1978 3200 2072 3240 cus
2094 3193 2145 3240 et
2168 3183 2500 3256 publicanus
2522 3183 2730 3254 (Matth.
2750 3199 2914 3254 xvm,
2937 3184 3046 3258 17).
3070 3185 3140 3242 Et
3162 3186 3362 3244 statim
3383 3189 3632 3262 subjun-

1977 3273 2064 3330 xit
2086 3290 2100 3330 :
2123 3273 2288 3329 Amen
2311 3272 2430 3329 dico
2449 3273 2622 3344 vobis,
2637 3275 2766 3345 quia
2786 3287 3124 3346 quaecunque
3139 3275 3507 3346 alligaveritis
3534 3295 3632 3334 su-

1898 3338 1944 3407 c
1973 3378 2075 3436 per
2105 3368 2308 3418 terram
2344 3370 2524 3430 erunt,
2559 3338 2731 3432 ligata
2773 3338 2826 3418 et
2871 3362 2932 3417 in
2979 3338 3136 3418 caelis
3183 3338 3370 3434 (ibid,
3393 3365 3502 3439 18).
3530 3365 3632 3424 Isti

1981 3454 2178 3507 autem
2198 3467 2229 3506 e
2249 3449 2561 3516 contrario,
2575 3448 2843 3506 Ecclesia:
2864 3449 3286 3522 inobedientes,
3301 3470 3368 3511 ac
3387 3471 3492 3528 per
3509 3455 3634 3513 hac

1977 3540 2138 3597 velut
2165 3539 2383 3596 ethnici
2413 3543 2472 3596 et
2498 3537 2798 3612 publicani
2822 3537 3096 3610 habendi,
3123 3544 3180 3597 et
3207 3543 3518 3616 temporali
3539 3546 3634 3618 ju-

1979 3629 2132 3686 dicio
2148 3627 2668 3685 exccommunicati
2678 3627 2981 3695 ,violenter
2993 3628 3284 3688 Ecclesiae
3299 3631 3633 3706 ingrediun-

1979 3723 2096 3788 tur,
2111 3722 2170 3775 et
2189 3717 2404 3774 divinis
2425 3716 2722 3790 mysteriis
2742 3715 3023 3788 injuriam
3043 3719 3231 3776 facere
3253 3735 3369 3776 non
3397 3721 3630 3793 timent,

1977 3813 2039 3866 et
2068 3809 2141 3864 ad
2172 3805 2620 3864 christianitatis
2643 3804 2870 3862 cultum
2901 3823 3018 3862 non
3047 3806 3399 3878 humilitate,
3425 3813 3483 3866 et
3510 3810 3631 3884 pie-
3735 3846 3741 3855 ι

1977 3901 2299 3968 tate,atque
2315 3893 2774 3962 obedientia,sed
2793 3894 3161 3951 contumacia
3177 3899 3236 3952 et
3254 3895 3633 3970 improbitate

1981 3985 2208 4060 seipsos
2239 3999 2556 4058 aggregare
2587 3986 2874 4040 conantur
2897 4001 2910 4040 :
2933 4000 3050 4040 non
3082 3983 3467 4059 recegitantes
3495 3988 3634 4044 scri-

1979 4080 2147 4150 ptum
2173 4073 2348 4130 etiam
2377 4072 2504 4146 ipso
2534 4071 2783 4128 Domino
2803 4070 3034 4130 Christo
3055 4072 3284 4131 dicente
3309 4093 3322 4133 :
3343 4076 3462 4134 Non
3481 4077 3633 4136 habi-

1979 4165 2120 4222 tabit
2147 4165 2209 4219 in
2235 4162 2414 4220 medio
2441 4162 2632 4218 domus
2654 4176 2794 4219 mea:
2815 4163 2914 4234 qui
2938 4163 3076 4233 facit
3101 4165 3438 4236 superbiam,
3463 4175 3514 4224 et
3541 4169 3631 4240 fa-

1978 4256 2179 4310 cientes
2222 4252 2706 4324 praevaricationes
2752 4249 2844 4307 odi
2881 4251 3050 4324 (Psal.
3073 4269 3127 4321 c,
3147 4253 3224 4326 7).
3248 4252 3320 4310 Et
3367 4254 3582 4313 iterum
3617 4273 3631 4315 :

1978 4344 2120 4400 Deus
2147 4343 2400 4415 superbis
2427 4341 2652 4410 resistit,
2687 4340 2995 4396 humilibus
3024 4349 3206 4398 autem
3254 4343 3350 4401 dat
3391 4347 3635 4416 gratiam

1981 4422 2112 4504 (Jac.
2137 4449 2214 4500 ιν,
2231 4431 2310 4502 6).
2332 4431 2438 4488 Et:
2465 4430 2733 4499 Quoniam
2751 4429 2997 4486 excelsus
3014 4432 3300 4499 Dominus,
3323 4441 3376 4490 et
3394 4433 3634 4494 humilia

1979 4523 2220 4594 respicit,
2245 4529 2295 4576 et
2323 4521 2437 4576 alta
2465 4536 2500 4576 a
2526 4519 2681 4592 longe
2707 4521 2979 4592 cognoscit
3003 4521 3180 4590 (Psal.
3205 4537 3452 4592 cxxxvn,
3471 4525 3548 4594 6).
3570 4524 3632 4584 Si

1980 4610 2137 4668 enim
2161 4610 2286 4666 haec
2323 4609 2578 4683 cogitare
2615 4608 3024 4682 dignarentur,
3041 4611 3401 4684 deponerent
3429 4630 3631 4688 super-

1897 4713 1948 4782 ι)
1979 4701 2139 4760 biam
2157 4715 2347 4767 suam,
2361 4703 2419 4754 et
2435 4697 2584 4754 illud
2601 4715 2705 4772 per
2719 4697 2880 4772 piam
2896 4697 3295 4758 humilitatem
3314 4702 3633 4775 promereri

1980 4792 2309 4856 studerent,
2341 4789 2496 4861 quod
2529 4786 2834 4861 Scriptura
2865 4787 3006 4845 alibi
3035 4789 3347 4863 promittit,
3380 4791 3581 4849 dicens
3614 4809 3626 4847 :

1977 4881 2146 4938 Juxta
2174 4886 2254 4936 est
2299 4877 2622 4934 Dominibus
2652 4877 2740 4934 his
2767 4879 2868 4950 qui
2895 4879 3162 4936 tribulato
3208 4886 3339 4935 sunt
3379 4880 3557 4948 corde,
3579 4889 3631 4938 et

1978 4969 2214 5026 humiles
2241 4969 2445 5041 spiritu
2463 4967 2702 5024 salvabit
2727 4968 2898 5038 (Psal.
2920 4985 3118 5037 xxxm,
3146 4967 3253 5040 19).
3275 4968 3346 5024 Et
3373 4968 3630 5028 Iacobus

1979 5057 2283 5133 apostolus
2313 5055 2568 5131 qualiter
2595 5055 3096 5130 unusquisque,et
3123 5073 3158 5112 a
3189 5055 3420 5114 diabolo
3457 5057 3629 5132 longe

1978 5148 2126 5217 ﬁeri,
2149 5150 2206 5204 et
2245 5146 2361 5203 Deo
2409 5145 2880 5220 appropinquare
2928 5142 3136 5212 valeat,
3178 5143 3285 5203 ita-
3311 5145 3624 5202 admonet:

1976 5237 2196 5294 Subditi
2242 5238 2418 5306 igitur
2461 5243 2624 5292 estote
2665 5235 2790 5301 Deo,
2816 5235 3050 5290 resistite
3089 5241 3270 5290 autem
3309 5233 3546 5305 diabolo,
3577 5244 3628 5292 et

1974 5329 2154 5400 fugiet
2175 5344 2211 5383 a
2237 5325 2407 5382 vobis.
2430 5325 2868 5398 Appropinquate
2886 5324 3133 5392 Domino,
3157 5331 3208 5380 et
3225 5325 3627 5398 appropinqua-

1978 5419 2055 5474 bit
2083 5418 2252 5474 vobis.
2268 5415 2566 5471 Emundate
2611 5429 2808 5468 manus
2854 5415 3197 5484 peccatriccs,
3241 5422 3292 5470 et
3334 5415 3626 5486 puriﬁcate

1974 5507 2137 5562 corda
2168 5506 2410 5577 duplices
2447 5505 2653 5559 animo.
2677 5501 2864 5558 Miseri
2898 5509 3080 5570 estote,
3112 5511 3164 5560 et
3199 5504 3396 5574 lugete,
3427 5512 3480 5560 et
3501 5505 3622 5577 plo-

1977 5604 2110 5652 rale.
2149 5597 2307 5650 Risus
2333 5601 2504 5649 vester
2546 5595 2606 5648 in
2646 5592 2850 5648 luctum
2887 5601 3249 5662 convertatur,
3279 5601 3332 5650 et
3357 5593 3624 5664 gaudium

1977 5688 2037 5741 in
2072 5697 2375 5741 maerorem.
2408 5681 2802 5738 Humiliamini
2857 5682 2914 5736 in
2971 5691 3247 5754 conspectu
3307 5685 3546 5754 Domini,
3569 5690 3621 5740 et

1972 5775 2236 5832 exaltabit
2265 5789 2354 5830 vos
2386 5772 2516 5843 (Jac.
2552 5787 2627 5840 IV,
2658 5769 2800 5840 7-9).
