4152 6512
558 416 714 485 ιοεδ

1343 414 1725 477 ΗΙΝΟΜΑΡιΙ
1774 412 2017 476 RHEM.
2064 409 2426 475 ARCHIEP.
2474 411 2882 475 OPUSCULA
2922 410 3185 473 VARIA.

3835 407 3999 475 1024

622 550 759 608 CAP.
781 548 930 608 VIII.
956 547 1123 605 Nunc
1154 551 1350 607 autem
1371 564 1508 604 cum
1527 546 1808 603 violenter
1837 547 1897 603 in
1928 545 2205 603 ecclesias
2232 545 2287 614 Α
2317 548 2472 614 runt,
2506 549 2565 601 et
2602 548 2996 613 servaverunt,
3030 561 3147 601 non
3192 541 3385 601 solum
3428 542 3555 614 jam
3587 540 3791 599 effecti
3822 537 3997 597 Chri-

552 637 808 708 irruunt,
823 655 958 696 cum
983 655 1045 695 se
1066 638 1254 694 turba
1279 635 1545 692 fidelium
1566 635 2001 709 indisciplinate
2021 640 2079 691 et
2098 635 2210 691 im-

553 730 732 804 probe
753 728 1128 802 permiscent,
1162 742 1296 782 cum
1328 724 1474 799 ipsis
1505 725 1929 794 sacerdotibus,
1954 724 2067 781 nisi
2092 724 2211 780 illis

553 816 944 892 prasentibus
992 814 1191 871 divina
1235 813 1512 887 mysteria
1555 812 1993 881 celebraverint,
2038 812 2213 869 exitia

550 905 1013 971 comminantur,
1037 903 1179 977 quid
1218 902 1378 959 aliud
1411 903 1655 971 faciunt,
1688 903 1802 959 nisi
1843 904 1998 975 quod
2027 903 2119 959 bis
2149 919 2210 959 se

551 1012 662 1053 suo
691 993 887 1069 gladio
908 991 1274 1063 confodiunt,
1296 989 1759 1049 ecclesiasticum
1783 992 2209 1049 contemnendo

545 1084 865 1157 judicium,
888 1086 948 1138 et
968 1080 1120 1138 sacri
1140 1079 1345 1139 altaris
1372 1081 1653 1154 mysteria
1678 1081 2056 1138 temerando?
2073 1083 2209 1148 Qua

551 1172 709 1230 sicut
739 1170 1012 1229 fidelibus
1053 1175 1113 1227 et
1152 1168 1483 1227 humilibus
1513 1186 1579 1226 ac
1611 1168 1724 1243 piis
1755 1170 1826 1226 ad
1858 1170 2206 1241 remedium,

549 1262 634 1320 ita
664 1260 1172 1333 contemptoribus
1202 1263 1261 1316 et
1290 1258 1737 1332 impudentibus
1784 1259 2099 1331 proficiunt
2133 1260 2207 1317 ad

543 1350 840 1424 judicium
870 1354 928 1406 et
956 1352 1337 1405 tormentum.
1371 1348 1596 1415 Quibus
1625 1348 1803 1405 etiam
1832 1347 1916 1403 illi
1949 1348 2114 1406 stulti
2152 1353 2210 1405 et

548 1437 805 1512 improbi
826 1441 967 1496 sunt
987 1435 1379 1509 sociandi,qui
1409 1437 1482 1493 ab
1502 1436 1923 1495 aliisEcelesiis
1945 1442 2003 1494 et
2022 1453 2207 1495 sacer-

550 1528 788 1599 dotibus
815 1526 1326 1591 excommunicati,
1359 1526 1420 1582 in
1465 1525 1600 1584 aliis
1630 1530 1805 1599 atque
1856 1526 2009 1599 apud
2061 1524 2205 1585 alios

551 1615 956 1674 fraudulenter
978 1612 1417 1671 communicare
1438 1630 1611 1686 posse
1631 1615 1898 1672 credunt.
1921 1614 2066 1673 Cum
2089 1632 2209 1672 om-

549 1704 728 1763 nibus
757 1703 1032 1761 fidelibus
1060 1702 1386 1759 certissime
1417 1703 1798 1763 manifestum
1825 1720 1956 1763 esse
1977 1705 2203 1774 debeat,

549 1793 611 1851 in
642 1793 914 1850 universo
952 1792 1196 1859 mundo,
1227 1795 1287 1848 et
1322 1790 1682 1863 civitatibus,
1715 1797 1774 1849 et
1803 1792 2059 1866 populis,
2087 1810 2204 1851 non

547 1900 680 1941 esse
709 1881 820 1940 nisi
856 1897 1036 1939 unam
1064 1879 1284 1938 Christi
1314 1880 1658 1950 Ecclesiam,
1681 1885 1741 1938 et
1768 1898 1958 1939 unum
1987 1881 2206 1939 Christi
2234 1921 2283 1988 Β

549 1971 751 2040 altare,
784 1975 844 2027 et
874 1986 1060 2026 unum
1105 1968 1486 2036 sacrificium,
1517 1971 1675 2043 quod
1708 1971 1929 2043 ubique
1958 1969 2061 2027 uni
2089 1975 2205 2029 Deo

549 2064 608 2117 et
629 2077 748 2117 una
777 2058 1056 2131 religione
1083 2058 1464 2114 constituitur
1481 2063 1540 2114 et
1553 2060 1816 2116 offertur.
1835 2061 1905 2116 Et
1925 2060 2055 2117 ideo
2081 2059 2208 2115 nul-

548 2150 643 2207 lus
675 2148 916 2205 omnino
946 2150 1138 2221 potest
1164 2148 1225 2203 in
1264 2151 1428 2221 parte
1456 2165 1587 2205 esse
1636 2148 2203 2217 excommunicatus,

551 2242 611 2295 et
634 2237 696 2293 in
724 2240 889 2310 parte
917 2234 1361 2293 communicans
1396 2251 1410 2292 :
1442 2238 1544 2293 sed
1587 2238 1744 2294 unde
1772 2237 1834 2293 in
1864 2255 1983 2294 una
2011 2239 2204 2295 Eccle-

548 2325 644 2387 sia
670 2324 886 2381 meruit
914 2323 1193 2397 separari,
1220 2324 1280 2380 in
1306 2324 1471 2381 nulla
1499 2343 1764 2399 prorsus,
1793 2326 1907 2383 nisi
1939 2344 2043 2399 per
2072 2326 2208 2399 legi-

548 2414 760 2472 timam
791 2411 1273 2484 satisfactionem,
1299 2414 1513 2486 poterit
1542 2414 1750 2471 sociari
1786 2432 1799 2471 :
1835 2415 1989 2472 sicut
2019 2433 2204 2473 mem-

550 2505 727 2565 brum
751 2503 824 2559 de
853 2500 980 2559 loco
1010 2518 1119 2559 suo
1160 2503 1492 2575 praeisum,
1516 2503 1574 2558 in
1603 2503 1766 2560 nulla
1795 2504 2043 2561 ulterius
2073 2522 2203 2562 cor-

550 2591 712 2667 poris
731 2595 895 2665 parte
914 2588 1063 2647 valet
1085 2588 1294 2663 aptari,
1316 2590 1428 2647 nisi
1454 2595 1601 2648 forte
1623 2592 1830 2649 divina
1851 2592 2081 2650 virtutis
2103 2593 2203 2650 mi-

550 2680 771 2749 raculo,
800 2680 956 2737 unde
984 2678 1282 2736 divulsum
1332 2680 1522 2737 fuerat
1578 2682 1831 2755 potuerit
1877 2684 2202 2740 reformari.

546 2771 634 2829 Ex
658 2768 752 2829 his
780 2767 1051 2827 nonnulli
1084 2773 1207 2826 tam
1239 2768 1520 2837 immites,
1542 2774 1601 2826 et
1624 2788 1740 2830 non
1772 2770 2042 2830 humana
2074 2774 2207 2830 affe-

547 2855 782 2924 ctionis,
815 2856 919 2914 sed
950 2855 1220 2912 bellujna
1269 2855 1660 2915 immanitatis
1709 2858 2109 2931 inveniuntur,
2142 2866 2208 2919 ut

547 2947 845 3021 prioribus
896 2945 1178 3003 uxoribus
1232 2962 1303 3002 ex
1360 2946 1697 3020 suspicione
1744 2949 1994 3007 adulteri
2044 2950 2209 3008 nulla

545 3037 693 3112 lege,
725 3034 888 3092 nulla
918 3034 1163 3105 ratione,
1196 3033 1360 3093 nullo
1383 3035 1634 3108 judicio,
1656 3036 1784 3094 sola
1805 3055 1914 3096 sua
1935 3038 2210 3097 animosi-

545 3130 668 3186 tate
696 3129 756 3183 et
797 3123 1142 3182 crudelitate
1189 3123 1420 3195 occisis,
1453 3125 1646 3182 adhuc
1691 3129 1917 3184 cruenti
1969 3133 2027 3186 et
2071 3146 2207 3185 san-

544 3215 724 3290 guine
752 3214 1078 3283 madentes,
1112 3231 1229 3271 non
1260 3212 1457 3270 solum
1490 3214 1656 3273 nulla
1686 3217 2029 3289 panitentia
2057 3234 2210 3274 com-

2321 634 2518 701 stiani,
2551 634 2653 690 sed
2683 633 2861 690 etiam
2907 649 3044 691 cum
3085 632 3279 693 adhuc
3307 636 3506 690 essent
3554 630 3804 705 pagani,
3840 628 3999 686 sicut

2321 722 2692 796 apertissime
2713 722 2971 779 ostendit
2998 721 3091 778 lex
3108 720 3385 778 Antonini
3408 720 3622 794 pagani
3658 720 3995 792 imperato-

2320 812 2422 880 ris,
2438 827 2620 885 quam
2634 812 2840 868 beatus
2856 813 3225 884 Augustinus
3241 812 3496 883 quodam
3520 810 3650 867 loco
3671 809 3793 866 hoc
3817 810 3996 865 modo

2319 905 2743 957 commemorat
2771 904 2829 957 et
2853 898 3463 967 commendat,dicens
3488 900 3582 968 (ad
3610 899 3863 956 Pellem.
3890 897 3993 954 lib.

2317 1007 2378 1055 ιι,
2401 1007 2453 1046 c.
2474 992 2532 1059 8)
2554 1008 2567 1046 :
2589 1012 2615 1040 ‹‹
2642 990 2867 1057 Quibus
2911 988 3182 1061 displicet
3211 992 3276 1044 ut
3305 988 3459 1043 inter
3484 987 3678 1043 virum
3731 992 3795 1044 et
3850 1004 3994 1044 uxo-

2316 1095 2441 1145 rem
2464 1095 2569 1151 par
2598 1076 2895 1151 pudicitiae
2915 1077 3105 1133 forma
3125 1078 3406 1143 servetur,
3430 1080 3488 1132 et
3506 1076 3709 1149 potius
3730 1075 3991 1149 eligunt,

2317 1168 2690 1240 maximeque
2712 1166 2771 1222 in
2788 1166 2899 1223 hac
2915 1182 3114 1235 causa,
3130 1164 3334 1222 mundi
3360 1164 3589 1238 legibus
3606 1164 3842 1223 subditi
3862 1182 3992 1223 esse

2318 1273 2497 1330 quam
2526 1256 2767 1324 Christi,
2798 1256 3077 1329 quoniam
3120 1257 3261 1327 jura
3309 1253 3562 1312 forensia
3592 1271 3711 1310 non
3756 1254 3991 1312 eisdem

2318 1346 2536 1420 quibus
2574 1345 2826 1403 feminas
2872 1344 3165 1419 pudicitia
3216 1343 3460 1402 nexibus
3504 1342 3661 1402 viros
3702 1344 3992 1401 videntur

2316 1435 2689 1508 distringere,
2716 1434 2915 1509 legant
2944 1434 3088 1507 quid
3119 1435 3437 1506 imperator
3464 1432 3831 1500 Antoninus,
3869 1451 3988 1493 non

2316 1523 2519 1598 utique
2538 1522 2928 1592 Christianus,
2952 1524 3023 1581 de
3052 1522 3162 1579 hac
3207 1539 3269 1579 re
3297 1520 3687 1592 constituerit,
3716 1523 3821 1579 ubi
3860 1541 3988 1580 ma-

2316 1615 2465 1673 ritus
2496 1630 2735 1672 uxorem
2781 1614 2853 1671 de
2899 1612 3173 1671 adulterii
3221 1611 3467 1669 crimine
3517 1628 3804 1671 accusare
3867 1630 3987 1670 non

2312 1703 2552 1772 sinitur,
2595 1704 2696 1776 qui
2755 1702 3021 1760 moribus
3077 1701 3204 1759 suis
3234 1717 3350 1757 non
3381 1701 3632 1774 prabuit
3683 1701 3987 1759 castitatis

2315 1791 2671 1865 exemplum,
2686 1791 2770 1849 ita
2788 1796 2854 1847 ut
2874 1792 3047 1848 ambo
3066 1791 3438 1860 damnentur,
3456 1788 3507 1846 si
3526 1790 3737 1849 ambos
3759 1791 3986 1863 pariter

2314 1881 2644 1955 impudicos
2665 1880 2974 1939 conﬂictus
3004 1880 3130 1953 ipse
3161 1878 3498 1937 convicerit.
3517 1879 3663 1937 Nam
3694 1880 3981 1952 supradi-

2315 1972 2394 2029 cti
2424 1970 2794 2043 imperatoris
2816 1969 2939 2026 hac
2959 1969 3136 2026 verba
3156 1973 3316 2038 sunt,
3340 1985 3470 2041 qua
3499 1968 3655 2042 apud
3673 1969 3981 2043 Gregoriu-

2316 2078 2460 2117 uum
2491 2059 2804 2133 leguntur:
2831 2060 3004 2127 Sane,
3038 2057 3250 2131 inquit,
3279 2057 3487 2115 littera
3527 2074 3670 2114 mea
3710 2058 3881 2113 nulla
3910 2077 3977 2114 ex

2317 2152 2481 2222 parte
2509 2166 2699 2205 causa
2732 2147 3215 2221 prajudicabunt.
3249 2147 3447 2220 Neque
3490 2145 3645 2203 enim
3678 2147 3726 2202 si
3762 2165 3976 2220 penses

2314 2244 2371 2297 te
2391 2238 2565 2310 culpa
2596 2238 2709 2294 fuit
2736 2242 2803 2294 ut
2831 2236 3274 2293 matrimonium
3308 2236 3647 2305 solveretur,
3671 2240 3731 2293 et
3761 2254 3975 2293 secun-

2314 2330 2455 2387 dum
2488 2328 2676 2401 legem
2705 2327 2924 2385 Juliam
2976 2326 3304 2400 Euphrasia
3341 2344 3487 2384 uxor
3542 2332 3645 2383 tua
3700 2327 3970 2393 nuberet,

2314 2421 2551 2490 propter
2578 2416 2689 2474 hoc
2720 2415 3072 2489 rescriptum
3123 2433 3320 2473 meum
3368 2415 3639 2473 adulterii
3690 2416 3975 2473 damnata

2315 2506 2443 2573 erit,
2468 2505 2581 2562 nisi
2605 2509 2833 2562 constet
2857 2522 2987 2562 esse
3006 2505 3416 2562 commissum.
3440 2505 3746 2562 Habebunt
3768 2511 3973 2563 autem

2316 2599 2450 2652 ante
2480 2593 2681 2650 oculos
2722 2593 2832 2650 hoc
2871 2592 3185 2666 inquirere,
3211 2611 3285 2650 an
3315 2610 3450 2649 cum
3482 2598 3541 2649 tu
3575 2594 3787 2667 pudice
3814 2594 3972 2651 vive-

2316 2699 2429 2753 res,
2461 2681 2545 2738 illi
2568 2699 2801 2756 quoque
2833 2683 3019 2739 bonos
3070 2699 3264 2739 mores
3293 2681 3517 2739 colendi
3550 2688 3755 2739 auctor
3782 2683 3971 2740 fuisti.

2316 2769 2694 2844 Periniquum
2725 2770 2883 2827 enim
2914 2769 3060 2826 mihi
3092 2771 3326 2827 videtur
3354 2787 3503 2843 esse,
3529 2775 3595 2828 ut
3623 2772 3971 2844 pudicitiam

2313 2860 2402 2917 vir
2431 2860 2503 2916 ab
2535 2877 2711 2917 uxore
2740 2858 2951 2933 exigat,
2975 2876 3154 2932 quam
3186 2860 3311 2934 ipse
3359 2877 3476 2916 non
3527 2860 3759 2916 exhibet
3791 2877 3806 2917 :
3840 2878 3971 2935 qua

2316 2968 2409 3007 res
2439 2953 2630 3022 potest
2659 2953 2716 3005 et
2744 2949 2933 3005 virum
2966 2950 3267 3018 damnare,
3292 2966 3410 3005 non
3441 2950 3513 3005 ob
3544 2951 3973 3023 compensatio-

2316 3055 2451 3095 nem
2501 3037 2692 3095 mutui
2740 3036 3007 3095 criminis
3038 3054 3161 3094 rem
3193 3037 3348 3095 inter
3376 3042 3695 3111 utrumque
3722 3055 3970 3114 compo-

2315 3144 2473 3195 nere,
2495 3126 2582 3184 vel
2612 3143 2852 3184 causam
2902 3126 3036 3182 facti
3087 3126 3307 3182 tollere.
3331 3126 3390 3184 Si
3436 3127 3558 3184 hac
3606 3128 3972 3186 observanda

2317 3221 2459 3273 sunt
2487 3220 2722 3290 propter
2741 3216 2920 3272 decus
2941 3219 3180 3272 terrena
3212 3215 3724 3289 civitatis,quanto
3753 3217 3967 3273 castio-

544 3308 906 3378 pungantur,
939 3308 1042 3359 aut
1082 3302 1280 3376 aliqua
1319 3303 1649 3362 humilitate
1693 3306 1811 3363 Deo
1841 3310 1899 3363 et
1927 3306 2196 3364 Ecclesia
2228 3294 2273 3361 C
2309 3323 2403 3363 res
2431 3305 2640 3379 quaerit
2672 3303 2923 3362 caelestis
2952 3304 3140 3381 patria
3169 3310 3225 3361 et
3255 3305 3502 3362 societas
3533 3305 3917 3379 angelorum?
3940 3331 3968 3355 ιι

544 3390 934 3462 satisfaciant,
950 3392 1050 3449 sed
1069 3390 1429 3449 exsultantes
1447 3392 1508 3449 in
1528 3393 1826 3467 superbiis
1840 3394 1987 3466 suis,
2003 3395 2205 3452 incun-

548 3485 777 3540 ctanter
803 3481 878 3538 ad
907 3480 1090 3539 altare
1120 3480 1354 3539 Domini
1389 3484 1689 3551 accedant,
1714 3487 1773 3540 et
1809 3484 2206 3542 indifferenter

548 3587 717 3629 sacra
745 3568 1023 3644 mysteria
1041 3570 1378 3642 contingere
1401 3576 1779 3644 praesumant.
1803 3572 1949 3628 Cum
1969 3573 2204 3630 etiamsi

546 3659 658 3717 illa
712 3658 1054 3717 miserrima
1112 3658 1470 3716 muliercula
1518 3660 1803 3718 veraciter
1848 3662 2204 3719 adulterium

514 3764 519 3771 ‘
544 3745 1025 3822 perpetraverint,
1052 3750 1113 3803 et
1139 3747 1212 3803 ob
1244 3746 1356 3803 hoc
1374 3748 1539 3821 juste
1569 3748 1788 3820 punita
1817 3765 1947 3806 esse
1974 3748 2207 3808 videan.

540 3840 659 3907 tur,
682 3840 882 3893 tamen
909 3834 1002 3892 lex
1032 3834 1156 3905 Dei,
1180 3852 1249 3892 ex
1277 3852 1396 3908 qua
1415 3836 1610 3893 omnis
1632 3836 2006 3895 Christianus
2025 3838 2086 3895 in
2112 3839 2205 3896 die

534 3925 747 3998 judicii
768 3923 1137 3998 judicabitur
1166 3928 1234 3982 ut
1261 3924 1506 3997 recipiat
1523 3927 1849 3983 secundum
1874 3943 2053 4000 opera
2073 3945 2205 4002 sua,

542 4014 774 4073 nullum
806 4031 996 4080 reum,
1019 4031 1127 4071 nec
1149 4014 1310 4087 ipsos
1337 4014 1636 4072 adulteros
1658 4015 1745 4072 vel
1777 4016 2076 4073 adulteras
2105 4034 2208 4090 pu-

542 4103 656 4160 niri
687 4102 992 4177 permittit,
1026 4102 1141 4160 nisi
1173 4104 1284 4159 sub
1316 4101 1600 4175 legitimis
1622 4104 1932 4174 judicibus
1962 4110 2020 4163 et
2048 4106 2205 4161 testi-

543 4193 677 4262 bus,
700 4210 848 4265 quos
877 4192 1053 4253 etiam
1089 4191 1324 4265 publico
1366 4191 1595 4263 judicio
1626 4210 1662 4248 a
1691 4193 1907 4265 populo
1958 4192 2206 4266 lapidari

543 4280 997 4357 pracipit.Unde
1011 4285 1071 4337 et
1090 4279 1457 4337 admirabilis
1474 4279 1577 4337 illa
1592 4282 1892 4353 Susanna,
1906 4299 2040 4338 cum
2059 4282 2204 4340 falso

502 4368 815 4427 adulterii
865 4368 1110 4425 crimine
1153 4374 1549 4439 accusaretur,
1590 4375 1649 4428 et
1695 4370 1931 4444 publico
1975 4371 2203 4443 judicio

542 4459 953 4524 condemnata,
986 4462 1044 4513 et
1075 4456 1309 4531 publico
1339 4458 1557 4533 legitur
1598 4460 1871 4517 absoluta
1900 4462 2063 4529 (Dan.
2093 4461 2199 4533 13).

542 4547 613 4613 Et
632 4545 734 4604 illa
753 4545 968 4603 mulier
990 4546 1050 4602 in
1072 4546 1404 4621 Evangelio,
1429 4567 1558 4623 qua
1581 4551 1866 4607 veraciter
1895 4550 1953 4607 in
1985 4551 2206 4608 adulte-

2311 3396 2442 3453 Hac
2463 3395 2534 3453 de
2563 3393 2791 3469 legibus
2811 3393 3021 3467 pagani
3054 3393 3425 3467 imperatoris
3447 3395 3723 3451 Antonini
3755 3396 3968 3453 beatus

2309 3485 2677 3558 Augustinus
2699 3481 2922 3540 scribit.
2940 3484 3002 3539 In
3024 3483 3172 3540 libro
3188 3483 3398 3540 Esther
3419 3483 3727 3541 manifeste
3748 3484 3969 3559 legitur

2312 3577 2452 3646 (cap.
2479 3576 2552 3642 1).
2575 3572 2749 3629 Vaste
2804 3588 3041 3627 uxorem
3093 3571 3489 3644 potentissimi
3520 3577 3577 3629 et
3615 3572 3963 3630 ferocissimi

2312 3663 2467 3736 regis
2498 3661 2754 3728 Assueri,
2782 3678 2918 3717 cum
2948 3663 3078 3733 ejus
3108 3660 3336 3718 animos
3367 3666 3706 3735 contemptu
3737 3666 3795 3717 et
3827 3680 3966 3719 con-

2312 3752 2573 3810 tumacia
2592 3750 2951 3820 offendisset,
2975 3767 3350 3825 nequaquam
3373 3751 3500 3808 sola
3523 3750 3683 3808 illius
3703 3750 3969 3828 indigna-

2311 3842 2469 3898 tione
2500 3845 2558 3897 et
2585 3840 2780 3896 furore
2806 3856 2877 3897 ex
2905 3839 3137 3914 imperii
3162 3840 3381 3897 honore
3401 3840 3730 3913 depositam
3764 3841 3968 3905 fuisse,

2314 3931 2415 3987 sed
2439 3929 2674 4004 publico
2690 3928 2937 4002 judicio,
2952 3933 3011 3985 et
3031 3929 3324 3986 sententia
3354 3929 3710 4003 principum,
3739 3947 3805 3986 ac
3818 3929 3974 4002 judi-

2312 4037 2447 4077 cum
2473 4020 2777 4076 Medorum
2808 4023 2988 4092 atque
3018 4018 3347 4075 Persarum.
3374 4019 3461 4075 Ita
3483 4035 3618 4075 cum
3650 4027 3848 4076 essent
3876 4036 3975 4092 ρει

2312 4109 2447 4183 gani
2494 4113 2554 4164 et
2600 4107 2893 4163 idolorum
2934 4106 3209 4176 cultores,
3245 4107 3593 4163 naturaliter
3634 4125 3764 4182 qua
3824 4107 3969 4179 legis

2312 4202 2453 4254 sunt
2483 4196 2782 4263 facientes,
2806 4194 2983 4252 etiam
3014 4195 3070 4251 in
3104 4196 3299 4252 causis
3329 4197 3671 4269 conjugum,
3694 4214 3809 4252 non
3840 4214 3969 4252 cru-

2312 4286 2614 4343 delitatem
2646 4291 2703 4343 et
2733 4285 3035 4353 savitiam,
3070 4286 3173 4341 sed
3210 4286 3507 4357 justitiam
3539 4291 3599 4343 et
3628 4286 3965 4358 aquitatem

2312 4377 2620 4432 decernere
2653 4391 2720 4431 ac
2751 4373 2994 4431 definire
3022 4374 3229 4431 debere
3262 4376 3606 4432 docuerunt.

2383 4469 2516 4521 CAP.
2550 4464 2616 4520 X.
2640 4467 2804 4519 Certe
2834 4462 3030 4519 divina
3060 4463 3150 4519 lex
3182 4464 3356 4520 etiam
3389 4464 3542 4520 inter
3572 4462 3880 4521 dominum
3912 4472 3967 4521 et

2312 4571 2545 4611 servum
2573 4553 2693 4609 sive
2715 4551 3009 4621 ancillam,
3024 4553 3324 4624 justitiam
3346 4559 3403 4609 et
3422 4552 3715 4626 judicium
3740 4571 3967 4610 conser-

544 4635 629 4692 rio
643 4635 836 4733 fuerat
850 4634 1508 4733 deprehensa,primum
1523 4639 1697 4710 juxta
1712 4639 2205 4733 legemadDhari-
2233 4666 2282 4733 Β
2311 4644 2433 4700 vari
2484 4642 2895 4733 pracepit’iet
2932 4659 3066 4698 cum
3114 4641 3411 4733 pracipiat
3460 4642 3692 4715 publico
3742 4644 3967 4713 judicio

543 4724 828 4798 saos,qui
861 4728 1212 4797 potestatem
1234 4724 1446 4797 judicii
1487 4727 1547 4784 in
1579 4728 1793 4801 popuio
1834 4730 2199 4799 exercebant,

542 4813 754 4871 deinde
783 4813 963 4869 etiam
991 4814 1255 4870 tentandi
1295 4814 1485 4888 gratia
1511 4816 1587 4872 ad
1630 4816 1863 4874 Domini
1903 4818 2199 4890 judicium

542 4902 826 4976 perducta
844 4904 953 4970 est,
968 4901 1069 4958 ubi
1091 4902 1221 4974 ejus
1241 4902 1574 4961 admirabili
1597 4903 1829 4977 pietate,
1852 4910 1911 4962 et
1929 4924 1965 4961 a
1983 4905 2201 4980 lapida-

541 4990 721 5048 tionis
743 4988 1054 5063 supplicio,
1077 4994 1136 5047 et
1157 5008 1192 5048 a
1217 4992 1485 5049 criminis
1512 4998 1676 5049 reatu
1709 4994 1925 5050 meruit
1963 4993 2198 5054 liberari

544 5081 720 5153 (Joan.
754 5078 898 5152 vui).
932 5080 1003 5135 Et
1050 5080 1110 5135 in
1160 5079 1310 5138 libro
1359 5081 1600 5138 Numeri
1649 5081 2000 5155 pracipitur,
2036 5090 2103 5141 ut
2147 5088 2199 5144 si

544 5187 662 5244 qua
690 5168 902 5225 mulier
938 5168 1025 5227 vel
1075 5168 1347 5227 adulterii
1378 5187 1496 5239 rea,
1527 5170 1616 5227 vel
1669 5171 1816 5228 falsa
1862 5173 2196 5247 suspicione

545 5258 720 5316 fuerit
779 5256 1057 5331 appetita,
1115 5264 1173 5315 et
1229 5260 1317 5315 vir
1371 5260 1500 5332 ejus
1550 5259 1673 5316 zelo
1730 5262 2010 5320 adversus
2068 5280 2198 5320 eam

545 5347 889 5414 concitetur,
933 5347 1188 5404 adducat
1238 5349 1400 5405 illam
1450 5349 1522 5405 ad
1572 5351 1956 5421 sacerdotem,
2005 5357 2065 5409 et
2110 5353 2198 5409 di-

544 5437 677 5493 vino
699 5435 928 5509 judicio
950 5433 1039 5490 vel
1060 5437 1457 5494 damnandam
1479 5440 1699 5507 offerat,
1722 5439 1809 5495 vel
1834 5440 2198 5500 liberandam

548 5527 731 5597 (Num.
764 5528 845 5594 v).

616 5614 755 5670 CAP.
800 5613 890 5669 IX.
933 5615 1092 5682 Quod
1142 5616 1319 5672 etiam
1370 5616 1596 5689 antiqui
1640 5617 1887 5674 Romani
1938 5617 2196 5691 legitimo

549 5700 820 5774 conjugio
843 5703 968 5760 fieri
989 5705 1221 5771 debere,
1242 5705 1468 5779 legibus
1492 5706 1615 5763 suis
1636 5706 1965 5778 antiquitus
1988 5713 2197 5766 statue~

2311 4733 2515 4790 talioni
2545 4750 2664 4790 sua
2695 4731 2933 4789 oculum
2964 4749 3069 4805 pro
3101 4731 3289 4798 oculo,
3319 4737 3374 4789 et
3406 4733 3640 4790 dentem
3671 4750 3778 4806 pro
3800 4734 3967 4790 dente

2309 4821 2539 4879 restitui
2573 4840 2586 4878 :
2617 4810 2815 4878 tamen
2848 4820 2897 4877 si
2930 4821 3066 4894 quis
3109 4821 3388 4877 dominus
3430 4838 3593 4878 servo
3622 4821 3711 4878 vel
3743 4821 3966 4878 ancilla

2307 4929 2427 4968 sua
2456 4912 2682 4985 privata
2705 4909 3110 4985 indignatione
3129 4915 3187 4967 et
3208 4911 3401 4968 furore
3418 4911 3506 4967 vel
3538 4911 3778 4967 oculum
3809 4929 3965 4969 erue

2307 5005 2415 5066 ret,
2429 5001 2516 5057 vel
2538 5002 2775 5057 dentem
2806 5004 3120 5069 excuteret,
3144 4999 3344 5056 statim
3367 5018 3502 5057 eum
3526 5001 3797 5073 ejusdem
3818 5005 3963 5057 servi

2304 5090 2394 5146 vel
2424 5089 2649 5146 ancilla
2680 5088 3000 5146 amissione
3029 5090 3369 5146 damnabat.
3403 5090 3492 5147 Ita
3534 5107 3791 5163 namque
3824 5091 3963 5147 scri-

2308 5183 2475 5251 ptum
2506 5183 2596 5234 est
2616 5196 2630 5235 :
2654 5180 2718 5235 Si
2740 5181 3067 5251 percusserit
3096 5181 3373 5251 quispiam
3414 5180 3633 5236 oculum
3676 5182 3826 5236 servi
3852 5182 3960 5246 sui,

2309 5276 2406 5322 aut
2442 5255 2760 5336 ancilla—ct
2788 5270 2961 5324 luscos
2989 5286 3076 5324 cos
3103 5272 3315 5341 fecerit,
3338 5270 3572 5326 dimittet
3622 5270 3824 5325 liberos
3868 5286 3963 5342 pre

2307 5357 2462 5413 oculo
2492 5374 2651 5431 quem
2676 5358 2824 5413 eruit
2851 5376 2871 5424 ;
2900 5357 3110 5414 dentem
3143 5374 3354 5431 quoque
3388 5362 3439 5413 si
3479 5362 3780 5415 excusserit
3815 5374 3963 5414 διννυο

2305 5447 2390 5502 vel
2418 5448 2644 5503 ancillae
2688 5460 2829 5512 suae,
2861 5447 3075 5501 similar
3120 5445 3359 5502 dimittet
3404 5463 3492 5502 eos
3541 5448 3741 5503 liberos
3768 5445 3960 5516 (Exod.

2305 5553 2420 5602 xxx,
2446 5538 2561 5605 26).
2585 5534 2786 5591 Noluit
2817 5533 3017 5606 itaque
3064 5539 3123 5591 et
3171 5534 3511 5607 aquissima
3538 5540 3597 5591 et
3636 5535 3961 5591 misericor-

2306 5625 2554 5681 dissima
2586 5623 2676 5679 lex
2705 5621 2828 5694 Dei,
2855 5639 3043 5695 neque
3072 5623 3219 5696 ipsis
3250 5623 3434 5681 servis
3457 5628 3515 5680 et
3541 5623 3776 5681 ancillis
3796 5641 3830 5680 a
3860 5624 3960 5680 do-

2308 5714 2484 5770 minis
2505 5713 2629 5769 suis
2655 5712 2879 5784 absque
2901 5712 3125 5782 judicio
3153 5710 3382 5786 aliquas
3408 5712 3739 5769 debilitates
3761 5713 3849 5769 vei
3871 5713 3961 5768 de-
