4152 6500
202 434 227 495 l
241 432 361 493 0‘25

1101 432 1203 493 DE
1249 431 1714 493 COEBCENDO
1762 430 2023 492 BAP'I‘U
2070 427 2511 503 VlDUARUM,
2560 430 2731 491 ETC.

3461 422 3617 496 {026

202 566 534 622 formitates
559 564 746 637 infligi
781 581 794 620 :
829 563 912 619 ita
942 568 1009 620 ut
1038 564 1088 620 si
1120 564 1252 637 quis
1297 565 1407 620 hoc
1455 566 1854 637 praesumeret,
1883 564 1941 633 Α
1965 562 2139 618 Erunt
2165 563 2340 630 enim,
2372 561 2585 635 inquit,
2627 563 2732 619 duo
2780 566 2842 619 in
2888 580 3051 620 carne
3096 582 3212 621 una
3259 566 3465 636 (Matth.
3499 584 3617 639 xxx,

199 654 470 727 ejusdem
490 652 640 735 servi
648 654 816 725 justa
826 651 1145 710 amissione
1156 652 1706 725 plecteretur,cujus
1728 652 1863 708 sub-

191 743 454 815 jectione
480 740 698 814 injuste
729 742 953 797 abusus
983 742 1213 797 fuisset.
1240 740 1422 797 Multo
1454 740 1651 797 minus
1674 739 1859 796 occidi

200 844 339 888 eum
372 829 644 904 permisit
684 829 910 903 privala
955 830 1179 886 domini
1231 830 1323 885 sui
1372 829 1775 903 indignatione
1805 832 1863 885 et

199 921 399 977 furore
434 936 447 976 :
483 919 636 992 quod
668 919 718 974 si
750 919 970 986 fecerit,
1006 923 1167 975 reatu
1190 918 1490 975 homicidii
1513 919 1863 974 condemna-

202 1012 323 1076 tur,
375 1007 605 1063 dicente
660 1007 866 1064 eadem
912 1006 1039 1079 lege
1072 1024 1087 1063 :
1119 1009 1233 1078 Qui
1274 1009 1603 1080 percusserit
1645 1023 1864 1063 servum

201 1113 368 1152 suum
396 1096 480 1152 vel
509 1096 775 1151 ancillam
794 1097 1028 1165 virga,et
1044 1097 1252 1152 mortui
1278 1097 1491 1168 fuerint
1519 1097 1581 1151 in
1606 1097 1864 1152 manibus

202 1185 345 1258 ejus,
374 1185 632 1240 criminis
658 1200 786 1240 rem
814 1185 921 1240 erit
948 1169 1142 1254 (Exod.
1172 1201 1287 1252 xxx,
1319 1185 1432 1254 20).

279 1273 417 1329 CAP.
449 1262 545 1329 XI.
577 1273 740 1328 Hanc
763 1271 976 1344 judicii
1008 1276 1065 1329 et
1088 1272 1335 1346 justitite
1367 1273 1703 1345 aequitatem
1734 1273 1865 1329 bea-

207 1354 308 1418 tus
336 1361 447 1418 Job
477 1376 617 1436 erga
646 1361 933 1417 familiam
966 1378 1158 1432 suam,
1191 1361 1370 1419 etiam
1419 1367 1733 1434 antequam
1773 1360 1866 1416 lex

204 1451 307 1507 illa
338 1466 441 1523 per
470 1448 706 1524 Moysen
737 1451 994 1519 daretur,
1027 1450 1226 1507 divina
1268 1450 1654 1525 inspiratione
1678 1454 1735 1506 et
1760 1466 1863 1505 na-

204 1539 384 1597 turali
415 1540 878 1598 consideratione
918 1540 1207 1607 servabat,
1240 1540 1395 1597 sicut
1441 1540 1568 1614 ipse
1615 1542 1869 1595 testatur

208 1629 410 1686 dicens
432 1645 446 1683 :
468 1629 534 1685 Si
559 1630 857 1701 contempsi
882 1630 1068 1685 subire
1085 1629 1366 1702 judicium
1392 1645 1518 1685 cum
1544 1644 1695 1686 servo
1722 1642 1862 1695 meo,

205 1726 260 1775 et
286 1718 496 1774 ancilla
522 1732 666 1787 mea,
696 1733 823 1774 cum
851 1717 1215 1789 disceptarent
1254 1717 1543 1774 adversum
1587 1733 1694 1774 me.
1717 1715 1867 1788 Quid

205 1809 359 1863 enim
385 1807 611 1879 faciam,
644 1822 770 1862 eum
796 1809 1103 1864 surrexerit
1131 1807 1205 1863 ad
1221 1806 1587 1879 judicandum
1623 1808 1785 1873 Deus,
1817 1812 1870 1863 et

1967 653 2045 721 6),
2076 651 2242 707 addit
2299 651 2492 707 adhuc
2550 651 2885 724 Apostolus,
2943 652 3188 712 dicens:
3225 657 3359 724 Viri,
3407 656 3622 730 diligite

1968 757 2191 808 uxores,
2220 748 2272 797 et
2298 743 2470 798 nolite
2496 743 2680 797 aniari
2703 757 2818 799 esse
2862 741 2932 799 ad
2972 743 3101 799 illas
3130 744 3267 813 (Col.
3302 763 3386 813 III,
3418 746 3526 820 19).
3558 746 3621 804 Si

1969 844 2106 902 ergo
2137 828 2245 883 viri
2276 845 2415 901 erga
2444 845 2654 885 uxores
2684 845 2826 886 suas
2854 845 2971 885 non
3003 829 3218 887 debent
3245 847 3376 888 esse
3413 832 3618 902 amari,

1971 921 2191 989 quanto
2237 917 2437 973 minus
2482 917 2637 986 sevi,
2669 917 2956 985 crudeles,
2989 918 3236 986 cruenti,
3267 918 3494 976 nullam
3536 921 3622 978 eis

1971 1010 2269 1062 servantes
2286 1005 2724 1079 legem,nullam
2748 1006 3292 1076 rationem,nullum
3305 1008 3620 1080 judicium,

1972 1095 2127 1167 quod
2159 1094 2336 1150 etiam
2367 1110 2506 1168 erga
2536 1111 2734 1152 servos
2765 1093 3097 1152 Christiana
3125 1094 3405 1169 religione
3435 1102 3626 1154 custo-

1973 1181 2254 1239 diendum
2275 1186 2366 1239 est
2395 1199 2408 1238 :
2436 1183 2539 1238 sed
2560 1197 2695 1238 mox
2716 1187 2783 1239 ut
2806 1183 2892 1240 eis
2912 1182 3628 1259 placuerit,indignatione

1973 1276 2032 1328 et
2061 1272 2257 1329 furore
2305 1271 2489 1345 impio
2537 1272 2833 1342 concitati,
2865 1276 3151 1345 tanquam
3198 1276 3271 1331 ad
3312 1274 3625 1334 macellum

1973 1359 2107 1416 illas
2138 1360 2347 1416 deduci
2375 1360 2595 1417 faciant
2621 1360 2951 1429 laniandas,
2983 1366 3040 1418 et
3068 1378 3340 1420 cocorum
3382 1382 3626 1422 suorum

1973 1446 2208 1522 gladiis,
2247 1465 2406 1504 more
2435 1465 2743 1506 vervecum
2775 1454 2953 1522 atque
3000 1466 3311 1523 porcorum
3348 1454 3635 1511 emactari

1974 1536 2429 1610 praecipiant,vel
2452 1538 2565 1610 ipsi
2586 1539 2766 1595 etiam
2789 1554 2970 1595 manu
2997 1542 3055 1595 et
3074 1554 3376 1599 mucrome
3395 1542 3630 1615 proprio

1973 1642 2073 1683 eas
2102 1626 2543 1696 trucidaverint,
2567 1644 2940 1701 nequaquam
2962 1628 3309 1702 semetipsos
3337 1632 3411 1688 ad
3440 1630 3629 1689 imita-

1974 1715 2195 1772 tionem
2228 1716 2460 1773 Domini
2493 1717 2632 1774 Jesu
2681 1716 2897 1773 Christi
2945 1719 3243 1775 tradentes
3291 1736 3397 1794 pro
3425 1720 3531 1789 eis,
3563 1726 3630 1778 ut

1974 1803 2105 1861 illas
2137 1804 2505 1862 sanctiﬁcent
2535 1810 2592 1861 et
2612 1805 2918 1875 mundent,
2945 1806 3047 1863 sed
3070 1807 3267 1880 potius
3287 1808 3408 1866 zelo
3431 1809 3628 1866 libidi-

206 1911 335 1951 cum
389 1897 694 1968 quaesierit,
724 1895 857 1967 quid
914 1896 1239 1969 respondebo
1290 1897 1421 1954 illi?
1449 1895 1709 1969 Nunquid
1755 1911 1865 1952 non
1898 1928 1946 2005 Β
1978 1894 2071 1950 nis
2102 1911 2222 1950 sua:
2254 1893 2413 1967 ipsas
2446 1894 2505 1950 in
2528 1898 2808 1951 aeternum
2834 1894 3321 1968 disperdentes,et
3341 1915 3403 1955 se
3425 1915 3627 1956 earum

208 1987 274 2041 in
299 1994 453 2041 utero
479 1986 611 2057 fecit
634 1998 721 2040 me
748 1986 846 2057 qui
873 1993 924 2040 et
954 1986 1115 2041 illum
1146 1993 1395 2059 operatus
1446 1994 1543 2055 est,
1578 2002 1642 2040 ac
1668 1988 1871 2057 forma-

209 2077 292 2131 vit
336 2091 422 2129 me
469 2076 529 2130 in
578 2074 742 2130 vulva
788 2078 969 2130 unus?
997 2075 1135 2144 (Job.
1168 2092 1321 2143 xxxx,
1355 2076 1575 2144 13-15.)
1624 2076 1763 2130 Inde
1811 2078 1870 2129 et

211 2162 406 2221 sancti
458 2164 656 2219 Patres
701 2164 909 2232 nostri,
942 2180 1048 2236 pro
1096 2164 1433 2220 istiusmodi
1482 2168 1668 2235 reatu,
1695 2164 1778 2220 ita
1806 2163 1866 2219 in

211 2255 396 2310 sacris
453 2251 776 2309 canonibus
834 2256 1170 2308 statuerunt
1214 2254 1431 2324 (concil.
1494 2253 1683 2324 Agath.
1744 2269 1863 2308 can.

211 2342 305 2416 62)
342 2359 355 2397 :
394 2364 415 2391 ιι
451 2341 510 2397 Si
542 2340 676 2414 quis
706 2357 938 2397 servum
986 2341 1284 2414 proprium
1337 2342 1465 2398 sine
1512 2340 1871 2397 conscientia

206 2430 428 2504 judicis
450 2430 747 2497 occiderit,
771 2430 1373 2487 excommunicatione
1396 2430 1613 2487 biennii
1641 2429 1872 2485 effusio-

216 2536 354 2577 nem
385 2519 689 2592 sanguinis
718 2518 994 2591 expiabit.
1027 2540 1056 2570 »
1091 2519 1239 2575 Nam
1261 2524 1319 2575 et
1335 2519 1484 2576 liber
1512 2518 1873 2574 Eeclesiasti-

216 2626 324 2665 cus
354 2609 599 2681 loquens
629 2609 699 2665 de
722 2606 1037 2680 disciplina
1053 2607 1277 2664 domini
1300 2611 1358 2663 et
1377 2607 1526 2664 servi
1548 2608 1657 2663 hoc
1674 2607 1869 2680 ipsum

215 2698 560 2773 praescribit,
603 2696 805 2753 dicens
838 2713 852 2753 :
888 2698 1265 2753 Verumtamen
1308 2698 1429 2753 sine
1463 2696 1679 2769 judicio
1724 2695 1874 2752 nihil

214 2789 392 2861 facias
418 2802 584 2857 grave
612 2787 799 2859 (Eccli.
831 2802 1030 2852 χχχιιι,
1062 2786 1176 2854 30).
1211 2787 1281 2840 Et
1308 2786 1599 2858 praecipue
1626 2786 1871 2857 Aposto-

214 2877 312 2933 lus
357 2876 440 2933 ita
491 2876 786 2944 admonet,
831 2873 1031 2930 dicens
1064 2890 1078 2930 :
1109 2875 1351 2944 Domini,
1384 2873 1526 2946 quod
1562 2875 1774 2946 justum
1823 2879 1876 2929 et

214 2979 442 3038 aequum
483 2966 657 3021 servis
701 2970 979 3036 prestate,
1027 2965 1362 3020 remittentes
1405 2964 1609 3041 minas,
1649 2963 1874 3018 scientes

216 3054 362 3128 quod
387 3062 441 3110 et
468 3068 563 3109 vos
590 3052 876 3109 dominum
921 3052 1133 3108 habetis
1174 3052 1238 3107 in
1266 3052 1393 3108 owlo
1422 3051 1560 3122 (Col.
1593 3067 1670 3120 1v,
1704 3051 1777 3125 1).
1811 3050 1873 3107 Si

216 3144 401 3218 igitur
452 3143 512 3199 in
571 3143 744 3199 domo
803 3140 1278 3214 uniuscujusque
1333 3140 1671 3209 Christiani,
1709 3144 1875 3196 tanta

217 3232 464 3307 aequitas
494 3235 551 3288 et
570 3230 802 3288 bonitas
827 3229 1005 3286 etiam
1030 3245 1168 3303 erga
1187 3229 1455 3287 servilem
1477 3229 1872 3287 conditionem

1979 1982 2265 2055 sanguine
2295 1983 2474 2056 impie
2504 1982 2832 2057 polluentes
2857 1999 2870 2039 :
2903 1999 3037 2041 cum
3060 1984 3120 2040 in
3141 1986 3431 2057 ejusmodi
3452 2003 3630 2045 causa

1977 2076 2139 2127 tanto
2163 2072 2388 2144 justius
2420 2073 2876 2146 exspectandum
2908 2077 3062 2130 esset
3091 2072 3422 2147 legitimum
3462 2077 3629 2149 judi-

1977 2161 2157 2229 cium,
2193 2166 2415 2233 quanto
2448 2160 2678 2218 facilius
2710 2161 2965 2218 maritali
2989 2162 3110 2220 zelo
3132 2168 3322 2237 potest
3341 2169 3632 2240 perpetra-

1978 2250 2025 2305 ri
2058 2250 2462 2307 homicidium.
3348 2300 3354 2315 .

2048 2344 2180 2395 CAP.
2195 2339 2313 2394 XII.
2330 2339 2657 2395 Defendant
2677 2354 2738 2396 se
2761 2344 3052 2413 quantum
3073 2341 3278 2398 volunt
3298 2343 3397 2415 qui
3422 2343 3630 2416 hujus-

1980 2427 2139 2483 modi
2170 2431 2330 2496 sunt,
2363 2427 2483 2483 sive
2513 2444 2617 2499 per
2643 2427 2820 2501 leges,
2854 2429 2904 2484 si
2936 2428 3068 2484 ulla:
3091 2434 3251 2498 sunt,
3275 2433 3628 2501 mundanas,

1981 2517 2098 2572 sive
2118 2534 2220 2590 per
2234 2517 2689 2575 consuetudines
2709 2518 3226 2589 humanas,tamen
3247 2521 3297 2578 si
3317 2522 3631 2580 Christiani

1981 2610 2140 2675 sunt,
2175 2606 2364 2661 sciant
2389 2623 2449 2662 se
2480 2605 2539 2661 in
2569 2606 2664 2662 die
2684 2608 2895 2679 judicii
2926 2625 3031 2664 nec
3061 2610 3363 2683 Romanis,
3386 2629 3492 2669 nec
3522 2614 3632 2669 Sa-

1980 2694 2130 2764 licis,
2162 2710 2267 2751 nec
2294 2695 2695 2763 Gundobadis,
2730 2697 2830 2752 sed
2864 2696 3077 2754 divinis
3107 2702 3164 2755 et
3193 2700 3529 2772 apostolicis
3548 2701 3632 2759 le-

1980 2783 2549 2858 gibusjudicandos.
2583 2787 2930 2859 Quanquam
2968 2786 3029 2842 in
3080 2804 3257 2861 regno
3304 2789 3633 2847 Christiano

1982 2872 2158 2929 etiam
2190 2872 2318 2945 ipas
2349 2873 2505 2947 leges
2529 2873 2797 2946 publicas
2819 2880 3080 2948 oporteat
3094 2893 3224 2933 esse
3242 2876 3628 2949 Christianas,

1983 2962 2392 3019 convenientes
2409 2961 2679 3019 videlicet
2697 2967 2754 3019 et
2774 2968 3163 3021 consonantes
3183 2965 3629 3024 Christianitati.

1982 3051 2099 3107 Lex
2129 3068 2382 3124 namque
2410 3052 2831 3124 omnipotentis
2853 3052 2955 3110 Dei
2972 3053 3032 3110 in
3047 3056 3167 3112 tres
3184 3055 3406 3128 species
3426 3055 3634 3114 dividit

1983 3139 2182 3196 omnia
2211 3157 2337 3213 quae
2366 3140 2637 3199 homines
2656 3141 2715 3197 in
2741 3142 3059 3199 mundanis
3079 3143 3257 3200 rebus
3276 3144 3514 3201 subdita
3533 3145 3635 3202 ha—
3738 3160 3741 3163 '

1982 3231 2118 3287 bere
2174 3229 2261 3286 vel
2324 3230 2624 3304 possidere
2684 3231 2976 3301 videntur,
3034 3248 3170 3290 cum
3233 3234 3293 3289 in
3362 3233 3632 3309 Decalogi

218 3304 507 3381 servanda
534 3324 624 3377 est
650 3320 805 3376 inter
832 3318 1141 3376 dominum
1163 3323 1220 3375 et
1238 3322 1721 3391 servum,quanto
1742 3333 1866 3373 ma-
1896 3304 1943 3375 G
1980 3321 2284 3394 praeceptis
2328 3320 2532 3377 definit
2559 3325 2617 3378 et
2646 3320 2788 3378 dicit
2820 3338 2833 3377 :
2866 3322 2986 3379 Non
3023 3321 3358 3380 desiderabis
3403 3304 3633 3381 uxorein

217 3413 312 3485 jbr
330 3416 388 3468 et
409 3410 643 3468 uberior
671 3426 739 3467 ac
758 3408 989 3482 plenior
1007 3407 1391 3466 custodienda
1409 3412 1503 3465 est
1519 3407 1675 3464 inter
1694 3407 1873 3463 mari-

215 3505 348 3557 tum
378 3504 435 3557 et
463 3498 883 3568 uxorem,inter
900 3498 1092 3554 virum
1114 3501 1173 3554 et
1192 3497 1681 3572 conjugem,inter
1700 3500 1877 3568 caput

219 3594 281 3647 et
309 3588 566 3664 corpus?
595 3587 881 3657 Quoniam
913 3587 1068 3645 sicut
1094 3586 1409 3660 Apostolus
1440 3587 1644 3644 docet:
1673 3586 1767 3643 Vir
1783 3601 1874 3642 ca-

213 3688 323 3755 put
346 3687 427 3737 est
450 3679 873 3750 mulieris,th
892 3678 1140 3734 Christus
1169 3685 1335 3750 caput
1357 3685 1436 3733 est
1453 3677 1730 3744 Ecclesiae,
1761 3677 1877 3748 ipse

217 3771 460 3828 salvator
487 3770 729 3843 corporis
756 3769 896 3841 ejus.
929 3768 1010 3824 Ita
1028 3774 1082 3824 et
1106 3769 1220 3824 viri
1242 3767 1435 3824 debent
1473 3766 1707 3837 diligere
1734 3781 1874 3821 uxo-

218 3876 310 3918 res
367 3874 496 3917 suas
552 3868 615 3916 ut
670 3873 900 3930 corpora
955 3874 1056 3914 sua
1111 3858 1326 3929 (Ephes.
1354 3857 1593 3925 v,23et
1617 3857 1729 3924 28).
1764 3854 1872 3920 Qui

219 3965 392 4008 suam
424 3964 662 4006 uxorem
705 3946 914 4021 diligit,
948 3947 1210 4019 seipsum
1241 3945 1452 4019 diligit.
1486 3945 1666 4001 Nemo
1715 3943 1872 3999 enim

219 4055 485 4113 unquam
519 4055 752 4095 carnem
783 4053 953 4094 suam
993 4037 1125 4092 odio
1172 4035 1380 4092 habuit
1411 4052 1424 4092 :
1457 4051 1554 4093 sec
1605 4035 1791 4090 nutrit
1818 4037 1877 4088 et

219 4130 375 4185 fovet
404 4142 532 4184 eam
566 4128 721 4184 sicut
741 4130 798 4182 et
816 4126 1086 4182 Christus
1103 4123 1614 4181 Ecclesiam.Unde
1635 4139 1873 4179 rursum

218 4218 377 4273 idem
407 4215 718 4290 Apostolus
750 4214 891 4271 dicit
923 4232 936 4270 :
974 4216 1109 4283 l’iri,
1140 4214 1359 4284 diligite
1396 4230 1596 4271 uxores
1644 4221 1871 4282 vestras,

220 4309 366 4363 sicut
392 4314 444 4363 et
472 4306 711 4362 Christut
739 4305 937 4361 dilexit
957 4305 1273 4372 Ecclesium,
1305 4311 1358 4360 et
1382 4305 1622 4377 seipsum
1648 4303 1879 4361 tradidit

215 4413 321 4470 pro
349 4413 432 4464 ea,
463 4402 526 4451 ut
563 4395 720 4451 illam
764 4396 1144 4467 sanctiﬁcarct,
1171 4393 1444 4451 inundans
1491 4408 1613 4450 eam
1660 4394 1875 4449 lavacro

220 4488 386 4559 aquae
409 4486 472 4540 in
499 4485 660 4541 verbo
707 4483 892 4553 (ibid,
926 4483 1241 4556 25).'Certe
1287 4482 1349 4538 in
1400 4482 1492 4538 his
1539 4482 1875 4555 apostolicis

219 4574 416 4632 verbis
445 4578 610 4630 tanta
638 4573 791 4629 inter
810 4573 998 4628 virum
1024 4577 1081 4628 et
1104 4575 1425 4637 uxorem,et
1442 4576 1561 4627 tam
1583 4571 1877 4644 praecipua

222 4669 399 4737 atque
428 4662 714 4719 excellens
744 4662 1483 4751 dilectiocommendatur,
1497 4660 1657 4751 salva
1677 4664 1872 4751 tamen
1904 4686 1955 4751 Β

222 4753 286 4808 in
317 4752 443 4825 ipso
474 4752 747 4825 conjugio
778 4750 1113 4825 praelatione
1140 4750 1248 4806 viri
1295 4753 1352 4806 et
1398 4748 1759 4822 subjectione
1790 4749 1875 4806 fe-

224 4842 418 4913 minae,
452 4845 518 4898 ut
546 4840 649 4897 illa
677 4840 1090 4914 conjunctione
1121 4838 1301 4897 semel
1334 4856 1368 4896 a
1401 4839 1512 4896 Deo
1533 4837 1806 4895 instituta
1821 4841 1880 4895 et

222 4929 482 5004 legitime
510 4929 820 4987 conciliata
840 4931 1031 5002 major
1044 4945 1171 4987 esse
1188 4944 1294 4985 nec
1311 4929 1648 4997 debeat,nec
1670 4927 1874 5001 possit.

225 5021 377 5088 Quid
402 5020 558 5077 enim
588 5019 1187 5092 venerabilius,quam
1209 5023 1274 5075 ut
1293 5018 1634 5092 conjugium
1661 5021 1877 5092 myste-

225 5110 382 5165 rium
412 5109 490 5167 sit
509 5108 726 5167 Christi
748 5115 805 5167 et
822 5108 1091 5167 Ecclesiae
1106 5109 1135 5165 ‘I
1156 5108 1297 5182 quid
1320 5103 1789 5181 sanctius,qu'am
1813 5109 1879 5163 ut

227 5199 313 5257 sic
343 5199 592 5273 diligant
616 5200 727 5256 viri
759 5217 969 5257 uxores
1001 5217 1161 5267 suas,
1194 5200 1348 5255 sicut
1377 5197 1644 5255 Christus
1676 5195 1880 5253 dilexit

226 5287 569 5359 Ecclesium,
598 5291 839 5346 tradens
869 5289 1131 5362 seipsum
1164 5305 1268 5361 pro
1297 5304 1386 5357 ea,
1409 5291 1475 5344 ut
1503 5286 1688 5345 illlam
1709 5303 1876 5344 sanc-

226 5376 473 5434 tiﬁcaret
504 5383 679 5452 atque
710 5378 1066 5435 mundaret?
1098 5378 1247 5444 Quid
1277 5377 1515 5434 charius
1545 5380 1720 5449 atque
1748 5393 1881 5432 con-

219 5466 697 5542 junctius,quam
728 5472 795 5524 ut
815 5467 903 5523 vir
927 5471 1105 5542 caput
1125 5467 1203 5524 sit
1224 5465 1673 5532 mulieris,sicut
1689 5465 1878 5522 Chris~

226 5558 326 5613 tus
352 5563 529 5632 caput
557 5562 649 5615 est
676 5557 967 5627 Ecclesiae,
1002 5556 1127 5630 ipse
1157 5555 1410 5613 salvator
1438 5554 1741 5629 corporis?
1768 5554 1877 5622 Qui

225 5644 402 5702 etiam
432 5646 492 5703 in
521 5646 834 5722 Evangelia
864 5647 934 5703 de
956 5646 1065 5704 hac
1084 5644 1344 5718 conjugii
1363 5643 1579 5700 unione
1602 5647 1873 5714 testatur,

227 5733 429 5796 dicens
456 5755 478 5798 ,ο
506 5741 690 5816 Itaque
730 5738 854 5815 jam
906 5752 1018 5797 non
1067 5743 1198 5798 sunt
1224 5732 1379 5808 -duo,~
1408 5733 1502 5795 sed
1554 5750 1670 5795 una
1725 5749 1872 5796 caro.

1977 3411 2228 3482 proximi
2255 3412 2358 3476 tui,
2389 3425 2503 3466 non
2529 3426 2767 3479 servum,
2794 3427 2903 3468 non
2953 3411 3237 3481 ancillam,
3267 3427 3380 3469 non
3429 3413 3632 3481 bovem,

1981 3514 2091 3556 non
2121 3515 2290 3568 ovem,
2322 3517 2435 3556 non
2472 3502 2710 3570 asinum,
2741 3516 2855 3558 non
2899 3503 3086 3558 omnia
3131 3517 3258 3575 quae
3304 3501 3462 3560 illius
3506 3506 3637 3561 sunt

1984 3590 2175 3661 (Exod.
2208 3607 2302 3656 xx,
2335 3590 2445 3660 17).
2480 3590 2543 3646 In
2577 3589 2794 3663 quibus
2823 3589 3014 3649 verbis
3063 3590 3191 3648 sine
3238 3591 3418 3649 dubio
3466 3592 3637 3649 aliter

1984 3679 2409 3735 consideranda
2465 3683 2556 3735 est
2603 3680 2862 3753 dignitas
2903 3679 3124 3747 uxoris,
3169 3678 3339 3736 aliter
3378 3680 3634 3737 conditio

1984 3782 2285 3825 servorum
2315 3772 2374 3824 et
2403 3767 2772 3837 ancillarum,
2805 3771 2864 3825 et
2890 3767 3059 3824 aliter
3086 3767 3277 3825 vilitas
3323 3769 3631 3825 brutornm

1984 3856 2351 3924 animalium,
2375 3855 2493 3913 sive
2523 3856 2959 3913 insensibilium
2982 3860 3264 3924 rerum,et
3282 3857 3412 3913 ideo
3435 3857 3639 3914 omnia

1984 3945 2097 4002 ista
2124 3946 2250 4001 suis
2281 3943 2452 4001 metis
2472 3945 2931 4013 tractanda,suis
2950 3944 3230 4017 gradibus
3250 3945 3634 4003 discernenda

1983 4050 2051 4091 ac
2081 4034 2391 4091 dividenda
2421 4037 2579 4089 sunt.
2614 4033 2744 4090 Haec
2775 4033 3026 4090 dicimus
3056 4039 3123 4090 ut
3139 4035 3511 4092 considerent
3533 4036 3633 4109 qui

1982 4111 2269 4196 Ejusmedi
2302 4128 2459 4193 sunt,
2491 4121 2752 4179 viliorem
2785 4124 2938 4196 apud
2972 4140 3034 4179 se
3062 4138 3191 4180 esse
3239 4123 3632 4181 conditionem

1986 4230 2230 4270 uxorum
2262 4229 2440 4285 quam
2474 4212 2858 4269 servulorum.
2883 4213 2953 4268 Et
2972 4213 3042 4269 de
3064 4229 3227 4269 servo
3249 4213 3470 4286 absque
3491 4231 3634 4270 con-

1983 4301 2227 4359 scientia
2248 4300 2471 4373 judicis
2499 4300 2690 4357 occiso
2723 4299 2998 4356 dominus
3027 4301 3156 4371 ejus
3176 4299 3475 4357 homicidii
3500 4316 3634 4358 reus

1981 4392 2196 4462 existit,
2231 4407 2337 4447 nec
2367 4388 2711 4447 ell'usionem
2743 4388 3050 4461 sanguinis
3083 4388 3195 4445 nisi
3221 4405 3324 4462 per
3344 4389 3635 4462 pmniten-

1981 4482 2124 4537 tiam
2157 4484 2348 4554 potest
2383 4478 2633 4551 expiare,
2665 4477 2810 4550 quid
2859 4479 2930 4533 de
2977 4478 3226 4551 conjuge
3274 4480 3634 4537 studendum

1983 4570 2193 4637 sit.Qui
2228 4569 2405 4625 etiam
2439 4583 2625 4641 usque
2655 4568 2726 4622 ad
2748 4570 2971 4623 tantam
2993 4566 3310 4623 stultitiam
3331 4571 3389 4624 et
3408 4568 3634 4625 czecita-

1983 4666 2101 4717 tcm
2124 4658 2608 4733 prorumpunt,ut
2619 4673 2718 4713 eas
2734 4673 2883 4729 quas
2897 4654 2958 4713 in
2977 4655 3186 4730 primis
3207 4661 3411 4714 contra
3430 4673 3635 4715 omnes

1984 4755 2042 4808 et
2069 4750 2296 4807 divinas
2326 4752 2385 4803 et
2411 4748 2706 4804 humanas
2733 4746 2911 4821 leges,
2944 4750 3002 4803 et
3029 4749 3233 4803 contra
3277 4745 3464 4818 ipsius
3493 4747 3635 4818 jura

1984 4837 2370 4897 humanitatis
2400 4855 2503 4911 per
2525 4836 2863 4893 violentiam
2887 4840 2946 4894 et
2975 4839 3207 4908 raptum
3240 4834 3350 4890 sibi
3381 4835 3632 4906 conjun—A

1985 4934 2153 5004 gunt,
2186 4927 2275 4984 vel
2305 4926 2484 4983 etiam
2510 4943 2578 4983 ex
2603 4925 2962 5000 professione
2990 4928 3048 4981 et
3075 4923 3281 4981 habitu
3316 4923 3632 4997 sanctimo-

1986 5016 2127 5073 niali
2145 5015 2429 5090 sacrilega
2442 5014 2741 5088 impietate
2756 5013 3184 5072 commaculare
3200 5028 3316 5068 non
3338 5015 3631 5078 metuunt,

1985 5110 2188 5180 postea
2239 5103 2542 5162 blanditiis
2594 5103 2887 5170 delinitas,
2920 5106 2980 5159 et
3030 5100 3371 5174 parentibus
3428 5117 3631 5157 earum

1987 5195 2320 5265 artificiosa,
2353 5195 2472 5250 imo
2528 5192 2921 5267 ignominiosa
2969 5190 3307 5247 adulatione
3362 5189 3629 5263 placatis,

1987 5289 2196 5358 putant
2206 5301 2268 5341 se
2281 5288 2339 5341 et
2351 5283 2615 5340 divinum
2629 5287 2687 5338 et
2706 5282 3033 5338 humanum
3052 5279 3340 5352 evasissej
3349 5279 3629 5349 udicium,

1986 5378 2045 5431 et
2074 5379 2195 5431 tam
2227 5373 2497 5429 illicitum
2527 5376 2703 5444 atque
2736 5371 3003 5443 iniquum
3054 5368 3504 5426 contubernium
3529 5386 3632 5426 vo-

1985 5464 2117 5521 lunt
2134 5463 2312 5520 videri
2328 5461 2486 5518 velut
2503 5460 2827 5533 legitimum
2850 5464 2908 5515 et
2927 5460 3241 5517 honestum
3267 5458 3629 5535 conjugium,

1987 5571 2121 5611 cum
2152 5554 2306 5609 sicut
2328 5553 2455 5624 jam
2487 5566 2667 5622 supra
2694 5553 2996 5606 ostensum
3026 5551 3197 5620 est,et
3227 5547 3473 5605 feminas
3504 5565 3632 5623 quas

1985 5643 2321 5718 raptoribus
2346 5640 2469 5698 suis
2495 5655 2852 5696 consensum
2884 5638 3257 5714 praebuerint,
3280 5643 3339 5696 et
3363 5642 3633 5712 parentes

1983 5749 2207 5809 earum,
2239 5732 2360 5794 nisi
2387 5728 2849 5792 reclamaverint;
2876 5727 3053 5791 etiam
3072 5728 3329 5809 antiqua
3349 5728 3641 5791 Romaqu
