4152 6510
548 392 700 454 1027
1325 389 1707 451 HINCMARI
1755 387 1996 451 RHEM.
2041 383 2405 463 ARCHIEP.
2450 383 2858 447 OPUSCULA
2904 385 3169 447 VARIA.
3807 386 3971 446 1028

542 538 673 579 rum
704 523 863 595 leges
892 521 1016 595 pari
1050 522 1352 578 severitate
1368 521 1638 593 judicent
1660 519 2074 593 puniendos,et
2092 532 2193 590 per
2216 517 2274 584 Α
2304 514 2629 587 legitimum
2663 531 2792 571 esse
2823 515 3341 589 conjugium,sicut
3369 521 3428 573 et
3452 517 3511 572 in
3540 521 3812 573 extremo
3832 518 3970 575 vita

540 612 1002 670 ecclesiasticum
1026 611 1343 685 judicium,
1377 610 1713 683 quicunque
1733 608 2023 681 ejusmodi
2048 606 2189 675 sint,
2299 622 2416 661 suae
2449 609 2728 676 tempore,
2763 606 2914 661 mira
2943 611 2999 661 et
3029 604 3267 678 speciali
3305 605 3539 675 virtute,
3571 606 3802 681 Abisag
3853 607 3969 664 Su-

538 702 625 759 vel
658 718 845 774 usque
877 702 949 757 ad
981 700 1409 773 separationem
1447 698 2039 756 excommunicandos
2070 696 2189 752 sive
2298 693 2642 751 namitidem
2672 693 3168 767 speciosissimam
3198 695 3504 769 virginem,
3538 700 3600 752 et
3623 713 3696 753 ex
3724 696 3969 754 cunctis

538 790 1140 859 anathematizandos,
1160 787 1251 846 vel
1281 788 1457 845 etiam
1491 792 1625 861 post
1655 786 2082 860 separationem
2112 784 2186 840 ab
2297 783 2521 841 ﬁnibus
2557 782 2721 859 regni
2769 783 2946 841 Israel
2993 783 3259 852 electam,
3292 783 3500 842 habuit
3551 784 3667 842 sibi
3718 784 3969 843 assidue

537 880 698 938 omni
730 882 971 952 aspectu
1000 877 1234 952 publico
1265 878 1567 946 arcendos,
1600 880 1657 933 et
1681 891 1870 949 usque
1908 875 1980 930 ad
2029 872 2185 929 diem
2295 870 2757 942 ministrantem,
2783 876 2843 929 et
2879 888 3079 929 secum
3127 873 3365 930 assidue
3409 874 3727 931 cubantem
3780 880 3967 948 atque

536 968 746 1042 mortis
763 968 875 1025 sub
892 965 1648 1041 arctissimapmnitentiain
1668 964 1966 1039 ergastula
1977 963 2188 1035 jubeat
2294 960 2708 1031 dormientem,
2738 979 2917 1036 quam
2944 966 3143 1020 tamen
3194 979 3500 1036 nunquam
3549 964 3833 1037 cognovit
3866 964 3969 1036 (111

535 1056 1056 1115 contradendos.ln
1079 1061 1309 1113 tantum
1331 1060 1398 1112 ut
1427 1054 1656 1111 etiamsi
1688 1053 1897 1109 timore
1927 1051 2189 1126 publiea-

533 1164 669 1204 rum
698 1162 894 1215 rerum
925 1147 997 1203 ad
1031 1145 1348 1203 Ecclesiam
1376 1148 1576 1217 raptor
1600 1159 1736 1199 cum
1768 1146 1936 1216 rapta
1981 1141 2184 1198 confu-

532 1235 701 1311 gerit,
734 1236 863 1309 ipsa
901 1234 1140 1308 quidem
1189 1251 1315 1307 quae
1362 1231 1697 1289 violentiam
1745 1247 2022 1306 perpessa
2071 1234 2181 1299 est,

530 1326 853 1382 intercessu
912 1322 1179 1381 Ecclesiae
1230 1326 1507 1379 excusata
1562 1320 1906 1395 parentibus
1952 1320 2185 1377 restitui

522 1415 823 1487 jubeatur,
855 1416 1053 1486 raptor
1076 1429 1230 1480 vero,
1262 1411 1405 1485 quia
1442 1410 1751 1468 manifeste
1796 1409 1914 1465 vim
1962 1409 2181 1479 intulit,

531 1502 805 1561 similiter
832 1504 906 1560 ob
956 1502 1338 1559 reverentiam
1388 1499 1727 1568 sanctuarii,
1760 1498 1957 1572 legum
1989 1498 2184 1572 impu-

531 1593 714 1650 nitate
744 1609 1042 1660 concessa,
1066 1590 1127 1647 in
1148 1590 1487 1647 servitutem
1520 1592 1830 1664 parentum
1851 1589 1981 1661 ejus
2002 1605 2183 1660 quam

530 1682 728 1756 rapuit
755 1681 1075 1755 redigatur,
1106 1679 1220 1737 nisi
1254 1680 1400 1736 forte
1428 1678 1513 1735 illi
1539 1682 1605 1735 ut
1642 1694 1704 1735 se
1753 1677 2004 1734 redimat
2045 1694 2183 1734 con-

531 1772 797 1829 cedatur.

600 1863 734 1916 CAP.
768 1859 915 1917 XIII.
948 1860 1114 1915 Nunc
1144 1863 1365 1927 autem,
1400 1858 1494 1914 his
1523 1857 1802 1913 omnibus
1822 1858 1880 1912 et
1898 1855 2112 1912 divinis
2127 1858 2185 1912 et

531 1948 809 2005 humanis
826 1947 1055 2021 legibus
1066 1946 1419 2020 contemptis
1430 1951 1607 2020 atque
1619 1945 1879 2015 calcatis,
1889 1944 2184 2017 publicam

530 2055 635 2111 per
652 2055 751 2094 eos
771 2036 1034 2094 Ecclesia
1054 2034 1882 2110 impugnationem,publicam
1906 2033 2183 2106 injuriam

530 2131 588 2184 et
617 2126 1048 2184 contumaciam
1074 2126 1296 2199 patitur
1326 2143 1340 2182 :
1373 2125 1433 2181 in
1455 2129 1687 2182 tantum
1718 2129 1784 2180 ut
1803 2123 1979 2179 etiam
2001 2140 2186 2179 sacer-

530 2216 767 2273 dotibus
797 2214 942 2284 suis,
974 2220 1097 2271 tam
1130 2215 1334 2288 iniqua
1353 2220 1410 2271 et
1440 2215 1674 2271 funesta
1714 2212 2181 2286 prohibentibus,

530 2306 778 2362 insidias
808 2304 1022 2374 moliri,
1038 2308 1094 2361 et
1115 2304 1429 2361 seditiones
1451 2303 1741 2360 concitare
1763 2319 1879 2358 non
1899 2305 2180 2358 metuant.

532 2395 695 2463 Quod
725 2394 774 2450 si
809 2393 944 2467 quis
975 2398 1097 2449 tam
1129 2394 1375 2450 insanus
1396 2399 1504 2461 est,
1529 2396 1595 2447 ut
1615 2390 1773 2448 istud
1796 2390 2104 2462 profanum
2128 2394 2186 2446 et

528 2483 850 2540 violentum
864 2481 1313 2538 contubernium
1331 2480 1545 2538 idcirco
1558 2484 1725 2553 putet
1736 2478 2064 2552 legitimum
2082 2479 2181 2534 ﬁe-

528 2575 576 2629 ri
598 2590 769 2647 posse
789 2571 1298 2645 conjugium,quia
1315 2569 1493 2626 David
1517 2586 1709 2642 regem
1733 2570 1958 2640 justum
1980 2573 2036 2625 et
2056 2585 2184 2624 san-

530 2666 711 2732 ctum,
746 2662 848 2719 sed
878 2661 938 2717 in
968 2660 1326 2734 quibusdam
1377 2664 1442 2715 ut
1490 2658 1785 2715 hominem
1837 2656 2181 2730 delinquen-

531 2756 670 2820 tem,
702 2750 1006 2823 Scriptura
1035 2750 1211 2806 refert
1258 2764 1496 2805 uxorem
1550 2747 1695 2803 Uriae
1748 2746 1964 2802 Hethaei
2014 2746 2181 2802 adul-

530 2844 774 2908 terasse,
807 2844 865 2896 et
894 2844 1097 2913 postea
1142 2838 1272 2912 ipso
1312 2837 1450 2894 Uria
1493 2836 1807 2893 crudeliter
1854 2836 2178 2905 interfecto,

528 2929 706 2986 etiam
737 2929 799 2984 in
828 2928 1171 3002 conjugium
1204 2926 1532 3000 sumpsisse
1553 2926 1624 2999 (II
1641 2927 1769 2995 Reg.
1792 2926 1894 2997 xx),
1917 2926 2184 2982 attendat

532 3035 710 3092 quam
741 3018 993 3092 graviter
1019 3020 1077 3073 et
1104 3014 1444 3072 terribiliter
1472 3014 1846 3087 omnipotens
1886 3013 2041 3070 Deus
2070 3013 2182 3070 hoc

527 3112 717 3165 totum
749 3123 853 3181 per
878 3106 1227 3180 prophetam
1253 3121 1427 3161 suum
1458 3102 1860 3176 increpaverit,
1884 3101 2180 3176 improba-

2295 1050 2420 1123 Reg.
2454 1050 2516 1124 ι).

2367 1139 2504 1195 CAP.
2538 1140 2683 1197 XIV.
2717 1141 2847 1197 Haec
2876 1158 3013 1215 ergo
3043 1141 3132 1200 vel
3170 1141 3255 1200 ita
3299 1141 3642 1200 admiranda
3690 1147 3864 1211 sunt,
3899 1148 3968 1199 ut

2291 1229 2526 1301 penitus
2556 1247 2673 1286 non
2705 1230 2934 1303 possint
2961 1248 3090 1288 esse
3118 1231 3429 1298 imitanda,
3460 1231 3549 1290 vel
3579 1232 3662 1289 ita
3689 1231 3778 1288 illi
3815 1236 3965 1290 tem-

2294 1318 2421 1391 pori
2442 1318 2708 1375 Mosaicae
2733 1319 2880 1394 legis
2909 1337 3208 1390 concessa,
3242 1325 3311 1377 ut
3337 1320 3680 1381 adveniente
3716 1321 3961 1379 Domini

2294 1410 2353 1463 et
2381 1407 2696 1466 Salvatoris
2725 1408 2913 1466 nostri
2943 1409 3275 1483 evangelica
3303 1410 3514 1484 gratia,
3543 1410 3669 1469 sint
3712 1412 3961 1486 penitus

2294 1498 2661 1568 removenda,
2692 1496 2779 1555 vel
2808 1498 3115 1571 quoniam,
3137 1499 3293 1556 sicut
3319 1498 3641 1572 Apostolus
3661 1499 3965 1571 dieihom-

2294 1585 2392 1643 nia
2423 1586 2545 1643 haec
2575 1586 2636 1643 in
2666 1587 2858 1661 ﬁgura
2901 1588 3321 1663 contingebant
3365 1588 3482 1645 illis
3512 1593 3560 1660 (ι
3596 1588 3721 1647 Cor.
3752 1591 3841 1663 ι),
3870 1591 3961 1649 di-

2292 1675 2444 1733 vinis
2475 1676 2597 1733 sint
2624 1677 2918 1751 mysteriis
2964 1676 3335 1751 applicanda.
3369 1680 3719 1752 Quanquam
3755 1680 3807 1737 si
3841 1697 3965 1739 non

2294 1764 2689 1839 praecessisset
2711 1766 2770 1822 in
2794 1765 2895 1823 illa
2916 1766 3160 1824 muliere
3180 1767 3669 1836 adulterium,nec
3689 1769 3801 1825 viri
3824 1770 3957 1841 ejus

2293 1855 2616 1912 interfectio
2640 1856 2849 1913 fuisset
2868 1857 3309 1929 adjuncta,quis
3330 1874 3448 1915 non
3468 1852 3662 1915 videat
3685 1860 3958 1932 potuisse

2294 1960 2446 2016 eam,
2478 1947 2708 2000 mortuo
2740 1944 2862 2000 viro
2895 1943 3150 2017 proprio,
3183 1948 3239 2001 et
3269 1943 3468 2001 debita
3489 1945 3617 2017 jam
3647 1944 3966 2002 curatione

2295 2032 2714 2106 deplorato,cui
2742 2032 2914 2089 vellet
2940 2033 3185 2091 honesto
3214 2038 3272 2090 et
3289 2032 3551 2107 legitimo
3572 2035 3954 2093 matrimonio

2295 2122 2590 2195 copulari;
2625 2122 2736 2178 Sed
2768 2126 2827 2178 et
2849 2122 3174 2196 regem,qui
3196 2140 3300 2196 pro
3320 2122 3652 2180 conditione
3671 2123 3957 2197 temporis

2293 2210 2452 2267 illius
2484 2229 2599 2268 non
2631 2210 3055 2284 prohibebatur
3083 2211 3283 2285 plures
3320 2212 3536 2270 habere
3582 2229 3815 2285 uxores,
3849 2230 3951 2287 po-

2293 2302 2479 2357 tuisse
2494 2301 2752 2374 legitime
2768 2300 3032 2373 accipere
3051 2300 3368 2374 cujuslibet
3382 2302 3640 2359 defuncti
3662 2319 3907 2359 uxorem
3921 2301 3950 2356 ?

2294 2389 2442 2446 Illud
2474 2407 2608 2447 vero
2638 2390 2697 2446 in
2729 2390 2912 2463 gestis
2942 2391 3071 2463 ejus
3102 2390 3483 2464 magniﬁcum
3511 2396 3571 2449 et
3598 2390 3766 2448 valde
3809 2391 3949 2447 imi-

2292 2479 2539 2535 tandum
2572 2478 2769 2548 claret,
2801 2479 2959 2551 quod
2991 2496 3199 2536 uxores
3231 2479 3352 2537 sive
3380 2480 3760 2547 concubinas,
3795 2497 3949 2553 quas

2292 2569 2523 2642 fugiens
2552 2568 2864 2641 reliquerat
2893 2570 2966 2624 ad
2996 2569 3443 2625 custodiendam
3473 2571 3737 2637 domum,
3759 2587 3795 2625 a
3824 2570 3949 2627 ﬁlio

2290 2658 2473 2731 impio
2500 2658 2817 2714 incestatas
2860 2661 3036 2731 atque
3085 2657 3339 2730 pollutas
3382 2659 3454 2731 (II
3482 2660 3609 2729 Reg.
3641 2663 3760 2727 xw)
3790 2677 3948 2716 nun-

2291 2765 2467 2821 quam
2499 2746 2746 2804 ultcrius
2777 2748 3141 2820 agnovit,sed
3172 2752 3455 2821 tanquam
3484 2749 3601 2805 vim
3633 2765 3948 2823 perpessas

2291 2836 2437 2894 aluit
2465 2853 2564 2893 eas
2595 2838 3005 2893 tantummodo
3036 2836 3370 2905 clementer,
3405 2841 3463 2894 et
3493 2837 3627 2893 fecit
3653 2854 3754 2894 eas
3786 2838 3951 2895 habi-

2290 2930 2412 2982 tare
2432 2924 2665 2982 clausas
2685 2941 2873 2998 usque
2893 2926 2965 2982 ad
2999 2924 3155 2983 diem
3182 2926 3390 2984 mortis
3415 2942 3536 2983 sure
3568 2926 3627 2982 in
3659 2926 3949 2984 viduitate

2286 3014 2686 3072 viventes.Sed
2707 3019 2764 3072 et
2782 3014 2929 3071 illud
2953 3030 3324 3088 nequaquam
3347 3014 3621 3073 abhorret
3642 3017 3715 3073 ab
3735 3017 3948 3074 ordine

2289 3109 2347 3161 et
2373 3104 2745 3161 observantia
2792 3103 3112 3177 religionis,
3144 3121 3281 3161 cum
3329 3105 3523 3162 adhuc
3570 3110 3846 3180 regnaret
3884 3107 3948 3163 in

528 3197 622 3268 rit,
656 3200 832 3270 atque
861 3194 1245 3262 damnaverit,
1279 3193 1480 3251 dicens
1513 3209 1526 3247 :
1563 3194 1750 3251 Uriam
1776 3192 2058 3250 Hethzeum
2087 3208 2181 3249 oc-
2226 3267 2252 3270 Ἀ
2290 3194 2520 3251 Hebron
2551 3210 2728 3267 super
2745 3193 2968 3250 tribum
2989 3194 3145 3250 Jnda
3159 3195 3657 3263 tantummodo,ct
3677 3193 3947 3251 Isboseth

456 3308 465 3317 ·
525 3267 817 3355 σίιίἱδιίξει
843 3300 1073 3341 uxorem
1109 3284 1266 3339 illius
1294 3283 1549 3356 accepisti
1593 3298 1841 3353 uxorem,
1872 3289 1924 3338 et
1950 3284 2181 3354 interfe-
2211 3267 2255 3336 C
2292 3283 2450 3340 ﬁlius
2479 3282 2619 3341 Saul
2649 3284 2936 3341 obtineret
2963 3299 3211 3357 regnum
3239 3283 3440 3354 Israel,
3466 3284 3627 3340 misit
3653 3284 3723 3339 ad
3746 3286 3951 3342 Abner

526 3377 651 3431 cisti
677 3391 805 3431 eum
832 3373 1018 3444 gladio
1042 3374 1289 3445 ﬁliorum
1318 3372 1935 3442 Ammon.Quamobrem
1960 3388 2071 3427 non
2101 3389 2182 3428 re-

526 3464 674 3521 cedet
698 3462 915 3536 gladius
942 3463 1008 3519 de
1034 3462 1316 3519 domo-tua
1353 3478 1523 3534 usque
1573 3463 1635 3517 in
1682 3462 2093 3533 sempiternum,
2119 3479 2180 3519 eo

528 3552 669 3625 quod
695 3552 1005 3625 despexeris
1033 3568 1142 3615 me,
1158 3559 1209 3608 et
1238 3552 1432 3608 tuleris
1475 3567 1704 3606 uxorem
1754 3551 1902 3607 Uria?
1947 3550 2177 3621 Heilm,

526 3650 588 3698 ut
614 3650 752 3699 esset
779 3657 922 3698 uxor
949 3649 1046 3698 tua
1071 3642 1143 3712 (II
1172 3642 1300 3711 Reg.
1332 3657 1434 3710 xn,
1465 3641 1520 3708 9,
1550 3639 1659 3709 40).
1693 3640 1763 3694 Et
1792 3638 2029 3711 quidem
2062 3644 2179 3697 sta-

526 3731 633 3787 tim
659 3729 745 3786 illi
778 3730 895 3787 alto
925 3729 1123 3787 dolore
1152 3734 1524 3804 compuncto,
1559 3731 1616 3785 et
1653 3728 1957 3801 pcnnitenti
2006 3733 2180 3803 atque

527 3820 833 3877 humiliter
860 3820 1185 3888 conﬁtenti,
1208 3823 1381 3875 tanta:
1405 3817 1732 3891 iniquitatis
1752 3822 1948 3874 reatus
1973 3818 2178 3876 dimis-

526 3927 630 3967 sus
658 3914 768 3966 est.
800 3909 896 3964 Ait
923 3926 1178 3983 namque
1204 3909 1360 3966 brevi
1392 3925 1682 3973 sermone,
1713 3923 1926 3980 magno
1954 3912 2011 3963 et
2038 3925 2178 3981 pro-

526 4000 709 4057 fundo
741 3998 937 4056 cordis
967 4000 1190 4072 gemitu
1216 4016 1228 4055 :
1251 4000 1480 4055 Peccavi
1502 3998 1755 4067 Domino,
1779 4001 1838 4053 et
1862 3996 2060 4053 statim
2082 4015 2181 4053 au-

527 4090 652 4146 dire
683 4088 901 4146 meruit
932 4106 1036 4161 per
1063 4089 1407 4162 prophetam
1433 4105 1446 4142 :
1470 4089 1735 4144 Dominus
1765 4104 1975 4160 quoque
2004 4090 2192 4143 trans?

526 4178 655 4235 tulit
694 4186 975 4251 peccatum
1030 4187 1205 4246 tuum,
1251 4194 1361 4233 non
1408 4179 1660 4234 morieris
1709 4178 1890 4250 (ibid,
1928 4178 2034 4248 13).
2068 4177 2177 4234 Vc-

525 4271 857 4323 rumtamen
888 4267 973 4324 sic
1003 4266 1055 4323 ei
1098 4266 1411 4322 dimissum
1458 4270 1547 4321 est
1593 4271 1917 4338 peccatum,
1952 4271 2018 4322 ut
2060 4284 2176 4323 non

526 4357 796 4413 evaderet
825 4356 1147 4430 temporale
1179 4354 1473 4429 ﬂagellum
1497 4356 1651 4429 quod
1676 4355 1728 4410 ei
1750 4356 1938 4412 fuerat
1960 4358 2180 4414 denun-

523 4445 759 4501 tiatum.
791 4446 939 4501 Nam
958 4450 1017 4501 et
1037 4444 1318 4517 ﬁlius,qui
1345 4446 1551 4501 exinde
1574 4450 1748 4502 natus
1769 4446 2185 4513 fuerat,confe-.

525 4534 664 4589 stim
688 4534 882 4590 divino
895 4533 1122 4606 judicio
1152 4550 1467 4606 percussus
1492 4538 1581 4591 est
1601 4539 1658 4591 et
1679 4539 2032 4603 mortuus,et
2051 4535 2177 4609 ipse

524 4626 726 4713 postea
781 4622 1146 4713 gravissimis
1204 4623 1702 4694 tribulationibus,
1764 4630 1822 4681 et
1870 4626 2030 4699 regni
2082 4626 2176 4683 sui
2209 4647 2254 4713 ι)

523 4712 840 4769 amissione
869 4729 973 4785 per
1002 4710 1189 4768 ﬁlium
1223 4730 1398 4768 suum
1428 4713 1681 4770 Absalon
1714 4716 1795 4770 ita
1815 4715 2068 4771 afﬂictus
2089 4721 2178 4772 est

523 4806 580 4857 ct
606 4806 867 4869 vexatus,
903 4818 968 4857 ac
996 4799 1154 4857 velut
1182 4800 1240 4856 in
1275 4802 1508 4858 fornace
1533 4802 1686 4875 ignis
1708 4807 1981 4859 excoctus
2002 4808 2176 4877 atque

523 4895 831 4965 purgatus,
866 4894 933 4947 ut
972 4907 1103 4948 vere
1153 4890 1277 4947 sola
1320 4891 1519 4947 divina
1564 4890 1874 4947 clementia
1921 4892 2174 4950 evasisse

520 4980 809 5036 videatur.
842 4981 1005 5047 Quod
1060 4985 1257 5037 autem
1310 4981 1651 5054 conjugium
1692 4980 1858 5051 illud,
1891 4985 2012 5037 tam
2042 4999 2175 5056 gra-

521 5070 669 5126 viter
698 5070 1065 5141 increpatum
1088 5074 1144 5126 et
1166 5069 1771 5143 improbatum,atque
1791 5069 2172 5146 ﬂagellatam,

524 5158 607 5215 ita
636 5174 874 5216 manere
904 5159 1259 5231 permissum
1290 5164 1398 5227 est,
1430 5159 1741 5215 manifeste
1786 5177 1900 5215 non
1933 5166 2021 5217 est
2051 5163 2174 5218 cui-

525 5264 703 5322 quam
735 5248 809 5305 ad
840 5247 1195 5303 imitandum
1228 5247 1617 5321 propositum,
1653 5251 1717 5302 ut
1745 5248 1990 5320 quilibet
2011 5249 2071 5305 in
2092 5250 2178 5305 in-

517 5337 684 5409 juste
697 5337 902 5394 ordine
913 5337 1113 5393 credat
1124 5354 1186 5393 se
1200 5336 1651 5408 haberejustum
1669 5337 2009 5412 conjugium
2031 5356 2044 5393 :
2069 5339 2171 5396 sed

525 5427 724 5499 potius
740 5426 1005 5483 divinum
1019 5424 1241 5482 exstitit
1252 5425 1602 5482 miraculum
1613 5425 1699 5483 vel
1714 5432 2171 5497 sacramentum,

526 5513 608 5571 ita
635 5516 803 5573 illum
834 5515 1023 5572 virum
1045 5532 1180 5572 vera
1200 5519 1257 5572 et
1276 5513 1608 5572 admirabili
1632 5514 1972 5589 poenitentia
1992 5516 2174 5575 fuisse

528 5610 1048 5678 purgatum,atque
1068 5604 1142 5661 ab
1158 5604 1319 5661 omni
1345 5603 1675 5661 adulterina
1693 5604 2066 5678 subreptione
2086 5624 2172 5664 sa-

530 5697 756 5767 natum,
786 5699 853 5753 ut
873 5699 1072 5770 posset
1099 5697 1157 5753 et
1185 5711 1256 5752 ex
1282 5692 1385 5752 tali
1416 5694 1826 5769 conjunctione
1855 5698 2084 5753 castum
2114 5702 2174 5755 et

2290 3373 2610 3447 principem
2644 3372 2900 3430 militum
2930 3378 2988 3430 et
3003 3374 3465 3447 gubernatorem
3494 3376 3706 3431 domus
3744 3375 3946 3449 regis,

2290 3468 2355 3519 ut
2383 3463 2714 3521 restitueret
2740 3462 2793 3519 ei
2824 3462 3037 3519 Michol
3059 3462 3242 3520 ﬁliam
3264 3463 3569 3537 Saul,qus3
3591 3463 3781 3521 fuerat
3798 3481 3953 3521 uxor

2289 3554 2439 3625 ejus,
2472 3556 2529 3609 et
2558 3568 2737 3624 quam
2769 3552 2883 3609 sibi
2906 3552 3359 3626 desponsaverat
3375 3558 3612 3610 centum
3633 3554 3949 3627 preputiis

2290 3641 2757 3713 Philistinorum,
2789 3657 3087 3714 quamque
3117 3641 3277 3710 Saul,
3310 3646 3477 3715 pater
3494 3642 3702 3715 ipsius,
3718 3642 3820 3699 illo
3843 3642 3949 3699 ho-

2289 3731 2501 3789 stiliter
2531 3731 2707 3788 etiam
2757 3736 2921 3788 extra
2968 3731 3252 3789 terminos
3301 3731 3463 3804 regni
3521 3732 3613 3789 sui
3659 3733 3942 3805 eﬁ‘ugato,

2288 3820 2453 3879 alteri
2484 3822 2606 3878 viro
2636 3821 2958 3878 tradiderat
2985 3822 3295 3894 conjugem
3319 3821 3394 3891 (II
3417 3822 3545 3891 Reg.
3569 3821 3677 3895 ιιι).
3698 3821 3941 3879 Iustum

2288 3926 2543 3984 namque
2570 3915 2716 3980 erat,
2744 3914 2810 3966 ut
2836 3909 2937 3966 illa
2966 3909 3370 3982 persecutione
3397 3914 3456 3967 et
3490 3911 3841 3985 eﬂ‘ngatione
3868 3912 3941 3967 ﬁ-

2289 4000 2429 4067 nita,
2460 4016 2762 4073 regressus
2791 3998 2852 4055 in
2883 3998 3156 4072 patriam,
3184 3999 3341 4072 quod
3365 3999 3474 4056 sibi
3491 4001 3630 4072 jure
3649 4004 3942 4074 compete-

2287 4090 2388 4146 bat
2416 4090 2697 4163 reciperet
2725 4090 2902 4146 etiam
2924 4090 2985 4145 in
3008 4088 3273 4162 qualibet
3292 4089 3661 4161 possessione
3681 4093 3937 4159 terrena,

2287 4183 2504 4252 quanto
2535 4180 2725 4252 magis
2744 4179 2803 4234 in
2826 4179 3083 4252 conjugii
3106 4178 3562 4246 societate,sicut
3582 4180 3759 4236 etiam
3782 4180 3937 4237 sacri

2286 4286 2538 4327 canones
2569 4268 2746 4325 simili
2768 4267 3060 4340 aequitatis
3078 4267 3490 4325 deliberatione
3504 4269 3936 4326 observandum

2286 4376 2415 4416 esse
2448 4358 2818 4414 decernunt?

2356 4449 2490 4505 ΟΑΡ.
2524 4447 2637 4504 XV.
2674 4447 2925 4504 Possunt
2953 4447 3130 4504 etiam
3165 4447 3498 4504 istiusmodi
3550 4448 3711 4521 pravi
3759 4452 3938 4521 atque

2286 4537 2516 4593 distorti
2542 4536 2831 4608 homines,
2850 4536 2969 4592 sive
2996 4536 3253 4593 fautores
3268 4553 3335 4592 ac
3351 4537 3689 4609 deceptores
3707 4554 3909 4595 eorum
3920 4585 3935 4609 ,

2285 4624 2430 4682 illud
2461 4626 2631 4699 quasi
2653 4627 2817 4697 juste
2836 4630 2894 4682 et
2913 4625 3157 4681 licenter
3177 4642 3477 4683 assumere
3498 4626 3558 4682 in
3578 4627 3935 4701 exemplum,

2288 4714 2446 4786 quod
2476 4714 2547 4769 dc
2576 4712 2718 4770 viris
2748 4713 2938 4770 tribus
2969 4713 3274 4785 Benjamin
3306 4714 3554 4770 refertur
3580 4714 3641 4770 in
3661 4714 3811 4772 libro
3830 4717 3936 4772 Ju—

2284 4804 2483 4859 dicum
2516 4802 2661 4876 (Iud.
2692 4820 2767 4858 xx
2785 4811 2837 4860 et
2853 4803 2967 4876 xxi)
2992 4820 3005 4858 :
3031 4803 3131 4875 qui
3156 4820 3291 4860 cum
3316 4820 3421 4877 pro
3442 4803 3617 4877 culpa
3646 4806 3935 4879 superbiae

2284 4898 2341 4949 et
2370 4892 2674 4966 pravitatis
2705 4910 2845 4959 suae,
2869 4908 2988 4965 qua
3017 4891 3233 4948 civium
3255 4909 3498 4950 suorum
3520 4893 3934 4952 detestandum

2284 4986 2458 5055 atque
2490 4981 2992 5039 immanissimum
3024 4981 3239 5051 scelus,
3263 4983 3545 5041 adversus
3572 4984 3756 5041 Deum
3777 4989 3835 5040 et
3854 4989 3939 5041 to-

2282 5072 2402 5127 tius
2432 5071 2632 5144 pepuli
2652 5071 2968 5143 judicium,
3000 5071 3267 5145 improbe
3301 5077 3360 5128 et
3401 5071 3579 5146 impie
3624 5073 3934 5131 defendere

2284 5160 2410 5217 ausi
2425 5164 2647 5230 sunt,et
2656 5165 2859 5218 contra
2869 5176 3043 5217 omne
3053 5177 3300 5235 regnum
3322 5161 3521 5218 rebelli
3542 5162 3935 5219 obstinatione

2284 5250 2767 5322 pugnare,divino
2779 5250 3007 5323 judicio
3028 5251 3089 5306 in
3110 5249 3262 5307 bello
3285 5251 3730 5324 corruissent,et
3747 5268 3933 5325 usque

2283 5339 2356 5395 ad
2378 5339 2834 5397 internecionem
2857 5357 3004 5413 pene
3024 5339 3275 5397 fuissent
3289 5339 3629 5413 deleti,cum
3648 5340 3933 5399 universis

2282 5429 2564 5486 uxoribus
2593 5433 2651 5485 et
2679 5428 2818 5485 ﬁliis
2849 5428 2973 5485 suis
3004 5430 3396 5485 remanserint
3422 5446 3493 5486 ex
3514 5433 3634 5488 tota
3654 5429 3754 5487 illa
3773 5430 3932 5487 tribu

2281 5519 2539 5575 sexcenti
2569 5517 2674 5575 viri
2694 5520 3125 5576 tantummodo.
3146 5518 3312 5576 Unde
3342 5519 3652 5578 universus
3681 5518 3932 5594 populus

2282 5607 2588 5680 Israel,qui
2620 5607 2679 5663 in
2709 5607 2808 5663 illo
2839 5609 3156 5665 certamine
3187 5609 3467 5667 adversus
3495 5625 3596 5667 eos
3635 5625 3933 5683 processe-

2279 5701 2388 5770 rat,
2408 5714 2624 5772 eosque
2640 5701 3034 5772 prostraverat
3047 5697 3243 5773 gladio
3248 5700 3289 5773 ,j
3295 5702 3435 5758 uxta
3450 5698 3935 5777 divinamjussio—
