4152 6512
253 403 408 464 1029

1142 406 1244 467 DE
1291 407 1758 468 COERCENDO
1803 407 2067 467 RAP'I‘U
2114 406 2556 479 VIDUARUM,
2607 410 2778 472 ETC.

3509 418 3536 477 1
3547 415 3668 477 030

250 551 381 590 nem
407 535 464 588 in
491 534 770 590 ultionem
805 537 1038 591 nefandi
1071 538 1309 593 sceleris
1331 539 1659 593 vehementi
1695 544 1751 592 et
1775 539 1903 593 reli-
1929 543 1980 607 Α
2013 539 2123 592 sibi
2161 556 2366 594 uxores
2396 541 2742 612 acciperent.
2781 544 2840 598 In
2895 561 3010 616 qua
3059 562 3118 599 re
3161 546 3288 616 jam
3335 545 3496 601 nulla
3539 563 3664 602 me-

247 623 412 696 gioso
442 623 641 678 dolore
670 630 971 696 permotus
1003 629 1271 698 est,quod
1295 645 1362 682 ex
1383 628 1688 682 duodecim
1712 628 1902 682 tribu-

249 713 360 768 bus
383 712 648 784 ejusdem
667 713 1049 785 populi,sicut
1070 715 1142 770 ab
1163 715 1328 770 initio
1349 717 1579 771 fuerant
1600 717 1902 782 institutae,

249 806 308 856 et
337 802 410 856 de
438 801 681 874 XEgypto
706 801 985 868 liberatae,
1005 808 1062 858 et
1088 803 1148 858 in
1182 809 1398 859 terram
1432 805 1904 876 repromissionis

249 887 596 957 inductae,et
618 891 793 946 sortis
815 891 1228 948 distributione
1247 892 1640 948 haereditatem
1661 895 1902 966 adeptae,

252 995 369 1033 una
397 977 588 1033 tribus
640 983 762 1034 tam
814 979 1030 1035 nobilis
1080 985 1255 1053 atque
1305 981 1587 1054 prmelara
1615 983 1908 1039 videretur

250 1066 426 1122 etiam
459 1067 712 1124 sublata.
731 1070 1094 1140 Quapropter
1117 1069 1367 1124 nimium
1394 1069 1658 1125 dolentes
1680 1075 1736 1126 et
1763 1071 1903 1127 flen-

251 1159 551 1228 tes,atque
574 1155 888 1222 ululantes,
906 1158 1060 1228 quod
1091 1156 1360 1213 videlicet
1389 1157 1536 1214 illud
1569 1175 1905 1215 sacrosanc-

252 1247 379 1298 tum
401 1245 745 1316 mysterium
761 1245 1070 1300 duodecim
1091 1246 1538 1320 tribuum,quod
1562 1249 1619 1302 in
1643 1249 1907 1304 humeris

251 1332 468 1387 summi
489 1333 809 1389 sacerdotis
821 1333 1097 1390 intrantis
1114 1334 1172 1389 in
1187 1337 1401 1391 Sancta
1434 1341 1762 1392 sanctoram
1777 1355 1907 1410 ges-

250 1421 562 1477 tabaturin
583 1422 814 1478 duobus
832 1423 1104 1494 pretiosis
1134 1423 1433 1495 lapidibus
1457 1425 1516 1479 in
1561 1430 1812 1497 pectore,
1850 1431 1909 1482 et

251 1511 426 1567 etiam
457 1510 518 1566 in
542 1510 674 1567 aliis
695 1511 1009 1568 duodecim
1030 1511 1327 1584 lapidibus
1351 1513 1749 1586 pretiosis,sed
1772 1519 1829 1571 et
1847 1515 1906 1571 in

253 1616 457 1656 mensa
476 1599 536 1654 in
549 1600 860 1656 duodecim
876 1601 1131 1672 panibus
1147 1601 1516 1659 incessanter
1535 1603 1907 1670 offerebatur,

253 1693 310 1742 et
341 1689 537 1743 futuro
558 1687 989 1761 gloriosissimo
1013 1689 1414 1762 apostolorum
1444 1691 1620 1748 choro
1641 1692 1762 1748 haec
1793 1711 1912 1749 om-

251 1776 348 1832 nia
368 1778 866 1850 praaparabantur,
885 1782 1005 1833 tam
1030 1779 1228 1835 subita
1243 1779 1408 1835 clade
1430 1797 1496 1835 ac
1513 1779 1748 1852 lugubri
1769 1799 1908 1838 casu

247 1865 540 1922 videretur
559 1882 688 1922 esse
709 1867 1078 1922 decurtatum
1113 1873 1289 1939 atque
1337 1873 1702 1937 truncatum,
1729 1869 1910 1926 altare

252 1958 681 2023 exstruxerunt,
704 1954 959 2011 victimis
990 1960 1164 2028 atque
1196 1957 1596 2014 oblationibus
1629 1963 1686 2014 et
1719 1959 1830 2014 sibi
1853 1964 1910 2015 et

255 2043 372 2100 illis
402 2044 715 2100 Dominum
749 2045 1149 2117 placaverunt,
1183 2051 1237 2102 et
1271 2046 1469 2102 divina
1507 2049 1694 2120 gratia
1733 2049 1905 2105 mise-

256 2138 419 2188 rante
441 2138 498 2190 et
509 2137 1042 2206 cooperante,omni
1066 2152 1205 2190 cura
1225 2135 1563 2208 ingentique
1577 2138 1770 2193 studio
1784 2155 1910 2211 ege-

255 2228 411 2288 runt,
447 2227 509 2279 ut
539 2227 594 2278 et
625 2222 926 2295 plenitudo
950 2223 1148 2296 populi
1181 2225 1304 2289 Dei,
1338 2223 1427 2280 vel
1457 2225 1604 2280 tanti
1646 2227 1904 2298 mysterii

254 2310 485 2384 insigne
515 2313 668 2384 apud
693 2329 791 2368 eos
832 2312 1165 2368 nullatenus
1199 2313 1520 2384 deperiret:
1547 2315 1698 2370 sicut
1731 2316 1906 2371 mira-

256 2399 452 2456 biliter
483 2402 855 2473 postmodum
888 2403 1065 2456 etiam
1098 2403 1157 2456 in
1189 2402 1344 2458 Novo
1378 2404 1772 2469 Testamento,
1807 2422 1909 2476 per

259 2491 458 2545 beatos
491 2489 782 2562 apostolos
809 2496 1012 2546 sancto
1034 2490 1252 2563 Spiritu
1277 2496 1502 2564 agente,
1528 2499 1906 2565 procuratum

143 2626 152 2632 .
260 2583 368 2645 est,
402 2585 467 2633 ut
495 2579 758 2649 ejusdem
789 2580 1134 2635 duodenarii
1169 2581 1396 2634 numeri
1450 2587 1905 2650 sacramentum,

264 2669 419 2740 quod
441 2673 716 2741 pereunte
745 2669 900 2724 Juda
920 2669 1228 2724 videbatur
1256 2687 1384 2725 esse
1416 2669 1908 2738 mutilatum,ele-

261 2757 450 2812 ctione
479 2761 536 2812 et
565 2757 980 2830 subrogatione
1014 2758 1242 2812 Mathiae
1276 2759 1409 2829 (Act.
1448 2760 1484 2830 I)
1517 2765 1780 2815 maneret
1826 2760 1910 2815 in-

260 2851 587 2901 stauratum
621 2851 794 2918 atque
816 2848 1157 2918 perfectum.
1174 2848 1244 2901 Et
1264 2848 1566 2918 quoniam,
1592 2849 1795 2918 utjam
1820 2851 1906 2904 di-

259 2941 418 2990 ctum
437 2939 628 3000 est,ex
649 2939 769 2990 tota
791 2935 890 2990 illa
909 2935 1068 2990 tribu
1093 2937 1346 2991 sexcenti
1369 2936 1474 2991 viri
1497 2940 1908 3009 tantummodo

259 3023 1141 3096 superfuerant,quadringentis
1153 3041 1221 3080 ex
1231 3024 1314 3080 eis
1328 3025 1910 3098 quadringentasvir-

257 3112 426 3183 gines
443 3113 839 3185 providerunt,
856 3117 1031 3185 atque
1054 3113 1113 3168 in
1136 3114 1476 3187 conjugium
1500 3115 1868 3171 tradiderunt
1891 3132 1904 3172 :

255 3201 522 3258 ducentis
550 3218 685 3258 vero
713 3202 810 3274 qui
842 3202 1422 3274 remanserant,quia
1451 3218 1556 3258 nec
1586 3201 1738 3258 ﬁlias
1768 3220 1909 3259 suas

1940 1916 1988 1980 B

2013 627 2231 680 tuenda
2261 632 2416 682 esset
2445 628 2645 684 divina
2676 630 3024 703 indignatio,
3061 650 3194 688 cum
3229 651 3331 706 pro
3381 652 3578 692 amore
3609 640 3669 691 et

2013 717 2230 771 honore
2261 717 2474 784 divino,
2509 723 2566 773 et
2617 737 2720 790 pro
2771 721 2873 775 Dei
2923 739 3104 776 causa
3133 727 3321 778 totum
3375 729 3663 796 ageretur.

2014 805 2120 872 Qui
2140 805 2224 860 illi
2246 805 2424 861 tribui
2450 823 2596 879 pene
2609 825 2795 880 usque
2811 810 2881 864 ad
2905 809 3362 867 internecionem
3381 812 3671 884 deletae,et

2013 894 2073 948 in
2105 898 2398 950 transacto
2431 895 2580 950 bello
2605 897 2733 968 jam
2765 898 3104 954 restituerat
3135 901 3290 971 quod
3313 902 3667 973 merebatur,

2014 987 2073 1037 et
2104 981 2163 1036 in
2195 983 2466 1053 praesenti
2499 985 2773 1040 consultu
2806 985 3034 1042 occulta
3071 987 3157 1043 eis
3200 987 3581 1060 inspiratione
3613 994 3671 1045 et

2015 1070 2379 1142 providentia
2401 1072 2811 1130 miserebatur.
2838 1075 3082 1131 Servata
3103 1092 3241 1149 ergo
3260 1076 3671 1149 ubiquejusti-

1961 1218 1963 1222 ,
2012 1159 2257 1224 tia,cum
2277 1176 2465 1232 neque
2487 1159 2596 1215 illae
2619 1162 2824 1234 puellae
2865 1163 3063 1236 aliqua
3100 1163 3438 1222 lasciviavel
3462 1171 3672 1222 contu-

2017 1247 2334 1313 macia,sed
2360 1249 2704 1306 necessitate
2721 1249 2847 1305 sola
2860 1257 3168 1323 parentum
3182 1271 3423 1310 suorum
3443 1254 3674 1328 regimi-

2015 1352 2088 1390 ne
2112 1335 2376 1391 abductae
2408 1343 2622 1405 essent,
2644 1355 2748 1393 nec
2779 1338 2863 1394 illi
2894 1339 2995 1411 qui
3017 1357 3117 1396 eas
3149 1342 3672 1415 ceperant,aliquid

2017 1441 2123 1479 suo
2167 1422 2336 1480 libitu
2366 1424 2454 1480 vel
2486 1426 2836 1494 temeritate,
2870 1428 2971 1484 sed
3015 1429 3212 1501 populi
3263 1435 3321 1486 et
3373 1431 3671 1488 seniorum

2008 1511 2281 1583 jussione
2313 1517 2487 1585 atque
2519 1515 2865 1570 auctoritate
2895 1516 3172 1572 fecissent
3205 1535 3218 1573 :
3254 1520 3509 1574 restabat
3549 1519 3674 1576 sola

2017 1605 2328 1672 parentum
2351 1603 2722 1674 querimonia
2753 1605 3086 1660 rationabili
3132 1607 3531 1663 satisfactione
3578 1625 3672 1665 so-

2017 1688 2340 1761 pienda,de
2372 1707 2490 1761 qua
2517 1691 2601 1748 eis
2633 1693 2884 1765 majores
2919 1693 3164 1764 natuita
3184 1693 3492 1751 dixerunt:
3518 1695 3676 1752 Cum-

2018 1792 2120 1848 que
2148 1781 2397 1834 venerint
2422 1789 2668 1852 parentes
2716 1797 2925 1848 eorum,
2956 1790 3007 1837 et
3048 1782 3337 1839 adversum
3378 1801 3469 1840 vos
3516 1787 3677 1858 queri

2019 1867 2279 1938 eruperint
2332 1877 2492 1940 atque
2527 1870 2774 1940 jurgari,
2819 1871 3260 1942 respondebimus
3290 1875 3368 1928 eis
3398 1892 3417 1928 :
3451 1874 3676 1931 Misere-

2019 1956 2166 2010 mini
2195 1971 2399 2012 eorum.
2432 1957 2547 2013 Non
2577 1960 2727 2014 mtim
2757 1969 3012 2030 ceperunt
3049 1977 3141 2016 eas
3179 1961 3311 2033 jure
3352 1962 3676 2020 bellantium

2017 2051 2178 2115 atque
2209 2047 2495 2114 victorum,
2525 2047 2616 2102 sed
2649 2050 2968 2116 rogantibus
2989 2057 3051 2105 ut
3075 2050 3365 2118 daretis,et
3391 2069 3502 2107 non
3530 2053 3676 2109 dedi-

2017 2135 2132 2200 stis,
2167 2143 2218 2188 et
2247 2152 2281 2189 a
2305 2143 2479 2190 vestra
2505 2145 2662 2207 parte
2686 2146 2967 2208 peceatum
2995 2147 3074 2194 est
3105 2139 3248 2210 (Jud.
3281 2157 3395 2208 xxx,
3420 2143 3534 2209 22).
3564 2142 3675 2198 To-

2017 2226 2142 2277 tum
2173 2221 2355 2295 igitur
2414 2225 2570 2280 istud
2603 2225 3029 2282 rationabiliter
3067 2228 3386 2300 provisum,
3422 2229 3677 2286 rationa-

2019 2309 2216 2366 biliter
2245 2313 2488 2379 factum,
2525 2313 2948 2370 rationabiliter
2992 2316 3252 2384 ﬁnitum,
3287 2333 3390 2388 pro
3442 2316 3678 2388 publica

2018 2399 2290 2468 utilitate,
2327 2401 2562 2472 publica
2615 2402 2984 2469 auctoritate,
3017 2408 3190 2475 atque
3234 2404 3674 2474 intercessione,

2018 2487 2099 2542 ita
2129 2488 2427 2562 singulare
2459 2495 2547 2545 est
2591 2494 2648 2545 et
2670 2491 2913 2546 minime
2962 2492 3338 2560 imitandum,
3365 2492 3451 2549 vel
3485 2494 3678 2566 potius

2018 2579 2353 2650 mysticum,
2391 2583 2454 2634 ut
2493 2579 2671 2634 semel
2727 2578 2955 2652 legatur
2985 2586 3240 2652 gestum,
3274 2587 3332 2636 et
3372 2600 3676 2655 nunquam

2017 2667 2264 2722 ulterius
2289 2668 2586 2723 iteratum.

2088 2759 2221 2811 CAP.
2254 2757 2422 2811 XVII.
2457 2759 2822 2829 Quapropter
2872 2759 3027 2830 quod
3077 2758 3378 2831 Scriptura
3408 2761 3508 2815 Dei
3550 2779 3680 2817 nar-

2019 2851 2108 2901 rat
2130 2846 2200 2900 ad
2226 2845 2570 2900 memoriam
2616 2846 2870 2917 pietatis,
2887 2847 2975 2902 vel
2998 2848 3070 2902 ad
3104 2850 3675 2906 commendationem

2016 2934 2281 3006 mysterii
2333 2933 2679 3006 spiritualis,
2712 2935 2866 2991 absit
2915 2940 2980 2991 ut
3029 2935 3197 2991 stulti
3239 2941 3296 2992 et
3342 2936 3675 3009 impudenti

2017 3022 2342 3096 petulantia
2357 3022 2629 3078 dissoluti
2648 3040 2932 3095 usurpare
2956 3024 3377 3096 permittantur
3396 3026 3467 3082 ad
3490 3043 3679 3083 exem-

2016 3110 2180 3183 plum
2213 3111 2299 3167 vel
2319 3110 2715 3168 defensionem
2767 3130 2885 3168 suae
2935 3113 3331 3184 procacitatis,
3366 3118 3430 3170 ut
3471 3119 3678 3188 putent

2017 3217 2079 3256 se
2111 3202 2221 3256 isto
2248 3199 2534 3272 exemplo,
2562 3217 2695 3257 cum
2729 3218 2843 3258 non
2877 3201 3047 3258 facile
3079 3202 3399 3275 impetrant
3419 3221 3454 3260 a
3475 3221 3679 3276 paren-

254 3291 480 3347 tradere
512 3294 799 3364 poterant,
833 3292 1130 3347 constricti
1172 3293 1513 3362 juramento
1551 3298 1608 3350 et
1656 3293 1904 3349 maledi-
1936 3287 1979 3354 C
2016 3289 2196 3356 tibus,
2220 3289 2392 3345 licere
2424 3289 2537 3345 sibi
2590 3306 2792 3362 rapere
2843 3307 2990 3363 quas
3040 3291 3354 3364 voluerint,
3387 3298 3444 3348 et
3477 3298 3678 3366 postea

256 3378 444 3436 ctione
463 3380 934 3452 quajuraverant
964 3397 1336 3454 nequaquam
1371 3399 1432 3438 se
1464 3383 1550 3438 eis
1573 3383 1814 3439 daturos
1835 3385 1906 3438 de

256 3467 490 3524 filiabus
537 3469 664 3525 suis
712 3486 943 3537 uxores,
973 3487 1077 3526 nec
1137 3470 1280 3526 alias
1331 3471 1590 3526 invenire
1639 3475 1908 3544 poterant

255 3573 402 3628 quas
435 3557 520 3614 eis
550 3557 731 3614 libere
754 3559 1229 3626 traderent,sicut
1252 3561 1508 3616 fecerant
1529 3577 1597 3616 ex
1617 3561 1908 3617 habitato-

255 3647 419 3702 ribus
437 3648 608 3704 Jabes
631 3647 867 3717 Galaad,
895 3650 994 3721 qui
1028 3666 1132 3704 nec
1157 3650 1213 3704 in
1248 3649 1347 3705 illo
1372 3651 1713 3722 juramento
1737 3651 1910 3706 inter-

258 3736 510 3804 fuerant,
543 3741 600 3793 et
632 3742 833 3809 postea
862 3738 920 3792 in
955 3743 1072 3793 tam
1107 3738 1340 3811 publico
1362 3744 1418 3794 et
1449 3739 1717 3812 religioso
1755 3740 1920 3816 bello

254 3826 459 3881 adesse
471 3825 941 3899 neglexerant,ac
964 3846 1066 3900 per
1087 3828 1463 3900 hoclcgitime
1487 3828 1732 3884 interﬁci
1749 3831 1905 3901 jussi

249 3920 411 3988 sunt,
442 3921 499 3972 et
526 3933 595 3973 ex
624 3917 709 3973 eis
737 3917 1178 3989 quadringentae
1212 3923 1438 3973 tantum
1473 3917 1723 3989 virgines
1763 3920 1906 3976 resi-

247 4008 459 4077 gnatas,
480 4022 604 4077 quae
637 4007 708 4060 ad
742 4006 1165 4077 reparationem
1189 4007 1380 4062 tribus
1399 4007 1790 4078 Benjamiticze
1813 4009 1909 4064 ad-

248 4094 617 4150 ducerentur.
634 4095 814 4151 Erant
829 4095 1028 4166 itaque
1046 4096 1264 4152 residui
1283 4095 1645 4152 habitatores
1658 4095 1906 4164 Silo,ubi

249 4188 391 4238 tunc
420 4184 804 4241 constitutum
836 4190 960 4241 erat
990 4185 1437 4241 tabernaculum
1489 4186 1612 4254 Dei,
1647 4187 1746 4259 qui
1800 4204 1905 4243 nec

248 4272 308 4326 in
344 4271 440 4327 illo
463 4274 825 4344 juramonto,
850 4291 954 4330 nec
986 4275 1044 4334 in
1064 4273 1164 4330 illa
1186 4292 1403 4347 pugna,
1424 4275 1667 4332 forsitan
1697 4275 1908 4332 immu-

249 4361 430 4417 nitate
459 4363 800 4430 sanctuarii,
835 4364 926 4418 cui
964 4381 1066 4435 pro
1097 4364 1393 4420 vicinitate
1436 4364 1786 4421 familiarius
1816 4365 1906 4421 vel

246 4452 426 4507 etiam
449 4452 686 4508 as’sidue
719 4454 1175 4520 famulabantur,
1200 4455 1382 4510 fuisse
1416 4455 1686 4510 credendi
1723 4459 1862 4510 sunt
1890 4473 1902 4510 :

246 4546 306 4596 et
337 4541 551 4597 idcirco
573 4541 814 4598 licenter
834 4545 971 4598 dare
994 4543 1255 4615 potuisse
1297 4544 1440 4598 istas
1481 4543 1632 4598 ﬁlias
1678 4562 1816 4599 suas
1846 4545 1904 4599 in

2017 3378 2394 3451 complacatis
2418 3373 2955 3451 parentibus,quasi
2975 3367 3239 3453 legitimo
3256 3398 3356 3448 eas
3379 3383 3678 3460 matrimoj

2017 3467 2113 3524 nio
2144 3468 2401 3523 detinere
2435 3485 2447 3523 :
2484 3485 2620 3524 cum
2651 3468 2782 3536 hoc,
2817 3469 2970 3525 sicut
2989 3470 3116 3541 jam
3149 3470 3375 3526 dictum
3414 3475 3523 3539 est,
3557 3488 3676 3528 non

2017 3557 2094 3614 sit
2112 3556 2397 3629 scriptum
2420 3557 2492 3612 ad
2515 3556 3036 3628 exemplum,unde
3057 3575 3161 3614 nec
3186 3576 3448 3631 unquam
3473 3565 3676 3632 postea

2016 3652 2105 3703 est
2134 3651 2505 3718 usurpatum,
2541 3648 2641 3702 sed
2676 3647 2753 3702 sit
2783 3647 2842 3702 in
2884 3647 2976 3702 his
3026 3647 3384 3702 admirandae
3416 3649 3673 3704 devotio-

2017 3737 2109 3792 nis
2139 3737 2642 3807 commemoratio,
2675 3742 2732 3792 et
2762 3737 3035 3808 profundi
3069 3736 3331 3808 mysterii
3374 3753 3674 3793 commen-

2017 3825 2196 3880 datio.
2232 3826 2300 3878 Et
2331 3824 2409 3880 ibi
2445 3825 2681 3896 quidem
2715 3825 3024 3897 propitiato
3056 3830 3113 3880 et
3143 3825 3370 3896 placato
3400 3826 3673 3898 omnipo-

2015 3914 2160 3968 tenti
2191 3914 2327 3982 Deo,
2361 3913 2533 3984 cujus
2564 3913 2722 3968 cultu
2755 3917 2812 3968 et
2841 3913 3059 3968 honore
3100 3917 3288 3969 totum
3337 3915 3670 3985 gerebatur,

2016 4002 2142 4058 sola
2172 4007 2480 4074 parentum
2514 4001 2916 4058 misericordia
2957 4001 3271 4074 implorata
3300 4008 3410 4071 est,
3447 4008 3509 4058 ut
3538 4021 3671 4076 par-

2017 4097 2214 4148 cerent
2240 4091 2359 4148 illis
2381 4091 2649 4147 ducentis
2680 4091 2841 4157 viris,
2865 4108 2936 4147 ne
2965 4091 3052 4147 vel
3087 4091 3146 4146 in
3183 4091 3293 4147 hac
3325 4095 3486 4164 parte
3513 4092 3672 4153 inve-2

2019 4182 2169 4237 niret
2209 4182 2266 4237 in
2300 4182 2384 4236 eis
2417 4181 2625 4238 divinae
2657 4180 2802 4254 legis
2845 4180 3089 4253 aequitas
3138 4181 3293 4252 quod
3343 4181 3668 4239 damnaret.

2017 4273 2362 4342 Quanquam
2385 4275 2492 4326 eta
2515 4273 2822 4342 parentum
2846 4275 3008 4342 parte
3041 4287 3172 4326 vere
3210 4275 3512 4342 peccatum
3543 4288 3674 4328 esse

2015 4360 2299 4427 videatur,
2336 4359 2473 4431 quia
2495 4360 2554 4414 in
2587 4359 2946 4416 consulendo
2978 4363 3151 4415 tanta:
3177 4363 3233 4414 et
3270 4364 3392 4416 tam
3424 4360 3670 4432 publica

2018 4449 2349 4504 necessitati
2401 4449 2665 4502 duriores
2715 4447 3082 4512 exstiterunt,
3118 4447 3176 4502 in
3208 4453 3439 4504 tantum
3470 4454 3535 4505 ut
3565 4467 3670 4507 nec

2017 4538 2358 4609 rogantibus
2381 4537 2568 4608 primo
2593 4537 2730 4592 dare
2753 4536 3092 4593 voluissent.
3114 4538 3215 4592 llic
3235 4555 3368 4594 vero
3390 4539 3505 4594 Deo
3544 4556 3672 4596 exa-

245 4631 720 4702 conjugium,sed
740 4633 995 4704 quadam
1011 4632 1227 4687 duritia
1250 4638 1305 4686 et
1328 4633 1722 4688 exsecratione
1745 4633 1904 4689 illius
1935 4662 1982 4726 Ι)
2017 4632 2245 4698 SpemlO
2276 4632 2331 4681 et
2361 4626 2432 4681 ad
2475 4625 2841 4681 iracundiam
2877 4627 3397 4699 ΡῐὉνοοᾶιονοιΙᾸυε
3414 4627 3508 4726 lex
3536 4645 3670 4684 εοῐι·

246 4719 542 4789 facinoris,
577 4722 731 4793 quod
764 4739 798 4777 a
826 4722 982 4777 tribu
1016 4722 1320 4792 Benjamin
1366 4723 1554 4777 fuerat
1601 4729 1898 4794 perpetra-

242 4813 396 4879 tum,
425 4809 613 4865 facere
645 4810 921 4867 noluisse.

315 4898 451 4954 CAP.
482 4899 622 4956 XVI.
657 4900 936 4956 Restabat
965 4901 1168 4973 igitur,
1201 4906 1266 4957 ut
1297 4901 1437 4973 quia
1469 4919 1574 4957 nec
1626 4905 1896 4974 parentes

242 4985 502 5058 legitime
527 4988 796 5061 compelli
829 4994 1098 5062 poterant
1121 4994 1184 5045 ut
1216 4989 1476 5047 nolentes
1509 4992 1715 5046 darent
1748 4990 1898 5046 filias

242 5091 405 5143 suas,
435 5081 492 5132 et
523 5094 644 5132 rem
666 5079 982 5134 voluntatis
1015 5096 1082 5134 ex
1113 5081 1459 5136 necessitate
1490 5081 1766 5148 facerent,
1791 5096 1898 5136 nec

241 5165 382 5236 ipsa:
415 5165 544 5221 ﬁliai
576 5168 868 5224 hostiliter
896 5169 1007 5224 sibi
1029 5174 1225 5224 essent
1256 5169 1762 5242 auferendzeﬁpsis
1783 5169 1896 5225 vir-

241 5253 479 5324 ginibus
502 5258 952 5328 procedentibus
977 5258 1410 5314 solemnissimo
1426 5259 1516 5315 die
1538 5260 1610 5315 ad
1629 5264 1901 5315 sanctua-

239 5344 394 5399 rium
420 5345 674 5415 Domini,
691 5349 1014 5420 chorosque
1035 5348 1408 5416 ducentibus,
1431 5348 1662 5403 ducenti
1691 5349 1772 5403 illi
1792 5348 1899 5403 viri

241 5432 463 5505 absque
493 5437 864 5510 conjugibus,
900 5454 968 5492 ex
1011 5436 1283 5492 consultu
1335 5439 1392 5491 et
1437 5436 1678 5491 consilio
1721 5441 1898 5509 atque

239 5521 586 5580 auctoritate
618 5525 817 5598 populi
850 5530 906 5580 et
936 5526 1257 5593 seniorum,
1281 5541 1385 5596 pro
1407 5523 1898 5596 redintegratione

237 5611 504 5682 ejusdem
536 5614 758 5686 populi,
793 5619 849 5670 et
893 5615 1330 5671 conversatione
1380 5612 1557 5668 divini
1609 5614 1892 5686 mystcrii,

237 5705 476 5775 repente
506 5701 590 5760 eis
620 5708 1010 5774 occurrerent,
1043 5709 1099 5762 et
1123 5721 1191 5762 ex
1219 5703 1314 5762 his
1362 5701 1578 5778 singuli
1629 5702 1894 5777 singulas

2010 4717 2313 4784 temnitur,
2329 4716 2499 4786 cujus
2520 4715 2778 4771 Ecclesia
2798 4720 2856 4771 et
2879 4717 3210 4772 sacerdotes
3227 4715 3664 4785 conculcantur,

2010 4807 2180 4877 cujus
2229 4807 2501 4859 sanctum
2537 4803 2822 4876 templum
2856 4804 3140 4876 sacrilega
3169 4809 3226 4858 et
3255 4804 3477 4858 nefaria
3520 4820 3664 4874 prae-

2008 4895 2344 4968 sumptione
2373 4891 2643 4960 violatur,
2679 4910 2797 4966 qua
2845 4894 3098 4950 stultitia
3148 4897 3321 4964 atque
3369 4892 3669 4950 dementia

2008 4990 2220 5058 putant
2250 4982 2495 5055 placatis
2526 4987 2582 5037 et
2626 4982 2946 5054 pacificatis
2994 4980 3355 5055 parentibus,
3389 4985 3663 5052 pacatam

2008 5093 2068 5130 se
2098 5073 2310 5129 habere
2333 5089 2503 5144 posse
2535 5070 2853 5126 Ecclesiam
2871 5070 2994 5136 Dei,
3011 5074 3068 5125 et
3090 5086 3292 5126 eorum
3315 5068 3663 5126 auctoritate

2007 5169 2164 5219 stare
2195 5179 2363 5234 posse
2396 5160 2699 5215 confidunt
2728 5159 2882 5231 quod
2915 5158 3118 5213 divina:
3149 5157 3293 5229 legis
3324 5161 3380 5213 et
3425 5155 3660 5212 sancto-

2005 5271 2136 5309 rum
2170 5253 2403 5307 Patrum
2426 5247 2770 5306 auctoritate
2791 5247 3133 5314 destruitur,
3159 5263 3293 5302 cum
3319 5250 3492 5302 tantae
3516 5263 3658 5319 prae-

2009 5340 2382 5399 varicationis
2414 5343 2470 5394 et
2499 5335 2819 5409 impietatis
2875 5335 3427 5399 malum.adversus
3477 5335 3662 5392 Deum

2009 5437 2064 5488 et
2095 5429 2411 5488 Ecclesiam
2444 5428 2571 5498 ejus
2594 5425 2999 5490 commissum,
3023 5423 3186 5480 nulla
3215 5422 3459 5492 ratione,
3479 5423 3659 5481 nullis

1959 5527 1962 5530 ’
2010 5519 2372 5594 argumentis
2404 5513 2701 5572 emendari
2734 5513 2938 5586 possit,
2965 5514 3079 5570 nisi
3111 5513 3529 5586 omnipotentis
3557 5513 3659 5570 Dei

2007 5615 2063 5666 et
2092 5605 2358 5663 Ecclesiae
2371 5601 2597 5676 judicio
2621 5619 2686 5658 ac
2708 5602 3145 5658 satisfactione?
3167 5601 3250 5658 Ibi
3274 5601 3454 5674 igitur
3471 5606 3675 5659 osten-‘

2006 5699 2198 5756 denda
2225 5700 2315 5754 est
2344 5695 2507 5751 tanta
2534 5692 2810 5750 facinoris
2840 5691 3283 5765 emendatio,ibi
3315 5691 3660 5770 suppliciter
