4152 6524
3801 373 3961 436 1039

544 353 695 414 ίθθί
1316 357 1703 420 HINCMARI
1749 359 1993 421 RHEM.
2045 361 2409 436 ARCHIEP,
2453 363 2864 428 OPUSGULA
2906 365 3173 431 VARIA.

536 487 706 541 venia
731 483 1197 558 postulanda,ibi
1229 486 1474 544 sollicite
1494 490 1814 547 satisfactio
1835 490 2191 562 exhibenda,
2213 495 2267 563 Α
2295 498 2611 564 cremento,
2646 500 2711 552 ut
2740 498 3081 571 conjugium
3106 516 3221 556 non
3238 504 3559 574 separetur,
3580 507 3641 559 et
3660 503 3959 562 dimissus

534 570 592 627 id
643 576 734 628 est
792 571 850 627 in
896 571 1157 630 Ecclesia
1201 573 1325 642 Dei,
1358 577 1515 648 apud
1564 578 1895 633 sacerdotes
1937 578 2062 650 Dei,
2085 579 2185 637 ubi
2295 588 2396 639 aut
2414 584 2663 640 dimissa
2684 602 2789 642 nec
2809 570 2989 644 causa
3008 570 3957 665 prolisaltericonjungaturﬂec

528 658 903 718 solummodo
946 661 1228 718 veraciter
1273 663 1525 720 obtineri
1576 670 1769 736 potest
1809 670 1868 722 et
1914 667 2183 726 remissio
2292 675 2382 728 est
2399 676 2680 745 tanquam
2701 674 2904 747 regula
2926 658 3288 749 nuptiarum,
3313 678 3451 751 quia
3492 658 3582 737 vel
3603 658 3828 739 natura
3855 683 3957 740 de-

527 749 775 821 peccati,
807 753 868 806 et
895 749 1231 823 propitiatio
1261 752 1390 825 ejus
1420 752 1519 826 qui
1552 754 1812 811 offensus
1850 760 1941 813 est
1988 756 2182 814 omni-
2290 767 2523 817 coratur
2543 761 2899 834 fecunditas,
2919 763 3010 820 vel
3032 749 3367 824 innocentia
3384 768 3611 843 regitur
3628 769 3956 843 pravitas.-

532 837 791 911 potentis
811 837 936 896 Dei.
2285 849 2574 907 Audiatur
2591 855 2650 907 et
2668 849 2816 908 illud
2838 853 2997 925 quod
3017 854 3090 911 de
3111 854 3353 928 reliquis
3365 837 3598 915 duobus
3610 837 3953 930 ordinibus,

516 974 519 975 ν
591 954 2177 1028 CAp.XVllI.Adjiciuntistiusmodibominesmalissuis

524 1039 704 1097 etiam
724 1041 887 1099 illam
919 1042 1097 1100 nimis
1122 1045 1406 1103 audacem
1427 1051 1486 1103 et
1501 1047 1861 1120 puniendam
1892 1065 2177 1123 praesume

522 1129 878 1203 ptionem,ut
898 1132 1246 1193 adulterinis
1265 1139 1324 1192 et
1347 1136 1722 1194 exsecrandis
1732 1155 1849 1195 non
1861 1140 2175 1213 coniugiis,-

521 1219 622 1274 sed
638 1218 1066 1279 coliuvionibus
1076 1222 1581 1295 suis,postulando
1596 1242 1663 1283 ac
1675 1225 2062 1301 supplicando
2077 1245 2175 1285 au-

516 1306 843 1364 ctoritatem
861 1308 950 1365 vel
972 1309 1390 1368 mediationem
1412 1311 1817 1386 religiosorum
1840 1314 2170 1389 principum

518 1396 828 1469 acquirant
849 1414 863 1453 :
886 1398 1043 1471 quod
1074 1400 1230 1456 absit
1255 1417 1291 1456 a
1320 1400 1595 1459 fidelibus
1616 1406 1676 1458 et
1695 1403 1985 1461 ministris
2008 1404 2170 1478 regni

517 1482 734 1541 Christi
749 1484 1209 1559 principibus,ut
1222 1489 1575 1562 cujusquam
1598 1490 1945 1565 improbitas
1964 1508 2167 1552 eorum

515 1571 845 1630 interdictis
856 1573 943 1630 vel
963 1574 1488 1636 interventionibus
1499 1580 1807 1652 adjuvetur
1824 1598 1837 1638 :
1859 1597 1995 1638 cum
2009 1581 2167 1656 leges

514 1659 809 1732 Romanis,
827 1667 887 1719 et
915 1662 1404 1723 Christianissimi
1434 1666 1669 1724 illorum
1692 1674 2023 1743 temporum
2053 1670 2164 1728 im-

510 1752 806 1822 peratores
838 1752 1317 1812 manifestissime
1347 1760 1404 1811 et
1426 1756 1763 1828 justissima
1804 1760 2160 1829 censuerint,

508 1853 609 1894 eos
630 1838 731 1912 qui
754 1839 992 1912 injustis
1012 1847 1068 1897 et
1079 1842 1465 1901 fraudulentis
1488 1846 1955 1920 petitionibus,et
1976 1850 2159 1906 maxi-

507 1934 603 1984 me
631 1926 691 1984 in
714 1928 817 1985 tali
842 1946 1042 1999 causa,
1058 1932 1413 2006 principales
1433 1951 1605 1991 aures
1626 1936 2162 2009 inquietaverint,et

504 2014 735 2073 indulto
757 2018 1038 2076 beneficio
1055 2036 1271 2091 carere,
1285 2026 1345 2078 et
1363 2022 1606 2097 insuper
1624 2025 1828 2082 exsilio
1845 2027 2157 2100 deportari,

505 2108 566 2161 et
594 2104 746 2162 ﬁiios
776 2106 877 2180 qui
909 2124 978 2164 ex
1007 2108 1349 2181 bujusmodi
1380 2112 1789 2185 ignominiosis
1810 2120 1869 2173 et
1889 2117 2161 2174 adulteri-

505 2192 598 2248 nis
627 2196 1141 2267 conjunctionibus
1181 2200 1398 2257 fuerint
1444 2204 1751 2275 procreati,
1784 2221 2157 2279 nequaquam

504 2280 801 2355 legitimos
829 2285 1217 2358 deputandos,
1250 2305 1357 2346 nec
1388 2290 1746 2349 hereditatis
1788 2296 2159 2353 succeesione

504 2369 923 2429 honestandos.
956 2374 1348 2434 Obsecremus
1386 2378 1567 2452 igitur
1616 2383 2157 2443 mansuetissimam

502 2460 992 2532 tranquillitatem
1023 2469 1296 2533 vestram,
1328 2467 1831 2528 Christianissime
1859 2477 1916 2528 et
1942 2473 2151 2547 glorio-

503 2547 639 2604 sissi
649 2565 741 2604 me
756 2549 1120 2625 princeps,ut
1138 2571 1341 2627 preces
1351 2560 1411 2613 et
1430 2558 1890 2632 supplicationes
1904 2566 2154 2632 nostras,

503 2652 652 2709 quas
672 2654 779 2710 pro
806 2639 1064 2697 Ecclesia
1095 2641 1196 2698 Dei
1226 2649 1285 2701 et
1314 2646 1780 2705 sanctiﬁcatione
1827 2655 2004 2726 atque
2050 2652 2154 2710 ho-

500 2741 643 2783 nore
670 2728 930 2801 corporis
957 2730 1100 2787 Jesu
1131 2731 1348 2791 Christi
1378 2735 1612 2792 Domini
1637 2742 1696 2794 et
1715 2739 2031 2799 Salvatoris
2055 2759 2155 2799 no-

500 2814 607 2903 stri
636 2815 977 2886 deferimus,
1008 2819 1324 2879 clementer
1353 2824 1629 2896 audiatis,
1665 2834 1938 2903 prompta
1979 2831 2152 2889 devo-

497 2901 656 2961 tione
685 2904 1044 2980 suscipiatis,
1064 2914 1122 2966 et
1150 2910 1343 2969 insitae
1365 2913 1667 2988 religionis
1697 2901 1905 2975 aﬂ‘ectu
1940 2936 2008 2977 ac
2028 2919 2151 2978 zelo

497 2993 735 3050 strenue
764 2998 939 3067 atque
966 2996 1213 3056 sollicite
1242 3001 1471 3058 eﬁ'ectui
1503 3005 1872 3078 mancipetis.
1906 3009 2021 3067 Nec
2061 3027 2150 3067 re-

494 3080 971 3171 prehendendam
980 3087 1261 3158 judicetis
1275 3105 1476 3148 curam
1488 3096 1547 3149 et
1557 3093 1855 3153 solertiam
1867 3098 2151 3171 pusillita-

493 3169 572 3261 tis
593 3175 986 3261 nostrm,quod
1010 3175 1132 3234 haec
1155 3176 1273 3235 Deo
1292 3185 1629 3255 protegente
1652 3201 1767 3241 non
1790 3169 2028 3261 ubique,
2044 3190 2147 3246 sed

2286 935 2347 993 in
2396 943 2618 1011 quanta
2647 939 2957 999 sanctitate
2997 946 3055 999 et
3083 944 3404 1002 reverentia
3432 945 3636 1004 haberi
3666 947 3953 1018 debeant,

2284 1024 2378 1083 his
2407 1028 2600 1086 verbis
2629 1028 2844 1087 iterum
2874 1031 3105 1105 dicunt,
3124 1033 3305 1091 David
3328 1052 3463 1093 cum
3479 1052 3698 1109 magno
3718 1038 3819 1095 sui
3840 1055 3952 1112 pn-

2283 1114 2422 1173 dore
2450 1116 2657 1174 furtim
2689 1119 2761 1175 ad
2793 1119 3000 1178 militis
3030 1121 3123 1179 sui
3152 1122 3406 1182 intrasse
3446 1126 3632 1183 fertur
3674 1143 3948 1194 uxorem,

2282 1220 2388 1261 nec
2415 1209 2610 1264 tamen
2631 1208 2875 1265 evadere
2893 1211 3085 1283 potuit
3118 1211 3426 1272 ultionem.
3441 1215 3531 1272 Tu
3559 1216 3633 1272 ad
3654 1232 3947 1289 sponsam

2280 1293 2434 1367 regis
2455 1294 2669 1353 Christi
2691 1298 3118 1370 temerandam,
3139 1301 3479 1360 cubiculum
3498 1305 3736 1362 Domini
3756 1306 3949 1363 domi-

2278 1398 2491 1439 norum
2513 1383 2888 1459 impudenter
2909 1387 3233 1462 ingressus,
3248 1393 3543 1465 quomodo
3562 1408 3694 1452 esse
3715 1395 3945 1468 poteris

2277 1470 2606 1545 impunitus
2621 1473 2649 1530 ‘I
2676 1476 2756 1532 Ae
2784 1475 2831 1533 si
2858 1476 3004 1534 forte
3022 1477 3340 1549 vidua,aut
3370 1498 3741 1557 quaecunque
3761 1484 3943 1542 fuerit

2274 1559 2396 1630 illa,
2421 1563 2683 1620 nondum
2714 1565 2979 1638 professa
3007 1566 3435 1627 continentiam
3464 1571 3943 1647 castitatiqu

2273 1648 2415 1709 libet
2451 1650 2555 1709 illa
2583 1652 2681 1719 sit,
2716 1671 2861 1713 uxor
2891 1654 3006 1712 dici
3035 1674 3153 1713 non
3182 1661 3377 1731 potest
3404 1662 3741 1733 prostituta,
3775 1667 3938 1721 uter-

2273 1755 2386 1813 que
2415 1745 2675 1800 vestrum
2727 1748 2866 1802 nota
2913 1762 3149 1820 semper
3194 1747 3465 1808 inuratur
3509 1749 3793 1819 infamia,
3827 1770 3937 1811 nec

2272 1828 2442 1887 aliter
2460 1831 2610 1888 tanti
2632 1832 2904 1892 criminis
2932 1835 3165 1894 macula
3183 1837 3398 1911 poterit
3424 1838 3663 1913 aboleri,
3681 1840 3802 1898 nisi
3830 1846 3937 1901 aut

2270 1918 2507 1991 publica
2531 1920 2727 1994 legum
2749 1921 3120 1981 saecularium
3143 1925 3414 1984 saeviente
3433 1944 3683 1986 censura
3697 1928 3934 1987 adulte-

2271 2007 2424 2065 rium
2455 2010 2745 2068 mortibus
2776 2012 3059 2085 expietur,
3075 2019 3179 2072 aut
3207 2020 3362 2073 certe
3389 2016 3695 2090 pmfundis
3720 2018 3935 2075 afflicti

2268 2096 2462 2154 cordis
2488 2099 2808 2170 gemitibus
2838 2107 2896 2158 et
2922 2118 3069 2159 verte
3105 2105 3458 2177 pcenitentiae
3501 2106 3752 2181 jugibus
3782 2107 3932 2165 dum

2266 2184 2479 2242 vivitur
2505 2186 2895 2262 lacrymarum
2947 2191 3210 2250 fontibus
3239 2192 3534 2253 abluatur.
3567 2196 3746 2257 Exeat
3790 2214 3935 2271 ergo

2269 2274 2368 2346 qui
2399 2275 2556 2333 dicat
2594 2279 2816 2334 crimen
2856 2279 2979 2337 ~hoc
3009 2282 3234 2355 nuptiis
3278 2285 3741 2356 emendandum,
3770 2292 3831 2344 et
3858 2287 3935 2344 de

2268 2363 2485 2422 scelere
2516 2366 2718 2424 statim
2750 2368 2989 2426 nomine
3027 2371 3370 2445 conjugium
3401 2379 3638 2432 censeat
3668 2392 3800 2434 esse
3830 2393 3931 2434 vo-

2267 2453 2548 2511 candum.
2579 2457 2628 2512 A
2657 2473 2751 2513 me
2778 2457 2998 2516 invitus
3022 2461 3304 2518 veraciter
3330 2462 3547 2533 audiet,
3565 2464 3927 2525 adulterium

2267 2541 2606 2601 nullatenus
2637 2546 2751 2603 dici
2783 2547 3125 2622 conjugium
3161 2568 3175 2607 :
3207 2553 3553 2627 conjugium
3581 2554 3737 2612 enim
3794 2555 3929 2614 reli-

2265 2630 2413 2705 giosi
2447 2633 2703 2692 nominis
2736 2636 3087 2696 vocabulum
3111 2643 3219 2697 est.

2334 2721 2470 2779 CAP.
2492 2723 2606 2781 XX.
2632 2724 2735 2782 His
2756 2731 3096 2785 sanctorum
3110 2728 3347 2787 Patrum
3378 2731 3573 2790 verbis
3597 2737 3774 2808 atque
3794 2753 3922 2793 seu.

2260 2811 2461 2869 tentiis
2482 2814 2615 2886 subj
2624 2831 2915 2889 ungemus
2937 2817 3131 2876 adhuc
3150 2836 3336 2892 pauca
3356 2837 3428 2878 ex
3464 2823 3649 2880 sacris
3677 2825 3921 2884 canoni-

2260 2899 2373 2956 bus
2404 2902 2745 2972 sententias,
2768 2921 2918 2978 quas
2968 2905 3027 2963 in
3077 2909 3629 2983 contemplationem
3677 2913 3917 2972 Domini

2260 2989 2444 3047 nostri
2463 2991 2605 3049 Jesu
2629 2992 2940 3063 Christi,et
2967 2995 3248 3055 honorem
3289 3015 3358 3056 ac
3390 2998 3667 3073 pietatem
3697 3008 3916 3061 sancta

2258 3080 2466 3166 matris
2494 3080 2785 3153 Ecclesiae,
2816 3085 2988 3157 cujus
3025 3085 3349 3146 visceribus
3398 3093 3512 3147 Deo
3560 3092 3705 3161 nati,
3736 3095 3916 3166 cuius

2256 3165 2581 3226 honoribus
2605 3168 2881 3230 illustrati
2903 3173 3066 3245 estis,
3084 3179 3143 3232 et
3157 3177 3509 3236 aaternaliter
3526 3165 3912 3242 illustrandae

494 3256 553 3313 in
586 3258 883 3333 plerisque
907 3265 1070 3338 regni
1102 3266 1284 3343 hujus
1316 3270 1582 3343 partibus
1612 3275 1885 3348 contagia
1912 3256 2147 3357 funesta
2177 3261 2221 3329 α
2253 3273 2517 3357 νοεηθὲῗθ
2543 3261 2857 3357 ⁰9¹ἶδάίίίθν
2891 3262 3166 3357 ῗθίξείοδα
3214 3284 3557 3340 ίῖυωδυωυθ
3607 3270 3915 3331 άθνοίίοπθ

493 3353 859 3438 grassantur.
882 3354 1029 3419 Quia
1058 3355 1228 3413 nobis
1258 3356 1394 3415 licet
1422 3358 1684 3435 indignis
1714 3370 1773 3420 et
1801 3353 2150 3438 minimis,et

492 3436 758 3509 exemplo
789 3442 1109 3512 apostolico
1136 3460 1279 3502 cura
1309 3447 1481 3505 debet
1508 3448 1850 3511 incumbere
1879 3436 2146 3514 omnium

370 3546 375 3549 -
493 3519 909 3599 Ecclesiarum,
944 3535 1002 3587 et
1044 3535 1284 3593 omnino
1334 3536 1646 3610 vigilanter
1692 3542 2064 3603 admonenda
2090 3550 2149 3605 et

492 3613 869 3686 praedicanda
888 3624 1032 3678 sunt
1060 3621 1177 3680 ista
1195 3622 1371 3682 etiam
1393 3626 1495 3683 ubi
1517 3645 1634 3686 non
1664 3630 1833 3690 fiunt.
1859 3635 2145 3702 Quoniam

490 3705 549 3758 et
574 3708 713 3761 ante
726 3722 1016 3766 venenum
1038 3715 1127 3768 est
1154 3712 1555 3774 adhibendum
1579 3718 1996 3793 antidotum,et
2014 3725 2141 3783 vul-

490 3806 626 3865 nus,
658 3793 801 3852 dum
832 3796 1027 3856 adhuc
1069 3805 1383 3862 crescendo
1410 3806 1564 3864 male
1596 3810 1846 3882 prolicit,
1870 3812 1957 3869 vel
1989 3830 2144 3873 rese-

486 3882 740 3940 candum
762 3890 851 3977 est
878 3887 966 3945 vel
993 3892 1344 3951 curandum.
1362 3895 1615 3954 Oramus
1636 3898 1834 3973 itaque
1854 3902 1912 3958 et
1933 3901 2143 3977 implo-

486 3986 688 4029 ramus
709 3990 744 4030 a
764 3975 927 4031 vobis
949 3978 1421 4055 auxilium,quod
1448 3985 1532 4041 illi
1555 3987 1680 4043 sine
1697 3988 1875 4046 dubio
1895 3975 2141 4061 debetis,

484 4061 655 4132 cujus
676 4077 919 4120 munere
935 4065 1153 4124 floretis
1168 4075 1347 4143 atque
1372 4072 1628 4144 polletis,
1647 4081 1711 4132 ut
1736 4082 1853 4135 tres
1874 4080 2143 4139 Ecclesia:

483 4149 740 4241 ordines,
754 4150 873 4207 imo
889 4152 1099 4226 triplex
1119 4159 1243 4231 agri
1266 4160 1447 4218 divini
1466 4163 2009 4241 fructus,videlicet,
2038 4173 2143 4228 tri-

480 4236 759 4305 cesimus,
814 4244 1240 4318 sexagesimus,
1300 4253 1474 4324 atque
1534 4256 1913 4326 centesimus,
1962 4261 2140 4316 etiam

479 4329 675 4381 Vestro
702 4331 925 4422 terrore
971 4336 1148 4407 atque
1197 4338 1487 4411 praesidio,
1518 4341 1678 4399 velut
1716 4348 1973 4418 quadam
2004 4366 2139 4422 sepe

481 4417 656 4486 atque
689 4418 1077 4493 munimento,
1114 4425 1341 4501 integer
1368 4434 1426 4486 et
1452 4431 1719 4489 sincerus
1749 4438 2135 4511 custodiatur,

481 4508 738 4600 crescat,
760 4510 939 4580 atque
968 4512 1237 4600 proﬁciat
1269 4534 1282 4573 :
1315 4519 1649 4580 tricesimus
1680 4524 1741 4581 in
1770 4508 2139 4600 copulatione

479 4592 763 4668 conjugii,
786 4599 1189 4687 sexagesimus
1213 4605 1272 4662 in
1296 4612 1658 4670 continentia
1674 4592 1916 4687 viduali,
1945 4622 2138 4676 cente-

477 4681 669 4741 simus
697 4684 758 4741 in
779 4686 1004 4759 pudore
1028 4694 1204 4763 atque
1229 4693 1561 4771 integritate
1582 4681 2012 4764 sanctimoniali
2035 4725 2048 4765 :
2073 4714 2140 4766 ut

477 4771 822 4867 quicunque
842 4773 1249 4867 hisfructibus
1270 4787 1552 4860 tanquam
1576 4791 1758 4847 bruta:
1777 4798 1834 4849 et
1855 4797 2138 4867 pernicio-

474 4872 553 4916 sas
583 4862 782 4920 bestia;
807 4864 1188 4939 insidiantur,
1220 4878 1415 4931 vestra
1443 4879 1715 4937 custodia
1754 4862 2131 4958 repellantur,

473 4955 666 5009 vestra
684 4953 863 5011 etiam
896 4958 1201 5017 severitate
1232 4964 1619 5038 corrigantur.

544 5068 681 5157 (inp.
704 5069 847 5127 XIX.
872 5072 1163 5133 Audiatur
1180 5083 1237 5135 et
1256 5082 1524 5138 teneatur
1547 5086 1703 5157 quod
1726 5089 1911 5145 sancti
1935 5089 2134 5152 Patres

473 5155 766 5252 definiunt
786 5160 858 5252 de
875 5160 1026 5221 bono
1042 5167 1450 5242 conjugali,ita
1469 5155 1731 5232 dicentes
1745 5176 1915 5250 (Aug.
1933 5181 2033 5239 lib.
2053 5200 2130 5252 ix,

471 5243 537 5301 de
568 5246 752 5306 Cenes.
785 5251 857 5306 ad
886 5253 970 5310 lit.
1005 5271 1050 5311 ε.
1084 5256 1141 5330 7)
1177 5274 1189 5312 :
1224 5282 1253 5309 «
1288 5259 1451 5326 Quod
1500 5262 1721 5322 bonum
1751 5243 1983 5327 habent
2013 5243 2129 5328 nu;

472 5334 627 5426 ptine,
659 5332 965 5410 peccatum
997 5360 1125 5402 esse
1174 5364 1478 5421 nunquam
1527 5357 1737 5426 potest.
1782 5356 1898 5414 Hoc
1928 5364 2126 5418 autem

471 5423 832 5498 tripertitum
865 5435 976 5498 est,
1000 5433 1167 5504 fides,
1190 5434 1404 5511 proles,
1429 5423 1884 5503 sacramentum.
1912 5448 1973 5504 In
2015 5449 2128 5507 fide

471 5514 814 5608 attenditur,
831 5535 903 5576 ne
922 5527 1132 5593 praeter
1152 5525 1454 5585 vinculum
1476 5532 1783 5608 conjugale
1798 5552 1934 5592 cum
1947 5537 2127 5597 altera

470 5599 554 5692 sel
584 5602 763 5663 altero
784 5612 1231 5671 concumbatur.
1259 5615 1321 5672 In
1346 5619 1525 5692 prole,
1551 5599 1616 5680 ut
1644 5599 1911 5683 amanter
1931 5629 2126 5686 susci-

467 5690 684 5768 piatur,
713 5695 964 5777 benigne
984 5703 1297 5778 nutriatur,
1313 5690 1585 5786 religiose
1615 5713 1920 5775 educetur.
1944 5716 2009 5778 In
2029 5738 2123 5782 sa-

2257 3346 2532 3418 audiatis,
2554 3354 2613 3407 et
2639 3351 3102 3411 instructissima
3125 3372 3268 3414 cura
3294 3362 3472 3431 atque
3501 3358 3818 3434 industria,
3850 3363 3913 3419 in

2256 3437 2574 3496 commisso
2595 3440 2760 3497 vobis
2780 3440 3111 3501 Christiano
3131 3445 3348 3520 populo
3369 3449 3909 3521 agnosci,revereri,

2256 3530 2433 3599 atque
2462 3528 2778 3601 observari,
2812 3530 3059 3591 Domino
3088 3534 3149 3591 in
3178 3536 3456 3595 omnibus
3486 3542 3828 3614 protegente
3852 3548 3913 3599 et

2255 3622 2621 3690 cooperante,
2644 3619 2895 3679 faciatis.
2920 3623 3111 3682 Tanta
3140 3642 3395 3701 namque
3424 3643 3519 3685 res
3549 3628 3663 3687 ista
3691 3634 3782 3687 est
3806 3648 3914 3705 pro

2255 3721 2374 3778 qua
2393 3708 2720 3782 satagimus
2750 3715 2809 3769 et
2830 3712 3255 3787 supplicamus,
3271 3715 3328 3772 id
3360 3721 3451 3775 est
3469 3718 3832 3777 castimonia:
3852 3725 3912 3779 et

2254 3795 2583 3855 sanctitatis
2613 3800 2899 3872 custodia,
2915 3806 2982 3859 ut
3012 3821 3115 3878 pro
3146 3822 3215 3861 ea
3244 3807 3714 3865 commendanda
3731 3814 3909 3883 atque

2254 3886 2473 3942 tuenda
2501 3888 2677 3945 etiam
2704 3906 2810 3946 nos
2841 3890 3001 3963 ipsos
3032 3894 3239 3952 offerre
3284 3894 3534 3953 libenter
3562 3897 3903 3968 debeamus,

2253 3974 2517 4049 exemplo
2539 3976 2694 4034 beati
2714 3984 2773 4036 et
2792 3979 3031 4053 gloriosi
3054 3983 3328 4058 Baptistae
3349 3985 3733 4061 Joannis,qui
3753 3988 3906 4047 inter

2252 4067 2458 4123 caetera
2490 4067 2920 4140 praedicationis
2969 4087 3090 4129 suae
3136 4074 3451 4146 praeconia,
3480 4076 3657 4134 etiam
3707 4092 3899 4152 regem

2251 4152 2447 4226 ipsum
2461 4155 2746 4214 Herodem
2759 4163 2997 4234 propter
3016 4161 3348 4221 istiusmodi
3363 4165 3760 4249 adulterinum
3771 4185 3904 4225 con-

2241 4241 2478 4331 jugium
2504 4248 2668 4303 tanta
2687 4249 3021 4307 constantia
3042 4250 3382 4326 increpavit,
3397 4257 3573 4329 atque
3596 4244 3900 4331 corripuit,

2248 4329 2539 4389 instanter
2556 4336 2919 4396 annuntians
2950 4343 3008 4396 et
3049 4340 3252 4399 dicens
3283 4341 3369 4399 illi
3400 4343 3473 4401 de
3500 4361 3678 4403 uxore
3703 4329 3901 4405 fratris

2248 4420 2342 4475 sui
2364 4420 2686 4482 Herodiade
2707 4424 2907 4499 (quam
2929 4428 3244 4503 plusquam
3265 4434 3667 4506 raptor,etiam
3686 4434 3901 4493 virtute

2246 4513 2304 4599 et
2323 4512 2584 4583 potentia
2602 4514 2771 4588 regiae
2792 4520 3100 4589 potestatis
3122 4521 3458 4580 obtinuerat
3477 4528 3537 4581 et
3548 4524 3898 4599 detinebat):

2247 4598 2365 4654 Non
2397 4600 2524 4657 licet
2545 4601 2650 4658 tibi
2671 4603 2874 4662 habere
2891 4623 3012 4663 eam
3039 4607 3246 4679 (Matth.
3288 4627 3402 4681 xiv,
3434 4611 3519 4685 4);
3547 4616 3615 4669 ut
3653 4630 3762 4687 pro
3789 4598 3900 4672 hu-

2239 4687 2507 4760 jusmodi
2539 4708 2721 4750 causa
2747 4698 2806 4751 et
2833 4695 3069 4754 vincula
3096 4703 3154 4755 et
3181 4716 3474 4758 carcerem
3491 4703 3904 4776 aequanimiter

2247 4778 2570 4851 sustinens,
2632 4783 2947 4843 novissime
2990 4785 3185 4860 gladio
3242 4788 3516 4849 maluerit
3565 4792 3901 4851 obtruncrri

2242 4885 2423 4941 quam
2445 4888 2480 4928 a
2498 4871 2760 4932 veritatis
2789 4876 3107 4948 etjustitiae
3128 4879 3538 4953 praedicatione
3556 4897 3806 4942 cessare.
3825 4886 3897 4943 Et

2243 4958 2373 5017 ideo
2403 4976 2536 5019 vere
2565 4967 2788 5037 martyr
2832 4964 3070 5038 Christi,
3104 4968 3246 5042 quia
3292 4970 3483 5046 ipsius
3525 4972 3790 5033 veritatis
3835 4978 3897 5033 et

2233 5050 2480 5121 justitiie
2511 5057 2751 5127 martyr.

2862 5160 3288 5274 Excﬁipm

2237 5284 2335 5350 Ex
2400 5291 2604 5354 sacris
2642 5294 3014 5360 canonibus
3071 5301 3139 5361 et
3187 5302 3575 5365 sanctorum
3611 5298 3893 5369 Patrum

2325 5379 2537 5459 gestis
2573 5381 2655 5445 de
2684 5380 2868 5447 cultu
2899 5387 3359 5454 sanctimoniae
3398 5393 3465 5455 et
3511 5394 3891 5460 constantia

2325 5470 2811 5537 annuntiandae
2849 5476 3180 5544 veritatis.

2235 5551 2318 5607 Ex
2365 5553 2596 5636 decretis
2628 5572 2789 5630 papa:
2828 5558 3023 5636 Siricii
3068 5578 3187 5636 cap.
3239 5565 3273 5620 4
3324 5565 3510 5633 :Quod
3559 5584 3675 5624 non
3715 5567 3891 5627 liceat

2336 5626 2577 5684 alterius
2601 5626 2880 5702 sponsam
2912 5634 2984 5689 ad
3016 5626 3537 5710 matrimonii'jura
3565 5640 3785 5699 sortiri.

2304 5722 2385 5786 De
2417 5726 2712 5804 conjugali
2750 5733 2946 5791 autem
2996 5732 3310 5796 violatione
3350 5737 3655 5816 requisita,
3684 5739 3738 5801 si
3784 5738 3886 5801 de-
