4152 6516
257 390 410 453 1045

1096 391 1249 451 PRO
1297 389 1689 450 ECCI.ESLE
1734 390 2243 452 LlBERTA'l‘UH
2294 395 2810 462 DEFENSIONE.

3516 405 3672 470 1046

252 522 336 578 ire
366 537 481 577 non
515 521 742 588 debeat,
779 520 992 576 Paulus
1024 521 1327 594 apostolus
1359 522 1641 594 Spiritum
1675 521 1905 576 Domini
1937 522 1990 588 Α
2021 522 2150 589 sati,
2174 525 2291 580 sive
2316 526 2408 582 ille
2434 529 2707 587 sublimis
2723 532 2808 588 vir
2823 534 3081 604 honoris,
3099 537 3216 593 sive
3233 535 3412 595 ullius
3429 537 3671 597 alterius

253 611 478 668 habens
501 610 730 666 Christo
751 610 810 664 in
838 627 898 666 se
923 610 1196 682 loquente
1220 611 1442 666 fortiter
1471 612 1764 682 perhibet;
1792 628 1907 682 qua

255 700 536 756 nimirum
570 699 914 755 auctoritate
946 717 1198 755 canones
1231 699 1737 773 Carthaginienses
1770 717 1906 772 prae-

254 789 482 862 cipiunt
503 789 761 844 dicentes
787 806 835 843 ;‹‹
863 789 1140 861 Quisquis
1163 789 1590 862 episcoporum,
1614 789 1902 861 presbyte-

256 895 476 945 rerum,
522 883 579 934 et
627 878 1033 945 diaconornm,
1085 895 1188 933 seu
1248 877 1613 945 clericorum,
1649 894 1780 932 cum
1846 878 1901 932 in

254 967 500 1025 ecclesia
558 968 606 1022 ei
667 967 843 1023 fuerit
900 967 1120 1022 crimen
1177 967 1534 1035 institutum,
1576 967 1660 1021 vel
1719 966 1903 1021 civilia

255 1073 434 1112 causa
463 1056 636 1111 fuerit
666 1059 976 1124 commota,
1007 1056 1054 1112 si
1088 1055 1289 1111 relicto
1326 1055 1717 1111 ecclesiastico
1741 1055 1901 1126 judi-

253 1146 362 1213 cio,
399 1144 648 1217 publicis
673 1144 916 1216 judiciis
957 1161 1204 1218 purgare
1233 1145 1499 1210 voluerit,
1535 1144 1764 1200 etiamsi
1799 1162 1900 1216 pro

252 1235 380 1307 ipso
412 1234 588 1290 fuerit
618 1233 842 1306 prolata
873 1233 1182 1301 sententia,
1217 1233 1408 1289 locum
1442 1251 1615 1289 suum
1648 1234 1898 1300 amittat,

251 1323 449 1380 ethoc
499 1322 557 1377 in
611 1321 932 1390 criminali;
975 1323 1034 1376 in
1085 1322 1236 1378 civili
1281 1340 1413 1378 vero
1473 1324 1695 1395 perdat,
1747 1322 1900 1394 quod

252 1413 441 1478 evicit,
476 1412 524 1468 si
557 1411 749 1467 locum
784 1428 958 1467 suum
991 1412 1255 1468 obtinere
1288 1412 1560 1467 maluerit
1582 1422 1622 1465 ³.
1659 1414 1727 1467 Et
1753 1413 1902 1467 Afri-

253 1518 466 1558 canum
516 1500 830 1557 concilium
865 1519 929 1556 ;‹‹
979 1501 1324 1574 Quicunque
1374 1501 1618 1573 (scilicet
1666 1501 1902 1556 clerico-

253 1591 428 1663 rum),
462 1591 534 1647 ab
584 1591 941 1670 imperatore.
963 1589 1353 1662 cognitionem
1396 1590 1756 1661 judiciorum
1797 1608 1903 1663 pu-

254 1680 542 1737 blicorum
574 1680 822 1753 petierit,
865 1679 1083 1734 honore
1133 1680 1364 1752 proprio
1394 1681 1684 1751 privetur;
1720 1681 1765 1735 si
1800 1697 1899 1734 au-

251 1774 370 1826 tem
387 1769 715 1843 episcopale
730 1768 1022 1841 judicium
1043 1769 1114 1824 ab
1139 1769 1487 1840 imperatore
1504 1769 1900 1841 postulaverit,

253 1858 396 1914 nihil
430 1859 480 1914 ei
513 1858 668 1914 obsit
688 1861 731 1914 δ.
756 1881 783 1909 ››

323 1948 484 2016 Quod
506 1951 564 2003 et
592 1947 768 2020 leges,
793 1947 1008 2019 quibus
1040 1964 1174 2002 cum
1208 1947 1390 2003 sacris
1422 1948 1745 2003 canonibus
1769 1966 1901 2002 san-

253 2041 346 2092 cta
378 2037 714 2092 moderatur
757 2035 1033 2104 Ecclesia,
1069 2037 1148 2091 ita
1179 2037 1238 2090 in
1271 2038 1496 2092 decimo
1547 2042 1705 2092 sexto
1755 2037 1902 2092 libro

253 2125 668 2182 Theodosianze
712 2123 856 2198 legis
889 2127 1257 2194 confirmant,
1292 2125 1588 2182 sanciente
1622 2129 1900 2182 Constan-

252 2215 397 2281 tino,
421 2215 678 2270 dicentes
707 2232 755 2269 :«
789 2214 1274 2282 Mansuetudinis,
1300 2215 1510 2288 inquit,
1536 2220 1744 2271 nostra:
1777 2215 1902 2288 lege

253 2304 651 2376 prohibemus,
668 2303 986 2375 injudiciis
1008 2304 1312 2377 episcopos
1331 2305 1622 2373 accusari;
1651 2323 1740 2370 ne,
1759 2306 1900 2360 dum

255 2395 327 2450 ad
362 2393 558 2449 futura
583 2393 846 2466 ipsorum
891 2394 1171 2449 beneficio
1202 2393 1525 2466 impunitas
1554 2394 1899 2462 zestimatur,

252 2483 436 2539 libera
464 2483 542 2538 sit
563 2483 634 2538 ad
657 2483 987 2556 arguendos
1009 2500 1106 2539 eos
1130 2483 1342 2538 animis
1375 2483 1682 2539 furialibus
1713 2484 1898 2555 copia.

255 2572 314 2629 Si
338 2573 477 2645 quid
501 2576 590 2628 est
611 2571 789 2644 igitur
806 2572 1357 2646 querelarum,quod
1373 2574 1667 2646 quispiam
1687 2574 1900 2640 defert;

254 2663 409 2734 apud
432 2660 577 2716 alios
602 2661 976 2733 potissimum
996 2661 1299 2734 episcopos
1321 2664 1588 2717 convenit
1616 2662 1901 2736 explorari

257 2755 321 2806 ut
353 2753 680 2822 opportuna
709 2755 882 2821 atque
913 2751 1222 2804 commoda
1252 2755 1598 2805 cunctorum
1630 2750 1901 2822 quaestio-

254 2840 430 2895 nibus
452 2837 749 2893 audientia
771 2838 1226 2894 commodetur.»
1243 2841 1312 2894 Et
1335 2839 1733 2911 interpretatio
1754 2841 1906 2911 ejus-

255 2930 384 2984 dem
420 2927 564 3000 legis
591 2944 638 2980 :u
669 2927 1007 2999 Specialiter
1037 2927 1398 3000 prohibetur,
1424 2946 1496 2983 ne
1525 2929 1658 3000 quis
1690 2930 1905 2984 audeat

255 3017 408 3090 apud
431 3015 664 3089 judices
697 3017 962 3089 publicos
1002 3017 1340 3089 episcopum
1381 3035 1675 3086 accusare,
1709 3018 1810 3074 sed
1843 3018 1901 3072 in

255 3107 661 3178 episcoporum
691 3105 1049 3160 audientiam
1073 3106 1326 3177 perferre
1348 3124 1460 3161 non
1485 3106 1712 3162 differat
1734 3106 1903 3178 quid-

256 3194 392 3268 quid
426 3195 538 3250 sibi
571 3212 675 3267 pro
706 3194 988 3266 qualitate
1022 3194 1237 3267 negotii
1269 3199 1435 3268 putat
1463 3211 1635 3266 posse
1667 3213 1900 3267 compe-

254 3288 396 3350 tere,
421 3289 485 3338 ut
513 3284 572 3338 in
604 3283 1011 3354 episcoporum
1044 3283 1290 3340 aliorum
1317 3284 1563 3355 judicio,
1589 3301 1713 3356 qua:
1746 3259 1975 3433 eis?c

258 3372 333 3428 rit
365 3377 565 3428 contra
594 3373 956 3433 episcopum.
993 3373 1242 3428 debeant
1273 3371 1536 3427 difﬁniri.
1567 3395 1592 3420 »
1847 3423 1884 3433 μ

258 3372 333 3428 rit
365 3377 565 3428 contra
594 3373 956 3444 episcopum,
993 3373 1242 3428 debeant
1273 3371 1536 3427 difﬁniri.
1567 3395 1592 3420 »

328 3462 396 3516 Et
455 3461 593 3516 item
649 3459 882 3530 Valens,
925 3461 1241 3517 Gratianus
1299 3466 1355 3516 et
1410 3460 1901 3517 Valentinianus:

261 3574 288 3602 ‹‹
323 3550 428 3616 Qui
461 3567 587 3606 mos
617 3555 706 3606 est
733 3567 1044 3606 causarum
1079 3550 1338 3606 civilium
1370 3550 1523 3606 idem
1564 3551 1624 3605 in
1661 3550 1907 3631 neggtiis

259 3638 670 3694 ecclesiasticis
700 3639 1053 3696 obtinendus
1075 3643 1181 3708 est,
1209 3633 1273 3694 ut
1303 3639 1350 3694 si
1380 3657 1495 3711 qua
1527 3645 1667 3695 sunt
1695 3657 1760 3694 ex
1785 3639 1910 3712 qui-

257 3728 509 3784 busdam
553 3727 1022 3784 dissensionibus
1059 3728 1401 3802 levibusque
1439 3728 1686 3797 delictis,
1722 3730 1792 3784 ad
1827 3745 1909 3783 re-

257 3816 491 3889 ligionis
539 3817 969 3873 observantiam
1020 3818 1389 3890 pertinentia,
1428 3817 1571 3874 locis
1619 3818 1742 3874 suis
1791 3822 1847 3872 et
1876 3835 1908 3873 a

258 3924 376 3961 suae
433 3906 747 3963 dimceseos
803 3908 1042 3979 synodis
1100 3908 1485 3963 audiantur.»
1533 3908 1602 3962 Et
1659 3907 1904 3978 reliqua.

257 3996 328 4052 Et
374 3994 771 4068 interpretatio
813 3997 1076 4067 ejusdem
1111 3996 1292 4070 legis:
1324 4021 1343 4045 οι
1381 3998 1615 4063 Quoties
1655 4014 1724 4051 ex
1764 4013 1906 4067 qua-

255 4085 400 4141 libet
431 4103 489 4140 re
521 4086 590 4140 ad
625 4085 961 4159 religionem
988 4086 1312 4158 pertinente
1344 4086 1493 4142 inter
1522 4085 1762 4141 clericos
1793 4086 1910 4140 fue-

260 4174 336 4230 rit
367 4179 502 4230 nata
531 4174 852 4244 contentio;
881 4175 936 4230 id
966 4176 1296 4247 specialiter
1317 4177 1669 4243 observstur,
1695 4180 1760 4230 ut
1781 4193 1912 4231 con-

258 4263 480 4319 vocatis
512 4264 582 4319 ab
615 4263 886 4336 episcopo
919 4264 1263 4321 diceeesanis
1293 4263 1666 4336 presbyteris,
1692 4282 1819 4336 quae
1851 4265 1909 4318 in

261 4353 695 4408 contentionem
743 4353 1008 4409 venerint
1057 4355 1284 4426 judicio
1332 4355 1740 4409 terminentur.
1770 4377 1797 4403 »
1844 4355 1913 4409 Et

263 4441 511 4513 reliqua.

335 4531 404 4586 Et
419 4531 784 4588 Theodosius
800 4531 1330 4588 christianissimus
1349 4533 1743 4605 imperator,et
1761 4533 1913 4588 beati

2017 611 2340 683 dignitatis,
2364 618 2462 688 qui
2515 619 2623 675 hoc
2671 637 2857 693 genus
2916 623 3275 682 illaudabilis
3327 628 3669 685 intentionis

2017 702 2275 772 arripiet,
2292 707 2786 765 noveritdecenda
2803 713 3267 783 probationibus,
3284 718 3668 773 monstranda

2016 790 2382 878 documentis
2414 813 2473 852 se
2506 798 2713 854 debere
2760 800 2990 855 inferre.
3027 803 3084 858 Si
3117 803 3249 874 quis
3289 819 3425 878 ergo
3465 811 3669 862 contra

2015 877 2354 949 hujusmodi
2388 901 2666 955 personas
2695 906 2808 943 non
2842 890 3144 961 probanda
3166 877 3459 962 detulerit,
3473 898 3669 950 aucto-

2014 967 2185 1023 ritate
2218 969 2397 1042 hujus
2446 976 2768 1033 sanctionis
2800 979 3088 1052 intelligat
3119 997 3180 1035 se
3222 981 3466 1051 jactura:
3500 984 3666 1038 fama

2012 1057 2258 1130 preprize
2291 1062 2593 1134 subjacere
2629 1082 2640 1118 :
2678 1071 2744 1121 ut
2773 1068 2989 1124 damno
3022 1057 3264 1141 pudoris
3295 1069 3668 1128 existimatio-

2014 1147 2223 1217 nisque
2257 1149 2563 1222 dispendio
2587 1154 2774 1210 discat
2803 1156 2914 1211 sibi
2948 1155 3149 1212 alienae
3179 1159 3541 1214 verecundiae
3561 1157 3667 1214 im-

2013 1252 2167 1306 pune
2198 1238 2484 1307 insidiari,
2511 1241 2719 1298 saltem
2759 1245 2830 1299 de
2878 1251 3103 1312 caetero,
3128 1264 3242 1302 non
3274 1247 3504 1304 licere.»
3529 1250 3662 1315 Quae

2015 1325 2090 1379 sit
2119 1330 2316 1382 autem
2354 1330 2591 1400 jactura
2638 1331 2891 1387 infamiae
2923 1335 3190 1406 proprize,
3225 1350 3353 1408 qua
3383 1335 3503 1392 sint
3533 1354 3662 1409 per-

2014 1432 2167 1468 sonae
2216 1416 2485 1486 infames,
2531 1418 2686 1493 leges
2732 1439 3004 1491 romanae,
3038 1440 3105 1480 ac
3151 1440 3423 1490 canones,
3457 1425 3558 1480 sed
3606 1429 3664 1480 et

2015 1504 2244 1560 decreta
2281 1508 2438 1562 sedis
2489 1513 3130 1583 romanae,pontiﬁcum
3180 1513 3483 1570 multoties
3529 1513 3665 1569 inde

2014 1592 2318 1665 loquentes
2346 1604 2660 1670 exponunt.

2087 1682 2240 1738 Inter
2261 1686 2412 1756 quod
2446 1687 2652 1743 beatus
2675 1689 3005 1760 Stephanus
3034 1695 3234 1746 sancto
3267 1691 3482 1747 Hilario
3513 1691 3661 1746 scri-

2015 1772 2179 1838 hens,
2207 1772 2286 1828 ita
2317 1775 2457 1830 dicit
2481 1793 2530 1829 ;‹‹
2555 1779 2714 1842 Quod
2737 1795 2868 1833 vero
2890 1779 3236 1835 consuluisti
3270 1781 3468 1836 sedem
3490 1797 3659 1852 apos-

2015 1861 2272 1930 tolicam,
2298 1863 2396 1934 qui
2432 1866 2551 1920 sint
2581 1865 2966 1931 infames,aut
2997 1869 3095 1939 qui
3127 1870 3197 1924 ad
3230 1870 3448 1941 gradus
3478 1867 3657 1943 ecclc:

2012 1950 2278 2006 siasticos
2302 1969 2414 2008 non
2439 1954 2560 2009 sint
2579 1955 2948 2021 admittendi,
2969 1961 3024 2011 ct
3055 1974 3227 2012 nosse
3257 1962 3311 2012 te
3339 1955 3656 2023 credimus,

2012 2042 2067 2093 et
2098 2056 2198 2111 pro
2232 2042 2576 2098 auctoritate
2597 2043 2753 2098 sedis
2774 2044 3104 2116 apostolicae
3130 2050 3182 2102 te
3206 2046 3522 2101 informare
3545 2061 3658 2100 non

2011 2130 2390 2201 denegamus.
2413 2132 2664 2188 lnfames
2693 2138 2886 2189 autem
2921 2151 3018 2190 eas
3047 2151 3175 2190 esse
3204 2152 3484 2207 personas
3513 2133 3655 2190 dici-

2011 2236 2163 2285 mus,
2188 2237 2315 2291 quae
2348 2238 2449 2292 pro
2472 2221 2668 2292 aliqua
2688 2223 2860 2294 culpa
2883 2228 3161 2278 notantur
3183 2223 3442 2292 infamia,
3467 2224 3523 2279 id
3547 2227 3657 2290 est,

2009 2325 2214 2364 omnes
2261 2309 2362 2381 qui
2407 2309 2736 2365 christiana:
2788 2310 2934 2382 legis
2971 2328 3240 2366 normam
3289 2312 3578 2382 abjiciunt
3607 2315 3664 2365 et

2010 2401 2231 2452 statuta
2250 2397 2644 2453 ecclesiastica
2666 2405 3067 2454 contemnunt.
3089 2399 3369 2456 Similiter
3385 2400 3561 2466 fures,
3579 2416 3666 2454 sa-

2011 2485 2277 2557 crilegos,
2308 2492 2364 2540 et
2395 2503 2598 2542 omnes
2625 2487 2975 2559 capitalibus
3007 2487 3356 2544 criminibus
3388 2487 3662 2552 irretitos,

2013 2574 2536 2648 sepulcrorumque
2573 2576 2905 2643 violatores,
2941 2581 2996 2631 et
3039 2577 3437 2647 apostolorum
3489 2580 3666 2648 atque

2013 2679 2419 2719 successorum
2454 2681 2678 2731 eorum,
2709 2671 2766 2719 et
2796 2665 3156 2736 reliquorum
3188 2670 3528 2721 sanctorum
3561 2664 3667 2720 Pa-

2011 2756 2167 2807 trum
2204 2756 2424 2807 statuta
2469 2751 2714 2808 libenter
2754 2752 3065 2821 violantes;
3100 2759 3157 2808 et
3189 2770 3393 2809 omnes
3424 2754 3525 2824 qui
3559 2739 3666 2808 ad?

2010 2859 2215 2897 versus
2238 2845 2431 2914 patres
2454 2847 2779 2908 armantur,
2797 2842 2894 2914 qui
2919 2842 2976 2896 in
2996 2842 3154 2898 omni
3180 2843 3401 2898 mundo
3421 2841 3666 2897 infamia

2013 2935 2312 2986 notantur.
2339 2930 2621 2986 Similiter
2650 2936 2706 2986 et
2738 2929 3122 2999 incestuosos,
3158 2930 3502 2998 homicidas,
3530 2947 3665 3004 per-

2003 3021 2194 3092 juros,
2230 3025 2513 3091 raptores,
2549 3019 2865 3086 maleﬁcos,
2898 3020 3204 3087 veneﬁcos,
3241 3019 3559 3087 adulteros,
3593 3020 3666 3075 de

2013 3108 2164 3164 bello
2190 3109 2498 3181 fugientes,
2523 3113 2578 3162 et
2609 3109 2707 3180 qui
2742 3109 2983 3181 indigna
3003 3108 3113 3164 sibi
3139 3112 3346 3180 petunt
3365 3107 3493 3165 loca
3511 3113 3667 3164 tene-

2016 3215 2095 3265 re,
2131 3202 2232 3253 aut
2263 3197 2569 3252 facultates
2609 3197 2876 3252 Ecclesiae
2927 3197 3281 3253 abstrahunt
3327 3196 3578 3268 injuste;
3611 3201 3670 3252 et

2016 3287 2113 3360 qui
2149 3289 2353 3342 fratres
2385 3286 2821 3341 calumniantur
2853 3291 2956 3342 aut
2990 3289 3272 3342 accusant
3302 3290 3359 3341 et
3387 3303 3502 3342 non
3535 3303 3668 3359 pro-

2015 3377 2185 3444 bant;
2211 3375 2296 3430 vel
2328 3375 2426 3448 qui
2462 3380 2666 3431 contra
2698 3377 3039 3431 innocentes
3071 3374 3406 3450 principum
3439 3374 3670 3431 animos

2015 3467 2086 3521 ad
2119 3464 2482 3520 iracundiam
2516 3468 2859 3536 provocant;
2893 3470 2950 3518 et
2980 3481 3184 3519 omnes
3216 3463 3673 3521 anathematiza-

2017 3560 2127 3621 tos,
2152 3553 2239 3609 vel
2269 3571 2371 3626 pro
2405 3553 2529 3608 suis
2563 3553 2882 3609 sceleribus
2931 3554 3004 3608 ab
3046 3552 3304 3608 Ecclesia
3348 3552 3580 3626 pulsos;
3615 3555 3675 3607 et

2018 3661 2221 3699 omnes
2252 3661 2400 3715 quos
2430 3641 2834 3698 ecclesiasticae
2867 3641 2954 3697 vel
2995 3641 3190 3698 saeculi
3235 3641 3392 3714 leges
3422 3641 3673 3697 infames

2018 3733 2422 3805 pronuntiant.
2458 3733 2572 3786 Hos
2604 3748 2734 3786 vero
2767 3748 2880 3785 non
2915 3731 2986 3785 ad
3029 3747 3224 3785 sacros
3265 3729 3501 3785 ordines
3539 3728 3675 3783 licet

2017 3837 2373 3893 promovere,
2411 3836 2514 3873 nec
2545 3835 2740 3873 servos
2779 3823 2913 3873 ante
2953 3817 3276 3890 legitimam
3316 3817 3668 3883 libertatem,

2019 3926 2122 3965 nec
2145 3907 2510 3981 pmnitentes,
2529 3923 2633 3961 nec
2664 3906 2951 3978 digamos,
2979 3923 3084 3961 nec
3113 3922 3212 3961 eos
3235 3905 3333 3976 qui
3366 3904 3539 3961 curia:
3569 3905 3667 3960 de-

2019 3996 2388 4061 serviunt,vel
2413 3996 2510 4067 qui
2536 4012 2650 4051 non
2674 4000 2813 4050 sunt
2835 3995 3043 4067 integri
3066 4011 3324 4066 corpore,
3341 3997 3443 4049 aut
3463 4011 3669 4049 sanam

2018 4104 2133 4142 non
2164 4087 2382 4142 habent
2414 4090 2667 4139 mentem
2690 4084 2776 4138 vel
2811 4083 3307 4148 intellectum,aut
3339 4083 3673 4138 inobedien-

2018 4183 2106 4232 tes
2131 4179 2469 4231 sanctorum
2503 4173 2751 4228 decretis
2789 4172 3064 4240 existunt,
3101 4177 3203 4228 aut
3244 4171 3449 4228 furiosi
3485 4171 3670 4226 mani-

2019 4267 2327 4320 festantur.
2363 4263 2432 4318 Hi
2463 4279 2667 4318 omnes
2698 4278 2804 4317 nec
2834 4262 2906 4316 ad
2947 4279 3146 4326 sacros
3192 4261 3412 4334 gradus
3459 4260 3676 4316 debent

2022 4353 2285 4428 provehi;
2323 4370 2427 4408 nec
2467 4351 2586 4419 isti,
2623 4369 2727 4407 nec
2771 4351 2987 4417 liberti,
3021 4367 3210 4423 neque
3257 4349 3534 4422 suspecti,
3570 4367 3674 4406 nec

2021 4450 2239 4499 rectam
2272 4444 2467 4508 ﬁdem,
2491 4442 2579 4497 vel
2611 4442 2849 4513 dignam
2891 4439 3392 4497 conversationem
3425 4457 3541 4495 non
3571 4440 3675 4495 ha-

2023 4535 2247 4599 bentes,
2273 4549 2539 4588 summos
2585 4531 2920 4586 sacerdotes
2949 4534 3200 4602 possunt
3243 4545 3574 4585 accusare.»
3610 4529 3680 4584 Et

261 4620 576 4688 Ambrosii,
604 4621 719 4676 imo
749 4638 853 4692 per
879 4638 1012 4676 eum
1046 4622 1144 4677 Dei
1179 4621 1549 4678 humillimus
1581 4623 1813 4677 auditor
1844 4622 1915 4676 ad
1950 4627 1993 4691 D
2027 4623 2348 4678 secundum
2403 4620 2607 4675 Africae
2658 4636 2931 4687 canones,
2983 4619 3307 4688 criminosi,
3341 4635 3490 4692 quos
3538 4617 3681 4672 dicit

265 4709 542 4781 Optatum
574 4708 954 4782 Augustalem
989 4710 1047 4764 in
1075 4710 1192 4765 lata
1214 4710 1357 4784 lege,
1383 4712 1452 4766 ad
1480 4711 1672 4767 locum
1701 4728 1750 4766 :«
1775 4711 1913 4766 Con-

263 4797 432 4853 tinua
452 4797 577 4871 lege
593 4798 912 4867 sancimus,
929 4800 1700 4873 nominaepiscoporum,vel
1713 4818 1914 4857 eorum

266 4886 369 4959 qui
399 4887 662 4943 Ecclesiae
694 4888 1165 4946 necessitatibus.
1179 4891 1459 4959 serviunt,
1484 4909 1555 4947 ne
1585 4892 1654 4945 ad
1690 4891 1916 4962 judicia

267 4976 387 5032 sive
418 4977 846 5034 ordinariorum
879 4979 999 5034 sive
1023 4981 1617 5036 extraordinariorum
1642 4981 1914 5053 judicum

269 5065 705 5137 pertrahantur.
731 5067 957 5122 Habent
994 5067 1077 5122 illi
1119 5069 1353 5139 judices
1405 5087 1563 5137 suos,
1589 5087 1694 5125 nec
1741 5068 1915 5141 quid-

270 5172 448 5228 quam
481 5155 574 5210 his
605 5154 854 5228 publicis
886 5174 1197 5214 commune
1238 5177 1372 5215 cum
1412 5159 1662 5233 legibus.
1687 5161 1756 5216 Et
1787 5159 1917 5215 reli-

272 5262 408 5316 qua.
437 5244 506 5299 Et
536 5245 674 5300 item
715 5245 868 5302 idem
898 5264 910 5301 :
938 5272 965 5298 α
991 5248 1243 5304 Clericos
1273 5267 1387 5305 non
1430 5250 1528 5305 sisi
1573 5252 1725 5322 apud
1767 5250 1918 5322 epis-

273 5351 449 5405 copos
488 5335 748 5390 accusari
810 5337 1097 5392 convenit.
1134 5337 1316 5411 Igitur
1365 5339 1412 5394 si
1460 5338 1769 5412 episcopus
1823 5345 1925 5395 aut

274 5423 594 5496 presbyter,
636 5425 919 5481 diaconus
979 5432 1034 5481 et
1080 5426 1416 5499 quicunque
1479 5428 1768 5484 inferioris
1816 5428 1924 5483 loci

275 5511 602 5567 christiana:
624 5514 768 5587 legis
795 5515 1080 5584 minister,
1107 5517 1258 5589 apud
1284 5516 1605 5588 episcopos,
1633 5518 1924 5588 siquidem

277 5600 413 5656 alibi
447 5620 561 5657 non
595 5607 838 5675 oportet,
870 5623 901 5659 a
933 5605 1194 5676 qualibet
1227 5623 1476 5679 persona
1509 5607 1726 5662 fuerint
1757 5624 1924 5662 accu-

349 5773 371 5800 ⁸
399 5763 572 5820 Cone.
603 5765 806 5836 Afric.,
829 5784 957 5823 can.
995 5769 1078 5824 15.

2026 4711 2311 4767 Dominus
2345 4726 2413 4765 ex
2443 4709 2534 4765 his
2565 4726 2692 4781 qua:
2726 4709 2796 4765 de
2837 4709 3009 4764 corde
3059 4709 3383 4780 procedunt
3412 4706 3678 4778 coinqui-

2026 4805 2224 4868 natos;
2247 4816 2511 4872 quosque
2541 4800 2709 4855 docet
2737 4797 3051 4870 Apostolus
3083 4815 3115 4854 a
3145 4813 3321 4869 regno
3353 4795 3451 4852 Dei
3482 4794 3677 4850 exclu-

2025 4908 2121 4947 sos
2156 4909 2168 4945 :
2201 4888 2687 4946 excommunicati
2723 4883 2925 4956 etiam,
2951 4893 3008 4943 et
3037 4901 3241 4942 omnes
3272 4883 3528 4939 infamiae
3561 4899 3680 4938 ma-

2027 4980 2175 5036 culis
2199 4979 2441 5052 aspersi,
2468 4995 2790 5050 omnesque
2813 4995 2959 5050 quos
2987 4978 3057 5032 ad
3087 4974 3418 5053 accusanda
3447 4971 3679 5045 publice

2028 5069 2275 5127 crimina
2321 5070 2479 5143 leges
2526 5068 2772 5142 publica;
2827 5084 2940 5121 non
2993 5065 3334 5130 admittunt,
3374 5059 3680 5118 ecclesias-

2026 5162 2173 5216 ticos
2205 5160 2444 5216 clericos
2477 5159 2589 5213 nisi
2620 5158 2678 5212 in
2720 5155 2968 5229 propriis
3011 5153 3226 5220 causis,
3262 5168 3535 5208 accusare
3566 5167 3680 5204 non

2032 5255 2304 5323 possunt,
2351 5266 2453 5303 nec
2491 5249 2562 5302 ad
2618 5245 3024 5302 testimonium
3074 5243 3352 5298 adversus
3402 5257 3501 5297 eos
3547 5239 3687 5295 reci-

2036 5343 2297 5414 piuntur.
2324 5344 2342 5356 ‘

2108 5430 2253 5495 Quia
2283 5445 2412 5483 vero
2441 5423 2754 5481 Christiani
2795 5440 2859 5478 ac
2902 5421 3156 5493 religiosi
3209 5420 3502 5493 principes
3533 5419 3688 5474 sicut

2035 5526 2091 5575 et
2113 5537 2290 5592 supra
2308 5517 2692 5579 oslendimus,
2709 5513 2978 5567 Ecclesiae
2997 5511 3238 5566 clericos
3256 5511 3324 5566 ad
3343 5509 3570 5582 judicia
3587 5526 3688 5581 pu-

2037 5610 2188 5664 blica
2219 5607 2367 5662 trahi
2398 5604 2485 5660 vel
2518 5603 2746 5658 invitari
2780 5602 3114 5667 noluerunt,
3141 5601 3227 5655 vel
3270 5600 3682 5672 permiserunt,

2108 5773 2132 5808 δ
2153 5769 2288 5826 Ibid.
2315 5785 2442 5824 can.
2471 5765 2734 5822 104.νὶ(1.
2761 5781 2923 5820 conc.
2950 5764 3155 5820 Rhem.
3181 5780 3275 5819 an.
3294 5764 3421 5830 630,
3441 5779 3568 5819 can.
3596 5763 3682 5816 18.
