4152 6540
502 400 658 476 {on
1285 378 1670 476 niNoMAal
1715 406 1957 476 suam.
2005 411 2366 474 ABGHIEP.
2414 409 2824 474 OPUSCULA
2865 409 3128 472 VARIA.
3772 404 3955 468 ιοιε

499 545 562 622 in
591 541 780 601 edicto
825 542 1060 602 Honorii
1091 547 1150 601 et
1178 541 1488 602 Theodosii
1537 545 1665 602 luce
1697 533 1912 602 clarius
1961 543 2148 601 mani-
2180 541 2234 610 Α
2263 541 2595 618 episcopus,
2619 541 2692 598 ab
2723 539 2853 601 aliis
2881 539 3170 615 episcopis
3202 540 3410 598 debeat
3442 538 3686 613 corripi,
3709 537 3806 595 vel
3835 539 3951 612 ju-

499 633 766 700 festatur,
789 637 848 690 et
876 633 1296 706 qualitereum
1325 633 1660 698 habuerint.
1693 635 1793 708 qui
1834 635 1942 694 hoc
1982 651 2152 708 agere
2261 629 2732 702 dicari,canones
2751 631 2900 688 sacri
2923 631 3354 698 demonstrant;
3377 647 3527 704 quos
3549 629 3654 702 qui
3679 629 3950 701 diligen-

502 725 704 780 contra
733 723 1052 780 Dominum
1084 723 1481 796 praesumpsit,
1507 724 1567 780 in
1600 724 1802 781 eodem
1834 723 2021 780 edicto
2053 724 2152 779 de-
2262 725 2350 780 ter
2379 721 2642 790 advertit,
2675 719 2734 775 in
2767 719 2984 776 eisdem
3020 714 3236 793 regulis
3263 715 3714 795 comprehendit
3740 734 3756 771 :
3785 733 3950 790 quos

2263 813 2320 866 et
2349 827 2454 883 ego
2484 809 2579 865 hic
2611 808 2886 886 pcnerem
2921 808 2968 865 si
2987 825 3236 885 necesse
3267 809 3386 864 fore
3414 809 3714 880 putarem.

2336 899 2416 955 De
2447 899 2557 958 sibi
2591 904 2786 956 autem
2816 890 3143 956 commissae
3174 895 3428 968 ecclesiae
3454 897 3634 958 rebus
3665 914 3737 952 ac
3772 913 3952 954 man-

2265 987 2597 1064 cipiis,qua3
2620 988 2752 1044 licet
2781 977 3213 1061 legaliter,nam
3243 987 3410 1044 aliter
3439 1003 3556 1046 non
3590 987 3847 1052 debent,
3881 985 3946 1041 in

2265 1077 2527 1133 bannum
2562 1067 2872 1136 mittantur
2905 1095 2915 1133 :
2951 1082 3147 1150 tamen
3170 1075 3323 1133 sicut
3351 1073 3462 1150 ipsi
3495 1073 3714 1132 melius
3739 1073 3944 1144 scitis,

2267 1158 2421 1224 sicut
2443 1183 2534 1222 res
2549 1165 2857 1246 hominum
2881 1151 3198 1246 liberorum
3223 1184 3336 1232 non
3361 1169 3611 1239 possunt
3627 1165 3693 1224 in
3714 1165 3946 1220 fiscum

501 811 838 869 monstrant
869 812 1130 898 dicentes
1165 830 1175 868 :
1204 837 1230 862 ‹‹
1267 811 1575 886 Privilegia
1619 811 1995 870 ecclesiarum
2029 831 2152 869 om-

499 898 678 958 nium’
704 917 830 974 qua;
863 902 1074 958 saeculo
1103 906 1302 958 nostro
1333 907 1616 976 tyrannus
1648 901 1953 974 invideret,
1974 919 2157 976 prona

505 989 809 1068 devotione
837 988 1179 1062 revocamus
1205 1009 1217 1046 :
1241 989 1463 1047 scilicet
1484 996 1548 1048 ut
1569 1009 1932 1066 quaecunque
1954 1010 1986 1048 a
2009 984 2157 1048 divis

505 1075 874 1154 principibus
895 1080 1212 1136 constituta
1242 1084 1400 1148 sunt,
1423 1080 1510 1136 vel
1536 1097 1662 1156 quae
1693 1080 1908 1156 singuli
1941 1081 2158 1156 quique

506 1164 801 1225 antistites
821 1183 926 1241 pro
957 1169 1154 1226 eausis
1181 1167 1590 1226 ecclesiasticis
1616 1169 2022 1244 impetrarunt,
2048 1167 2158 1226 sub

509 1266 683 1330 poena
707 1256 1003 1331 sacrilegii
1035 1257 1167 1331 jugi
1197 1249 1450 1314 solidata
1488 1259 1804 1316 aeternitate
1835 1262 2156 1316 serventur.

507 1345 761 1425 Clericos
775 1336 955 1402 etiﬂn
968 1363 1116 1420 quos
1133 1345 1438 1425 indiscreti
1445 1359 1502 1402 m
1521 1346 1596 1404 ad
1609 1346 1917 1406 saeculares
1929 1347 2161 1422 judices

509 1423 723 1508 debere
747 1431 958 1515 d‘educi
991 1429 1288 1493 infaustus
1318 1423 1708 1515 praesumptor
1735 1437 2012 1508 edixerat,
2045 1434 2162 1515 cpi:

511 1519 736 1597 scopali
762 1511 1076 1580 audientiae
1093 1535 1482 1582 reservamus.
1505 1525 1614 1582 Fas
1640 1511 1798 1582 enim
1831 1543 1946 1582 non
1967 1529 2056 1583 est
2075 1514 2161 1587 uti

514 1611 696 1668 divini
735 1613 998 1698 muneris
1041 1613 1298 1670 ministri
1346 1613 1760 1688 temporalium
1804 1619 2161 1689 potestatum

513 1698 846 1758 subdantur
863 1694 1340 1760 a‘rb‘itr‘io.»U'nde
1365 1706 1606 1761 sanctus
1627 1703 1761 1772 Leo,
1784 1721 1918 1762 cum
1933 1706 2162 1781 synodo

514 1790 716 1868 Romae
731 1789 936 1868 habita
953 1791 1302 1869 Sermationi
1335 1794 1392 1848 et
1420 1793 1642 1850 caeteris
1661 1787 1960 1868 episcopis
1979 1795 2162 1869 scrip-

2268 1253 2474 1328 redigi,
2508 1241 2636 1328 quae
2669 1259 2808 1312 sunt
2848 1241 2964 1330 Deo
2994 1253 3206 1324 dicata,
3239 1253 3551 1330 episcopus
3591 1253 3945 1312 secundum

2268 1324 2427 1417 leges
2447 1324 2594 1423 quas
2625 1324 2884 1428 Ecclesia
2912 1339 3138 1433 recipit,
3149 1324 3635 1438 etlvenerabiliter
3655 1359 3944 1436 compro-

2269 1431 2479 1508 bat,.'et
2507 1425 2830 1490 secundum
2864 1425 3062 1490 sacros
3091 1425 3366 1510 canones,
3400 1427 3466 1488 ac
3499 1427 3750 1505 decreta
3772 1430 3945 1488 sedis

2271 1499 2544 1611 Romanae.
2592 1521 2966 1611 pontiﬁcum,
2993 1499 3361 1609 advocatum:
3377 1499 3650 1609 publicis
3679 1516 3944 1611 iudiciis

2271 1610 2410 1686 dare
2433 1609 2633 1690 debet.
2656 1609 2738 1666 Ex
2767 1611 2958 1686 capite
2987 1615 3183 1686 autem
3223 1628 3330 1668 suo
3361 1613 3484 1690 tam
3513 1627 3621 1685 pro
3651 1609 3940 1678 crimine,

2271 1689 2450 1772 quam
2481 1689 2587 1772 pro
2617 1699 2771 1755 civili
2796 1714 2994 1778 causa,
3019 1704 3122 1778 aut
3151 1691 3308 1774 apud
3337 1689 3552 1775 electos
3571 1697 3842 1778 judices,
3866 1697 3944 1756 de

2273 1785 2510 1859 quibus,
2535 1789 2590 1842 et
2623 1784 2776 1844 sicut
2821 1773 2997 1844 sacrae
3030 1773 3205 1862 leges,
3233 1773 3554 1878 difﬁniunt,
3581 1773 3686 1844 aut
3701 1785 3849 1874 ipse
3876 1786 3940 1843 in

513 1856 1377 1982 sit,dicens:«c'Tantam'sasculi
1394 1856 1714 1954 potestates
1727 1856 1882 1940 circa
1900 1856 2166 1960 sacerdo-
2194 1915 2242 1982 Β
2273 1856 2495 1982 έξηοάς
2524 1893 2719 1977 coram
2765 1875 3055 1982 episcopis
3085 1856 3264 1982 debet
3295 1856 3547 1982 reddere
3586 1856 3885 1976 rationem
3919 1893 3938 1931 :

513 1965 691 2026 talem
731 1967 996 2026 ordinem
1046 1968 1428 2026 reverentiam
1475 1971 1784 2045 praevalere
1831 1969 2160 2042 voluerunt,

513 2055 693 2126 etiam
723 2056 786 2114 hi
817 2071 968 2130 quos
997 2057 1108 2116 sub
1139 2059 1438 2132 imperiali
1487 2061 1723 2142 nomine
1769 2055 1939 2120 terris
1971 2059 2166 2142 divina

515 2143 781 2224 potentia
805 2148 1056 2220 praeesse
1093 2147 1387 2224 praecepit,
1410 2151 1476 2206 ut
1495 2135 1598 2222 jus
1629 2133 2164 2224 distringendorun‘i

517 2216 888 2328 negotiorum
900 2216 1612 2328 episcopissanctisguxt'a
1624 2216 2168 2328 divaliaconstituta

516 2317 914 2398 permiserint.
943 2325 1108 2391 Quod
1141 2327 1276 2382 cum
1308 2317 1556 2398 et'juris
1593 2324 1823 2402 antiqui
1851 2327 2078 2394 edictis,
2111 2333 2169 2386 et

514 2406 1084 2486 illatisli‘equentius
1101 2407 1426 2488 sit'legibus
1447 2417 1883 2486 confirmatum,
1897 2417 2167 2490 praesenti

516 2505 780 2578 tempore
809 2517 844 2558 a
881 2501 1177 2575 plerisque
1225 2487 1558 2560 invenimus
1615 2503 1796 2563 fuisse
1852 2487 2166 2564 calcatum:

517 2585 667 2646 Nam
685 2589 1080 2663 praetermisso
1101 2591 1446 2648 sacerdotali
1459 2584 1684 2664 judicio
1707 2595 1927 2668 passim
1949 2597 2019 2652 ad
2041 2579 2168 2653 eaa-1

517 2673 1058 2752 menjsaécularium'
1085 2677 1464 2738 transierunt.
1487 2681 1769 2749 QuOcirca
1789 2684 1958 2742 nobis
1976 2671 2167 2744 visum

517 2764 703 2826 est‘ut
729 2761 987 2849 hanc"et
1035 2782 1338 2826 sacrarum
1371 2768 1589 2844 legum,
1625 2775 1680 2829 et
1711 2767 1898 2849 nostri
1945 2772 2168 2849 ordinis

515 2842 932 2928 contumeliam
975 2862 1032 2914 et
1062 2855 1135 2915 ad
1161 2875 1418 2931 praesens
1437 2842 1834 2919 vulcisceretur:
1857 2861 2028 2936 plena
2057 2842 2171 2940 dis/7

517 2942 729 3015 trictio‘,
763 2950 820 3002 et
849 2945 1273 3004 observandam
1325 2947 1638 3006 formulam
1680 2953 2062 3009 constitueret
2108 2953 2168 3010 in

517 3034 811 3120 futurum,
837 3031 1160 3091 Censemus
1201 3035 1405 3106 itaque
1447 3040 1512 3091 ut
1549 3039 1884 3111 quicunque
1936 3023 2168 3116 praeter;

519 3121 704 3180 m‘isso
742 3121 1041 3195 sacerdote
1083 3123 1338 3180 ecclesia:
1389 3141 1506 3182 sua:
1557 3125 1629 3182 ad
1683 3123 2168 3200 disceptationem

513 3206 1180 3283 venerit'saacuiarium,
1215 3213 1399 3290 sacris
1447 3211 1754 3272 liminibus
1807 3217 2086 3290 expulsus
2137 3237 2172 3276 a

521 3387 916 3462 prosequitur.
941 3389 1209 3462 Episcopi
1243 3389 1535 3464 siquidem
1567 3398 1626 3450 et
1654 3393 2028 3452 ecclesiastici
2062 3395 2170 3452 cle-

522 3476 647 3546 rici,
691 3477 1026 3534 secundum
1063 3479 1446 3552 apostolicam
1494 3481 1819 3539 doctrinam
1869 3487 1927 3540 et
1973 3501 2170 3544 sacros

521 3551 777 3626 canones
808 3565 1080 3641 a'c'leges,
1103 3551 1455 3644 ex'quarum
1489 3589 1666 3630 sensu
1700 3591 1913 3647 magna
1942 3593 2076 3647 pars
2109 3576 2165 3632 in

521 3654 765 3719 eisdem,
791 3658 890 3712 sed
915 3653 1050 3713 etin
1074 3655 1320 3714 decretis
1341 3660 1497 3716 sedis
1519 3659 1792 3718 Romanae
1825 3661 2168 3734 pontificum

521 3743 594 3802 ad
628 3740 920 3820 regula'ria
963 3734 1332 3820 exsequenda
1351 3746 1581 3820 judicia
1627 3746 1877 3808 habetur
1928 3735 2168 3826 inserta,

518 3827 679 3892 velut
703 3833 778 3904 de
806 3833 1062 3918 singulis
1093 3833 1297 3918 subter
1325 3841 1800 3900 commemoratis
1828 3837 2043 3897 ibidem
2075 3859 2172 3918 po-

520 3923 689 3981 testis
731 3916 1003 3997 relegere.
1029 3915 1152 3982 «'Si
1185 3931 1556 3995 accusantur,
1592 3929 1650 3983 in
1692 3928 1776 3984 eis
1827 3928 1968 3985 locis
2017 3915 2173 3988 unde

521 4015 662 4069 sunt
713 4011 828 4086 ipsi
881 4013 1139 4070 accusati
1195 4031 1374 4072 causa
1429 4003 1685 4072 ﬁnietur.
1715 4039 1742 4065 ››
1773 4017 1844 4073 Et
1887 4033 1957 4074 τα
1991 4005 2172 4076 Neino

522 4116 725 4159 eorum
755 4099 932 4160 rebus
959 4103 1046 4160 vel
1079 4103 1204 4161 suis
1235 4100 1613 4161 facultatibus
1648 4100 1932 4177 spoliatus
1965 4125 1998 4163 a
2027 4102 2173 4181 quo;

522 4185 703 4264 quam
731 4191 801 4248 de
831 4207 1183 4268 quacunque
1208 4209 1388 4250 causa
1415 4191 1825 4267 interpellatus
1857 4198 2058 4272 reddet
2086 4215 2176 4256 ca-

521 4281 731 4366 nonice
753 4284 820 4338 a'c
846 4279 1109 4355 legaliter
1127 4279 1436 4350 rationem,
1463 4281 1646 4339 donec
1677 4283 1812 4342 inde
1842 4287 2171 4366 revestitus,

523 4373 582 4426 et
609 4363 695 4427 eis
722 4367 982 4444 legitime
1018 4370 1190 4440 usus,
1215 4375 1274 4428 et
1323 4373 1407 4430 sic
1454 4371 1693 4430 demum
1753 4373 1826 4431 ad
1876 4363 2171 4448 judicium

523 4453 870 4532 regulariter
897 4459 975 4518 sit
999 4463 1292 4518 evocatus.
1321 4485 1348 4512 »
1369 4463 1439 4520 Et
1463 4479 1512 4518 :«
1547 4463 1672 4520 Neu
1703 4465 1774 4521 de
1805 4465 2048 4524 crimine
2080 4456 2175 4524 ne-

522 4562 636 4623 que
665 4541 738 4606 de
767 4540 926 4606 civili
951 4541 1129 4606 causa
1166 4551 1329 4630 apud
1360 4549 1667 4611 saeculares
1697 4545 1952 4628 judicari
1986 4574 2173 4630 neque

2276 1961 2430 2044 sicut
2455 1963 2768 2042 Arcadius,
2793 1965 3084 2048 Honorius
3112 1971 3174 2049 et.
3200 1959 3563 2049 Theodosius
3601 1965 3796 2022 edicto
3828 1981 3940 2024 suo

2273 2042 2653 2111 decreverunt
2687 2042 2948 2112 dicentes:
2977 2073 2989 2111 :
3020 2079 3047 2106 ‹‹
3082 2042 3544 2130 Ρνίνὶιέείεὓᾳυεςε
3574 2047 3851 2112 ecclesiis
3879 2059 3942 2111 et

2273 2139 2500 2199 clericis
2531 2139 2726 2220 legum
2747 2137 3006 2223 decernit
3025 2145 3362 2218 auctoritas,
3383 2144 3494 2230 hac
3525 2161 3760 2218 quoque
3792 2163 3941 2220 prae-

2275 2231 2540 2314 ceptione
2587 2237 2790 2290 sancta
2837 2238 2893 2302 et
2941 2227 3218 2290 inviolata
3269 2224 3611 2314 permanere
3660 2233 3938 2290 decerni-

2276 2313 2431 2402 mus,
2463 2322 2637 2400 atque
2668 2321 2919 2400 hocipéi
2963 2321 3416 2402 prazcipuumlet
3444 2313 3744 2396 singulare
3771 2322 3938 2379 defe-

2276 2398 2488 2477 rimus,
2509 2414 2574 2466 ut
2593 2398 2955 2486 quiscunque
2977 2405 3048 2468 de
3069 2398 3240 2468 nobis
3265 2398 3342 2485 ad
3369 2405 3676 2470 ecclesiam
3697 2415 3937 2468 tantum

2275 2499 2694 2572 pertinentium
2722 2499 3052 2578 specialiter
3070 2501 3290 2560 fuerint
3320 2501 3653 2576 impetrata,
3679 2520 3796 2560 non
3829 2518 3940 2576 per

2277 2593 2604 2658 coronatos,
2637 2591 2737 2646 sed
2783 2608 2888 2664 per
2927 2591 3256 2664 advocatos,
3287 2587 3488 2647 eorum
3539 2590 3828 2660 arbitratu
3881 2590 3940 2646 et

2268 2673 2572 2754 judicibus
2604 2678 2953 2747 innbtescat,
2987 2683 3044 2737 et
3083 2679 3364 2736 sortiatur
3401 2679 3692 2754 effectum.
3728 2681 3939 2736 Sacer-

2277 2752 2442 2826 dotes
2461 2758 2592 2826 vero
2606 2761 3098 2842 provinciae'erunt
3111 2763 3342 2834 solliciti
3362 2752 3560 2842 nesub
3581 2767 3690 2826 hac
3709 2768 3940 2826 scilicet

2279 2855 2564 2934 privilegii
2581 2847 3153 2936 excusatione,etiam
3172 2862 3378 2936 contra
3392 2840 3592 2915 eorum
3613 2857 3938 2914 utilitatem

2279 2925 2500 3022 aliquid
2526 2945 2618 3003 bis
2641 2927 2928 3031 inferatur.
2946 2925 3440 3031 incommodum.»
3457 2940 3521 3019 in
3544 2943 3654 3004 hoc
3676 2964 3938 3022 namque

2279 3019 2534 3110 capitulo
2555 3032 2850 3093 evidenter
2879 3019 3390 3110 ostenditunquia
3419 3035 3488 3092 de
3517 3027 3610 3092 his
3642 3051 3773 3110 qua:
3795 3019 3938 3092 sunt

2279 3123 2566 3200 Ecclesiae,
2583 3128 2640 3180 et
2661 3141 2787 3200 quae
2811 3125 2884 3182 ab
2914 3123 3389 3200 imperatoribus,
3409 3121 3466 3182 id
3499 3129 3605 3196 est,
3629 3142 3836 3184 eorum
3865 3124 3936 3180 li-

2235 3253 2244 3287 ε
2278 3211 2681 3283 beralitate,ac
2709 3230 2814 3287 per
2843 3231 3046 3287 eorum
3089 3212 3246 3286 leges
3273 3211 3485 3270 collata
3516 3211 3588 3269 ad
3619 3213 3935 3272 ecclesiam

519 3297 738 3358 cuilesti
766 3298 1038 3357 arceatur
1079 3280 1445 3358 altario.»'Et
1471 3299 1699 3376 reliqua
1729 3319 1854 3378 quae
1878 3280 1986 3363 -ibi
2035 3306 2169 3366 inde
2201 3280 2244 3358 C
2280 3280 2593 3376 pertinent,
2622 3280 2964 3360 ecclesiastii

2280 3297 2592 3376 pertinent,
2622 3299 3002 3360 ecclesiastici
3035 3299 3227 3360 clerici
3259 3303 3568 3376 advocatos
3599 3301 3933 3374 judicibus,

2278 3397 2334 3448 et
2365 3410 2492 3470 non:
2512 3393 2584 3448 de
2612 3409 2674 3449 se
2701 3391 2840 3464 dare
2871 3391 3108 3450 debent.
3137 3389 3282 3452 Cum
3313 3389 3469 3451 enim
3501 3390 3643 3450 dicit
3679 3410 3730 3448 ζα
3765 3394 3936 3459 Que-

2278 3499 2509 3554 cunque
2541 3481 2611 3536 dc
2647 3481 2814 3538 nobis
2835 3483 2908 3538 ad
2929 3479 3234 3558 ecclesiam
3249 3473 3488 3538 tantum
3507 3478 3936 3562 pertinentium

2279 3569 2608 3644 specialiter
2663 3569 2878 3627 fuerint
2925 3567 3258 3644 impetrata,
3311 3594 3338 3620 ››
3385 3588 3500 3628 non
3549 3567 3934 3653 ecclesiastici

2279 3659 2493 3727 clerici,
2512 3659 2752 3716 minime
2771 3663 2963 3717 autem
2982 3664 3157 3734 caput
3173 3659 3450 3736 episcopi,
3466 3657 3934 3744 comprehendit,

2281 3749 2373 3805 cui
2406 3749 2606 3814 tuendi
2639 3749 2879 3806 clericos
2899 3749 3100 3808 curam
3123 3747 3458 3810 committit.
3478 3751 3547 3806 Et
3567 3749 3625 3806 in
3649 3745 3839 3822 primo
3873 3747 3938 3804 li-

2281 3837 2384 3894 bro
2427 3835 2814 3914 capitulorum
2849 3841 3184 3898 nostrorum
3231 3831 3676 3913 imperatorum,
3713 3844 3938 3896 vestro-

2283 3945 2413 3984 rum
2437 3933 2633 3984 autem
2657 3927 3115 4004 progenitorum,
3140 3927 3476 4004 praecipitur
3495 3945 3546 3984 ει(
3573 3927 3645 3985 Ut
3673 3927 3934 4002 episcopi

2283 4015 2634 4092 s'uil‘ra'ganei
2663 4002 2733 4073 ad
2759 4015 3274 4092 metropolitanum
3299 4002 3667 4091 respiciant.»
3695 4015 3784 4082 Et,
3816 4017 3934 4073 cle-

2283 4104 2386 4161 rici
2418 4105 2795 4163 ecclesiastici
2828 4105 2876 4162 si
2911 4105 3144 4180 culpam
3177 4105 3548 4175 incurrerint,
3569 4096 3657 4162 vel
3691 4105 3841 4162 inter
3865 4123 3932 4161 se

2285 4193 2582 4270 negotium
2604 4191 2836 4268 aliquod
2859 4191 3191 4265 habuerint,
3216 4184 3370 4270 apud
3398 4191 3823 4254 ecclesiasticos
3833 4193 3933 4268 ju-

2283 4281 2570 4354 dicentur,
2605 4301 2719 4340 non
2751 4283 2905 4358 apud
2938 4284 3268 4342 saeculares.
3294 4283 3362 4339 Et
3401 4283 3458 4340 S.
3485 4299 3638 4358 papa
3665 4271 3933 4340 Gelasius

2283 4371 2342 4428 in
2362 4373 2608 4428 deoretis
2626 4373 2749 4428 suis
2765 4371 2837 4430 ad
2853 4361 3159 4447 episcopos
3180 4362 3665 4446 parvipendentes
3682 4371 3929 4428 fratrum

2281 4461 2635 4530 vexationes,
2659 4479 2793 4518 cum
2826 4463 3006 4538 digna
3031 4462 3430 4541 increpatione
3461 4461 3667 4538 scribit
3688 4461 3928 4520 dicens:

2289 4571 2311 4599 α
2335 4551 2450 4607 Cur
2479 4569 2592 4608 non
2625 4552 2913 4626 compassi
2948 4551 3091 4630 estis
3139 4546 3318 4609 tantis
3368 4545 3649 4608 fratribus
3678 4547 3932 4608 vestris?

522 4638 595 4696 ad
629 4634 931 4731 sge'cuia'ria
967 4628 1438 4731 judiciaidebent
1485 4638 1713 4731 invitari
1745 4643 1831 4731 vel
1886 4628 2169 4726 trahi,_si-
2201 4663 2249 4731 Β
2281 4641 2398 4698 Cur
2427 4659 2540 4697 non
2589 4637 2798 4700 adistis
2848 4628 3260 4731 imperatorem
3278 4641 3449 4731 ιἳᾴίξιιιι
3499 4659 3612 4731 non
3661 4639 3928 4731 Ecclesiae

522 4731 624 4784 cut
650 4721 792 4796 tunc
819 4719 1102 4801 temporis
1134 4727 1310 4784 ﬁebat
1341 4729 1574 4802 quando
1604 4729 1821 4788 Christi
1855 4719 2066 4790 nomen
2099 4733 2171 4791 ab

520 4807 876 4874 inﬁdelibus
905 4816 1020 4874 non
1054 4805 1442 4874 rbverebatur’.
1469 4842 1496 4868 ››
1519 4821 1682 4876 Unde
1730 4819 1985 4878 Jacobus
2030 4807 2169 4896 apo-

522 4900 708 4964 stolus
729 4901 1256 4980 scripsit‘ﬁdelibus
1283 4906 1507 4964 :Nonne
1535 4908 1725 4965 divites
1751 4925 1850 4980 per
1873 4911 2173 4982 potentiam

521 4987 836 5070 ορρνίτήιὰιι
867 5009 956 5052 vos
985 4999 1038 5052 et
1065 4997 1178 5068 ipsi
1204 4993 1430 5052 trahunt
1458 5013 1547 5053 vos
1579 4995 1650 5052 ad
1669 4997 1888 5069 judicia
1915 4999 2050 5066 (Jac.
2084 5001 2167 5071 Ii}.

519 5085 636 5142 Nec
685 5083 954 5155 clericus,
987 5084 1230 5141 minime
1287 5092 1482 5142 autem
1541 5086 1872 5160 episcopus,
1923 5087 2172 5161 publicis

511 5166 756 5246 judiciis
788 5189 849 5231 se
877 5177 1071 5247 potest
1118 5187 1389 5249 purgare,
1425 5175 1564 5248 quia
1608 5190 1723 5230 non
1756 5177 1946 5247 potest
1992 5176 2170 5237 ullius

518 5257 762 5321 alterius
790 5261 904 5320 nisi
929 5263 1335 5336 episcoporum
1360 5264 1418 5320 et
1439 5279 1682 5321 suorum
1709 5264 2062 5338 regularium
2077 5268 2173 5338 ju-

516 5352 714 5408 dicum
739 5351 912 5409 subdi
936 5351 1022 5409 vel
1045 5353 1228 5408 teneri
1243 5353 1491 5426 judicio.
1517 5353 2012 5428 Nequecuiquam
2037 5353 2172 5413 licet

517 5439 884 5515 episcopum,
917 5441 1000 5496 vel
1051 5439 1303 5513 alicujus
1334 5441 1558 5498 ordinis
1601 5441 1876 5499 clericum
1910 5441 2170 5516 quolibet

517 5527 689 5586 modo
719 5531 1020 5598 damnare,
1044 5529 1157 5587 nisi
1191 5529 1469 5587 canonico
1501 5529 1908 5606 episcoporum
1933 5533 2166 5605 judica-

2281 4732 2540 4798 cau'sam,
2557 4734 2613 4788 et
2633 4732 3004 4787 sacerdotum
3027 4724 3423 4787 miserabilem
3443 4728 3928 4786 decolorationem

2279 4803 2638 4876 continuatis
2656 4819 2896 4878 vocibus
2927 4815 3262 4888 deﬂevistis,
3286 4818 3606 4894 allegantes
3627 4833 3927 4894 nunquam

2279 4907 2350 4964 de
2369 4907 2742 4982 pontificibus
2761 4908 2871 4965 nisi
2891 4905 3559 4982 Ecclésiamjudicasse?
3579 4907 3704 4964 Non
3721 4911 3810 4963 est
3824 4906 3928 4962 hn-

2279 4983 2588 5054 manar‘um
2609 4997 2807 5074 legum
2829 4999 2900 5054 de
2922 4997 3139 5057 talibus
3160 4999 3308 5073 ferre
3330 4987 3682 5056 Sententiam
3707 4994 3924 5070 absque

2279 5085 2546 5144 Ecclesia:
2567 5083 2968 5162 principaliter
2993 5084 3326 5168 constitutis
3343 5086 3740 5160 pontificibus.
3757 5085 3924 5142 Obse-

2279 5173 2378 5249 qui
2411 5175 2594 5232 solere
2624 5176 2918 5252 printipes
2957 5173 3309 5250 christianos
3339 5175 3589 5234 decretis
3633 5173 3920 5243 Ecclesiae,

2280 5279 2396 5320 non
2428 5277 2596 5320 suam
2629 5283 2960 5338 praeponere
3000 5256 3347 5340 potestatem
3383 5281 3395 5321 :
3429 5264 3718 5340 episcopis
3750 5265 3922 5338 caput

2279 5352 2529 5409 eubdere
2550 5348 2872 5427 principem
2895 5354 3154 5423 solitum,
3180 5371 3295 5410 non
3319 5351 3388 5410 de
3409 5370 3612 5410 eorum
3636 5351 3921 5426 capitibus

2270 5441 2556 5515 judicare.
2582 5441 2746 5499 Unde
2776 5448 3006 5502 constat
3051 5444 3192 5518 quia
3222 5443 3270 5500 si
3307 5461 3419 5503 non
3468 5441 3603 5498 licet
3651 5442 3918 5516 principi,

2279 5547 2381 5589 ncc
2406 5533 2682 5606 cuiquam
2704 5532 2871 5590 alteri
2899 5533 3050 5601 licet,
3076 5533 3190 5589 nisi
3215 5531 3503 5606 episcopis
3525 5531 3595 5588 de
3626 5531 3917 5606 episcopo-

517 5620 642 5672 tum
667 5615 911 5690 judicio,
944 5619 1030 5675 vel
1081 5620 1126 5675 si
1171 5635 1348 5676 causa
1379 5620 1650 5693 exegerit,
1673 5621 1923 5694 regulari
1965 5636 2164 5680 corum
2277 5639 2406 5678 rum
2439 5621 2731 5695 capitibus
2765 5622 3220 5693 judicare.Quin
3252 5621 3428 5679 etiam
3459 5624 3597 5694 ipsa:
3631 5621 3788 5693 leges
3813 5637 3916 5693 pu-

519 5706 812 5778 petitione.
847 5710 1006 5778 Quod
1054 5715 1248 5766 autem
1281 5713 1336 5765 et
1375 5711 1590 5782 quibus
1643 5711 1832 5767 modis
1881 5713 2164 5772 excedens
2275 5712 2436 5768 blicaz
2459 5710 2868 5766 ecclesiasticis
2893 5710 3110 5782 regulis
3135 5712 3522 5786 obsequentes
3551 5710 3696 5768 tales
3723 5727 3914 5786 perso-

3684 6475 3966 6488 _____——.
