4152 6500
503 326 652 394 1051

1277 334 1663 397 HINCMARI
1716 333 1958 395 ΗΗΕΜ..
2006 333 2371 394 ARCHIEP.
2422 333 2828 396 OPUSCULA
2875 332 3138 394 VARlA.

3782 331 3954 394 £052

502 463 671 522 nobis
701 481 900 523 annua
928 467 1083 525 dona
1122 473 1424 537 vocantur,
1458 472 1696 541 prastat
1724 465 2000 533 Ecclesia,
2035 482 2156 521 ser-
2187 466 2242 532 Α
2272 465 2418 521 forte
2447 471 2771 522 excesserat
2803 482 2816 521 :
2851 465 2970 521 Non
2997 474 3076 521 est
3093 467 3240 522 enim
3263 465 3418 522 homo
3439 465 3631 546 justus
3667 468 3734 520 in
3767 475 3946 528 terra,

501 569 645 610 vans
673 556 825 626 quod
851 555 1026 627 jubet
1054 558 1370 630 Apostolus
1407 576 1418 614 :
1451 560 1562 616 Cui
1588 557 2124 621 honorem,honorem
2137 573 2162 626 ί

501 644 598 699 cui
625 647 880 714 vectigal,
933 648 1166 716 vectigal
1215 649 1389 720 (Rom.
1423 650 1547 716 xm)
1575 665 1588 702 :
1624 644 1992 710 subauditur,
2023 661 2162 716 pra-

503 735 656 788 state
686 734 807 807 regi
830 752 898 791 ac
928 735 1340 793 defensoribus
1369 737 1601 792 vestris.
1637 734 1742 802 Qui
1775 751 1911 806 ergo
1939 733 2159 805 stipen~

501 819 600 878 dia
627 823 920 890 Ecclesia,
952 827 1363 898 cujuscunque
1419 825 1540 882 sint
1597 824 1842 892 ordinis,
1896 821 2028 889 loci,
2073 818 2161 876 vel

501 909 806 982 dignitatis
836 913 1151 987 accipiunt,
1185 914 1232 970 si
1267 932 1370 987 pro
1403 913 1565 970 illius
1599 913 1809 980 salute,
1845 929 1912 968 ac
1945 910 2160 983 quietis

501 996 722 1057 honore
743 1006 918 1075 atque
939 1003 1294 1069 defensione,
1311 1003 1558 1060 sollicite
1578 1009 1634 1058 et
1655 1019 1760 1076 pro
1784 1001 2012 1057 viribus
2042 1017 2160 1055 non

503 1083 789 1157 laborant,
822 1090 1081 1164 indigne,
1115 1093 1257 1164 quin
1289 1096 1347 1148 et
1367 1092 1660 1164 judicium
1709 1091 1808 1146 illa
1841 1090 1952 1146 sibi
1986 1105 2158 1144 usur-

502 1181 665 1247 pant.
681 1179 828 1246 Quia
857 1179 1010 1236 sicut
1039 1198 1132 1238 res
1161 1185 1218 1237 ct
1247 1181 1556 1238 facultates
1586 1181 1845 1236 ecclesia
1877 1185 2014 1235 sunt
2044 1179 2161 1250 epi-

503 1282 679 1340 scopo
699 1268 772 1324 ad
796 1269 1229 1342 disponendum
1245 1286 1310 1326 ac
1330 1270 1792 1343 dispensandum
1809 1267 2156 1334 commissa,

502 1353 585 1410 ita
603 1356 771 1429 regia
787 1357 1061 1430 potestati
1092 1358 1419 1415 commissa
1451 1363 1592 1415 sunt
1620 1359 1693 1415 ad
1725 1357 2157 1414 defendendum

502 1447 679 1516 atque
706 1447 1013 1502 tuendum.

573 1533 643 1588 Et
663 1549 766 1606 per
775 1535 915 1606 jura
935 1551 1138 1610 regum
1172 1536 1428 1594 Ecclesia
1450 1538 1711 1611 possidet
1734 1535 2154 1610 possessiones;

503 1619 657 1677 sicut
685 1623 744 1679 S.
765 1624 1130 1697 Augustinus
1160 1625 1216 1681 in
1250 1643 1520 1684 sermone
1566 1626 1814 1683 Joannis
1862 1623 2156 1698 Evangelii

501 1709 644 1766 dicit
677 1728 691 1766 :
726 1733 754 1762 ‹‹
792 1712 1110 1787 Leguntur,
1155 1714 1452 1788 inquiens,
1486 1715 1646 1789 leges
1677 1715 2020 1783 manifesta,
2053 1713 2154 1770 ubi

500 1807 902 1873 praeceperunt
929 1803 1336 1877 imperatores,
1370 1821 1468 1862 eos
1517 1805 1617 1878 qui
1647 1810 1856 1878 prater
1885 1803 2154 1860 Ecclesia:
2185 1841 2233 1906 Β
2267 1807 2534 1879 petravit.
2567 1806 2678 1863 Sed
2724 1806 2832 1861 hoc
2877 1805 3029 1861 inter
3075 1804 3366 1861 homines.
3399 1803 3549 1871 Quia
3578 1808 3778 1877 potest
3810 1803 3922 1858 falli

502 1887 799 1946 catholica
820 1893 1297 1950 communionem
1320 1900 1611 1968 usurpant
1630 1894 1739 1952 sibi
1762 1909 1974 1950 nomen
1997 1893 2158 1950 Chri-
2215 1897 2227 1905 '
2265 1896 2460 1962 homo,
2481 1895 2672 1969 potuit
2689 1893 2809 1950 falli
2830 1894 3165 1965 imperator,
3183 1893 3419 1967 quando
3436 1909 3640 1967 preces
3661 1891 3883 1948 misisti
3907 1909 3922 1946 :

502 1887 799 1946 catholica
820 1893 1297 1950 communionem
1320 1900 1611 1968 usurpant
1630 1894 1739 1952 sibi
1762 1909 1974 1950 nomen
1997 1893 2158 1950 Chri-

503 1977 907 2047 stianum,nec
937 1980 1143 2038 volunt
1174 1982 1233 2038 in
1260 1999 1402 2056 pace
1432 1982 1618 2040 colere
1645 1982 1805 2056 pacis
1835 1987 2154 2053 auctorem,

504 2065 653 2122 nihil
686 2068 923 2126 nomine
951 2069 1219 2128 Ecclesia
1251 2072 1505 2129 audeant
1539 2071 1856 2145 possidere.
1881 2071 1994 2128 Sed
2015 2071 2155 2144 quid

503 2155 699 2226 nobis,
730 2155 1029 2232 inquiunt,
1061 2165 1120 2216 et
1157 2161 1495 2234 imperatori
1515 2161 1545 2216 ‘i
1573 2162 1685 2218 Sed
1735 2162 1863 2233 jam
1913 2161 2054 2229 dixi,
2085 2160 2156 2215 de

417 2238 426 2247 ’
495 2243 632 2315 jure
655 2244 916 2303 humano
938 2248 1214 2323 agitur,et
1233 2255 1428 2306 tamen
1453 2249 1766 2323 Apostolus
1781 2249 1966 2306 voluit
1979 2249 2157 2306 hono-

507 2332 624 2388 rari
647 2349 834 2408 reges,
856 2339 914 2392 et
931 2337 1097 2404 dixit,
1121 2352 1316 2410 regem
1354 2339 1730 2395 veneremini.
1757 2337 1883 2394 Noli
1916 2338 2107 2394 dicere
2139 2354 2152 2392 :

506 2419 646 2494 quid
675 2421 820 2478 mihi
852 2427 910 2480 et
939 2425 1059 2498 regi
1082 2425 1112 2481 τ
1140 2425 1280 2500 quid
1329 2426 1434 2483 tibi
1483 2443 1620 2500 ergo
1667 2431 1724 2484 et
1752 2427 2105 2500 possessioni
2128 2428 2158 2482 ‘I

507 2509 616 2566 Per
645 2511 776 2583 jura
806 2529 1010 2586 regum
1043 2515 1422 2588 possidentur
1446 2515 1867 2588 possessiones.
1901 2515 2105 2572 Dixisti
2139 2533 2152 2571 :

505 2600 648 2672 quid
681 2601 825 2658 mihi
857 2607 917 2659 et
946 2603 1116 2678 regi?
1141 2605 1270 2662 Noli
1319 2606 1510 2663 dicere
1557 2607 1960 2680 possessiones
1999 2612 2154 2678 tuas,

505 2688 608 2760 qui
639 2689 698 2746 in
733 2690 861 2764 ipsa
881 2693 1022 2765 jura
1049 2693 1310 2752 humana
1340 2695 1711 2766 renuntiasti,
1730 2695 1946 2768 quibus
1976 2696 2159 2770 possi-

505 2779 719 2834 dentur
747 2779 1168 2852 possessiones.
1201 2805 1230 2834 ιι

577 2868 649 2924 Et
668 2868 728 2924 in
750 2867 876 2943 lege
891 2871 1030 2928 data
1046 2872 1314 2930 Ecclesia
1331 2875 1404 2931 ab
1426 2875 1712 2932 Honorico
1741 2879 1800 2932 et
1829 2875 2158 2932 Theodosio

509 2955 964 3030 imperatoribus
1017 2961 1373 3037 pracipitur,
1401 2969 1467 3020 ut
1513 2980 1648 3020 cum
1697 2965 2021 3038 presbyteri
2069 2963 2159 3020 vel

509 3045 760 3116 diaconi,
795 3049 1102 3124 caterique
1131 3051 1324 3108 clerici
1357 3053 1512 3127 apud
1554 3054 1893 3127 episcopum
1944 3053 2161 3118 fuerint

506 3136 785 3205 accusati,
803 3137 1113 3213 episcopus
1136 3140 1478 3215 huiusmodi
1497 3158 1726 3208 causas,
1749 3143 1859 3199 sub
1880 3142 2158 3200 testiﬁca-

510 3222 667 3282 tione
697 3212 1018 3284 multorum
1051 3229 1198 3285 actis
1218 3212 1482 3287 'audiat:
1517 3235 1810 3304 quatenus
1841 3231 1890 3288 si
1923 3229 2150 3305 probati
2181 3212 2225 3280 (ἶ

507 3311 727 3369 fuerint
743 3313 1386 3390 innocentes,plurimis
1401 3319 1825 3377 innotescat.Et
1842 3320 2158 3393 Apostolus

508 3399 650 3456 dicit
681 3417 695 3457 :
726 3401 942 3475 Oportet
995 3407 1304 3479 episcopum
1333 3407 1530 3465 habere
1557 3390 1925 3466 testimonium
1958 3390 2159 3465 bonum

513 3490 582 3544 ab
616 3488 706 3545 his
733 3493 902 3548 etiam
941 3495 1041 3566 qui
1067 3495 1206 3566 foris
1242 3505 1372 3552 sunt
1388 3499 1438 3566 (Ι
1468 3499 1602 3554 Tim.
1635 3501 1743 3567 ιιι).
1778 3498 2064 3566 Quoniam
2097 3497 2155 3552 in

510 3576 727 3650 palatio
758 3597 792 3636 a
821 3581 1177 3640 reclamante
1215 3585 1580 3659 divulgatum
1611 3591 1720 3655 est,
1753 3587 1908 3660 quod
1940 3587 2158 3658 injuste

511 3665 714 3724 fecerit
733 3669 1045 3744 episcopus
1067 3687 1081 3728 :
1106 3673 1325 3730 bonum
1347 3680 1522 3732 estut
1555 3676 1685 3748 ejus
1719 3675 2074 3743 innocentia,
2108 3673 2159 3731 si

503 3755 668 3828 juste
687 3758 1008 3832 egit,etiam
1030 3761 1408 3822 sacularibue
1423 3765 1773 3822 innotescat.
1792 3765 1862 3821 Et
1879 3765 2157 3838 quoniam

509 3845 887 3906 Sardicenses
935 3867 1189 3910 canones
1234 3870 1338 3927 pro
1384 3853 1477 3910 his
1514 3855 1614 3927 qui
1645 3854 1849 3927 iniqua
1876 3855 1930 3909 vi
1963 3855 2159 3928 oppri-

510 3940 774 4004 muntur,
797 3939 1145 3998 comitatum
1177 3943 1337 3999 adire
1358 3943 1574 4014 jubent
1603 3942 2028 4016 episcopum,et
2057 3943 2162 3999 rei-

514 4023 761 4095 publica
795 4027 1057 4086 militans
1085 4033 1237 4104 apud
1276 4049 1378 4088 vos
1404 4049 1466 4088 se
1492 4032 1566 4087 ab
1596 4033 1867 4105 episcopo
1897 4031 2162 4105 queritur

515 4111 854 4185 spoliatum.
887 4117 957 4174 Et
1001 4135 1179 4175 sacra
1232 4119 1391 4193 leges
1420 4121 1492 4176 ad
1516 4121 1811 4192 judicium
1843 4121 2159 4178 electorum

502 4200 778 4273 judicum
799 4210 1112 4282 utramque
1131 4214 1381 4282 partem,
1406 4208 1627 4267 scilicet
1648 4215 1705 4266 et
1725 4215 2088 4284 querentem,
2105 4215 2163 4266 et

510 4294 716 4346 contra
743 4309 917 4366 quem
949 4298 1217 4369 queritur
1241 4301 1330 4367 (ut
1359 4303 1414 4354 et
1444 4299 1696 4356 decrevit
1723 4300 2057 4374 Gregorius,
2090 4300 2162 4356 de

511 4380 798 4438 causisin
828 4382 1058 4457 legibus
1105 4387 1484 4461 constitutis),
1516 4405 1680 4446 mora
1731 4393 1996 4447 cessante
2043 4406 2160 4446 non

511 4471 746 4526 tantum
777 4473 1097 4544 provocari,
1130 4491 1331 4532 verum
1383 4483 1440 4533 et
1486 4477 1614 4551 cogi
1652 4479 1904 4550 jubent;
1932 4477 1983 4536 si
2013 4477 2164 4534 laica

2274 557 2340 609 ut
2371 554 2644 610 Salomon
2673 553 2833 620 dicit,
2866 557 2964 626 qui
3015 557 3188 626 faciat
3238 555 3438 610 bonum
3490 564 3542 611 et
3589 571 3708 611 non
3759 565 3948 627 [reret

2273 643 2459 714 (Eccli.
2493 643 2593 714 vn)
2625 659 2638 697 :
2668 648 2724 698 et
2753 643 3054 714 apostolus
3087 659 3100 698 :
3137 643 3196 697 ln
3227 644 3420 699 multis
3447 643 3791 716 oﬂ'cndimus
3821 659 3942 698 om-

2270 749 2365 788 nes
2395 733 2527 804 (Jac.
2561 733 2644 804 ιιι)
2671 717 3079 788 verecundiam
3132 731 3432 804 patiatur:
3481 737 3540 787 et
3583 732 3939 805 episcopus,

2272 821 2574 888 fratribus,
2603 825 2660 877 et
2706 821 2831 878 suis
2871 820 3198 893 judicibus,
3231 821 3556 877 secundum
3603 837 3818 877 sacros
3851 839 3942 877 ca-

2270 927 2454 968 nones
2501 911 2807 967 dicentes:
2844 927 2947 983 per
2995 910 3298 984 episcopos
3341 911 3578 982 judices
3638 927 3831 966 causa
3873 912 3940 965 ti-

2270 1001 2485 1068 niatur,
2518 999 2770 1056 obediat.
2799 1001 2868 1056 Et
2897 999 3006 1056 hoc
3038 1000 3209 1055 modo
3257 999 3478 1055 militia
3529 1005 3743 1056 vestra
3793 998 3936 1072 legi-

2270 1091 2381 1146 bus
2404 1091 2567 1163 juste
2597 1091 2868 1158 conditis,
2903 1089 3041 1164 quia
3088 1091 3371 1162 scriptum
3422 1105 3526 1162 per
3570 1089 3936 1163 sapientiam

2270 1197 2396 1252 qua
2429 1181 2583 1237 Deus
2628 1185 2735 1247 est,
2799 1180 3114 1236 Conditores
3173 1180 3350 1251 legum
3392 1179 3547 1250 justa
3598 1179 3934 1244 decernunt,

2267 1271 2452 1338 (Prov.
2476 1273 2624 1339 vm),
2643 1270 2689 1324 si
2713 1270 2937 1341 justam
2976 1266 3402 1341 querimoniam
3427 1267 3601 1324 habet
3625 1267 3936 1339 justitiam

2269 1375 2438 1414 suam
2468 1358 2762 1414 obtineat:
2797 1357 2846 1414 si
2878 1357 3054 1414 etiam
3085 1357 3308 1428 injusta
3354 1360 3600 1428 questus
3633 1355 3838 1423 fuerit,
3868 1373 3936 1412 os

2266 1450 2396 1522 ejus
2416 1447 2696 1522 legaliter,
2721 1445 2921 1503 missis
2942 1447 3152 1502 vestris
3177 1445 3936 1514 decernentibue,obstrua-

2267 1543 2383 1596 tur.
2418 1538 2581 1595 Sicut
2639 1537 2796 1594 enim
2855 1542 3096 1594 sanctus
3151 1534 3517 1610 Augustinus
3557 1535 3618 1592 in
3655 1553 3931 1592 sermone

2264 1628 2510 1686 Joannis
2548 1626 2846 1701 Evangelii
2887 1626 3064 1682 dicit:
3095 1624 3299 1682 «Juris
3323 1625 3574 1682 forensis
3596 1630 3711 1692 est,
3733 1631 3804 1681 ut
3831 1625 3930 1697 qui

2265 1716 2324 1773 in
2349 1717 2620 1790 precibus
2642 1715 2927 1772 mentitus
2949 1714 3140 1781 tuerit,
3164 1731 3284 1770 non
3305 1713 3388 1770 illi
3413 1713 3599 1788 prosit
3619 1713 3785 1786 quod
3821 1713 3930 1768 im-

2267 1807 2534 1879 petravit.
2567 1806 2678 1863 Sed
2724 1806 2832 1861 hoc
2877 1805 3029 1861 inter
3075 1804 3366 1861 homines.
3399 1803 3549 1871 Quia
3578 1808 3778 1877 potest
3810 1801 3928 1858 falli

2266 1985 2462 2040 dixisti
2488 1984 2644 2041 enim
2676 1983 2832 2057 quod
2863 1981 3100 2040 voluisti
3125 1999 3137 2039 :
3161 1988 3219 2039 et
3249 1981 3344 2039 cui
3376 1981 3598 2049 dixisti,
3631 1981 3828 2038 nescit
3856 1999 3926 2037 an

2263 2089 2463 2130 verum
2487 2073 2833 2129 sit:dimisit
2849 2077 2905 2129 te
2929 2071 3260 2129 adversario
3280 2076 3381 2127 tuo
3403 2070 3872 2127 convincendum
3908 2087 3924 2125 :

2264 2167 2322 2219 et
2351 2161 2400 2218 si
2433 2167 2569 2218 ante
2609 2162 2873 2233 judicem
2923 2161 3227 2218 convictus
3276 2160 3459 2217 ﬂueris
3487 2160 3562 2216 de
3591 2159 3921 2222 mendacio,

2265 2250 2406 2324 quia
2434 2268 2549 2307 non
2583 2251 2772 2323 potuit
2801 2249 2900 2307 ille
2930 2267 3045 2306 non
3077 2255 3373 2324 prastare,
3406 2249 3678 2306 nesciens
3700 2267 3774 2306 an
3799 2250 3920 2305 fue-

2265 2340 2346 2398 ris
2361 2341 2664 2407 mcntitus,
2683 2341 2762 2397 ibi
2786 2357 2988 2396 careas
3007 2339 3134 2413 ipso
3157 2340 3439 2396 beneflcio
3461 2339 3618 2412 quod
3639 2338 3918 2413 impetra-

2264 2429 2397 2487 sti.»
2424 2431 2616 2504 Ipsam
2640 2433 2835 2486 autem
2858 2429 3046 2504 legem
3069 2448 3102 2485 a
3121 2434 3286 2485 tanto
3307 2428 3429 2484 viro
3452 2427 3804 2501 expositam,
3829 2427 3920 2485 hic

2267 2537 2380 2576 non
2415 2518 2532 2575 vidi
2564 2519 2917 2592 ponendam.
2959 2518 3124 2575 Unde
3173 2522 3422 2588 constat,
3455 2517 3598 2591 quia
3644 2518 3694 2574 si
3723 2534 3918 2574 carere

2266 2609 2438 2666 debet
2462 2625 2528 2666 eo
2555 2609 2711 2682 quod
2746 2625 2848 2681 per
2877 2608 3250 2665 mendacium
3293 2606 3654 2681 impetravit,
3687 2606 3918 2663 cautius

2265 2703 2354 2755 est
2383 2702 2450 2754 ut
2477 2697 2859 2770 investigetur
2885 2697 3123 2765 veritas,
3153 2701 3470 2770 antequam
3517 2712 3624 2769 per
3673 2697 3920 2752 menda-

2265 2787 2424 2843 cium
2441 2786 2865 2860 quiddam,nisi
2890 2784 3663 2860 inquisitionem,impetret:
3691 2784 3922 2841 dicente

2266 2879 2468 2934 sancto
2498 2880 2555 2932 et
2585 2879 2756 2932 cauto
2789 2891 2922 2949 rege
2957 2892 2970 2931 :
3006 2875 3238 2932 Causam
3268 2891 3435 2947 quam
3459 2876 3770 2932 nesciebam
3796 2873 3926 2930 dili-

2264 2967 2578 3039 gentissime
2635 2965 3031 3035 inuestigabam
3079 2965 3194 3036 (Job
3222 2967 3398 3034 xxix).
3430 2963 3500 3020 Et
3527 2962 3579 3020 si
3607 2962 3926 3037 episcopus

2266 3072 2301 3112 a
2321 3071 2382 3112 se
2403 3054 2742 3121 electorum,
2765 3053 2854 3108 vel
2878 3069 2911 3109 a
2933 3051 3178 3126 primate
3202 3069 3308 3109 suo
3352 3053 3768 3126 deputatorum
3799 3052 3924 3126 epi-

2266 3160 2577 3217 scoporum
2613 3142 2932 3217 judicium,
2963 3145 3065 3198 aut
3094 3143 3300 3216 synodi
3331 3141 3630 3199 canonicis
3653 3141 3923 3215 judiciis,

2265 3238 2332 3290 ut
2361 3234 2516 3307 quod
2549 3249 2718 3290 secus
2749 3248 2928 3306 quam
2959 3232 3249 3299 debuerit,
3276 3231 3416 3306 egit,
3449 3231 3742 3296 emendet,
3777 3231 3920 3286 obe-

2264 3321 2388 3379 dire
2406 3321 2678 3389 noluerit,
2697 3321 2988 3378 habemus
3007 3320 3144 3376 inde
3164 3320 3348 3376 sacris
3369 3319 3695 3377 canonibus
3715 3320 3922 3377 decre-

2263 3416 2390 3468 tum
2407 3411 2701 3484 judicium
2725 3411 2880 3484 quod
2904 3411 3112 3467 debeat
3133 3409 3528 3466 sustinere.Et
3551 3409 3598 3464 si
3622 3408 3802 3465 homo
3819 3425 3922 3464 ve-

2266 3504 2398 3556 stra
2433 3498 2657 3555 militia
2693 3499 2901 3556 vestris
2933 3499 3134 3556 missis
3153 3503 3210 3556 et
3236 3497 3466 3571 legibus
3494 3497 3713 3567 saeculi,
3747 3503 3814 3553 ut
3843 3499 3920 3554 ab

2267 3589 2488 3660 injusto
2516 3587 2770 3644 clamore
2802 3592 3085 3662 quiescat,
3108 3605 3310 3662 parere
3342 3587 3785 3661 contempserit,
3819 3585 3922 3643 ba-

2267 3677 2438 3733 betur
2458 3676 2752 3750 judicium
2797 3677 2857 3733 in
2904 3677 3200 3751 capitulis,
3233 3677 3304 3733 de
3333 3676 3426 3733 bis
3455 3677 3556 3749 qui
3587 3675 3676 3732 vel
3697 3674 3925 3748 injuste

2267 3783 2372 3841 per
2391 3765 2748 3823 calumniam
2783 3783 2959 3839 super
2986 3766 3133 3823 alios
3165 3765 3604 3840 queruntur,vel
3636 3763 3737 3839 qui
3760 3765 3926 3838 judi-

2266 3861 2455 3912 catam
2489 3859 2763 3928 repetunt
2792 3871 3054 3912 causam.

2341 3945 2668 4018 Propterea,
2700 3945 2938 4002 domine
2981 3944 3482 4002 Christianissime
3513 3962 3579 4002 ac
3610 3943 3926 4019 sapientis-

2269 4033 2435 4102 sime,
2459 4034 2756 4107 providete
2777 4039 2980 4090 vestra
3004 4033 3206 4102 saluti,
3226 4033 3518 4108 providete
3538 4032 3764 4102 honori,
3787 4051 3926 4107 pro-

2266 4123 2457 4179 videte
2478 4124 2640 4179 bona
2663 4124 2830 4179 fama
2853 4139 3032 4196 quam
3055 4123 3226 4197 longe
3247 4123 3480 4196 lateque
3499 4121 3752 4189 habetis,
3775 4127 3833 4178 et
3850 4123 3928 4178 de

2267 4211 2648 4270 ecclesiarum
2681 4211 2984 4281 ditatione,
3019 4219 3076 4269 et
3106 4213 3178 4269 de
3223 4212 3595 4268 sacerdotum
3629 4228 3698 4268 ac
3726 4228 3924 4268 servo-

2269 4319 2401 4357 rum
2426 4301 2527 4358 Dei
2551 4301 2921 4358 veneratione
2941 4319 2955 4370 ;
2975 4306 3031 4358 et
3061 4301 3240 4358 nolite
3271 4299 3565 4359 maculare
3595 4299 3758 4359 illam
3791 4299 3922 4372 glo-

2269 4390 2485 4446 riosam
2537 4391 2755 4448 famam
2803 4395 3083 4461 vestram,
3113 4395 3350 4464 propter
3387 4391 3796 4464 cujuscunque
3826 4407 3922 4446 εο-

2271 4479 2529 4536 cordiam
2566 4497 2578 4534 :
2615 4480 2792 4536 etiam
2844 4496 2948 4535 nec
2998 4497 3102 4553 pro
3159 4481 3562 4552 cujuscunque
3617 4479 3923 4552 ejectione,

511 4575 763 4654 persona
791 4561 1119 4654 episcopale
1142 4564 1412 4654 abnuerit
1437 4567 1650 4640 eligere
1672 4567 1988 4640 judicium,
2005 4567 2161 4640 quod
2191 4588 2238 4654 Β
2269 4568 2618 4626 simulantes
2641 4567 3043 4626 crudelitatem
3067 4569 3125 4624 in
3148 4568 3393 4637 actione,
3417 4584 3594 4641 quam
3613 4585 3727 4625 non
3749 4567 3926 4625 babe-

510 4647 782 4723 episcopo
806 4667 923 4707 non
946 4649 1083 4708 licet
1105 4652 1397 4727 refugere;
1415 4655 1562 4711 ratio
1583 4661 1690 4725 est,
1716 4661 1912 4712 etnon
1935 4656 2164 4712 obstitit

511 4739 870 4807 auctoritati,
905 4745 970 4797 ut
1025 4757 1161 4797 cum
1204 4743 1562 4818 coepiscopis
1619 4744 1900 4818 episcopi,
1961 4749 2166 4801 contra

516 4844 691 4900 quem
723 4830 797 4886 ad
827 4846 929 4887 vos
960 4847 1064 4904 pro
1096 4831 1377 4890 beneficio
1405 4833 1515 4890 sibi
1555 4834 1776 4906 injuste
1807 4833 2000 4890 oblato
2031 4833 2165 4906 quis

511 4916 826 4987 reclamat;
860 4919 1001 4992 quia
1029 4920 1337 4995 indignum
1369 4927 1459 4979 est
1485 4939 1586 4979 vos
1617 4923 1813 4996 ipsum
1843 4921 1982 4978 inde
2009 4921 2166 4979 labo-

512 5022 665 5074 rare,
690 5008 904 5064 missos
933 5014 1157 5067 vestros
1187 5012 1259 5067 ab
1280 5029 1347 5068 eo
1369 5012 1603 5084 petitos,
1625 5012 1712 5068 vel
1735 5029 1769 5068 a
1786 5011 1952 5068 vobis
1979 5012 2161 5084 depu-

511 5099 664 5152 tatos
679 5096 949 5164 mittatis,
967 5101 1066 5172 qui
1085 5101 1388 5174 utriusque
1404 5103 1588 5175 partis
1601 5100 1885 5156 rationem
1899 5101 2160 5166 audiant,

512 5191 569 5240 et
580 5186 906 5242 secundum
924 5187 1151 5246 divinas
1168 5194 1225 5246 et
1239 5190 1532 5247 humanas
1557 5190 1712 5260 leges
1730 5189 2085 5255 discernant,
2108 5195 2165 5246 et

513 5275 760 5331 ecclesia
781 5277 1078 5348 jacturam
1100 5277 1158 5334 in
1181 5278 1494 5335 clamatore
1523 5279 1825 5351 injustitia
1841 5285 1898 5336 et
1927 5279 2163 5338 homine

512 5364 707 5420 inutili
741 5366 1031 5422 sustineat
1064 5383 1076 5423 ε
1109 5373 1259 5424 etne
1292 5368 1466 5424 homo
1495 5368 1658 5425 utilis
1686 5375 1742 5423 et
1766 5369 2051 5425 clamatur
2071 5373 2164 5442 ju-

515 5453 687 5510 stitia
719 5455 1096 5528 injustitiam,
1129 5463 1185 5514 et
1233 5458 1648 5514 detrimentum
1706 5464 1899 5516 vestra
1953 5459 2163 5517 militia

517 5543 791 5612 patiatur.
817 5547 886 5601 Et
928 5545 1035 5602 hoc
1076 5565 1189 5602 non
1214 5547 1271 5603 in
1297 5548 1550 5621 publico,
1576 5549 1675 5605 sed
1699 5550 1758 5604 in
1782 5548 2004 5621 privato
2037 5548 2162 5606 loco

517 5631 640 5686 ﬁat.
675 5633 755 5689 Ne
803 5636 952 5692 sicut
1005 5638 1151 5692 sacri
1205 5654 1458 5694 canones
1515 5638 1740 5703 dicunt,
1772 5637 2063 5708 magnatis
2112 5640 2157 5696 si

2272 4657 2349 4714 tis
2378 4657 2439 4714 in
2473 4661 2688 4727 mente,
2721 4661 2778 4714 et
2817 4658 3094 4715 facientes
3148 4663 3250 4714 aut
3309 4657 3708 4731 pracipientee
3764 4659 3924 4731 quod

2272 4747 2544 4823 dignitati
2574 4748 2832 4805 nominis
2873 4748 3048 4804 vestri
3081 4765 3196 4804 non
3228 4747 3516 4804 convenit.
3553 4747 3832 4821 Legentes
3861 4747 3923 4803 in

2272 4838 2422 4895 libro
2454 4837 2944 4904 Macbabaorum,
2967 4836 3106 4909 quid
3128 4837 3598 4903 Eleazarus,cum
3629 4853 3664 4892 a
3687 4837 3811 4893 suis
3837 4837 3924 4892 fa-

2273 4927 2606 4984 miliaribus
2635 4927 2790 5000 quod
2821 4929 3038 4982 famam
3062 4943 3230 4982 suam
3250 4943 3364 4983 non
3387 4925 3926 4994 decebat,suadere~

2271 5022 2388 5085 tur,
2443 5015 2797 5089 respondit:
2857 5015 2995 5081 Non,
3055 5015 3351 5088 inquiens,
3411 5024 3630 5073 autem
3683 5025 3926 5072 nostram

2271 5105 2502 5174 dignum
2525 5114 2603 5160 est
2631 5105 2853 5176 ﬁngere,
2883 5113 2945 5160 ut
2975 5105 3144 5160 multi
3173 5104 3594 5162 adolescentium
3641 5107 3918 5160 arbitran-

2271 5203 2346 5250 tcs
2376 5195 2699 5249 Eleazarum
2728 5196 3031 5265 nonaginta
3059 5209 3333 5250 annorum
3369 5195 3632 5250 transisse
3658 5194 3730 5250 ad
3759 5195 3922 5250 vitam

2271 5284 2728 5355 alienigenarum,
2759 5293 2810 5338 cl
2841 5285 2950 5356 ipsi
2975 5290 3195 5356 propter
3219 5299 3396 5340 meam
3422 5283 3849 5350 simulationem,
3872 5291 3924 5337 et

2269 5381 2489 5445 propter
2518 5373 2790 5427 modicum
2818 5373 3191 5445 corruptibilis
3221 5375 3347 5428 vita:
3392 5380 3599 5444 tempus
3644 5373 3918 5445 decipian-

2272 5472 2381 5528 tur,
2413 5471 2464 5518 et
2488 5477 2588 5534 per
2613 5461 2712 5516 hoc
2765 5462 3042 5516 maculam
3098 5469 3259 5534 atque
3311 5463 3732 5518 exsecrationem
3786 5475 3921 5518 mea

2269 5553 2528 5608 senectuti
2563 5554 2886 5624 conquiram
2907 5551 2979 5622 (11
3005 5551 3178 5607 Each.
3212 5552 3307 5623 ιγ).
3341 5551 3502 5618 Quod
3535 5552 3694 5607 enim
3727 5549 3824 5606 ille
3851 5550 3922 5604 de

2271 5641 2530 5714 corporis
2562 5645 2857 5696 senectute
2887 5641 3049 5708 dicit,
3073 5658 3174 5698 vos
3217 5642 3273 5695 in
3302 5639 3612 5696 ministerii
3647 5645 3704 5697 et
3735 5639 3920 5695 nomi-
