4152 6514
198 369 228 429 1
241 367 368 430 053

1063 369 1217 430 PRO
1261 369 1658 430 EGCLESLE
1705 369 2217 432 LIBEltTATUM
2263 371 2775 432 DEFENSIONE.

3467 366 3625 429 1054

198 502 304 558 nis
335 518 402 558 ac
432 501 729 574 sapientia:
761 501 1046 574 dignitate
1095 519 1330 560 necesse
1380 508 1468 559 est
1513 503 1854 576 intelligere,
1889 505 1942 569 Α
1974 503 2041 557 Et
2073 503 2227 558 idem
2260 504 2543 558 Dominus
2564 521 2663 574 per
2688 504 2924 576 Moysen
2947 503 3249 576 praecipuit
3272 507 3335 558 ut
3357 503 3624 560 taberna-

199 591 440 646 dicente
470 591 716 646 Domino
745 592 816 646 ad
851 592 1085 664 Moysen
1121 610 1133 647 :
1167 593 1447 662 Congrega
1475 595 1615 649 mihi
1641 602 1858 664 septua-

197 683 368 752 ginta
397 683 543 736 viros
581 681 646 735 de
673 683 981 736 senioribus
1032 683 1216 750 Israel,
1249 700 1382 754 quos
1425 691 1483 738 tu
1529 687 1674 738 nosti
1721 684 1860 754 quod

199 786 359 826 senes
413 770 606 841 populi
659 772 770 825 sint
824 771 1002 840 (Num.
1053 776 1149 838 xu).
1203 772 1364 827 Unde
1403 774 1460 827 S.
1496 772 1854 843 Gregorius:

205 880 236 909 «
270 858 438 914 Sicut
467 857 812 930 plerumque
843 861 1091 930 juvenes
1141 860 1256 915 dici
1305 860 1513 927 solent,
1548 861 1647 932 qui
1699 860 1860 915 nulla

200 945 440 1003 consilii
469 945 750 1019 gravitate
777 948 1206 1024 deprimuntur,
1241 949 1322 1004 ita
1351 965 1520 1004 senes
1559 949 1860 1020 Scriptura

201 1053 377 1092 sacra
423 1051 630 1091 vocare
688 1037 1006 1104 consuevit,
1041 1038 1139 1110 qui
1190 1056 1303 1093 non
1361 1037 1486 1093 sola
1532 1037 1858 1110 quantitate

200 1129 540 1197 temporum
574 1125 676 1180 sed
710 1141 939 1181 morum
971 1127 1383 1197 grandaevitate
1405 1127 1620 1183 maturi
1643 1132 1800 1182 sunt.
1829 1149 1855 1174 ››

203 1213 373 1270 Unde
404 1229 506 1286 per
535 1215 852 1285 quemdam
904 1214 1228 1286 sapientem
1279 1216 1498 1271 dicitur
1531 1235 1542 1271 :
1577 1217 1856 1272 Senectus

197 1302 556 1360 venerabilis
583 1307 691 1372 est,
727 1321 840 1359 non
873 1297 1170 1372 diut‘urna,
1197 1322 1384 1378 neque
1406 1323 1650 1362 numero
1682 1324 1858 1362 anno-

201 1409 339 1447 rum
363 1396 720 1464 computata.
745 1393 882 1448 Cani
907 1399 1045 1448 sunt
1065 1399 1262 1450 autem
1285 1411 1496 1450 sensus
1519 1395 1778 1451 hominis
1799 1400 1856 1450 et

201 1486 348 1537 tetas
377 1480 693 1538 senectutis
717 1481 834 1537 vita
863 1482 1412 1539 immaculata.Hinc
1433 1489 1523 1539 est
1540 1501 1676 1556 ergo
1699 1485 1854 1556 quod

201 1571 277 1626 ad
312 1571 547 1643 Moysen
580 1571 866 1627 Dominus
896 1572 1039 1628 dicit
1072 1589 1084 1628 :
1119 1589 1408 1646 congrege
1438 1573 1582 1628 mihi
1618 1578 1854 1646 septua-

201 1659 371 1732 ginta
399 1659 552 1715 viros
583 1661 655 1716 de
685 1660 1014 1716 senioribus
1048 1661 1223 1716 Israel
1256 1679 1404 1734 quos
1433 1667 1496 1718 tu
1521 1663 1674 1719 nosti
1697 1663 1854 1734 quod

202 1764 375 1804 senes
407 1747 606 1820 populi
637 1748 774 1804 sint.
811 1749 873 1804 In
901 1749 1118 1822 quibus
1146 1750 1286 1821 quid
1310 1749 1467 1806 aliud
1492 1767 1670 1822 quam
1692 1768 1854 1807 sene-

1967 593 2167 648 culum
2200 594 2473 649 sacerdos
2506 592 2838 664 ingrediens
2869 593 3280 659 tintinnabulis
3301 591 3618 661 ambiatur,

1967 687 2258 754 quatenus
2307 699 2472 737 voces
2522 680 2954 760 praedicationis.
3007 681 3238 748 habeat,
3274 697 3345 734 ne
3378 681 3616 753 superni

1968 772 2314 843 inspectoris
2337 771 2629 842 judicium
2662 788 2730 826 ex
2761 770 2992 826 silentio
3025 770 3298 824 offendat.
3324 770 3619 841 Scriptum

1969 861 2186 933 quippe
2216 865 2305 915 est
2338 877 2350 914 :
2391 863 2453 917 Ut
2482 860 2744 916 audiatur
2783 861 2994 915 sonitus
3045 858 3259 931 quando
3308 859 3622 927 ingreditur

1967 959 2018 1006 et
2044 951 2323 1021 egreditur
2349 953 2729 1005 sanctuarium
2756 951 2816 1004 in
2843 956 3128 1020 conspectu
3173 947 3394 1003 Domini
3423 947 3614 1015 (Exod.

1967 1045 2185 1108 xxvm).
2221 1040 2502 1095 Sacerdos
2535 1055 2789 1110 namque
2820 1037 3155 1110 ingrediens
3184 1035 3271 1090 vel
3317 1035 3620 1108 egrediens

1969 1129 2238 1194 moritur,
2273 1128 2322 1184 si
2355 1129 2426 1183 de
2456 1145 2522 1184 eo
2554 1127 2780 1183 sonitus
2813 1145 2927 1182 non
2977 1126 3217 1182 auditur
3247 1140 3260 1179 :
3297 1123 3438 1196 quia
3469 1123 3619 1179 iram

1967 1222 2169 1274 contra
2199 1235 2262 1274 se
2293 1217 2504 1273 occulti
2528 1215 2749 1288 judicis
2780 1215 3033 1288 exigit,si
3059 1215 3183 1270 sine
3211 1212 3619 1286 przedicatonis

1966 1309 2163 1362 sonitu
2197 1308 2432 1363 incedit.
2469 1307 2549 1362 De
2581 1305 2858 1378 qualibus
2887 1303 3292 1360 sacerdotibus
3331 1302 3617 1358 Dominus

1966 1397 2126 1462 dicit,
2163 1397 2332 1452 Canes
2359 1398 2500 1451 muti
2528 1412 2638 1451 non
2677 1396 2909 1450 valentes
2959 1394 3168 1448 latrare
3215 1392 3341 1462 (lsa.
3378 1393 3512 1459 XIV).
3547 1391 3618 1446 Et

1966 1485 2183 1557 quibus
2213 1487 2271 1540 in
2304 1503 2419 1541 uno
2452 1483 2846 1540 comminatur
2867 1499 2969 1555 per
2994 1479 3352 1537 Ezechielem
3376 1479 3621 1551 prophe-

1964 1579 2084 1629 tam
2109 1573 2307 1630 dicens
2332 1591 2344 1629 :
2371 1573 2430 1629 Si
2460 1573 2731 1629 sacerdos
2754 1589 2869 1627 non
2890 1570 3228 1626 distinxerit
3249 1566 3619 1641 populo,ipse

1965 1663 2201 1734 quidem
2233 1663 2486 1736 populus
2519 1663 2576 1718 in
2610 1679 2718 1718 suo
2749 1666 2982 1734 peccato
3026 1659 3328 1725 morietur,
3357 1657 3616 1712 anima'n

1965 1757 2161 1808 tamen
2187 1753 2316 1822 ejus
2341 1753 2412 1808 de
2443 1769 2622 1808 manu
2654 1749 2974 1807 sacerdotis
3007 1747 3321 1820 requiram.
3355 1746 3480 1801 Non
3511 1745 3614 1810 ait,

201 1842 337 1894 ctus
364 1837 558 1894 cordis
590 1839 928 1910 requiritur,
953 1855 1088 1894 cum
1119 1840 1568 1910 talesjubentur
1587 1841 1850 1912 eligi,qui
1887 1873 1932 1938 Β
1963 1841 2104 1913 quia
2130 1845 2291 1896 extra
2315 1847 2618 1913 peccatum
2651 1839 2905 1912 populus
2926 1843 3033 1906 est,
3064 1854 3179 1893 non
3202 1834 3613 1938 mprietur,sed

201 1944 377 1983 senes
425 1927 711 1983 sciuntur.
747 1927 805 1984 Si
859 1927 1016 1983 enim
1064 1934 1334 1984 senectus
1381 1929 1441 1984 in
1482 1931 1566 1985 eis
1597 1929 1854 2001 corporis

203 2020 618 2088 quareretur,a
645 2017 826 2072 tantis
857 2017 992 2072 sciri
1025 2022 1295 2089 poterant
1325 2037 1359 2074 a
1389 2020 1627 2089 quantis
1647 2020 1848 2074 videri.

202 2105 357 2160 Dum
388 2121 522 2160 vero
552 2105 787 2175 dicitur,
819 2122 967 2176 quos
997 2110 1063 2160 tu
1097 2106 1248 2160 nosti
1280 2107 1434 2178 quod
1457 2123 1629 2162 senes
1651 2106 1851 2178 populi

204 2193 344 2262 sint,
379 2193 634 2265 profecto
692 2193 896 2266 liquet,
949 2193 1087 2266 quia
1135 2199 1404 2250 senectus
1454 2195 1690 2262 mentis,
1739 2213 1853 2250 non

205 2281 467 2354 corporis
497 2281 765 2355 eligenda
795 2283 1122 2339 nuntiatur.

279 2371 444 2437 Quia,
477 2371 741 2438 Domine,
774 2371 1194 2427 cbarissimaet
1211 2372 1558 2428 venerabilis
1589 2373 1852 2429 domina-

206 2459 290 2514 tio
321 2465 532 2525 vestra,
562 2459 682 2515 imo
712 2460 908 2516 divina
929 2461 1121 2532 jussio
1153 2461 1299 2516 mihi
1344 2463 1636 2533 praecepit,
1665 2467 1721 2517 et
1747 2479 1854 2534 ego

206 2549 344 2604 inde
374 2565 506 2604 sum
536 2549 904 2606 voluntarius
931 2551 1251 2617 debitor,ut
1279 2568 1406 2622 quae
1428 2551 1499 2605 ad
1522 2550 1856 2615 salutem,et

201 2639 380 2694 vestri
411 2639 667 2694 nominis
697 2655 764 2695 ac
812 2638 1121 2694 ministerii
1168 2640 1517 2711 dignitatem
1567 2639 1854 2712 pertinere

205 2725 346 2795 scio,
376 2744 490 2783 non
521 2732 767 2798 taceam,
797 2728 1098 2784 humiliter
1129 2728 1434 2800 postulans
1456 2745 1683 2800 moneo,
1709 2746 1850 2801 qua-

205 2819 380 2872 tenus
408 2816 696 2889 sapientia
723 2822 914 2873 vestra
943 2819 1239 2890 recogitet,
1273 2823 1330 2873 et
1359 2819 1514 2890 quod
1547 2819 1850 2874 exordina-

205 2909 331 2961 tum
351 2906 794 2978 est,ordinet,ne
823 2906 1048 2962 diutius
1065 2907 1186 2962 haec
1206 2909 1581 2964 irreverentia
1599 2923 1738 2979 erga
1750 2907 1850 2963 Dei

204 2993 520 3050 Ecclesium
553 3000 788 3050 maneat
818 3000 876 3051 et
905 2996 1255 3068 quantocius
1287 2996 1632 3052 scandalum
1655 2997 1715 3052 in
1737 2997 1855 3069 epi-

204 3099 411 3156 scopos
439 3084 755 3140 excitatum
786 3085 1138 3156 competenti
1167 3085 1564 3142 satisfactione
1594 3087 1846 3142 sedetur.

204 3173 275 3228 Et
300 3172 428 3229 ideo
457 3173 594 3228 hinc
621 3177 743 3228 tam
775 3173 1137 3229 inculcanter
1182 3173 1392 3242 scribo,
1429 3175 1568 3246 quia
1617 3179 1852 3248 propter

206 3262 420 3335 Regem
454 3278 658 3335 regum
689 3267 880 3318 tacere
911 3279 1038 3334 quis
1064 3262 1242 3318 saluti
1273 3267 1332 3318 et
1360 3241 1599 3318 utilitati
1617 3241 1851 3319 Vestrae
1887 3241 1928 3308 C

206 3351 533 3408 necessaria
561 3367 689 3407 esse
719 3368 1149 3424 cognosco,non
1171 3353 1358 3409 audeo
1383 3369 1395 3408 :
1421 3353 1492 3408 ad
1516 3354 1686 3424 cujus
1701 3353 1855 3424 judi-

205 3441 362 3496 cium
375 3457 476 3496 vos
497 3446 554 3497 et
576 3457 681 3514 ego
702 3440 760 3496 in
783 3445 1101 3513 conspectu
1121 3443 1306 3497 totius
1330 3442 1570 3497 humani
1597 3442 1849 3514 generis,

205 3528 585 3602 omniumque
607 3529 947 3602 angelorum
971 3535 1145 3602 atque
1163 3530 1647 3603 archangelorum
1669 3532 1854 3587 venie-

206 3635 370 3687 mus;
399 3619 497 3674 ubi
523 3619 837 3674 reddemus
861 3619 1136 3685 rationes,
1151 3637 1267 3674 non
1291 3620 1481 3674 solum
1505 3620 1574 3675 de
1597 3620 1854 3692 propria-

205 3724 334 3762 rum
365 3723 746 3780 personarum
779 3707 1529 3775 actionibus,locutionibus
1559 3714 1734 3782 atque
1764 3727 1853 3766 co-

201 3795 583 3869 gitationibus
609 3814 620 3852 :
644 3814 846 3853 verum
873 3802 930 3853 et
961 3799 1032 3854 de
1064 3798 1525 3854 ministeriorum
1548 3803 1848 3872 suscepto-

201 3901 334 3942 rum
367 3885 596 3954 officiis,
629 3885 882 3958 qualiter
913 3887 970 3941 in
1005 3887 1089 3942 eis
1118 3904 1186 3943 ea
1225 3905 1353 3958 qua:
1402 3888 1473 3942 ad
1525 3888 1852 3944 ministeria

200 3975 515 4047 pertinent,
547 3973 775 4032 sincero
797 3977 968 4031 corde
989 3981 1048 4031 et
1062 3977 1243 4047 justis
1266 3977 1496 4034 actibus
1517 3977 1810 4048 egerimus
1833 3995 1847 4044 ;

198 4063 423 4120 dicente
453 4065 580 4136 ipso
605 4081 618 4118 :
641 4067 789 4121 Iuste
817 4066 958 4137 quod
978 4066 1193 4136 justum
1220 4074 1299 4121 est
1326 4068 1642 4139 exsequeris
1661 4069 1845 4136 (Deut.

196 4154 332 4225 xvi).
359 4153 527 4210 Juste
556 4170 694 4227 ergo
717 4155 950 4226 justum
990 4155 1229 4227 exsequi
1284 4159 1373 4212 est
1419 4156 1478 4210 in
1530 4157 1850 4212 assertione

191 4243 437 4315 justitiaa
466 4243 652 4300 solam
684 4245 953 4300 eamdem
975 4245 1274 4315 justitiam
1315 4263 1589 4317 quaerere.
1627 4246 1772 4301 Nam
1801 4245 1850 4302 si

203 4332 358 4404 quod
389 4331 533 4387 mihi
563 4336 652 4387 est
681 4333 998 4388 dicendum
1031 4338 1088 4388 et
1135 4334 1299 4390 vobis
1347 4339 1437 4390 est
1487 4335 1848 4390 audiendum

202 4419 608 4485 tacuero,illud
639 4438 720 4477 vae
750 4421 1048 4477 incurram
1067 4423 1243 4478 timeo
1265 4424 1420 4494 quod
1444 4423 1728 4480 Dominus
1749 4443 1852 4497 per

205 4510 544 4582 prophetam
563 4511 734 4567 nobis
756 4511 988 4567 miseris
1007 4513 1412 4568 sacerdotibus
1433 4512 1848 4584 comminatur,

1965 1931 2107 2002 quia
2137 1931 2195 1985 in
2225 1949 2331 1987 suo
2363 1934 2598 2002 peccato
2632 1929 2944 1996 morietur;
2970 1927 3071 1983 sed
3099 1923 3354 1999 populus
3375 1922 3615 1996 quidem

1966 2037 2068 2090 pro
2101 2020 2292 2091 seipso
2322 2019 2862 2085 tantum,sacerdos
2898 2034 3029 2073 vero
3049 2015 3222 2072 etiam
3248 2030 3352 2085 pro
3374 2011 3610 2085 populo.

1965 2110 2034 2164 Et
2063 2109 2201 2181 quia
2233 2127 2338 2165 nos
2370 2108 2420 2165 si
2447 2113 2866 2178 tacemus,quae
2889 2111 2954 2162 ut
2978 2105 3125 2161 dixit
3144 2103 3312 2160 nobis
3343 2101 3609 2168 dicenda,

1963 2202 2020 2254 et
2048 2197 2212 2254 vobis
2242 2197 2533 2253 audienda
2573 2201 2731 2263 sunt,
2767 2199 3070 2268 peccatum
3120 2190 3478 2248 incurrimus
3512 2207 3524 2244 :
3559 2193 3616 2245 et

1963 2304 2065 2342 vos
2094 2288 2142 2342 si
2195 2287 2416 2356 audita,
2449 2287 2603 2358 quod
2652 2285 2826 2350 absit,
2862 2301 2976 2339 non
3021 2281 3330 2346 exauditis,
3363 2296 3398 2334 a
3428 2282 3615 2334 morte

1966 2376 2188 2448 peccati
2211 2375 2378 2431 liberi
2409 2393 2538 2431 esse
2559 2375 2833 2446 nequitis.
2851 2374 3159 2444 Propterea
3179 2370 3403 2425 intenta
3422 2366 3614 2423 cordis

1963 2481 2103 2520 aure
2115 2464 2338 2520 devotio
2362 2468 2555 2519 vestra
2573 2461 3037 2535 percipiat,quod
3058 2457 3386 2515 tonitruum
3407 2454 3614 2512 divina:

1963 2552 2438 2609 comminationis
2468 2550 2807 2607 terribiliter
2828 2548 3196 2616 insonat.Qui
3213 2545 3616 2603 scandalizem-

1963 2645 2057 2707 rit,
2086 2642 2296 2714 inquit,
2325 2659 2500 2697 unum
2526 2640 2591 2696 de
2618 2641 2838 2711 pusillis
2871 2641 2990 2694 istis
3020 2639 3118 2710 qui
3149 2640 3208 2692 in
3237 2653 3320 2691 me
3365 2635 3610 2699 credunt,

1960 2731 2176 2803 expedit
2206 2733 2259 2786 ei
2287 2739 2348 2786 ut
2373 2729 2734 2802 suspendatur
2781 2728 2927 2784 mola
2963 2727 3217 2782 asinaria
3246 2727 3306 2780 in
3329 2724 3466 2780 collo
3494 2723 3613 2793 ejus

1959 2829 2011 2876 et
2065 2820 2408 2890 demergatur
2462 2820 2523 2873 in
2572 2817 2908 2889 profundum
2961 2817 3135 2870 maris
3185 2812 3392 2882 (Matth.
3425 2814 3607 2877 xvm).

1962 2909 2091 2964 Hsec
2122 2908 2278 2964 enim
2313 2924 2483 2979 paena
2513 2911 2653 2962 tunc
2683 2904 2965 2977 temporis
3006 2903 3236 2975 gravior
3265 2900 3417 2957 inter
3465 2898 3610 2954 alias

1961 2998 2296 3070 putabatur.

2033 3086 2267 3155 Quanti,
2295 3084 2530 3142 domine
2563 3082 2930 3154 charissima,
2954 3083 3014 3138 in
3045 3080 3222 3136 unius
3251 3077 3529 3145 ecclesiae,
3554 3081 3614 3132 et

1962 3177 2141 3232 unius
2162 3174 2419 3248 episcopi
2441 3177 2642 3230 contra
2665 3172 3090 3229 ecclesiasticas
3103 3167 3480 3242 regulaspraaj
3491 3166 3614 3222 udi-

1963 3265 2050 3321 cio
2080 3264 2300 3338 putatis
2329 3261 2704 3320 scandalizati
2737 3259 3392 3329 sunt,scandalizantur,
3407 3260 3464 3312 et
3479 3256 3610 3327 qui-

1964 3371 2196 3426 cunque
2245 3353 2560 3418 audierint,
2604 3348 3201 3408 scandalizabuntur?
3246 3346 3413 3414 Quia,
3459 3345 3612 3401 sicut

1963 3444 2104 3499 dicit
2134 3445 2190 3499 S.
2229 3442 2443 3498 Paulus
2473 3441 2774 3514 apostolus
2798 3457 2811 3496 :
2838 3441 2974 3496 Cum
2998 3441 3214 3512 patitur
3241 3453 3416 3492 unum
3441 3451 3611 3490 mem-

1964 3535 2142 3598 brum,
2202 3535 2607 3605 compatiuntur
2661 3533 2849 3588 omnia
2907 3529 3145 3586 membra
3202 3527 3253 3595 (1
3315 3528 3435 3583 Cor.
3486 3524 3609 3595 xu).

1963 3624 2125 3689 Quod
2157 3623 2312 3678 enim
2339 3622 2472 3694 quis
2489 3621 2727 3677 videtin
2759 3621 2954 3686 fratre,
2980 3623 3038 3674 et
3059 3618 3119 3672 in
3149 3615 3468 3672 commissa
3498 3613 3609 3670 sibi

1960 3711 2224 3778 ecclesia,
2260 3716 2360 3766 aut
2389 3711 2553 3766 audit
2581 3727 2651 3765 ex
2679 3711 2874 3774 fratre,
2909 3712 2967 3763 et
3015 3724 3084 3762 ex
3133 3703 3450 3761 commissa
3498 3702 3610 3757 sibi

1960 3799 2372 3871 ecclesia,quid
2390 3799 2614 3871 putatis
2637 3797 2802 3853 illum
2821 3797 2892 3853 de
2909 3813 2971 3852 se
2989 3799 3047 3850 et
3065 3795 3137 3849 de
3157 3792 3268 3850 sibi
3293 3790 3612 3848 commissa

1960 3888 2202 3945 ecclesia
2233 3903 2403 3958 posse
2435 3885 2801 3956 conjicere,si
2832 3901 2967 3940 eum
2997 3887 3054 3940 et
3085 3881 3195 3938 sibi
3229 3879 3609 3936 commissam

1959 3978 2264 4034 ecclesiam
2295 3981 2441 4032 nutu
2472 3976 2668 4031 divino
2697 3973 2758 4029 in
2784 3976 3131 4045 potestatem
3151 3973 3403 4027 vestram
3425 3967 3610 4024 conti-

1957 4068 2108 4141 gerit
2137 4065 2445 4122 devenire?
2472 4065 2597 4120 Non
2629 4063 2785 4120 enim
2817 4061 2925 4119 levi
2955 4061 3160 4118 auditu
3192 4076 3393 4116 eorum
3436 4057 3612 4113 corda

1959 4155 2372 4228 percelluntur,
2405 4154 2506 4225 qui
2539 4153 2805 4209 audiunt.
2840 4151 2987 4217 Quia
3016 4167 3130 4205 non
3153 4149 3225 4204 de
3245 4146 3487 4203 crimine
3509 4163 3612 4218 per

1959 4245 2254 4319 legitimos
2313 4247 2706 4310 accusatores,
2741 4241 2892 4298 sicut
2942 4238 3287 4312 praecipiunt
3333 4253 3606 4302 canones,

1959 4335 2112 4407 apud
2142 4334 2451 4407 primatem
2483 4331 2790 4405 provinciae
2820 4333 3130 4386 accusatus
3155 4345 3168 4382 :
3194 4345 3309 4382 non
3341 4327 3414 4382 ad
3445 4342 3611 4398 syno-

1960 4425 2101 4479 dum
2134 4422 2478 4495 regulariter
2507 4425 2778 4477 evocatus
2811 4435 2824 4475 :
2854 4436 2969 4474 non
3001 4417 3059 4472 in
3083 4416 3308 4488 judicio
3332 4431 3607 4487 praesens,

1959 4531 2076 4568 non
2098 4513 2392 4584 judicium
2423 4509 2686 4582 regulare
2713 4507 3149 4580 refugiens,non
3179 4504 3240 4560 in
3264 4503 3489 4577 judicio
3521 4520 3609 4558 rc-

205 4599 406 4655 dicens
437 4617 451 4655 :
489 4601 578 4658 Vw
605 4602 690 4655 his
719 4602 815 4672 qui
843 4609 1110 4657 consuunt
1134 4603 1394 4672 pulvillos
1431 4603 1530 4656 sub
1575 4605 1726 4658 omni
1755 4620 1851 4658 c-u-
1881 4618 1929 4682 D
1959 4602 2147 4675 gulari
2179 4605 2383 4655 contra
2412 4616 2547 4656 eum
2575 4597 2706 4654 aliis
2738 4595 3179 4653 accusatoribus
3204 4599 3263 4651 et
3281 4593 3413 4651 aliis
3443 4592 3610 4682 testi-

207 4689 314 4744 bito
336 4705 532 4745 mnus
559 4697 614 4746 et
637 4691 851 4760 faciunt
880 4693 1174 4746 cervical-ia
1209 4693 1310 4746 sub
1363 4693 1536 4763 capite
1580 4695 1856 4751 universae
1884 4681 1892 4682 ί
1964 4692 2074 4747 bus
2086 4687 2616 4762 productis,necvel
2629 4685 2868 4742 testium
2888 4684 3224 4742 testimonio
3246 4684 3400 4740 facta
3423 4681 3612 4754 inqui-

203 4781 381 4835 aetatis
430 4777 499 4833 ad
546 4779 834 4851 capiendas
890 4781 1106 4835 animus
1152 4781 1364 4846 (Ezech.
1399 4781 1541 4851 xm).
1577 4780 1850 4837 Pulvillos

205 4867 417 4940 quippe
445 4868 557 4924 sub
589 4869 747 4924 omni
777 4869 974 4925 cubito
997 4886 1208 4924 manus
1231 4885 1445 4942 ponere
1466 4875 1556 4925 est
1575 4871 1850 4926 cadentes

204 4973 238 5012 a
267 4973 374 5012 sua
402 4957 750 5014 rectitudine
779 4957 1027 5025 animas,
1056 4963 1230 5031 atque
1258 4959 1319 5014 in
1350 4959 1528 5031 hujus
1559 4960 1763 5015 mundi
1789 4977 1851 5016 se

203 5044 507 5102 dilectione
537 5045 886 5103 reclinantes
932 5047 1146 5103 blanda
1192 5047 1525 5104 adulatione
1574 5049 1845 5105 refovere.

205 5135 377 5201 Quasi
411 5135 566 5191 enim
598 5135 837 5208 pulvillo
869 5137 1124 5205 cubitus,
1156 5137 1243 5193 vel
1276 5138 1656 5194 cervicalibus
1677 5143 1851 5211 caput

197 5223 445 5296 jacentis
492 5225 794 5297 excipitur,
836 5242 971 5282 cum
1019 5227 1403 5299 correptionis
1450 5227 1666 5283 duritia
1715 5246 1850 5301 pee-

207 5313 359 5369 canti
383 5315 768 5384 subtrahitur,
791 5315 961 5388 eique
984 5316 1261 5372 mollities
1283 5317 1496 5373 favoris
1518 5317 1848 5384 adhibetur,

206 5408 271 5458 ut
295 5402 354 5457 in
386 5419 580 5477 errore
608 5403 865 5460 molliter
885 5407 1101 5476 jaceat,
1137 5423 1312 5478 quem
1360 5406 1519 5460 nulla
1567 5407 1852 5478 asperitas

207 5493 683 5549 contradictionis
713 5494 1048 5566 pulsat.Sed
1081 5495 1203 5550 haec
1236 5501 1485 5551 rectores
1507 5495 1606 5566 qui
1640 5501 1850 5551 semet-

209 5581 365 5652 ipsos
394 5581 668 5654 diligunt,
701 5583 794 5639 his
826 5584 1026 5656 procul
1059 5585 1238 5641 dubio
1265 5583 1605 5649 exhibent,a
1635 5585 1850 5655 quibus

207 5686 269 5724 se
299 5670 489 5727 noceri
524 5689 692 5744 posse
723 5673 782 5727 in
817 5673 1009 5730 studio
1038 5674 1233 5745 gloria:
1256 5673 1848 5746 temporalis,timent.

1960 4779 2400 4846 sitione,utrum
2433 4795 2501 4834 ex
2533 4776 2840 4845 auditu,an
2861 4793 2930 4832 ex
2952 4775 3196 4832 scientia
3219 4772 3435 4829 fuerint
3454 4770 3610 4826 testi-

1960 4869 2113 4924 ﬁcati
2148 4884 2160 4923 :
2197 4885 2310 4923 non
2343 4867 2606 4940 legaliter
2635 4883 2700 4922 ac
2733 4866 3009 4922 canonice
3037 4866 3108 4920 de
3137 4861 3400 4935 personis
3431 4876 3606 4915 accu-

1960 4957 2217 5015 santium
2251 4974 2316 5012 ac
2347 4956 2786 5013 testiﬁcantium
2815 4956 2967 5010 facta
3005 4951 3403 5025 requisitionc,
3438 4948 3607 5019 cujus

1959 5047 2258 5120 qualitatis
2289 5051 2346 5102 et
2375 5046 2699 5119 dignitatis,
2726 5062 2790 5100 ac
2823 5041 3165 5116 quantitatis
3197 5039 3411 5096 fuerint
3443 5056 3455 5093 :
3493 5055 3605 5092 nou

1960 5137 2156 5194 causis
2185 5141 2423 5193 actuum
2445 5135 2680 5208 scriptis
2709 5133 3089 5198 insertis,non
3111 5129 3346 5186 licentia
3370 5144 3607 5199 respon-

1960 5227 2135 5284 dendi
2167 5230 2225 5282 et
2255 5226 2603 5282 defendendi
2636 5224 2718 5278 illi
2751 5240 3064 5288 concessa;
3099 5237 3214 5276 non
3247 5219 3317 5274 de
3365 5217 3607 5273 crimine

1959 5317 2048 5373 vel
2080 5316 2266 5373 exsilii
2297 5333 2474 5371 causa
2496 5314 2798 5370 confessus
2811 5329 2914 5368 nec
2929 5307 3603 5382 regulariterconvictus,

1962 5425 2077 5461 non
2110 5405 2378 5477 partibus
2411 5401 2878 5475 prmsentibus,id
2905 5401 3059 5472 quod
3093 5416 3126 5454 a
3155 5397 3279 5454 suis
3303 5395 3608 5468 judicibus

1952 5496 2284 5566 judicatum
2321 5493 2430 5548 fuit
2459 5490 2691 5562 scriptis
2722 5491 3013 5546 sententia
3035 5489 3416 5554 recitata,non
3441 5501 3609 5541 cano-

1962 5584 2090 5640 nico
2123 5589 2179 5640 et
2209 5579 2524 5655 episcopali
2549 5579 2798 5650 judicio,
2831 5579 2901 5634 ab
2934 5579 3135 5634 ordino
3166 5575 3482 5650 episcopali
3515 5576 3608 5630 de-

1953 5675 2148 5743 jectus
2179 5673 2507 5744 episcopus,
2533 5669 2656 5724 suis
2690 5669 2861 5724 rebus
2893 5667 3260 5740 spoliatus,et
3279 5683 3413 5722 cum
3435 5665 3609 5722 eccle-
