4152 6508
583 509 608 566 1
621 508 741 567 059

1314 501 1741 589 ΗΙΝΟΜΑΒ1
1791 499 2034 562 RHEM.
2085 500 2213 562 ΑΒ(

2331 499 2447 559 EP.
2496 497 2909 561 OPUSCULA
2949 496 3048 559 VA
3061 497 3216 558 RIA.

3873 493 4022 554 1061)

580 657 695 710 qne
725 638 950 694 violens
999 642 1057 693 et
1099 635 1432 692 convellens
1481 635 1802 691 constituta
1843 634 2062 700 divina,
2094 631 2232 705 quia
2259 632 2531 701 Atatem,
2563 639 2616 688 et
2633 634 2832 688 veritas
2865 631 3124 686 liberabit
3167 643 3260 684 vos
3305 630 3489 697 (Joau.
3529 629 3684 694 vui).
3724 624 4017 682 inhaereat

580 730 823 785 docente
877 727 1061 803 Petro,
1094 726 1212 782 Non
1257 733 1335 781 est
1376 740 1736 798 persmzarum
1800 729 2044 795 acceptor
2093 723 2232 778 Deus

579 816 804 890 (Λείας),
823 817 896 872 ab
918 813 1188 871 Ecclesiae
1227 829 1466 886 corpore
1488 816 1816 887 separatus,
1840 811 1954 868 nisi
1986 828 2090 885 per
2119 828 2234 883 pae-

577 904 888 960 nitentiam
920 906 978 958 et
1006 900 1386 958 sacerdotalis
1416 899 1794 974 indulgentiae
1816 897 2227 956 reconciliatio-

579 1009 714 1050 nem
747 991 936 1048 eidem
968 989 1236 1048 Ecclesia;
1268 989 1446 1046 luerit
1475 989 1965 1062 reincorporatus,
1998 989 2109 1044 erit.
2157 988 2228 1044 ab

579 1087 795 1139 aeterna
824 1079 1082 1138 Ecclesia
1109 1083 1438 1152 separatus.
1471 1077 1635 1134 Unde
1665 1082 1722 1133 et
1741 1077 2054 1150 Apostolus
2083 1093 2228 1150 prte-

578 1170 738 1245 cipit,
772 1171 906 1228 Cum
950 1156 1264 1242 huiusmodi
1305 1183 1406 1224 nec
1445 1169 1630 1224 cibum
1675 1182 1887 1223 sumre
1917 1166 1966 1236 (1
1993 1166 2114 1222 Cor.
2146 1169 2224 1235 v).

577 1262 647 1317 Et
675 1261 813 1317 item
845 1259 1143 1328 omnibus,
1166 1257 1398 1314 Christo
1429 1257 1490 1312 in
1519 1271 1581 1313 se
1609 1255 1900 1329 loquente,
1919 1255 2222 1312 denuntiat

575 1349 780 1406 dicens
813 1365 828 1404 :
858 1349 1034 1406 Nolite
1052 1349 1455 1404 communicare
1482 1347 1736 1420 operibus
1767 1347 2121 1418 infructuosi:
2149 1351 2226 1401 te-

573 1435 875 1493 nebrarum
923 1435 1134 1508 (Epher.
1173 1437 1254 1505 v).
1299 1435 1485 1501 Quam
1534 1433 1886 1491 sententiam
1933 1448 2228 1506 exponens

577 1526 786 1582 beatus
812 1523 1199 1597 Augustinus,
1233 1521 1376 1580 dicit
1409 1540 1424 1578 :
1459 1546 1488 1574 ‹‹
1529 1523 1770 1581 Dur-bus
1799 1523 1994 1580 modis
2024 1539 2138 1580 non
2171 1525 2230 1578 te

575 1613 834 1671 maculat
861 1613 1054 1671 malus
1078 1631 1092 1670 :
1119 1613 1168 1670 si
1199 1630 1316 1670 non
1343 1613 1771 1680 consentias,et
1799 1613 1850 1668 si
1872 1612 2225 1686 redarguas;

573 1701 683 1760 hoc
713 1708 804 1759 est
835 1720 948 1760 non
975 1703 1567 1770 communicare,non
1595 1702 1944 1759 consentire.
1959 1701 2230 1758 Commu-

573 1793 808 1850 nicatur
835 1793 1076 1866 quippe,
1093 1793 1327 1866 quando
1345 1793 1498 1848 facto
1510 1793 1639 1864 ejus
1651 1791 2016 1848 consortium
2030 1790 2229 1846 volun-

571 1884 713 1940 tatis
740 1883 830 1939 vel
851 1881 1294 1956 approbationis
1315 1868 1682 1954 adjungitur.
1708 1881 1826 1938 Hoc
1851 1895 1988 1954 ergo
2007 1896 2116 1936 nos
2131 1880 2228 1935 ad-

577 1970 1256 2044 monensApostUlus,ait
1271 1987 1284 2026 :
1299 1971 1490 2028 Nolite
1505 1969 1940 2027 communicare
1951 1968 2226 2042 operibus

574 2060 956 2117 infructuosis
975 2060 1372 2116 tenebrarum.
1404 2061 1475 2116 Et
1503 2059 1644 2133 quia
1672 2075 1880 2132 parum
1929 2075 2047 2114 non
2095 2062 2222 2114 erat

570 2148 922 2216 consentire,
939 2149 988 2206 si
1009 2155 1352 2222 sequeretur
1371 2147 1729 2222 negligentia
1750 2146 2220 2220 disciplinamc-

570 2239 660 2312 gis
687 2239 1136 2311 autem,inquit,
1158 2242 1218 2294 et
1245 2237 1594 2310 redarguitc.
1609 2235 1812 2293 Videte
1843 2237 2222 2310 quemadmo-

569 2327 712 2384 dum
725 2333 860 2385 utru
868 2343 1042 2400 mque
1055 2325 1394 2398 complexus
1403 2330 1492 2382 est
1514 2343 1528 2382 :
1553 2325 1733 2382 nolite
1751 2325 2187 2382 communicare
2203 2343 2216 2382 :

568 2415 750 2474 nolite
778 2414 1126 2483 consentire,
1158 2414 1338 2471 nolite
1363 2414 1624 2484 laudare,
1657 2414 1834 2471 nolite
1871 2415 2214 2488 approbare.

567 2506 718 2574 Quid
737 2510 828 2563 est
847 2509 1068 2574 autem,
1083 2504 1271 2578 magis
1293 2509 1350 2562 et
1366 2504 1738 2578 redarguite?
1769 2503 2214 2578 Reprehendite,

565 2594 860 2668 corripite,
877 2597 1154 2651 eoercete.
1171 2593 1389 2651 Deinde
1417 2593 1478 2650 in
1507 2593 1638 2667 ipsa
1657 2592 2107 2666 reprehensione
2127 2593 2215 2650 vel

564 2683 913 2740 coercitione
935 2682 1182 2740 aliorum
1201 2683 1933 2757 peccatorum,cavendum
1954 2687 2044 2739 est
2059 2699 2132 2739 ne
2152 2699 2215 2740 se

561 2772 802 2830 extollat
821 2773 922 2847 qui
955 2773 1203 2830 alterum
1236 2773 1506 2846 corripit;
1535 2778 1591 2829 et
1613 2773 1712 2846 qui
1742 2789 1804 2829 se
1836 2777 2004 2846 putat
2033 2777 2211 2841 stare,

561 2861 755 2919 videat
781 2879 856 2919 ne
883 2863 1084 2932 cadat;
1118 2863 1260 2920 foris
1289 2862 1626 2920 terribiliter
1657 2867 1928 2936 personet
1956 2863 2215 2936 increpa-

560 2949 666 3017 tio,
696 2949 861 3006 intus
908 2949 1170 3008 lenitatis
1218 2954 1488 3008 teneatur
1532 2950 1785 3007 dilectio.
1820 2950 2018 3024 Neque
2073 2967 2210 3025 ergo

559 3039 991 3096 consentientes
1020 3040 1154 3098 sitis
1175 3040 1370 3107 malis,
1403 3044 1470 3096 ut
1497 3039 1866 3114 approbatis;
1891 3057 2080 3114 neque
2110 3057 2208 3096 ne-

559 3127 870 3204 gligentes,
903 3133 970 3184 ut
999 3145 1114 3187 non
1148 3130 1439 3203 arguatis;
1471 3145 1662 3202 neque
1692 3129 2116 3202 superbientes,
2144 3135 2212 3187 ut

559 3215 916 3275 insultanter
943 3218 1227 3292 arguatis.
1253 3241 1282 3268 »ι

631 3305 701 3361 Et
715 3305 894 3361 nolite
913 3309 1140 3379 putare,
1154 3305 1394 3362 domine
1405 3305 1752 3362 charissima
1773 3319 1840 3360 ac
1860 3304 2210 3378 benignissi-

2341 721 2540 794 itaque
2562 721 2742 778 menti
2772 723 2976 776 vestrae
3007 719 3165 792 quod
3199 717 3405 774 beatus
3432 715 3828 789 Augustinus
3857 715 4012 777 dicit.

2341 811 2481 884 quia
2509 809 2695 867 dolosi
2723 808 2812 865 vel
2837 806 3092 882 imperiti
3124 804 3335 862 medici
3363 809 3474 875 est,
3505 803 3593 861 sic
3623 802 3876 860 vulneri
3895 820 4012 860 em-

2341 900 2632 974 plastrum
2665 899 2986 972 imponam,
3021 900 3087 952 ut
3119 898 3220 952 aut
3247 899 3473 962 noceat,
3507 898 3616 950 ant
3646 909 3778 951 non
3803 893 4008 967 pinsit

2341 991 2410 1046 Et
2439 1006 2618 1063 supra
2647 989 2839 1062 posita
2885 1003 3015 1059 quae
3065 985 3193 1042 sine
3245 982 3583 1040 adulatione
3633 983 3714 1039 ad
3749 988 4008 1040 vestram

2339 1079 2589 1136 salutem
2609 1079 2828 1134 veritas
2856 1092 2962 1149 per
2989 1091 3092 1132 ora
3119 1071 3504 1130 veridiccrum
3538 1071 3824 1146 protulit,
3846 1073 4010 1128 vobis

2338 1185 2453 1225 non
2487 1167 2906 1242 displicebant.

2788 1343 3168 1402 EXPOSITIO
3211 1340 3541 1399 SECUNDA

2726 1449 2839 1492 cm
2874 1447 3174 1490 ri'rULus
3211 1448 3227 1488 :
3271 1430 3601 1488 ηοτυιΑ.

2407 1523 3118 1597 SacrumCarthaginense
3135 1519 3452 1578 concilium
3461 1519 3608 1576 dicit
3629 1536 3646 1576 :
3671 1541 3704 1572 σι
3716 1519 4004 1593 Quisquis

2336 1616 2745 1690 episcoporum
2767 1611 3176 1683 accusatur,ad
3191 1609 3504 1684 primatem
3519 1607 3792 1668 ecclesia
3813 1609 4002 1683 ipsius

2337 1721 2576 1762 causam
2605 1703 2828 1760 deferat
2857 1704 3164 1758 accusator
3181 1719 3228 1756 ι.
3254 1721 3284 1750 ιο

2405 1794 2476 1850 Et
2501 1794 2640 1850 item
2666 1810 2680 1849 :
2705 1815 2734 1843 α
2756 1790 3036 1862 Quisquis
3051 1787 3994 1862 episeoporum,presbyterorum,

2335 1888 2394 1939 et
2421 1882 2824 1950 diaconorum,
2838 1896 2942 1936 seu
2970 1877 3338 1946 clericorum,
3357 1893 3496 1933 cum
3510 1876 3570 1932 in
3591 1875 3866 1933 Ecclesia
3885 1878 4000 1933 fuc-

2333 1972 2411 2027 rit
2439 1971 2661 2028 crimen
2692 1969 3056 2034 institutum,
3083 1965 3173 2024 vel
3201 1965 3392 2024 civilis
3420 1981 3603 2023 causa
3627 1965 3820 2023 fuerit
3846 1983 3997 2022 com-

2332 2065 2510 2129 mcta,
2543 2061 2592 2116 si
2625 2058 2826 2116 relicto
2857 2056 3252 2114 ecclesiastico
3274 2055 3500 2129 judicio
3527 2054 3794 2129 publicis
3833 2057 3994 2129 judi-

2329 2149 2436 2208 ciis
2467 2149 2705 2223 purgari
2723 2147 2942 2205 volneri
2951 2151 2992 2216 t,
3015 2145 3248 2203 etiamsi
3271 2163 3376 2219 pro
3404 2145 3534 2219 ipso
3563 2144 3748 2202 fuerit
3766 2145 3994 2218 prolata

2329 2237 2850 2307 sententia,lccum
2878 2252 3054 2293 suum
3086 2234 3340 2303 amittat,
3359 2238 3418 2291 et
3446 2234 3556 2291 hoc
3585 2234 3650 2290 in
3667 2234 3988 2290 criminali.

2329 2327 2392 2384 In
2423 2326 2574 2383 civili
2607 2342 2760 2392 vero,
2788 2325 2994 2398 perdat
3023 2323 3178 2396 quod
3229 2321 3420 2390 evicit,
3458 2321 3506 2378 si
3560 2320 3766 2378 locum
3817 2338 3990 2379 suum

2327 2417 2589 2473 obtinere
2619 2413 2896 2470 maluerit
2915 2417 2960 2469 ι.
2989 2435 3018 2463 ››

2398 2505 2470 2561 Et
2482 2504 2821 2561 Africanum
2843 2501 3158 2559 concilium
3179 2517 3194 2556 :
3214 2523 3244 2552 κ
3257 2499 3868 2574 Quicunque,scilicet
3883 2500 3990 2557 cle-

2327 2595 2602 2663 ricorum,
2617 2594 2691 2650 ab
2719 2593 3070 2666 imperatore
3089 2590 3484 2662 cognitionem
3497 2589 3872 2662 judiciorum
3889 2607 3991 2663 pu-

2325 2683 2611 2740 blicorum
2643 2681 2895 2756 petierit,
2909 2681 3131 2737 honore
3146 2678 3382 2753 proprio
3397 2679 3690 2752 privetur;
3715 2678 3768 2735 si
3789 2685 3984 2735 autem

2323 2772 2652 2846 episcopale
2673 2770 2970 2844 judicium
3001 2767 3406 2843 postulaverit,
3438 2766 3587 2823 nihil
3609 2767 3664 2824 ei
3699 2767 3866 2824 obsit
3909 2809 3924 2822 .
3957 2793 3986 2817 ι)

2393 2864 2464 2918 Et
2491 2867 2558 2918 ut
2585 2862 2659 2918 de
2707 2859 2937 2934 legibus
2985 2858 3286 2926 Romanis,
3317 2861 3376 2914 et
3419 2855 3632 2914 multis
3663 2857 3764 2912 hic
3799 2874 3986 2930 pauca

2321 2967 2632 3026 ponamus,
2657 2941 2993 3017 Gratianus,
3011 2946 3460 3004 Valentinianus
3487 2949 3548 3002 et
3571 2945 3984 3003 Theodoricus

2319 3041 2755 3097 constituerunt
2777 3054 2792 3093 :
2817 3061 2845 3088 κ
2869 3037 2952 3094 Ne
2971 3037 3108 3110 quis
3123 3036 3341 3092 audeat
3359 3035 3514 3108 apud
3528 3034 3774 3108 judioes
3795 3034 3984 3108 publi-

2318 3148 2418 3188 cos
2439 3130 2778 3204 episcopum
2801 3127 3206 3195 accusare,sed
3231 3127 3292 3182 in
3307 3125 3724 3198 episcoporum
3745 3125 3986 3183 audien-

2315 3221 2457 3277 tiam
2500 3219 2754 3293 pert'erre
2783 3233 2900 3274 non
2921 3216 3174 3288 diﬂ'erat,
3188 3215 3476 3288 quidquid
3497 3214 3611 3272 sibi
3645 3231 3756 3289 pro
3788 3213 3982 3288 quali-

2315 3313 2435 3365 tate
2453 3308 2670 3382 negotii
2688 3310 2856 3381 putnt
2869 3320 3044 3380 posse
3061 3304 3550 3378 competere,utin
3561 3303 3983 3378 episcoporum

562 3393 831 3466 me,quia
857 3409 1208 3468 quocunque
1227 3394 1482 3450 carnalis
1504 3393 1960 3468 propinquitatis
1974 3395 2206 3462 ati'ectu,
2239 3385 2283 3452 C
2323 3397 2572 3454 aliorum
2599 3393 2824 3468 judicio
2855 3409 2984 3468 quas
3013 3393 3228 3450 asserit
3249 3398 3460 3450 contra
3483 3393 3836 3466 episcopum
3885 3409 3982 3448 va-

560 3481 650 3538 vel
679 3483 820 3556 quia
846 3486 1077 3539 tantum
1109 3483 1170 3539 in
1199 3483 1472 3556 episcopo
1513 3483 1862 3540 Rhemensis
1903 3483 2211 3556 provinciae

557 3569 897 3645 indignitati
927 3587 1070 3629 meo
1085 3571 1414 3629 commissis
1432 3573 1545 3629 ista
1565 3576 1706 3630 sunt
1726 3577 1872 3641 acta,
1881 3579 2210 3630 commotus

559 3659 682 3717 haec
700 3660 1067 3736 scripserim;
1101 3663 1202 3718 sed
1219 3661 1364 3732 zelo,
1387 3663 1459 3718 de
1481 3675 1597 3735 quo
1627 3666 1685 3720 et
1711 3661 1772 3718 in
1805 3661 2032 3736 psalmo
2061 3667 2121 3720 et
2149 3663 2208 3720 in

555 3749 867 3826 Evangelia
897 3753 1184 3826 scriptum
1207 3755 1298 3809 est
1321 3769 1334 3807 :
1358 3752 1516 3808 Zelus
1543 3751 1734 3808 domus
1753 3752 2108 3810 tummdit
2123 3769 2211 3810 me

553 3841 725 3912 (Paul.
786 3846 998 3913 vam),
1030 3841 1297 3898 videlicet
1350 3841 1472 3898 zelo
1524 3841 1870 3898 universalis
1915 3841 2206 3915 Ecclesim,

553 3945 686 4004 quo
714 3932 926 3988 domus
956 3931 1056 3988 Dei
1087 3935 1198 4001 est,
1232 3936 1288 3988 et
1335 3931 1487 3988 sacri
1533 3932 1758 3988 ordinis
1803 3931 2205 4000 sacerdotalis,

553 4020 710 4094 quod
733 4037 919 4077 unum
941 4021 1000 4076 in
1020 4021 1298 4078 omnibus
1317 4021 1608 4094 episcopis
1641 4025 1748 4091 est,
1763 4025 1818 4078 et
1857 4020 2032 4076 ofﬁcii
2065 4037 2207 4077 mea

553 4109 1120 4184 exiguitatis,legens
1139 4110 1352 4166 electos
1363 4110 1464 4166 Dei
1487 4115 1724 4184 propter
1741 4109 1896 4184 leges
1909 4114 2204 4183 paternas,

553 4199 733 4254 etiam
765 4205 1012 4255 mortem
1035 4200 1295 4274 corporis
1327 4201 1638 4273 appetisse,
1667 4204 1723 4256 et
1741 4199 1801 4256 in
1822 4199 2100 4256 laudibus
2117 4199 2206 4256 di-

549 4285 704 4342 vinis
731 4285 1049 4345 Ecclesiam
1081 4289 1431 4346 catholicam
1461 4294 1697 4346 cantare
1745 4293 2019 4346 sanctum
2051 4308 2065 4346 :
2101 4290 2208 4360 Qui

547 4391 651 4449 pro
680 4377 793 4450 tege
821 4379 919 4434 Dei
945 4381 1038 4435 sui
1058 4382 1286 4436 certavit
1304 4395 1475 4452 usque
1505 4378 1575 4434 ad
1601 4385 1828 4435 mortem
1849 4379 1922 4448 (Il
1955 4379 2123 4434 Maeli.
2147 4396 2204 4436 γι

549 4472 604 4521 et
632 4467 754 4534 vn).
784 4465 1001 4524 Vestrae
1033 4467 1419 4525 nihilominus
1449 4468 1570 4526 zelo
1601 4467 1812 4526 salutis
1851 4472 1908 4524 et
1935 4468 2202 4542 optandae

551 4552 722 4608 nobis
753 4556 1159 4628 prosperitatis
1188 4557 1310 4614 haac
1341 4559 1568 4632 scripsi.
1598 4559 1860 4616 Tandem
1893 4564 2024 4631 peto
2045 4563 2112 4614 ut
2143 4558 2201 4613 in

552 4642 663 4699 hoc
685 4643 985 4700 servitutis
1005 4661 1146 4700 mea:
1167 4646 1446 4720 obsequio
1468 4649 1809 4722 diligentius
1833 4647 2201 4717 discernatis,

2321 3487 2480 3543 leant
2505 3485 2770 3541 diﬂlniri.
2799 3507 2827 3534 »
2847 3485 2920 3540 Et
2945 3483 3086 3540 item
3116 3482 3500 3557 imperatores
3517 3481 3983 3552 constituerunt,

2322 3579 2388 3630 ut
2413 3574 2476 3630 in
2497 3574 2740 3648 privatis
2769 3571 2965 3630 causis
2992 3569 3336 3644 hujusmodi
3365 3587 3548 3628 causa
3581 3575 3879 3642 servetur,
3911 3587 3984 3626 ne

2320 3679 2681 3737 quemquam
2715 3662 3082 3736 litigatorum
3111 3661 3404 3718 sententia
3431 3677 3549 3717 non
3579 3677 3615 3716 a
3642 3677 3756 3717 suo
3775 3660 3983 3733 judice

2318 3753 2477 3810 dicta
2505 3751 2892 3825 constringat.

2389 3845 2459 3901 Et
2487 3844 2546 3901 S.
2581 3845 2694 3900 Leo
2725 3847 2940 3901 sanctis
2972 3843 3246 3900 Romane
3295 3840 3567 3898 Ecclesia!
3613 3840 3880 3914 pontifex
3922 3841 3983 3896 in

2314 3935 2538 4010 synodo
2563 3934 2759 3990 Roma;
2789 3931 3012 4002 habita,
3031 3931 3242 3989 statuit
3261 3932 3466 3988 dicens
3491 3947 3506 3987 :
3535 3952 3566 3982 α
3583 3931 3839 3988 Tantam
3865 3947 3982 3986 se-

2317 4023 2431 4082 culi
2456 4027 2774 4098 potestates
2793 4021 2950 4078 circa
2969 4019 3388 4078 sacerdotalem
3418 4020 3684 4077 ordinem
3702 4034 3978 4076 memn-

2315 4115 2459 4170 tiam
2482 4111 2791 4186 pravalere
2812 4111 3145 4177 voluerunt,
3165 4109 3342 4168 etiam
3372 4109 3434 4166 hi
3463 4125 3615 4182 quos
3641 4109 3755 4165 sub
3787 4109 3980 4182 impe-

2316 4201 2444 4259 riali
2469 4201 2704 4258 nomine
2719 4201 2892 4258 terris
2913 4200 3110 4256 divina
3129 4199 3387 4273 petentia
3405 4215 3656 4273 praem
3675 4199 3974 4272 procepit,

2313 4297 2381 4348 ut
2394 4293 2498 4364 jus
2509 4291 2676 4347 distri
2686 4291 3051 4364 ngeudorum
3065 4290 3428 4362 negotiorum
3443 4287 3736 4361 episcopis
3743 4288 3976 4344 sanctis

2307 4382 2479 4454 juxta
2507 4379 2719 4436 divalia
2747 4379 3072 4436 constituta
3096 4377 3487 4452 permiserint.
3515 4378 3680 4444 Quod
3732 4392 3872 4432 cum
3915 4382 3974 4432 et

2306 4470 2462 4544 juris
2487 4469 2712 4542 antiqui
2740 4469 3045 4535 edictis,et
3074 4467 3254 4524 illatis
3277 4466 3684 4541 frequentibus
3711 4466 3796 4522 sit
3827 4464 3974 4538 legi-

2313 4561 2428 4617 bus
2447 4558 3136 4630 constitutum,prassenti
3162 4562 3424 4630 tempore
3442 4572 3480 4612 a
3499 4555 3798 4630 plerisque
3819 4555 3974 4610 inve-

2313 4649 2513 4706 nimus
2532 4649 2713 4705 fuisse
2731 4647 3194 4704 calcatum.Nam
3215 4645 3610 4720 praetermisso
3619 4643 3971 4702 sacerdotali

550 4733 835 4830 quoniam
883 4733 932 4791 si
969 4735 1250 4830 quasdam
1283 4736 1497 4794 ibidem
1528 4738 1863 4830 mordacius
1902 4743 2200 4808 resonant,
2235 4765 2283 4830 ο
2305 4737 2551 4812 judicio,
2591 4737 2813 4830 passim
2835 4737 2908 4794 ad
2931 4752 3174 4793 examen
3196 4735 3566 4830 secularium
3584 4734 3967 4830 transierunt.

550 4839 666 4879 non
691 4821 837 4879 mihi
867 4824 1043 4880 verba
1073 4828 1213 4880 sunt
1243 4841 1452 4881 sensus
1486 4843 1498 4882 :
1533 4842 1660 4898 qua:
1681 4827 1788 4883 etsi
1815 4827 2204 4894 forent,man-

549 4913 800 4969 suetudo
817 4918 1013 4969 vestra
1044 4913 1217 4970 debet
1245 4915 1507 4970 modeste
1524 4915 1900 4988 perpendere,
1924 4915 2203 4986 quoniam

549 5000 820 5058 adulator
837 5001 1092 5060 blandus
1117 5007 1205 5059 est
1225 5003 1688 5070 inimicus.Qucd
1715 5002 2198 5075 Scripturadicit:

549 5092 698 5163 ()uia
723 5091 957 5148 meliora
984 5101 1114 5149 sunt
1139 5095 1370 5150 vulnera
1399 5096 1586 5161 amici,
1614 5109 1782 5166 quam
1810 5092 2042 5148 odientis
2083 5096 2202 5150 ini-

545 5182 680 5236 mici
706 5182 892 5237 oscula
911 5183 1092 5250 (Prov.
1125 5188 1326 5252 xxv").
1352 5183 1476 5238 Non
1498 5182 1654 5238 enim
1677 5187 2019 5254 occupatam
2043 5188 2202 5240 tenet.

543 5269 982 5336 vestram,sicut
999 5272 1394 5345 quorumdam
1420 5270 1772 5344 captivatam
1795 5277 2047 5328 mentem
2073 5289 2202 5345 pos-

545 5358 870 5415 sidetvobis
883 5359 1030 5416 bene
1054 5361 1176 5418 noti
1200 5361 1646 5432 sententia,qna3
1669 5360 1808 5417 dicit
1829 5363 2196 5436 :obsequium,

545 5446 605 5501 id
635 5449 1102 5517 est,assentatio,
1136 5450 1406 5506 videlicet
1450 5449 1726 5518 adulatio,
1757 5453 1982 5522 amicos,
2001 5455 2198 5509 ueritas

545 5534 731 5592 odium
755 5539 908 5610 parit
935 5555 954 5593 :
985 5538 1142 5611 quia,
1167 5544 1234 5595 ut
1253 5537 1512 5594 veritatis
1543 5540 1768 5597 amicus
1793 5540 2092 5596 veritatem
2115 5542 2199 5597 di-

544 5621 744 5696 ligitis,
767 5626 1016 5684 scientes
1037 5644 1076 5686 a
1098 5626 1356 5684 Veritatc
1386 5629 1607 5686 dictum
1641 5647 1656 5686 :
1690 5631 2024 5703 Cogrwscetis
2051 5635 2196 5689 veri-

615 5762 637 5789 ι
665 5751 835 5809 Cone.
867 5753 1067 5823 Afric.,
1095 5772 1225 5812 can.
1253 5753 1336 5812 19.

612 5841 640 5882 ³
670 5839 841 5914 Ibid.,
872 5859 1002 5900 can.
1039 5845 1124 5902 15.

2313 4828 2595 4895 Quocirca
2625 4826 2795 4885 nobis
2823 4827 3016 4882 visum
3048 4831 3159 4894 est,
3187 4830 3253 4881 ut
3281 4825 3436 4882 hanc
3459 4829 3523 4882 et
3551 4841 3858 4882 sacrarum
3887 4823 3970 4879 le-

2311 4935 2452 4994 gum
2484 4925 2542 4976 et
2570 4918 2752 4976 nostri
2785 4917 3011 4974 ordinis
3035 4916 3475 4986 contumeliam,
3505 4920 3565 4974 et
3591 4916 3666 4974 ad
3707 4931 3968 4990 presens

2311 5010 2695 5067 ulcisceretur
2711 5007 2886 5082 plena
2903 5007 3278 5075 districtio,et
3294 5006 3722 5064 observandam
3743 5006 3966 5062 formu-

2311 5099 2426 5155 lam
2461 5099 2842 5155 constitueret
2871 5097 2931 5152 in
2963 5095 3250 5152 futurum.
3285 5095 3605 5154 Gensemus
3645 5095 3869 5168 itaque,
3898 5100 3964 5149 ut

2310 5188 2666 5261 quicunque,
2686 5186 3080 5260 praetermisso
3105 5188 3404 5243 sacerdote
3433 5185 3692 5243 ecclesia)
3722 5201 3866 5252 suo,
3888 5183 3960 5238 ad

2309 5277 2789 5350 disceptationem
2805 5275 3029 5332 venerit
3049 5275 3634 5342 sucularium,sacris
3653 5273 3960 5331 liminibus

2307 5365 2588 5440 expulsus
2618 5383 2653 5422 a
2681 5365 2899 5423 caelesti
2929 5369 3203 5422 arceatur
3231 5364 3458 5422 altario.
3491 5385 3522 5415 ιο

2378 5455 2447 5512 Et
2467 5457 2525 5512 in
2548 5454 2739 5528 primo
2765 5454 2916 5510 libro
2935 5453 3339 5528 Capitulorum
3359 5453 3734 5528 imperalium
3755 5451 3956 5509 domui

2306 5545 2495 5602 Caroli
2526 5550 2584 5602 et
2613 5545 2813 5601 domui
2842 5544 3120 5601 Ludovici
3149 5545 3438 5618 scriptum
3467 5549 3580 5613 est,
3597 5559 3727 5618 cap.
3751 5546 3786 5598 8
3807 5559 3822 5598 :
3843 5565 3871 5592 σι
3889 5541 3958 5597 Ut

2306 5637 2377 5693 ad
2412 5633 2930 5708 metropolitanum
2961 5633 3300 5708 episcopum
3323 5634 3678 5708 sum-aganei
3700 5632 3954 5708 episcopi

2427 5761 2600 5832 Ibid.,
2634 5779 2762 5819 can.
2802 5761 2924 5818 104.
