4152 6514
253 520 402 579 1061

1114 515 1265 578 PRO
1315 518 1708 579 ECCLESl/E
1754 513 2259 578 LlBEll'l‘ATUM
2308 519 2817 586 DEFENSIUNE.

3516 533 3669 593 1062

249 651 653 725 respiciant,et
683 649 829 706 nihil
863 651 992 705 novi
1024 651 1278 707 audeant
1310 653 1496 708 facere
1516 653 1575 707 in
1599 651 1723 707 suis
1746 668 1910 724 paro-
1939 648 1992 714 Α
2023 649 2156 706 liter
2185 658 2380 709 autem
2405 657 2694 712 sententia
2718 658 2871 714 ﬁniri
2893 660 3117 726 debeat,
3139 660 3294 733 leges
3314 667 3370 717 et
3389 665 3538 718 sacri
3573 682 3668 720 ca-

250 742 398 797 cliiis
431 741 556 798 sine
577 739 931 797 conscientia
955 743 1011 794 et
1042 740 1284 796 consilio
1315 741 1404 796 sui
1440 740 1904 812 metropolitani;

253 849 355 886 nec
390 828 880 902 metropolitanus
903 829 1028 885 sine
1058 847 1262 885 eorum
1299 830 1561 886 consilio.
1603 854 1629 879 ››

326 921 395 975 Et
423 920 562 975 item
597 920 656 975 in
706 920 909 975 eodem
962 918 1131 987 libro,
1167 937 1292 991 cap.
1325 924 1395 974 28
1428 937 1440 974 :
1475 944 1500 968 «
1535 919 1605 974 Ut
1636 921 1683 975 si
1715 920 1910 976 clerici

250 1009 336 1064 vel
361 1009 630 1064 monachi
664 1009 816 1064 inter
841 1025 903 1062 se
936 1009 1234 1079 negotium
1258 1009 1493 1079 aliquod
1521 1008 1856 1079 habuerint,
1877 1028 1910 1065 a

252 1116 360 1154 suo
391 1097 660 1170 episcopo
693 1097 1126 1168 dijudicentur;
1164 1115 1279 1152 non
1311 1099 1468 1170 apud
1515 1098 1842 1154 saeculares.
1881 1121 1908 1148 »

251 1189 322 1244 Et
371 1188 511 1244 item
569 1188 628 1242 in
685 1188 889 1242 eodem
951 1187 1119 1254 libro,
1170 1204 1298 1260 cap.
1355 1190 1471 1243 38:
1531 1213 1550 1237 ιι
1586 1188 1658 1244 Ut
1715 1187 1908 1243 clerici

251 1276 633 1334 ecclesiastici
691 1276 916 1332 ordinis
967 1277 1018 1332 si
1067 1277 1302 1348 culpam
1354 1277 1726 1343 incurrerint,
1756 1279 1908 1350 apud

251 1365 682 1423 ecclesiasticos
704 1365 1071 1438 judicentur,
1107 1383 1221 1422 non
1254 1367 1410 1438 apud
1445 1368 1770 1423 saeculares.
1807 1389 1834 1417 »

324 1457 393 1512 Et
424 1456 546 1512 haec
597 1456 918 1513 constituta
961 1459 1100 1511 sunt
1131 1456 1201 1510 de
1229 1455 1321 1511 his
1351 1473 1478 1528 quae
1509 1456 1581 1512 ab
1613 1456 1906 1529 episcopo,

251 1544 339 1601 vel
371 1545 728 1618 presbytero,
763 1561 866 1600 seu
900 1544 1143 1600 diacono
1188 1544 1663 1612 committuntur,
1698 1544 1817 1600 sive
1850 1545 1908 1600 in

253 1633 679 1702 criminalibus,
702 1633 819 1690 sive
851 1634 922 1689 de
947 1632 1235 1701 civilibus,
1258 1633 1314 1688 id
1335 1637 1422 1689 est
1453 1634 1524 1688 de
1556 1634 1909 1706 pecuniariis

258 1723 476 1780 causis.
501 1725 782 1780 Caeterum
805 1723 876 1778 de
900 1723 1074 1777 rebus
1096 1727 1151 1778 et
1173 1721 1575 1793 mancipiis,et
1597 1723 1911 1794 mancipio-

256 1830 387 1868 rum
411 1810 1029 1884 commissis,episcopi
1051 1828 1120 1866 ex
1141 1811 1414 1867 Ecclesiis
1445 1811 1613 1867 nobis
1640 1813 1911 1869 commis-

255 1901 450 1971 sis,vel
475 1903 544 1957 de
567 1900 1026 1974 proprietatibus
1046 1899 1415 1968 clericorum,
1443 1902 1752 1958 advocatos
1774 1902 1911 1957 dare

255 1991 579 2047 secundum
611 1990 1099 2046 consuetudinem
1132 2007 1247 2045 non
1283 1989 1620 2047 abnuimus.

326 2079 431 2136 Ubi
451 2083 647 2136 autem
673 2097 740 2135 ea
764 2078 1063 2134 emendari
1095 2079 1509 2151 debeant,quae
1541 2079 1798 2152 episcOpi
1824 2080 1908 2136 vel

255 2168 447 2224 clerici
464 2168 521 2224 in
535 2166 943 2224 criminalibus
959 2167 1043 2222 vel
1058 2167 1332 2222 civilibus
1350 2167 1910 2240 committunt,leges

255 2257 562 2314 manifeste
578 2257 1004 2322 demonstrant,
1027 2255 1286 2312 dicentes
1310 2256 1513 2312 multis
1546 2257 1910 2312 decernenti-

257 2348 367 2402 bus
383 2345 856 2420 imperatoribus.
876 2345 956 2400 Ex
971 2345 1188 2417 quibus
1206 2345 1480 2400 omnibus
1495 2345 1587 2400 hic
1606 2345 1792 2420 legem
1805 2346 1912 2402 Va-

253 2433 559 2491 lentiniani
588 2437 645 2489 et
671 2432 934 2490 Valentis
986 2451 1293 2506 ponemus,
1326 2432 1426 2506 qui
1481 2423 1860 2490 decreverunt
1894 2453 1906 2491 :

257 2522 500 2580 Utultra
522 2522 827 2596 provinciae
860 2522 1142 2578 terminos
1174 2523 1489 2580 accusandi
1521 2523 1759 2580 licentia
1787 2542 1912 2596 pro-

258 2613 550 2669 hibeatur.
584 2636 612 2663 ››

328 2704 394 2759 Et
417 2703 554 2758 hinc
575 2719 808 2758 sacrum
839 2701 1296 2775 Carthaginense
1325 2701 1637 2758 concilium
1672 2704 1906 2760 statuit:

259 2816 284 2844 ‹‹
319 2792 391 2848 Ut
421 2796 731 2848 accusatus
761 2796 816 2846 et
848 2796 1155 2846 accusator
1188 2792 1244 2845 in
1278 2809 1344 2846 eo
1376 2790 1498 2846 loco
1525 2793 1678 2847 unde
1704 2797 1792 2846 est
1815 2791 1909 2846 ille

257 2881 355 2954 qui
375 2885 702 2950 accusatur,
724 2878 916 2934 locum
951 2879 1060 2933 sibi
1093 2879 1270 2951 eligat
1291 2879 1767 2952 proximumque
1793 2898 1906 2934 non

256 2971 332 3025 sit
352 2969 590 3025 difficile
620 2973 800 3026 testes
831 2969 1174 3042 perducere,
1197 2968 1296 3023 ubi
1333 2985 1512 3024 causa
1544 2970 1782 3024 finiatur
1802 2984 1842 3023 ι.
1883 2993 1902 3019 υ

326 3059 394 3114 Et
425 3058 564 3114 item
586 3056 744 3130 leges
775 3057 1015 3112 dicunt:
1062 3079 1088 3106 «
1120 3056 1179 3112 Si
1212 3056 1347 3129 quis
1378 3057 1776 3112 adversarium
1809 3063 1910 3113 aut

256 3146 597 3220 repetitione
617 3149 719 3203 aut
739 3145 1002 3202 criminis
1019 3145 1343 3217 objections
1366 3145 1766 3218 pulsaverit,in
1784 3161 1922 3219 pro-‘

252 3235 518 3293 vinciain
537 3253 653 3309 qua
673 3234 943 3293 consistit
975 3233 1070 3289 ille
1092 3234 1192 3306 qui
1216 3233 1501 3308 pulsatur,
1527 3253 1666 3293 suas
1695 3241 1908 3303 exerat,

254 3326 534 3392 actiones,
567 3341 670 3381 nec
704 3323 952 3380 sistimet
983 3324 1384 3380 adversarium
1416 3341 1590 3382 suum
1624 3324 1782 3393 alibi,
1808 3330 1910 3380 aut

2026 758 2207 798 nones
2239 751 2571 802 monstrant
2601 747 2882 814 dicentes,
2905 748 3075 805 utvel
3108 751 3165 805 in
3198 753 3438 824 synodo,
3458 753 3542 808 vel
3568 771 3670 826 per

2020 833 2394 903 judices,sive
2416 853 2564 908 quos
2587 837 3069 910 conquirentibus
3091 839 3369 910 primates
3381 842 3664 910 dederint,

2021 920 2138 976 sive
2168 939 2318 993 quos
2352 924 2460 996 ipsi
2495 925 2715 982 vicinos
2744 944 2812 982 ex
2840 943 3129 983 consensu
3161 928 3497 1001 delegerint.

2090 1011 2406 1083 Deputatos
2426 1018 2620 1069 autem
2642 1015 2873 1086 judices
2891 1016 3218 1090 episcOpos,
3245 1021 3310 1072 ut
3330 1017 3667 1074 Africanum

2019 1098 2160 1154 dicit
2183 1101 2653 1158 concilium.«Ab
2672 1104 2770 1158 illo
2789 1105 3038 1176 primate
3055 1111 3189 1161 sunt
3213 1106 3478 1174 dandi,ip
3498 1109 3668 1179 cujus

2020 1189 2317 1258 provincia
2337 1207 2517 1246 causa
2535 1197 2820 1246 versatur.
2841 1194 2899 1248 Si
2923 1198 3118 1249 autem
3141 1211 3210 1250 ex
3230 1194 3529 1251 communi
3554 1196 3670 1268 pla-

2019 1277 2132 1369 citp
2155 1279 2567 1350 conquirentes
2588 1279 3056 1352 vicinosjudices
3077 1282 3376 1355 elegerint,
3397 1290 3498 1340 aut
3514 1303 3668 1342 unus

2019 1366 2287 1440 eligatur,
2313 1374 2414 1425 aut
2444 1374 2564 1426 tres
2589 1389 2602 1438 ;
2625 1375 2682 1426 et
2702 1371 2750 1426 si
2789 1376 2908 1427 tres
2937 1372 3237 1445 elegerint,
3271 1379 3374 1431 aut
3403 1376 3668 1431 omnium

2020 1458 2373 1513 sententiam
2405 1464 2747 1532 sequantur,
2781 1465 2883 1516 aut
2911 1461 3184 1516 duorum.
3220 1485 3248 1511 υ

2091 1546 2160 1601 Et
2181 1545 2650 1604 Chalcedonense
2681 1549 2994 1605 concilium
3035 1549 3211 1606 dicit:
3255 1575 3282 1601 «
3309 1551 3368 1608 Si
3391 1553 3523 1625 quis
3555 1553 3671 1609 cle-

2019 1634 2177 1690 ricus
2199 1636 2478 1692 adversus
2509 1637 2784 1693 clericum
2817 1638 2994 1694 habet
3020 1640 3341 1712 negotium,
3368 1659 3482 1697 non
3506 1646 3669 1698 dese-

2021 1728 2109 1778 rat
2129 1725 2466 1798 episcopum
2492 1727 2816 1800 proprium,
2843 1733 2901 1783 et
2931 1728 3003 1783 ad
3039 1729 3338 1786 saecularia
3368 1736 3670 1804 percurrat

2011 1814 2267 1884 judicia;
2291 1815 2390 1870 sed
2425 1816 2587 1887 prius
2621 1816 2772 1871 actio
2806 1817 3118 1873 ventiletur
3146 1819 3302 1891 apud
3327 1819 3667 1892 episcopum

2019 1903 2443 1974 proprium,vel
2476 1910 2628 1961 certe
2659 1905 2900 1960 consilio
2931 1906 3192 1976 ejusdem
3227 1907 3668 1982 episcopi,apud

1945 2023 1986 2086 Β
2021 2008 2167 2062 quos
2200 1996 2460 2086 utrmque
2508 1998 2702 2066 partes
2749 1993 3055 2063 voluerint,
3080 1995 3377 2067 judicium
3408 1998 3666 2054 contine-

2022 2081 2189 2135 bunt.
2215 2080 2275 2135 Si
2294 2082 2428 2153 quis
2459 2088 2654 2138 autem
2679 2087 2886 2156 preter
2902 2083 3022 2140 haec
3041 2084 3258 2157 fecerit,
3284 2086 3524 2142 canonis
3541 2103 3668 2142 cor-

2022 2169 2378 2226 rectionibus
2409 2171 2735 2242 subjacebit
2753 2185 2795 2227 σ.
2829 2194 2858 2223 »

2092 2258 2160 2312 Et
2178 2258 2235 2313 S.
2253 2257 2564 2330 Gregorius
2589 2259 2896 2333 exlegibus
2908 2266 2966 2317 et
2979 2261 3160 2318 sacris
3181 2262 3506 2318 canonibus
3532 2281 3670 2319 eon-

2021 2346 2215 2400 stituit
2231 2346 2494 2402 scribens
2512 2349 2581 2403 ad
2603 2348 2989 2418 Bonifacium,
3015 2350 3379 2406 defensorem
3403 2351 3667 2420 Corsicze,

2021 2439 2076 2488 et
2108 2435 2258 2490 vices
2291 2439 2559 2507 agentem
2590 2437 2918 2509 apostolica:
2951 2439 3129 2511 sedis,
3161 2456 3308 2510 quas
3342 2439 3399 2494 in
3427 2439 3558 2495 istis
3591 2457 3673 2495 re-

2020 2524 2295 2596 gionibus
2329 2526 2609 2597 primates
2639 2525 3068 2598 provinciarum
3102 2531 3334 2584 tenent:
3379 2552 3405 2579 ι(
3433 2528 3670 2602 Siquis,

2023 2613 2235 2685 inquit,
2252 2619 2453 2670 contra
2473 2615 2746 2672 clericum
2764 2633 3005 2672 causam
3027 2616 3318 2685 habuerit,
3333 2618 3670 2690 episcopum

2022 2702 2210 2774 ipsius
2231 2704 2418 2758 adeat.
2445 2704 2551 2771 Qui
2574 2705 2621 2760 si
2644 2705 2790 2760 forte
2814 2711 3126 2778 suspectus
3149 2706 3342 2774 fuerit,
3369 2711 3673 2762 exsecutor

2021 2791 2106 2845 vel
2131 2793 2202 2846 ab
2229 2792 2375 2862 ipso,
2404 2792 2512 2857 vel,
2541 2793 2587 2846 si
2629 2798 2686 2848 et
2720 2793 2828 2848 hoc
2871 2798 3032 2848 actor
3064 2795 3360 2866 refugerit,
3389 2811 3422 2850 a
3453 2799 3553 2849 tua
3582 2798 3672 2850 est

2020 2880 2376 2951 experientia
2406 2881 2804 2953 deputandus,
2826 2882 2926 2954 qui
2953 2887 3145 2955 partes
3168 2882 3277 2938 sibi
3310 2888 3514 2938 mutuo
3540 2900 3672 2938 con-

2019 2986 2194 3024 sensu
2221 2970 2454 3040 judices
2486 2970 2798 3044 compellat
2827 2971 3059 3044 eligere,
3084 2989 3120 3027 a
3148 2971 3363 3044 quibus
3383 2971 3668 3044 quidquid

2020 3058 2194 3112 fuerit
2235 3059 2566 3126 definitum,
2600 3059 2682 3114 ita
2709 3058 2796 3116 vel
2829 3059 3067 3127 tua,--vel
3097 3060 3352 3132 episcopi
3385 3059 3671 3116 sollicitu-

2020 3145 2174 3215 dine,
2211 3151 2436 3203 servata
2480 3147 2626 3222 lege,
2656 3147 2848 3204 modis
2886 3149 3163 3204 omnibus
3193 3147 3575 3220 compleatur,
3607 3153 3672 3204 ut

2021 3253 2134 3290 non
2169 3237 2246 3290 sit
2278 3237 2430 3292 unde
2462 3237 2692 3310 possint
2720 3237 2924 3310 litigiis
2959 3237 3208 3311 fatigari.
3247 3261 3273 3287 η
3306 3239 3376 3293 Et
3405 3237 3452 3294 si
3485 3237 3671 3294 laicus

2019 3329 2220 3380 contra
2245 3326 2586 3397 episcopum
2619 3325 2869 3394 civilem,
2902 3326 2960 3382 id
2991 3331 3080 3383 est
3109 3327 3506 3400 pecuniariam
3528 3344 3672 3383 cau—

252 3413 486 3489 longius
503 3415 574 3471 ad
589 3413 883 3486 judicium
898 3413 1488 3486 protrahendum.llle
1510 3432 1642 3471 vero
1665 3392 1906 3487 quipul-
1938 3392 1979 3460 (ἶ
2019 3431 2145 3470 sam
2165 3392 2776 3489 habuerit,episcopus
2795 3392 3096 3472 admoneri
3109 3392 3196 3472 vel
3209 3415 3478 3490 compelli
3493 3417 3566 3472 ab
3579 3416 3672 3473 his

254 3509 422 3560 satus
450 3503 644 3569 fuerit,
668 3502 716 3560 si
741 3502 1004 3576 judicem
1039 3508 1378 3576 suspectum
1411 3503 1704 3571 habuerit,
1737 3503 1911 3561 liceat

255 3591 574 3666 appellare.
611 3616 638 3642 »

327 3683 397 3738 Et
417 3682 474 3738 S.
500 3681 880 3738 Innocentius
911 3681 983 3737 ad
1015 3680 1360 3738 Victricium
1389 3682 1729 3756 episcopum
1755 3701 1767 3737 ε
1805 3707 1832 3733 ‹‹
1849 3683 1908 3739 Si

258 3787 406 3843 quas,
441 3769 651 3843 inquit,
689 3787 877 3828 caussa
911 3770 996 3826 vel
1031 3771 1432 3828 contentiones
1464 3772 1614 3827 inter
1645 3772 1906 3843 clericos,

256 3865 377 3916 tam
403 3859 722 3933 superioris
735 3860 980 3926 ordinis,
995 3877 1173 3932 quam
1189 3861 1363 3915 etiam
1390 3861 1680 3916 inferioris
1694 3862 1910 3916 fuerint

254 3952 483 4016 exortis,
504 3953 569 4005 ut
589 3950 913 4005 secundum
947 3951 1236 4022 synodum
1271 3951 1563 4005 Niczenam
1597 3967 1908 4022 congrega-

251 4039 331 4096 tis
342 4039 604 4111 ejusdem
622 4038 928 4111 provinciae
941 4039 1522 4112 episcopis,jurgium
1535 4038 1901 4108 terminetur;

250 4144 355 4183 nec
387 4127 558 4184 alicui
593 4127 783 4194 liceat,
819 4128 967 4200 (sine
1017 4127 1357 4200 praejudicio
1406 4134 1602 4184 tamen
1631 4129 1903 4196 Romanis

189 4288 191 4290 η
247 4216 538 4282 Ecclesiae,
573 4217 665 4272 cui
701 4217 759 4272 in
793 4218 1070 4273 omnibus
1119 4217 1316 4274 causis
1364 4218 1534 4275 debet
1583 4218 1904 4275 reverentia

247 4305 575 4377 custodiri),
591 4305 807 4362 relictis
825 4306 918 4362 his
945 4306 1346 4363 sacerdotibus
1367 4308 1466 4378 qui
1481 4307 1538 4362 in
1552 4308 1752 4363 eadem
1771 4324 1903 4380 pro-

244 4395 435 4451 vincia
455 4395 554 4450 Dei
580 4394 898 4452 Ecolesiam
922 4400 1068 4451 nutu
1094 4395 1286 4450 divino
1309 4397 1738 4469 gubernant,ad
1756 4396 1902 4452 alias

245 4483 549 4541 convolare
575 4485 1094 4558 provincias.Quod
1117 4488 1162 4541 si
1185 4486 1316 4557 quis
1339 4487 1485 4541 forte
1508 4503 1899 4558 praesumpse-

247 4574 340 4640 rit,
358 4578 414 4629 et
444 4574 515 4629 ab
547 4574 738 4630 officio
770 4573 908 4630 cleri
940 4575 1270 4642 submotus,
1295 4579 1351 4631 et
1383 4575 1732 4646 injuriarum
1766 4592 1900 4631 reus

246 4663 319 4719 ab
351 4664 624 4720 omnibus
649 4663 968 4734 judicetur.
1005 4666 1063 4720 Si
1105 4670 1302 4720 autem
1336 4667 1588 4736 majores
1619 4683 1807 4720 causa;
1841 4666 1899 4721 in

2020 3521 2272 3576 quorum
2305 3505 2548 3562 interest
2578 3505 3066 3574 debet;similiter
3087 3511 3144 3562 et
3165 3505 3351 3562 laicus
3370 3505 3673 3562 admoneri

2019 3593 2105 3650 vel
2121 3593 2389 3666 compelli
2417 3595 2588 3650 debet
2613 3612 2647 3650 a
2672 3596 2752 3651 rei
2759 3594 3004 3668 publica:
3026 3596 3493 3666 potestate,utad
3517 3595 3670 3651 arbi-

2020 3683 2219 3752 trium,
2241 3685 2299 3739 id
2323 3688 2412 3739 est
2427 3685 2497 3739 ad
2508 3684 2801 3756 judicium
2821 3702 2888 3740 ex
2909 3689 3156 3757 utraque
3168 3690 3330 3758 parte
3352 3685 3669 3741 electorum

2010 3773 2282 3845 judicum
2306 3773 2558 3840 veniant,
2585 3779 2639 3828 et
2659 3773 3099 3844 eorumjudicio
3129 3790 3309 3829 causa
3337 3775 3596 3829 finiatur.

2091 3861 2251 3917 Sicut
2281 3863 2352 3918 ad
2389 3861 2683 3917 Malchum
2715 3863 3055 3934 episcopum
3089 3861 3243 3918 idem
3277 3863 3335 3918 S.
3356 3862 3671 3934 Gregorius

2018 3967 2086 4006 ex
2116 3951 2345 4023 legibus
2378 3956 2433 4006 et
2465 3951 2648 4006 sacris
2683 3951 2902 4024 regulis
2949 3951 3212 4006 scribens
3251 3951 3618 4007 demonstrat
3652 3969 3664 4007 :

2019 4040 2380 4107 «Praeterea,
2431 4039 2641 4112 inquit,
2692 4039 3113 4096 fraternitatem
3172 4044 3335 4095 tuam
3395 4041 3668 4113 praesenti

2017 4128 2397 4201 praeceptione
2413 4128 2748 4184 curavimus
2765 4129 3667 4202 admonendam,utStephanum

2015 4218 2354 4290 episcopum
2375 4219 2444 4273 ad
2461 4216 2796 4289 eligendum
2811 4217 3126 4290 compellas
3147 4218 3664 4290 venirejudicium:

2014 4313 2070 4363 et
2101 4307 2383 4380 quidquid
2417 4307 2569 4362 inter
2612 4306 2955 4380 praedictum
3001 4307 3288 4362 Joannem
3319 4308 3508 4362 virum
3543 4325 3665 4363 ma-

2013 4397 2380 4469 gnificum,et
2403 4397 2804 4468 supradictum
2828 4395 3517 4469 episcopum,electorum
3543 4397 3665 4477 fue-

2014 4487 2087 4540 rit
2119 4485 2408 4541 sententia
2440 4485 2779 4551 dit'ﬁnituin,
2806 4485 2874 4540 ad
2903 4485 3173 4542 effectum
3208 4485 3525 4558 perducere
3548 4503 3663 4542 non

2013 4574 2262 4630 omittat.

2082 4665 2153 4719 Et
2183 4663 2317 4718 hinc
2348 4661 2505 4735 leges
2535 4680 2682 4734 quas
2705 4667 2896 4719 servat
2915 4663 3178 4721 Ecclesiu
3209 4664 3432 4732 dicunt,
3465 4666 3662 4721 obser-

245 4752 438 4808 medio
470 4753 685 4810 fuerint
707 4754 1008 4826 άονοιυιίθ,
1023 4755 1093 4810 ad
1119 4755 1314 4810 sedem
1338 4755 1900 4828 apostolicam,sicut
1929 4769 1975 4834 Ι)
2009 4771 2142 4809 vare
2164 4757 2358 4808 autem
2383 4752 2713 4826 specialiter
2737 4753 2974 4825 judices
3011 4755 3261 4810 debent:
3297 4779 3323 4804 ‹‹
3349 4754 3420 4809 Ut
3444 4754 3504 4808 in
3535 4770 3660 4808 om-

243 4841 502 4914 synodus
523 4843 749 4908 statuit,
775 4849 1021 4900 etvetus
1045 4845 1406 4900 consuetudo
1428 4844 1624 4914 exigit,
1651 4846 1894 4918 postju—

241 4929 459 4986 dicium
494 4932 824 5005 episcopale
857 4933 1159 4990 referatur.
1190 4957 1217 4983 ››
1250 4933 1411 4990 Unde
1442 4933 1897 5007 Carthaginense

238 5018 382 5074 dicit
403 5020 715 5076 concilium
741 5039 752 5076 :
794 5044 819 5072 «ι
844 5021 915 5077 Ut
937 5040 970 5077 a
995 5022 1445 5096 quibuscumque
1469 5022 1772 5094 judicibus
1803 5041 1893 5080 ec-

236 5107 582 5164 clesiasticis
607 5109 676 5166 ad
711 5109 855 5166 alios
879 5111 1110 5182 judices
1131 5111 1685 5180 ecclesiasticos,ubi
1710 5114 1897 5184 major

239 5201 331 5253 est.
361 5199 698 5266 auctoritas,
749 5199 924 5255 fuerit
983 5206 1380 5272 provocatum,
1418 5219 1532 5257 non
1582 5202 1668 5258 eis
1720 5203 1892 5271 obsit,

242 5303 494 5364 quorum
517 5287 694 5342 fuerit
723 5287 916 5344 soluta
939 5290 1250 5356 sententia,
1277 5289 1325 5344 si
1359 5289 1621 5345 convinci
1657 5308 1768 5346 non
1800 5309 1895 5364 po-

241 5375 460 5430 tuerint
480 5375 565 5430 vel
591 5375 828 5433 inimico
854 5378 1386 5448 animojudicasse,
1407 5377 1490 5434 vel
1511 5379 1709 5451 aliqua
1731 5381 1894 5452 cupi-

241 5463 424 5520 ditate
443 5469 541 5520 aut
559 5464 746 5537 gratia
773 5467 1097 5538 depravari.
1121 5467 1270 5522 Sane
1287 5468 1335 5522 si
1360 5484 1427 5522 ex
1449 5484 1737 5523 consensu
1762 5487 1892 5540 par-

239 5553 389 5609 tium
412 5553 576 5610 electi
601 5553 818 5610 fuerint
840 5555 1084 5626 iudices,
1109 5556 1282 5612 etiam
1310 5575 1343 5612 a
1363 5557 1620 5628 pauciori
1647 5575 1892 5614 numero

239 5643 395 5716 quod
413 5644 799 5700 constitutum
819 5649 928 5716 est,
950 5663 1064 5701 non
1097 5645 1266 5702 liceat
1288 5647 1584 5718 provocari
1609 5649 1651 5702 ι’.
1679 5669 1706 5697 ››
1741 5650 1891 5714 Qua-

239 5799 242 5802 .
307 5759 332 5786 ι
361 5750 534 5806 Cone.
567 5751 769 5818 Afric.,
803 5769 930 5807 can.
964 5753 1051 5806 30.

309 5822 335 5859 δ
363 5826 532 5880 Coac.
567 5825 860 5898 Carthag.,
894 5842 987 5881 an.
1020 5825 1144 5892 397,
1181 5842 1307 5882 can.
1348 5827 1432 5881 10.

2009 4842 2181 4896 nibus
2207 4841 2400 4897 causis
2423 4843 2713 4898 sententia
2733 4858 2860 4916 quae
2895 4843 3212 4903 deliberata
3245 4841 3414 4897 fuerit
3443 4841 3659 4896 consti-

2007 4931 2150 4988 tutis
2173 4932 2394 5004 pariter
2425 4931 2695 5003 partibus
2729 4933 3003 4988 recitetur
3027 4951 3040 5000 ;
3065 4937 3128 4987 ut
3153 4932 3225 4986 ab
3256 4930 3349 4986 his
3380 4947 3414 4985 a
3443 4930 3660 5002 quibus

2009 5039 2187 5077 causa
2217 5021 2374 5076 dicta
2407 5027 2512 5089 est,
2541 5022 2611 5076 ad
2653 5022 2945 5094 integrum
2977 5039 3104 5093 quae
3140 5021 3296 5075 dicta
3319 5020 3495 5075 fuerit
3525 5036 3659 5076 sen-

2008 5111 2190 5165 tentia
2207 5111 2972 5183 cognoscatur,etquidquid
2992 5108 3380 5182 praesentibus
3393 5109 3658 5182 partibus

2010 5200 2068 5253 in
2091 5199 2286 5255 causis
2307 5199 2482 5255 fuerit
2502 5199 2861 5265 ordinatum,
2886 5198 3121 5254 habebit
3140 5197 3545 5276 plenissimam
3566 5199 3658 5252 fir-

2009 5289 2295 5357 mitatem,
2327 5306 2430 5345 nec
2462 5288 2672 5360 poterit
2702 5287 3030 5344 immutari.
3066 5310 3092 5337 ι»

2076 5380 2145 5434 Et
2177 5380 2316 5450 quia
2345 5379 2744 5450 imperatores,
2778 5377 2876 5450 qui
2936 5395 3042 5434 suo
3092 5381 3351 5450 tempore
3383 5378 3557 5432 fuerit
3586 5377 3656 5433 de

2005 5468 2356 5540 pecuniariis
2387 5467 2579 5522 causis
2610 5466 3072 5522 ecclesiasticum
3097 5467 3522 5534 ministrum,et
3553 5467 3656 5523 rei-

2004 5557 2249 5629 publica:
2273 5555 3036 5627 administrantemjudices
3056 5557 3125 5611 ad
3145 5573 3382 5611 causam
3404 5557 3473 5612 de
3494 5574 3660 5612 accu-

2002 5651 2127 5702 sato
2149 5648 2439 5720 episeopo,
2463 5645 2615 5702 sicut
2646 5644 2802 5717 leges
2837 5650 2893 5700 et
2914 5663 3168 5703 canones
3197 5646 3430 5718 jubent,
3466 5647 3654 5721 depu-

2071 5765 2092 5793 ε
2125 5755 2296 5812 Cone.
2331 5753 2704 5822 Chalcedon.,
2736 5770 2866 5810 can.
2895 5752 2949 5810 9.
