4152 6536
195 465 349 528 1065

1032 466 1185 526 PRO
1231 465 1624 557 ECCIESIIE
1668 465 2171 526 LIBERTATUM
2216 466 2730 528 DEFENSIONE.

3446 471 3606 530 ’1066

193 598 456 656 servabo.
480 598 550 654 Et
577 596 679 668 qui
709 596 871 653 illam
905 613 1142 654 necesse
1185 598 1456 654 habuerit
1496 602 1552 654 et
1591 597 1842 654 rationa-
1873 602 1929 667 Α
1959 597 2122 670 plum
2154 597 2372 654 imitari
2420 597 2730 667 voluerint,
2759 599 2940 655 ullam
2988 602 3221 672 penitus
3261 601 3604 660 divisionem

197 687 388 743 biliter
417 685 667 758 petierit,
692 685 1096 742 rationabilem
1131 686 1592 742 misericordiam
1618 686 1847 742 exhibe-

197 777 290 846 bo,
323 775 478 833 sicut
508 775 694 830 ﬁdelis
725 792 824 830 rex
853 794 991 831 suos
1037 777 1236 832 fideles
1267 795 1369 848 per
1410 782 1630 831 rectum
1664 777 1843 830 hono-

198 883 348 933 rare,
369 870 428 921 et
457 863 700 932 salvere,
717 868 774 920 et
799 865 1114 937 unicuique
1138 870 1561 938 competentem
1582 865 1770 938 legem
1791 869 1849 920 et

192 954 484 1028 justitiam
520 951 580 1009 in
611 971 966 1026 unoquoque
997 955 1198 1011 ordine
1227 972 1592 1023 conservare,
1619 960 1675 1011 et
1704 952 1848 1010 indi-

200 1043 496 1116 gentibus,
548 1046 605 1098 et
651 1042 1014 1100 rationaliter
1057 1045 1393 1116 petentibus
1441 1043 1849 1100 rationabilem

202 1132 662 1190 misericordiam
693 1133 866 1189 debet
892 1132 1258 1206 impendere;
1295 1137 1352 1189 et
1390 1151 1493 1206 pro
1545 1133 1708 1190 nullo
1739 1133 1849 1187 ho—

205 1222 362 1278 mine
388 1223 461 1278 ab
494 1221 622 1292 hoc,
657 1226 943 1294 quantum
975 1222 1220 1288 dimittit
1249 1223 1510 1279 humana
1541 1221 1846 1294 fragilitas,

205 1330 306 1386 per
324 1313 608 1381 studium,
632 1316 736 1367 aut
756 1312 1231 1380 malivolentiam,
1251 1313 1337 1368 vel
1359 1312 1610 1384 alicujus
1634 1310 1853 1368 indebi-

206 1407 330 1460 tum
360 1401 797 1458 hortamentum
821 1402 1080 1472 deviabo,
1105 1406 1391 1474 quantum
1423 1402 1569 1458 mihi
1597 1402 1752 1457 Deus
1770 1399 1855 1455 in-

208 1491 502 1548 tellectum
534 1497 591 1547 et
619 1490 1066 1563 possibilitatem
1100 1491 1418 1547 donaverit.
1443 1492 1513 1545 Et
1540 1490 1589 1546 si
1614 1507 1716 1562 per
1745 1490 1854 1544 fra-

207 1580 489 1654 gilitatem
506 1585 706 1638 contra
725 1580 835 1636 hoc
852 1579 996 1636 mihi
1018 1582 1365 1652 subreptum
1387 1579 1721 1647 fuerit,cum
1743 1580 1854 1634 hoc

207 1686 608 1743 recognovero,
644 1669 791 1724 illud
838 1671 1150 1727 emendare
1189 1669 1478 1725 curabo.»
1509 1668 1625 1724 Nos
1655 1671 1852 1724 autem

209 1759 406 1816 ﬁdeles
422 1758 620 1827 vestri,
637 1758 915 1832 episcopi,
941 1767 998 1815 et
1026 1757 1215 1814 cateri
1246 1757 1469 1814 laicalis
1501 1756 1722 1815 ordinis
1753 1756 1852 1828 qui

211 1849 541 1917 adfuerunt,
571 1847 680 1904 hoc
711 1847 1033 1920 capitulum
1065 1853 1122 1904 et
1149 1848 1450 1904 vobiscum
1483 1846 1854 1902 condidimus

210 1937 328 1993 etei
349 1936 1250 2010 subscripsimus,unusquisque
1274 1935 1596 2008 proﬁtendo
1612 1937 1856 2001 :«Quan-

212 2031 332 2084 tum
363 2027 548 2082 sciero
580 2029 638 2082 et
680 2029 941 2098 potuero,
977 2026 1223 2083 Domino
1273 2026 1602 2096 adjuvante,
1633 2025 1856 2096 absque

215 2115 333 2171 ulla
361 2115 668 2171 dolositate
700 2120 802 2170 aut
821 2115 1158 2171 seductione
1180 2119 1236 2170 et
1257 2113 1498 2170 consilio
1530 2117 1588 2169 et
1618 2113 1854 2180 auxilio,

211 2206 533 2262 secundum
566 2221 764 2260 meum
795 2204 1209 2272 ministerium,
1231 2209 1288 2260 et
1317 2204 1642 2259 secundum
1665 2219 1856 2258 meam

214 2311 541 2366 personam,
558 2293 748 2350 ﬁdelis
768 2295 932 2350 vobis
958 2295 1193 2366 adjutor
1212 2311 1329 2362 ero,
1346 2299 1411 2349 ut
1431 2293 1591 2348 illam
1613 2296 1860 2364 potesta-

213 2388 552 2456 tem,quam
582 2384 642 2438 in
675 2384 833 2456 regio
882 2385 1115 2442 nemine
1161 2389 1220 2440 et
1268 2401 1446 2457 regno
1494 2382 1658 2439 vobis
1704 2382 1859 2437 Deus

215 2472 518 2542 concessit,
543 2474 616 2529 ad
665 2473 854 2546 ipsius
882 2473 1262 2540 voluntatem,
1295 2477 1354 2529 et
1382 2474 1454 2530 ad
1502 2475 1755 2527 vestram
1805 2473 1862 2525 et

216 2560 476 2618 ﬁdelium
496 2568 822 2632 vestrorum
845 2563 1246 2630 salvationem,
1266 2580 1402 2618 cum
1424 2562 1620 2618 debito
1643 2561 1860 2616 honore

215 2656 270 2708 et
298 2652 490 2725 vigore
521 2657 716 2710 tenere
747 2657 804 2709 et
831 2654 1158 2725 gubernare
1190 2653 1450 2726 possitis.

1000 2782 1072 2794 -ο

665 2859 1079 2920 EXPOSITIO
1123 2860 1414 2919 TERTIA

567 2972 663 3012 cm
700 2972 940 3012 TITULUS
983 2973 997 3011 :
1050 2955 1507 3012 ADMONITIO.

288 3059 447 3115 Hanc
492 3059 682 3132 legem
730 3061 1063 3117 decessores
1095 3065 1151 3117 ct
1188 3061 1642 3134 praedecessores
1688 3061 1867 3117 vestri

221 3161 387 3221 reges
415 3149 679 3205 Ecclesiae
711 3155 1087 3206 servaverunt
1116 3165 1128 3205 :
1155 3168 1281 3222 quae
1313 3150 1362 3206 si
1403 3155 1503 3206 aut
1541 3167 1644 3224 per
1673 3168 1866 3206 exces-

223 3253 354 3294 sum
377 3238 732 3311 principum,
753 3243 856 3294 aut
883 3256 988 3311 per
1017 3238 1430 3312 negligentiam
1461 3239 1868 3313 episcoporum

1954 691 2058 742 aut
2080 688 2377 757 jacturam
2414 687 2730 759 patiantur.
2758 711 2786 737 »

2029 778 2096 830 Et
2127 777 2232 832 hoc
2264 794 2397 832 cum
2432 777 2561 832 aliis
2603 777 2926 850 capitulum
2980 781 3134 851 quod
3184 781 3471 854 sequitur,
3504 798 3605 838 vos

1957 867 2080 936 ipse
2111 882 2290 921 manu
2312 867 2550 938 propria
2579 866 2638 921 in
2662 866 2799 923 villa
2818 884 2946 940 quae
2969 867 3182 924 dicitur
3201 870 3458 938 Colonia,
3472 886 3605 926 con-

1957 971 2134 1010 sensu
2165 954 2593 1027 episcoporum,
2616 959 2674 1012 et
2701 957 2945 1024 Warini,
2971 974 3036 1013 ac
3079 958 3331 1015 aliorum
3361 958 3607 1031 optima-

1957 1046 2084 1098 tum
2127 1047 2473 1110 vestrorum,
2499 1061 2652 1100 anno
2684 1063 2740 1100 1v
2770 1046 2934 1118 regni
2962 1046 3139 1102 vestri
3188 1046 3603 1114 conﬁrmastis,

1956 1135 2015 1186 et
2045 1149 2146 1203 per
2186 1132 2500 1188 Ricuinum
2553 1133 2842 1190 Ludovico
2892 1135 3056 1191 fratri
3083 1141 3277 1193 vestro
3309 1134 3558 1193 misistis
3589 1151 3604 1190 :

1959 1243 1989 1271 «
2013 1221 2094 1276 De
2116 1221 2336 1276 honore
2355 1220 2716 1289 videlicet,et
2739 1222 2902 1278 cultu
2921 1224 3043 1295 Dei,
3069 1229 3244 1296 atque
3268 1229 3609 1282 sanctarum

1959 1310 2361 1379 ecclesiarum,
2379 1328 2527 1382 quae,
2553 1315 2786 1367 auctore
2815 1313 2952 1378 Deo,
2968 1314 3078 1368 sub
3102 1313 3319 1371 ditione
3336 1318 3394 1369 et
3413 1314 3609 1369 tuitio-

1959 1415 2033 1454 ne
2056 1398 2359 1470 regiminis
2381 1400 2563 1455 nostri
2583 1401 3352 1474 consistunt,communiter,
3370 1403 3613 1459 Domino

1962 1489 2278 1556 mediante,
2311 1489 2706 1556 decernimus,
2731 1494 2796 1546 ut
2826 1491 2979 1547 sicut
3015 1495 3278 1564 tempore
3306 1492 3489 1548 beata
3521 1508 3615 1546 re-

1962 1577 2319 1632 cordationis
2339 1577 2538 1632 domni
2562 1596 2629 1634 ac
2650 1579 2931 1652 genitoris
2952 1581 3138 1637 nostri
3159 1581 3400 1637 excultas
3423 1597 3489 1638 ac
3508 1579 3615 1636 ho-

1963 1670 2199 1733 noratae,
2225 1671 2400 1738 atque
2429 1668 2605 1724 rebus
2637 1668 2930 1741 ampliata;
2966 1670 3222 1738 fuerunt,
3244 1669 3404 1726 salva
3431 1667 3614 1741 aequi-
3696 1663 3698 1666 ’

1961 1756 2100 1811 tatis
2123 1756 2344 1812 ratione
2364 1755 2446 1812 ita
2465 1763 2866 1829 permaneant.
2885 1760 2956 1815 Et
2977 1776 3102 1831 qua:
3126 1777 3159 1816 a
3181 1763 3381 1817 nostra
3408 1759 3614 1816 libera:-

1963 1845 2126 1900 litate
2157 1845 2522 1902 honorantur
2548 1851 2724 1919 atque
2755 1848 3038 1916 ditantur,
3061 1850 3133 1905 de
3155 1852 3358 1905 cetero
3377 1848 3491 1904 sub
3519 1847 3610 1904 in-

1964 1934 2236 2005 tegritate
2292 1935 2383 1990 sui
2443 1941 2764 1992 serventur.
2799 1937 2869 1992 Et
2902 1938 3175 1994 sacerdos
3206 1954 3271 1994 ac
3319 1937 3468 1994 servi
3516 1936 3613 1993 Dei

1964 2017 2222 2095 vigerem
2252 2024 2714 2080 ecclesiasticum
2739 2029 2796 2081 et
2815 2026 3012 2082 debita
3032 2026 3515 2100 privilegiajuxta
3531 2042 3617 2082 re-

1965 2115 2217 2170 verenda
2237 2113 2646 2171 auctoritatem
2675 2115 2994 2172 obtineant.
3020 2117 3255 2173 Eisdem
3285 2132 3417 2173 vero
3449 2119 3615 2187 rega-

1967 2201 2039 2258 lis
2082 2207 2362 2275 potestas,
2383 2208 2441 2259 et
2487 2203 2808 2260 illustrium
2839 2205 3095 2261 virorum
3144 2205 3464 2262 strenuitas
3511 2220 3616 2260 seu

1968 2291 2300 2363 reipublicae
2345 2293 2869 2362 administratores,
2900 2299 2966 2350 ut
2996 2298 3394 2366 competenter
3440 2307 3618 2348 suum

1969 2379 2363 2436 ministerium
2395 2382 2636 2454 exsequi
2657 2382 2906 2452 valeant,
2923 2383 2982 2438 in
3005 2383 3282 2439 omnibus
3303 2381 3619 2439 rationabi-

1968 2470 2101 2524 liter
2126 2487 2192 2525 ac
2215 2471 2379 2542 juste
2407 2477 2778 2527 concurrant.
2804 2494 2834 2522 ››

2041 2559 2110 2613 Et
2139 2559 2249 2614 hoc
2279 2575 2416 2615 cum
2446 2559 2577 2615 aliis
2597 2560 2922 2632 capitulum
2950 2561 3104 2632 quod
3137 2559 3536 2632 subsequitur,
3559 2559 3620 2613 in

1971 2647 2273 2720 Belgivaco
2305 2649 2558 2718 civitate,
2598 2667 2753 2706 anno
2783 2667 2840 2706 v1
2871 2650 3036 2722 regni
3062 2653 3240 2706 vestri
3272 2665 3474 2705 coram
3504 2648 3620 2704 Deo

1971 2741 2028 2793 et
2058 2737 2282 2809 angelis
2313 2739 2462 2808 ejus,
2491 2738 2551 2792 in
2583 2739 2698 2794 ﬁde
2745 2742 2803 2794 et
2849 2739 3086 2794 dextera
3111 2741 3322 2808 vestra,
3355 2755 3458 2810 per
3485 2753 3622 2808 spa-

1971 2829 2135 2881 tam‘
2163 2830 2416 2882 vestram
2457 2829 2750 2898 jurantes,
2783 2826 2938 2882 sicut
2991 2831 3306 2899 praesentes
3363 2825 3620 2899 episcopi

1974 2916 2077 2988 qui
2105 2916 2420 2972 adfuerunt
2461 2915 2766 2989 petierant,
2789 2915 2908 2973 illis
2957 2919 3014 2972 et
3062 2915 3284 2972 caeteris
3331 2914 3620 2988 episcopis

1974 3005 2137 3078 regni
2168 3006 2447 3074 vestri,ac
2471 3005 2912 3063 successoribus
2943 3005 3089 3074 suis,
3114 3008 3172 3061 et
3200 3021 3403 3061 eorum
3436 3003 3622 3061 eccleo

1975 3095 2081 3151 siis
2112 3095 2341 3151 cunctis
2372 3095 2579 3152 diebus
2608 3095 2737 3151 vitae
2763 3099 2968 3151 vestras
2999 3111 3100 3151 vos
3130 3097 3460 3151 servaturos
3488 3110 3623 3166 pro-

1977 3184 2244 3250 misistis,
2257 3185 2592 3258 petentibus
2609 3201 2658 3240 :«
2677 3184 2749 3240 Ut
2755 3185 2778 3256 j
2788 3202 2857 3240 us
2871 3182 3419 3251 ecclesiasticum,et
3435 3182 3624 3255 legem

1978 3274 2320 3330 canonicam
2350 3275 2520 3330 nobis
2547 3273 2630 3330 ita
2658 3273 3032 3342 conservetis,
3051 3273 3205 3330 sicut
3227 3275 3625 3329 antecessores

222 3325 616 3434 “nam”???
633 3328 844 3434 νξθιδξθ
864 3328 1502 3434 fu‘t’F-afffeﬂlforécm’
1528 3332 1682 3434 silent
1702 3346 1762 3382 In
1784 3345 1872 3434 09'
1903 3351 1944 3418 C
1977 3363 2174 3431 vestri,
2191 3362 2293 3434 qui
2311 3362 2420 3418 hoc
2451 3363 2598 3418 bene
2629 3366 2685 3418 et
2708 3362 3134 3419 rationabiliter
3151 3363 3627 3428 observaverunt,

220 3432 350 3471 rum
380 3416 650 3488 capitulis
680 3417 914 3490 legitur,
937 3417 1149 3473 existit.
1171 3417 1286 3474 Vos
1312 3418 1508 3486 etiam,
1534 3418 1868 3474 decessores

219 3510 440 3562 Vestros
463 3512 796 3578 sequentes,
815 3507 966 3563 hanc
985 3507 1174 3579 legem
1200 3507 1662 3563 ecclesiasticam
1685 3523 1870 3562 serva-

219 3599 384 3651 turos
407 3593 522 3650 Deo
546 3600 601 3652 et
621 3597 790 3652 nobis
813 3596 1188 3668 promisistis,
1214 3598 1367 3654 sicut
1390 3597 1482 3653 hic
1514 3597 1866 3653 continetur.

295 3684 355 3738 In
385 3683 534 3741 libro
578 3685 768 3758 primo
809 3686 1201 3758 capitulorum
1230 3686 1644 3759 imperialium,
1670 3683 1872 3742 domni

221 3773 407 3829 Caroli
439 3774 548 3841 avi,
574 3778 629 3831 et
661 3776 862 3832 domni
896 3776 1172 3832 Ludovici
1212 3777 1397 3849 patris
1426 3777 1625 3846 vestri,
1655 3776 1714 3830 in
1747 3775 1871 3848 lege

221 3865 295 3918 ab
327 3863 473 3936 ipsis
505 3866 868 3934 conﬁrmata,
894 3865 1161 3921 Ecclesiae
1183 3869 1238 3921 et
1269 3865 1558 3922 universis
1584 3865 1873 3938 episcopis

221 3954 511 4026 Scriptum
543 3961 649 4024 est,
676 3973 801 4027 cap.
826 3957 879 4010 8.
905 3978 932 4005 ‹‹
958 3955 1030 4011 Ut
1060 3955 1131 4011 ad
1177 3956 1690 4028 metropolitanum
1722 3953 1872 4026 epis-

225 4059 436 4114 copum
461 4044 814 4117 suifraganei
847 4043 1253 4116 respiciant,et
1283 4044 1429 4100 nihil
1461 4045 1593 4100 novi
1625 4044 1878 4099 audeant

224 4131 412 4187 facere
442 4133 501 4188 in
528 4134 651 4190 suis
677 4133 989 4207 parochiis,
1016 4134 1142 4190 sine
1165 4135 1525 4190 conscientia
1554 4137 1611 4190 et
1635 4132 1876 4190 consilio

226 4221 318 4275 sui
351 4223 801 4294 metropolitani,
835 4241 941 4279 nec
973 4224 1461 4296 metropolitanus
1507 4224 1632 4280 sine
1675 4239 1878 4279 eorum

228 4310 540 4367 Consilio.»
569 4313 711 4368 Item
744 4313 803 4368 in
834 4314 1036 4369 eodem
1064 4313 1234 4382 libro,
1261 4331 1386 4387 cap.
1409 4318 1498 4370 28.
1527 4338 1553 4364 ‹‹
1587 4314 1661 4369 Ut
1693 4313 1742 4369 si
1774 4312 1882 4369 cle-

224 4399 354 4467 rici,
375 4400 459 4456 vel
483 4401 754 4458 monachi
786 4402 940 4458 inter
970 4420 1032 4458 se
1065 4403 1362 4475 negotium
1394 4403 1630 4476 aliquod
1661 4403 1879 4458 habue-

223 4491 369 4560 rint,
400 4505 433 4546 a
463 4505 567 4546 suo
618 4491 887 4565 episcopo
938 4492 1354 4564 dijudicentur,
1384 4511 1499 4549 non
1531 4511 1563 4549 a
1595 4492 1884 4548 saeculari-

228 4578 399 4635 bus.»
425 4579 568 4636 Item
591 4580 650 4635 in
676 4582 878 4637 eodem
898 4581 1072 4650 libro,
1095 4599 1223 4654 cap.
1251 4583 1375 4637 38.<<
1407 4583 1476 4638 Ut
1497 4581 1689 4639 clerici
1711 4581 1885 4638 eccle-

231 4665 454 4723 siastici
477 4668 698 4725 ordinis
717 4669 764 4725 si
789 4669 1024 4744 culpam
1047 4669 1420 4739 incurrerint,
1443 4672 1596 4743 apud
1620 4671 1888 4727 ecclesia-

232 4755 785 4828 sticosjudicentur,
812 4777 927 4816 non
959 4761 1113 4833 apud
1147 4759 1670 4817 saeculares.»ltem
1702 4760 1762 4815 in
1793 4777 1886 4816 eo-

234 4845 368 4901 dem
401 4843 570 4914 libro,
596 4863 723 4921 cap.
745 4851 834 4904 77.
852 4872 878 4900 (ί
901 4849 1047 4916 Quia
1079 4850 1253 4922 juxta
1279 4855 1617 4906 sanctorum
1650 4851 1887 4906 Patrum

232 4933 613 4992 traditionem
632 4937 901 4994 novimus
919 4956 1010 4995 res
1028 4939 1296 4996 Ecclesiae
1315 4957 1440 4995 esse
1458 4944 1588 4995 vota
1603 4939 1887 5008 ﬁdelium,

236 5023 428 5098 pretia
456 5029 848 5098 peccatorum,
869 5033 925 5084 et
946 5029 1304 5101 patrimonia
1326 5029 1892 5104 pauperum,cuique

236 5129 358 5169 non
391 5114 580 5171 solum
611 5115 815 5173 habita
844 5135 1206 5188 conservare,
1239 5137 1441 5175 verum
1475 5121 1647 5175 etiam
1684 5119 1892 5187 multa,

238 5203 360 5260 Deo
391 5206 733 5277 opitulante,
757 5208 1017 5264 conferre
1048 5215 1342 5282 optamus.
1368 5211 1589 5265 Tamen
1613 5215 1678 5266 ut
1708 5210 1779 5266 ab
1803 5226 1895 5265 ec-

240 5293 609 5365 clesiasticis,
635 5297 706 5353 de
727 5315 844 5354 non
867 5298 1196 5355 dividendis
1229 5300 1403 5355 rebus
1435 5299 1592 5355 illius
1621 5298 1901 5372 suspicio-

240 5399 378 5439 nem
414 5383 636 5442 dudum
670 5393 1012 5461 conceptam
1035 5406 1462 5459 amoveremus,
1489 5389 1807 5445 statuimus
1841 5391 1904 5443 ut

244 5487 438 5547 neque
467 5476 704 5544 uestris,
731 5495 920 5550 neque
964 5478 1243 5544 ﬁliorum,
1268 5482 1322 5533 et
1355 5477 1470 5533 Deo
1502 5477 1900 5549 dispensante,

245 5583 659 5624 successorum
708 5572 1044 5626 nostrorum
1077 5568 1460 5642 temporibus,
1486 5567 1585 5640 qui
1621 5572 1905 5637 nostram,

245 5653 336 5716 vel
369 5658 808 5730 progenitorum
847 5663 1182 5717 nestrorum
1211 5657 1569 5717 voluntatem
1602 5657 1690 5716 vel
1721 5675 1906 5716 exem-

326 5795 348 5824 ⁸
376 5784 621 5862 Spatam,
655 5786 815 5860 épée.

583 5914 845 5982 PATROL.
892 5914 1121 5984 CXXV.

1969 3454 2139 3525 juxta
2161 3453 2316 3524 quod
2337 3452 2473 3508 sciri
2497 3452 2729 3524 poterit,
2747 3456 2804 3508 et
2825 3453 2982 3508 Deus
2999 3451 3164 3508 vobis
3185 3466 3357 3524 posse
3383 3448 3629 3514 dederit,

1979 3541 2195 3598 nostris
2226 3541 2754 3614 przsdecessoribus
2780 3544 3288 3597 conservaverunt.
3313 3562 3342 3591 ››

2050 3633 2120 3687 Et
2150 3631 2259 3686 hoc
2289 3649 2423 3687 cum
2464 3630 2595 3688 aliis
2643 3630 2969 3703 capitulum
3018 3631 3174 3703 quod
3225 3628 3626 3700 subsequitur,

1981 3738 2133 3776 anno
2164 3719 2588 3776 Incarnationis
2639 3719 2953 3775 Dominicae
3002 3735 3196 3775 ncccm
3245 3719 3306 3773 in
3353 3717 3479 3773 loco
3528 3717 3630 3788 qui

1983 3810 2200 3864 dicitur
2251 3809 2523 3865 Marsana
2581 3825 2716 3863 cum
2778 3807 3058 3863 fratribus
3112 3806 3321 3863 vestris
3351 3804 3630 3863 Waltario

1983 3896 2299 3972 [Lothario]
2322 3901 2380 3953 et
2411 3897 2699 3953 Ludovico
2730 3913 2910 3952 manu
2940 3896 3176 3968 propria
3195 3911 3298 3967 per
3317 3892 3631 3950 consilium

1983 3992 2040 4044 et
2060 4004 2413 4044 consensum
2431 3985 2696 4042 ﬁdelium
2709 3990 3038 4042 vestrorum
3056 3983 3462 4041 communium
3481 3998 3634 4038 com~

1984 4077 2240 4133 muniter
2267 4074 2660 4132 confli-mustis
2684 4093 2736 4131 τι(
2768 4075 2839 4130 Ut
2868 4073 3054 4130 nostri
3085 4073 3285 4130 ﬁdeles
3315 4069 3636 4144 unusquis-

1985 4185 2098 4240 que
2129 4167 2187 4221 in
2222 4183 2327 4222 suo
2376 4165 2578 4220 ordine
2608 4169 2666 4220 et
2703 4168 2860 4220 statu
2889 4151 3191 4220 veraciter.
3215 4163 3337 4219 sint
3367 4162 3439 4216 de
3466 4158 3638 4216 nobis

1988 4257 2199 4324 securi,
2221 4254 2359 4328 quia
2407 4253 2638 4310 nullum
2693 4253 2905 4310 abhinc
2934 4253 2996 4308 in
3027 4257 3182 4320 ante,
3208 4256 3408 4308 contra
3449 4250 3638 4323 legem

1988 4351 2046 4402 et
2066 4345 2385 4417 justitiam,
2415 4344 2506 4400 vel
2534 4342 2940 4400 auctoritatem
2971 4359 3036 4397 ac
3073 4343 3300 4413 justam
3333 4339 3639 4408 rationem,

1991 4440 2097 4492 aut
2127 4433 2566 4502 damnabimus,
2602 4437 2704 4488 aut
2752 4431 3270 4499 dehouorabimus,
3307 4433 3407 4486 aut
3445 4429 3642 4502 oppri-

1992 4541 2222 4582 memus
2255 4523 2341 4580 vel
2387 4522 2663 4578 indebitis
2705 4520 3242 4577 machinationibus
3274 4519 3642 4592 aiﬂigemus;

1993 4619 2049 4672 et
2079 4615 2336 4679 illorum,
2369 4613 2590 4669 scilicet
2638 4598 2922 4668 veraciter
2952 4610 3123 4668 nobis
3167 4610 3452 4678 ﬁdelium,
3485 4624 3644 4664 com-

1918 4733 1963 4797 D
1995 4705 2160 4760 muni
2189 4701 2453 4774 consilio,
2479 4702 2806 4758 secundum
2851 4701 2954 4762 Dei
2992 4701 3375 4768 voluntatem,
3399 4702 3457 4754 et
3485 4712 3645 4753 com-

1998 4813 2175 4852 mune
2219 4793 2666 4864 salvamentum,
2691 4793 2764 4848 ad
2815 4791 3246 4848 restitutionem
3298 4791 3511 4846 sanctae
3542 4785 3646 4842 Dei

1997 4883 2287 4954 Ecclesiae,
2311 4887 2368 4940 et
2397 4887 2619 4939 statum
2658 4882 2842 4954 regni,
2871 4885 2928 4938 et
2966 4882 3040 4937 ad
3073 4881 3355 4936 honorem
3393 4873 3645 4948 regium,

2001 4979 2176 5047 atque
2224 4990 2427 5045 pacem
2479 4972 2680 5046 pepuli
2729 4970 3032 5027 commissi
3081 4968 3251 5025 nobis
3297 4964 3651 5039 pertinentia

2003 5080 2312 5120 assensum
2362 5063 2710 5135 praebemus,
2738 5061 2799 5116 in
2847 5059 2955 5116 hoc
3002 5063 3068 5114 ut
3115 5056 3263 5113 nulli
3310 5073 3426 5112 non
3456 5053 3649 5110 solum

2002 5171 2120 5209 non
2152 5155 2271 5208 sint
2301 5153 2470 5208 nobis
2494 5151 2957 5207 contradicentes
2979 5152 3036 5204 et
3055 5146 3414 5214 resistentes,
3437 5145 3508 5200 ad
3541 5144 3654 5199 ista

2007 5244 2396 5316 exsequenda,
2417 5260 2630 5302 .verum
2663 5239 2840 5296 etiam
2871 5237 2954 5295 sic
2995 5238 3118 5294 sint
3167 5237 3337 5292 nobis
3368 5233 3570 5290 ﬁdeles
3600 5238 3658 5289 et

2011 5335 2368 5402 obedientes,
2403 5351 2468 5389 ac
2509 5333 2625 5388 veri
2673 5331 2991 5402 adjutores,
3040 5331 3212 5399 atque
3257 5327 3657 5398 cooperatores

2009 5441 2144 5480 vero
2177 5422 2440 5491 consilio,
2463 5427 2520 5477 et
2551 5421 2776 5476 sincero
2817 5417 3032 5476 auxilio
3072 5418 3144 5473 ad
3185 5417 3300 5473 ista
3335 5409 3664 5490 peragenda

2015 5531 2142 5587 quae
2173 5511 2590 5585 praemisimus,
2613 5509 2766 5566 sicut
2792 5527 2894 5582 per
2915 5512 3139 5564 rectum
3163 5503 3572 5577 unusquisque
3601 5501 3664 5558 in

2016 5621 2122 5660 suo
2145 5603 2347 5661 ordine
2368 5605 2424 5660 et
2451 5605 2632 5675 statu,
2657 5616 2764 5658 suo
2794 5598 3066 5674 principi,
3090 5601 3148 5656 et
3167 5613 3274 5656 suo
3301 5593 3518 5655 seniori
3537 5605 3668 5654 esse

2018 5694 2210 5755 debet.
2237 5716 2266 5747 υ
2501 5705 2508 5712 ’

3269 5908 3348 5974 34
