4152 6502
547 443 703 506 1067

1303 430 1709 515 lHINCMARI
1756 426 2001 489 RllEM.
2046 422 2408 485 AllCllIEP.
2455 421 2865 485 OPUSCULA
2908 421 3175 484 VARIA.

3814 423 3981 484 ωδε

618 578 688 633 Et
716 574 826 632 hoc
856 588 993 629 cum
1023 569 1154 626 aliis
1182 566 1504 640 capitulum
1529 562 1685 636 qnod
1707 559 2109 631 subsequitur,
2134 557 2194 613 in
2224 561 2278 626 Α
2308 556 2381 611 ab
2412 553 2610 628 aliquo
2634 555 2861 627 subripi
2891 554 3097 627 possit,
3118 569 3225 611 nec
3254 570 3290 611 a
3313 570 3672 628 quocunque
3694 556 3880 613 vobis
3910 560 3981 614 de

546 664 770 740 synodo
800 663 956 735 apud
1002 656 1341 717 Suessionis
1386 654 1704 715 civitatem.
1734 650 1797 707 in
1845 645 2198 704 monasterio

547 736 735 813 sancti
760 749 1042 818 Medardi,
1057 764 1211 804 anno
1234 741 1659 801 Incarnationis
1685 739 2000 796 Dominicm
2022 736 2200 791 octin-

548 841 876 918 gentesimo
894 834 1381 914 quinquagesimo
1405 832 1575 889 tertio
1596 846 1698 886 vos
1718 831 2052 884 servaturos
2074 841 2204 897 pro-

544 914 689 989 fessi
720 929 863 988 estis
886 946 935 987 ;‹‹
961 924 1441 985 Denuntiandum
1470 925 1559 977 est
1587 918 1885 984 omnibus,
1904 920 1962 972 et
1991 932 2026 970 a
2054 914 2197 970 mis-

550 1022 634 1078 sis
663 1017 882 1076 nostris
909 1015 1409 1081 ordinandum,ut
1431 1025 1637 1067 omnes
1662 1004 1930 1064 Ecclesiae
1960 1003 2198 1077 presby-

549 1110 658 1167 teri
687 1108 799 1165 sub
845 1104 1239 1171 immunitate,
1273 1117 1341 1159 ac
1388 1097 1709 1174 privilegio,
1731 1099 1790 1153 et
1833 1093 2200 1151 ordinatione

549 1202 727 1271 atque
755 1193 1139 1269 dispositione
1168 1190 1573 1263 episcoporum
1618 1182 1987 1256 singularum
2016 1178 2200 1271 eccle-

548 1270 773 1346 siarum
806 1286 865 1341 in
888 1283 1107 1357 quibus
1131 1278 1485 1344 consistunt,
1510 1274 1836 1332 secundum
1858 1270 2199 1327 cononicam

551 1374 961 1434 auctoritatem
976 1376 1035 1428 et
1052 1364 1607 1443 capitulariadomni
1621 1361 1809 1419 Caroli
1829 1357 2199 1433 imperatoris

552 1464 643 1523 avi
673 1462 881 1532 nostri,
904 1464 964 1517 et
992 1460 1072 1533 pii
1103 1456 1341 1531 augusti
1363 1452 1637 1513 Ludovici
1666 1449 1867 1508 domni
1897 1453 1952 1507 et
1982 1447 2203 1522 genito-

550 1555 636 1614 ris
666 1553 851 1611 nostri
880 1552 1282 1625 permaneant.
1309 1569 1337 1596 »

622 1644 694 1701 Et
719 1642 831 1700 hoc
859 1640 1017 1715 quod
1037 1635 1443 1709 subsequitur,
1466 1649 1618 1691 anno
1640 1628 2066 1688 Incarnationis
2096 1628 2204 1715 Do-

544 1732 781 1791 minicis
796 1714 1283 1802 octingentesimo
1298 1720 1789 1797 quinquagesimo
1810 1714 2203 1789 octavo,regni

550 1826 749 1881 autem
772 1818 951 1878 vestri
983 1816 1210 1875 decimo
1240 1813 1510 1888 septimo,
1533 1811 1594 1867 in
1624 1806 1913 1866 Carisiaco
1960 1804 2199 1879 palatio,

550 1926 844 1969 consensu
854 1908 1264 1982 episcoporum
1280 1918 1347 1959 ac
1359 1906 1701 1959 casterorum
1714 1895 1977 1953 fidelium
1988 1898 2203 1951 vestro-

550 2017 684 2059 rum
705 2001 913 2073 sponte
934 2012 1112 2053 manu
1143 1992 1381 2067 propria
1398 1986 1792 2048 confirmastis
1814 2002 1866 2042 :«
1898 1986 2194 2053 Quantum

546 2088 828 2157 sciero,et
851 2083 1275 2144 rationabiliter
1299 2086 1559 2155 potuero,
1581 2076 1829 2135 Domino
1859 2074 2194 2147 adjuvante.

549 2191 1036 2251 unumquemque
1061 2176 1323 2230 vestrum
1366 2168 1694 2226 secundum
1724 2180 1900 2222 suum
1929 2162 2195 2220 ordinem

550 2266 849 2325 honorabo
867 2268 927 2321 et
944 2262 1201 2332 salvabo,
1214 2264 1274 2317 et
1301 2259 1654 2316 honoratum
1674 2258 1733 2311 et
1751 2253 2040 2310 salvatum
2062 2252 2197 2308 abs-

551 2371 667 2429 que
688 2352 809 2411 ullo
828 2351 959 2409 dolo
989 2368 1057 2408 ac
1076 2348 1453 2407 damnatione
1470 2345 1561 2401 vel
1581 2334 1940 2416 deceptione,
1963 2357 2198 2398 conser-

553 2444 722 2501 vabo.
746 2443 819 2499 Et
841 2439 1158 2512 unicuique
1178 2439 1602 2509 competentem
1623 2433 1809 2506 legem
1831 2436 1888 2488 et
1902 2429 2198 2502 justitiam

553 2530 931 2590 conservabo.
963 2530 1033 2585 Et
1060 2528 1161 2601 qui
1212 2525 1375 2582 illam
1407 2540 1645 2580 necesse
1700 2520 1992 2590 habuerit,
2022 2525 2079 2575 et
2107 2535 2199 2574 ra-

554 2618 913 2678 tionabiliter
961 2616 1213 2691 petierit,
1272 2611 1679 2671 rationabilem
1737 2608 2199 2666 misericordiam

551 2708 827 2778 exhibeo;
855 2707 1007 2764 sicut
1036 2704 1234 2761 ﬁdelix
1261 2720 1361 2760 rex
1407 2719 1546 2759 suos
1576 2699 1779 2757 ﬁdeles
1826 2715 1930 2771 per
1977 2703 2199 2754 rectum

551 2798 839 2856 honorare
866 2800 925 2853 et
952 2795 1196 2862 salvere,
1220 2799 1279 2849 et
1316 2790 1635 2863 unicuique
1664 2792 2090 2861 competentem
2121 2786 2200 2842 le-

550 2902 684 2961 gem
713 2890 773 2943 et
790 2884 1090 2958 justitiam
1125 2882 1187 2940 in
1217 2897 1573 2954 unoquoque
1600 2878 1806 2935 ordine
1835 2892 2198 2944 conservare,

549 2982 610 3034 et
637 2976 1040 3050 indigentibus
1058 2979 1117 3031 et
1138 2972 1564 3031 rationabiliter
1591 2968 1925 3044 petentibus
1956 2967 2203 3025 rationa-

550 3065 729 3123 bilem
748 3064 1212 3122 misericordiam
1234 3063 1406 3120 debet
1434 3060 1803 3134 impendere;
1826 3060 1885 3114 et
1915 3074 2019 3130 pro
2040 3055 2201 3113 nullo

550 3156 789 3213 homine
818 3155 892 3212 ab
922 3155 1053 3221 hoc,
1076 3157 1367 3227 quantum
1398 3149 1646 3207 dimittit
1682 3149 1943 3204 humana
1979 3144 2201 3219 fragili-

548 3250 661 3314 tas,
687 3261 791 3318 per
817 3243 1082 3302 studium
1112 3246 1214 3299 aut
1240 3239 1701 3298 malivolentiam
1723 3236 1811 3294 vel
1836 3236 2091 3309 alicujus
2120 3234 2204 3290 in-

2306 646 2378 701 ad
2397 662 2498 701 vos
2517 644 2944 717 pertinentibus
2975 647 3179 700 contra
3208 644 3547 701 firmitatem
3569 645 3978 718 subripiatur.

2308 733 2581 790 Firmitas
2610 738 2805 789 autem
2837 735 2919 789 ita
2948 750 3010 789 se
3040 733 3253 790 habet:
3281 757 3309 784 ‹‹
3332 735 3578 802 Amodo,
3601 739 3664 791 et
3694 736 3978 807 quandiu

2306 823 2519 890 vixero,
2533 822 2713 879 istum
2736 824 2974 879 fratrem
2992 839 3191 878 meum
3214 827 3515 892 natura,et
3531 829 3786 897 nepotes
3809 840 3979 882 meos

2308 917 2536 980 natura,
2561 912 2633 968 ad
2665 911 2766 968 Dei
2793 912 3153 968 voluntatem
3184 916 3243 968 et
3279 918 3494 970 sancta
3525 914 3658 986 ejus
3689 912 3978 972 Ecclesia

2307 1006 2528 1058 statum
2556 1006 2614 1058 et
2646 1000 2926 1057 honorem
2967 1004 3142 1074 atque
3171 1001 3591 1073 defensionem,
3624 1008 3687 1061 et
3735 1004 3825 1060 ad
3876 1021 3979 1060 no-

2307 1095 2491 1148 stram
2513 1107 2887 1147 communem
2911 1090 3161 1147 salutem
3181 1096 3241 1148 et
3260 1091 3562 1161 honorem,
3585 1098 3643 1149 et
3664 1093 3741 1150 ad
3766 1093 3978 1167 populi

2306 1179 2619 1236 Christiani
2652 1180 2821 1236 nobis
2851 1180 3154 1237 commissi
3184 1181 3609 1238 salvamentum
3640 1186 3702 1239 et
3731 1199 3975 1256 pacem,

2307 1274 2366 1325 et
2393 1270 2466 1325 ad
2497 1269 2644 1343 legis
2672 1285 2740 1325 ac
2762 1268 3008 1340 justitiae
3040 1274 3216 1342 atque
3246 1274 3414 1326 recte:
3446 1270 3694 1329 rationis
3724 1288 3976 1329 conser-

2307 1359 2926 1431 vationem,quantum
2960 1358 3104 1414 mihi
3135 1359 3290 1416 Deus
3320 1358 3470 1416 scire
3498 1365 3556 1416 et
3585 1377 3765 1433 posse
3795 1362 3977 1418 dona-

2307 1448 2549 1517 verit,et
2567 1448 2681 1521 ipsi
2704 1464 2797 1505 me
2819 1447 3209 1518 obaudierint,
3222 1453 3281 1505 et
3302 1466 3337 1506 a
3352 1466 3445 1506 me
3463 1449 3577 1523 ipsi
3594 1450 3973 1523 quesierint,

2307 1550 2447 1594 vero
2471 1537 2738 1606 consilio,
2765 1542 2823 1593 et
2845 1538 3172 1595 secundum
3194 1542 3262 1595 ut
3285 1539 3433 1595 mihi
3455 1538 3906 1598 rationabiliter
3921 1548 3976 1597 et

2308 1622 2625 1683 salubriter
2654 1626 2936 1700 possibile
2966 1627 3159 1698 fuerit,
3195 1628 3422 1686 sincero
3460 1628 3679 1687 auxilio
3726 1630 3975 1703 adjuter

2308 1726 2427 1773 ero.
2454 1738 2484 1767 »
2508 1717 2579 1772 Et
2610 1716 2838 1789 reliqua
2854 1729 2897 1773 ι.

2378 1806 2409 1862 J
2416 1806 2540 1861 uris
2556 1808 2750 1862 autem
2767 1805 3149 1863 ecclesiastici
3165 1806 3322 1880 leges
3335 1806 3553 1881 Spiritu
3566 1808 3669 1866 Dei
3688 1810 3969 1875 condita,

2308 1898 2367 1950 et
2384 1893 2574 1967 ipsius
2594 1894 2883 1968 sapientia
2897 1911 3016 1969 qua
3029 1895 3360 1953 conditores
3373 1895 3570 1971 legum
3581 1899 3608 1970 j
3619 1904 3755 1955 usta
3772 1899 3972 1957 decer-

2307 1986 2475 2053 nunt,
2492 1984 2753 2052 decretae,
2768 1983 2988 2057 quibus
3008 1990 3214 2041 sancta
3229 1986 3570 2043 moderatur
3588 1987 3882 2058 Ecclesia,
3894 1994 3970 2057 et,

2308 2077 2375 2129 ut
2404 2077 2647 2130 sanctus
2678 2074 2790 2130 Leo
2822 2073 2987 2145 dicit,
3019 2074 3202 2131 totius
3232 2079 3374 2131 sunt
3400 2075 3605 2132 mundi
3638 2078 3973 2135 reverentia

2304 2167 2676 2229 consecratae,
2718 2178 2867 2235 quos
2924 2163 3214 2236 episcopis
3273 2164 3438 2238 regni
3492 2166 3694 2235 vestri,
3734 2172 3797 2224 et
3859 2158 3974 2225 sibi

2307 2251 2642 2308 commissis
2670 2250 2926 2309 ecclesia
2955 2269 3058 2309 vos
3096 2257 3430 2311 servaturos
3471 2255 3715 2312 vovistis
3741 2261 3806 2313 et
3836 2273 3974 2331 pro-

2308 2339 2576 2407 misistis,
2623 2340 2947 2398 manifestaa
2993 2346 3154 2398 sunt.
3187 2344 3345 2409 Quas
3374 2344 3474 2416 qui
3524 2360 3641 2399 non
3689 2344 3973 2403 observat

2307 2430 2436 2487 sine
2465 2429 2643 2486 dubio
2672 2434 2878 2487 contra
2905 2430 3008 2488 Dei
3037 2430 3420 2500 voluntatem,
3442 2437 3498 2490 et
3526 2438 3744 2491 sancta
3772 2435 3971 2510 ipsius

2310 2518 2577 2575 Ecclesiae
2611 2522 2833 2575 statum
2878 2524 2936 2576 et
2979 2520 3262 2579 honorem
3309 2526 3488 2595 atque
3533 2523 3967 2593 defensionem,

2309 2612 2628 2681 contraque
2655 2625 2825 2665 suam
2858 2608 3130 2678 salutem,
3163 2615 3222 2667 et
3248 2611 3546 2683 justitiam
3577 2618 3755 2687 atque
3782 2616 3972 2672 direc-

2309 2702 2430 2753 tam
2460 2698 2748 2754 rationem
2798 2698 2955 2755 facit.
2979 2699 3061 2755 De
3091 2699 3308 2772 quibus
3336 2699 3564 2774 legibus
3608 2702 3704 2759 hic
3753 2721 3967 2777 pauca,

2309 2791 2367 2843 et
2395 2803 2584 2845 causae
2612 2788 2766 2845 unde
2810 2788 3005 2863 agitur
3031 2790 3455 2860 convenientia,
3490 2792 3564 2848 ad
3614 2793 3967 2850 memoriam

2309 2880 2562 2933 vestram
2595 2877 2796 2933 studui
2829 2895 3115 2935 revocare.

2385 2989 2413 3017 α
2444 2966 2744 3039 Quisquis,
2767 2966 2960 3039 inquit
3001 2984 3236 3024 sacrum
3258 2968 3722 3043 Carthaginense
3766 2972 3964 3029 conci-

2308 3055 2475 3123 lium,
2490 3057 2923 3129 episcoporum,
2938 3058 3850 3133 presbyterorum,diaconorum,
3862 3078 3964 3119 seu

2310 3144 2668 3218 reliquorum
2714 3145 3080 3215 clericorum,
3112 3164 3248 3203 cum
3288 3147 3347 3203 in
3395 3147 3644 3205 ecclesia
3683 3150 3737 3205 ei
3788 3151 3966 3208 fuerit

2311 3236 2533 3292 crimen
2555 3236 3058 3303 constitutum,vel
3079 3236 3265 3293 civilis
3286 3253 3465 3295 causa
3493 3238 3672 3295 fuerit
3699 3256 3965 3297 commo-

549 3305 813 3389 debitum
876 3332 1316 3390 hortamentum
1372 3329 1643 3396 deviabo,
1696 3305 2007 3400 quantum-
2053 3323 2200 3380 mihi
2231 3305 2275 3373 (ἶ
2312 3327 2390 3393 ta,
2415 3323 2489 3390 si,
2512 3324 2713 3381 relicto
2742 3325 3136 3382 ecclesiastico
3158 3326 3407 3397 judicio,
3440 3326 3695 3400 publicis
3716 3329 3967 3402 judiciis

549 3423 708 3482 Deus
735 3420 1096 3477 intellectum
1127 3425 1185 3477 et
1214 3418 1665 3493 possibilitatem
1695 3413 2016 3471 donaverit.
2049 3414 2119 3469 Et
2149 3412 2199 3469 si

547 3527 651 3583 per
678 3509 1056 3584 fragilitatem
1087 3513 1292 3566 contra
1320 3508 1431 3564 hoc
1452 3506 1598 3562 mihi
1628 3506 1974 3578 subreptum
2003 3502 2197 3575 fuerit,

546 3604 683 3656 cum
726 3599 838 3657 hoc
895 3613 1282 3673 recognovero
1307 3596 1630 3654 voluntarie
1689 3594 1835 3651 illud
1887 3594 2199 3651 emendare

547 3691 788 3748 Curabo.
810 3712 840 3741 »

616 3778 825 3836 Postea
852 3778 1029 3835 etiam
1058 3777 1121 3834 in
1148 3774 1290 3833 villa
1317 3776 1562 3843 Breona,
1587 3791 1741 3831 anno
1772 3772 2197 3831 Incarnationis

544 3866 861 3925 Dominicis
912 3866 1399 3939 octingentesimo
1429 3861 1920 3937 quinquagesimo
1974 3865 2195 3929 octavo,

542 3957 781 4029 quando
837 3972 944 4012 nos
1000 3953 1417 4011 transmisistis
1456 3954 1529 4009 ad
1567 3950 2197 4008 excommunicandum

543 4045 782 4101 fratrem
811 4046 1165 4110 vestrum,et
1191 4041 1477 4115 populum
1506 4042 1765 4114 quicum
1795 4056 1862 4097 eo
1892 4056 2069 4111 super
2096 4056 2198 4095 vos

541 4136 799 4200 venerat,
815 4136 881 4188 ut
900 4119 1268 4188 ab'evasione
1293 4131 1456 4205 regni
1472 4116 1669 4199 vestri,
1685 4135 1743 4186 et
1763 4129 2048 4186 effusione
2069 4145 2200 4185 san-

544 4221 744 4296 guinis
770 4221 971 4288 vestri,
991 4226 1049 4278 et
1077 4220 1341 4278 fidelium
1372 4226 1699 4277 vestrorum
1730 4236 1792 4275 se
1831 4219 2194 4287 cohiberent,

542 4310 667 4367 haec
694 4308 835 4365 talia
862 4308 1033 4382 plura
1059 4328 1160 4367 vos
1198 4314 1531 4367 servaturos
1570 4308 1799 4364 cunctis
1827 4308 2037 4364 diebus
2067 4306 2196 4362 vita;

538 4403 744 4456 vestras
775 4398 945 4455 nobis
991 4404 1049 4455 et
1076 4399 1352 4455 omnibus
1382 4397 1674 4472 episcopis
1712 4398 1876 4472 regni
1906 4398 2105 4467 vestri,
2140 4401 2197 4453 et

539 4487 806 4544 ecclesiis
834 4487 1005 4544 nobis
1033 4489 1462 4556 commissis,et
1491 4488 1780 4545 universis
1804 4488 2078 4545 fidelibus
2098 4505 2194 4544 vc-

539 4576 683 4634 stris
711 4574 901 4649 legem
922 4576 1283 4647 etjustitiam
1304 4596 1407 4635 vos
1428 4584 1760 4635 servaturos
1778 4595 1972 4636 coram
1998 4579 2113 4634 Deo
2134 4582 2195 4633 et

2308 3413 2545 3485 purgari
2568 3412 2835 3483 voluerit,
2858 3413 3089 3471 etiamsi
3113 3432 3216 3487 pro
3241 3414 3368 3488 ipso
3391 3415 3569 3473 fuerit
3588 3417 3820 3491 prolata
3838 3436 3967 3476 sea-

2306 3501 2507 3570 tentia,
2533 3501 2728 3558 locum
2760 3520 2936 3559 suum
2984 3503 3237 3572 amittat,
3261 3508 3319 3560 et
3368 3504 3478 3561 hoc
3523 3505 3584 3561 in
3630 3505 3962 3576 criminali;

2308 3590 2367 3647 in
2397 3591 2551 3648 civili
2578 3609 2732 3662 vero,
2761 3593 2967 3666 perdat
3002 3594 3158 3666 quod
3188 3593 3421 3664 devicit,
3444 3595 3494 3652 si
3538 3594 3735 3653 locum
3784 3613 3962 3654 suum

2307 3680 2569 3738 obtinere
2599 3682 2875 3739 maluerit
2893 3682 2939 3738 δ.
2966 3705 2995 3733 ››

2377 3772 2449 3827 Et
2474 3771 2535 3827 in
2566 3771 2717 3828 beati
2750 3771 3015 3846 Gregorii
3044 3773 3296 3830 decretis
3320 3789 3389 3830 ex
3421 3773 3704 3831 Romanis
3730 3773 3965 3850 legibus

2306 3861 2474 3917 factis
2486 3862 2784 3918 canonicis
2797 3862 2871 3917 ad
2882 3862 3169 3919 Joannem
3183 3863 3548 3920 defensorem
3570 3864 3963 3922 constitutum

2305 3956 2395 4008 est
2415 3968 2518 4023 pro
2545 3950 2940 4024 qualicunque
2964 3951 3117 4008 civili
3137 3951 3224 4009 vel
3246 3952 3535 4009 criminali
3559 3969 3969 4026 causqu

2306 4058 2539 4113 cunque
2560 4040 2824 4114 judicem
2856 4058 2972 4097 non
3017 4040 3190 4099 licere
3237 4041 3487 4099 invitum
3515 4042 3857 4116 episcopum
3891 4044 3965 4100 ad

2297 4130 2591 4203 judicium
2623 4129 2925 4204 publicum
2953 4148 3286 4204 provocare,
3325 4133 3649 4205 producere
3677 4132 3766 4189 vel
3797 4132 3965 4189 exhi-

2306 4221 2460 4276 bere.
2494 4220 2605 4276 Sed
2653 4220 2702 4276 si
2732 4237 2767 4276 a
2794 4219 3003 4277 clerico
3034 4219 3122 4277 vel
3173 4221 3609 4294 aliquocunque
3658 4221 3965 4279 altercatio

2305 4313 2509 4365 contra
2536 4309 2878 4383 episcopum
2929 4315 3167 4384 propter
3195 4311 3522 4383 quamlibet
3561 4329 3805 4369 causam
3834 4312 3962 4380 ﬁat.

2304 4396 2459 4468 apud
2473 4397 2988 4470 metropolitanum
3001 4398 3087 4454 vel
3105 4397 3416 4471 primatem
3433 4399 3965 4472 provinciaesecun—

2303 4486 2446 4542 dum
2477 4491 2714 4543 sanctas
2745 4487 2977 4561 regulas
3002 4505 3243 4545 causam
3266 4489 3521 4560 judicari
3552 4488 3784 4546 debere.
3809 4490 3879 4546 Et
3910 4491 3961 4547 si

2301 4576 2442 4648 quid
2468 4575 2752 4648 judicatis
2783 4578 3093 4650 episcopus
3122 4577 3556 4648 contradixerit,
3580 4579 3654 4635 ad
3685 4578 3959 4637 beatisai.

539 4666 765 4740 angelis
793 4666 925 4738 ejus
953 4682 1090 4721 cum
1119 4664 1394 4738 lacrymis
1433 4668 1665 4739 publice
1694 4668 1940 4741 professi
1972 4668 2188 4725 fuistis.
2220 4680 2268 4747 Ι)
2302 4682 2465 4721 mum
2498 4666 2655 4723 sedis
2686 4667 2959 4723 Romanae
2981 4668 3321 4740 pontiﬁcem
3354 4685 3535 4725 causa
3563 4668 3868 4725 referatur.
3888 4670 3961 4726 Et

607 4756 893 4814 Caeterum
910 4754 1066 4828 apud
1079 4753 1631 4826 Conﬂuentes,anno
1644 4758 2070 4815 Incarnationis
2085 4759 2192 4815 Do-

536 4846 767 4904 minica
810 4843 1299 4918 octingentesimo
1347 4846 1730 4918 sexagesimo,
1771 4846 2021 4902 firmitas
2060 4865 2189 4919 quin

534 4934 920 5008 subsequitur
937 4933 1091 4991 inter
1110 4950 1211 4990 vos
1231 4937 1289 4991 et
1311 4933 1547 4990 fratrem
1568 4939 1847 4997 vestrum,
1862 4951 1929 4990 ac
1948 4942 2189 5008 nepotes

532 5028 756 5082 vestros
794 5023 967 5093 facta,
991 5029 1287 5096 est,quam
1323 5022 1539 5079 idcirco
1578 5022 1674 5078 hic
1712 5023 2056 5097 posui,quia
2085 5024 2187 5081 Dei

530 5113 825 5182 voluntas,
844 5113 896 5170 ei
925 5117 1141 5170 sanctae
1162 5113 1353 5185 ipsius
1384 5112 1651 5169 Ecclesia:
1677 5116 1885 5181 status,
1916 5118 1973 5169 et
2002 5113 2189 5171 honor

532 5206 709 5275 atque
730 5201 1012 5269 defensio,
1026 5205 1083 5258 et
1112 5200 1312 5274 populi
1330 5200 1646 5258 Christiani
1670 5202 1839 5261 nobis
1858 5204 2182 5271 commissi,

535 5291 636 5348 ubi
657 5307 773 5348 non
806 5308 1000 5358 sexus,
1024 5308 1141 5347 non
1163 5291 1440 5364 dignitas,
1456 5309 1571 5346 non
1592 5290 1732 5347 ordo
1763 5293 2068 5366 excipitur,
2092 5310 2180 5349 sa-

531 5380 647 5450 lus,
679 5397 811 5456 pax,
842 5385 902 5438 et
946 5380 1096 5453 legis
1136 5396 1204 5437 ac
1232 5380 1691 5453 justitiaz,atque
1731 5387 1899 5438 recta
1937 5381 2183 5439 rationis

531 5470 914 5540 conservatio,
927 5475 988 5528 et
1005 5475 1201 5528 vestra
1224 5469 1559 5527 communis
1588 5470 1750 5528 salus
1778 5476 1836 5528 et
1866 5471 2053 5527 honor
2071 5477 2181 5541 est,

2299 4754 2397 4811 ille
2428 4757 2753 4813 secundum
2777 4773 3029 4814 canones
3059 4761 3117 4813 et
3145 4756 3303 4831 leges
3333 4758 3470 4814 huic
3491 4774 3679 4815 causa
3701 4759 3960 4831 prebeat

2298 4846 2498 4902 finem.
2513 4846 2583 4901 Et
2606 4863 2840 4902 sacrum
2864 4845 3319 4919 Carthaginense
3339 4846 3653 4904 concilium
3676 4847 3954 4918 decrevit,

2299 4939 2363 4991 ut
2384 4959 2411 4985 ‹‹
2438 4936 2720 5008 Quisquis
2742 4935 3154 5009 euiscoporum
3183 4942 3519 5004 accusatur,
3532 4937 3606 4993 ad
3640 4937 3956 5011 primatem

2298 5024 2604 5098 provinciae
2649 5024 2837 5097 ipsius
2882 5042 3121 5081 causam
3171 5026 3393 5084 deferat
3440 5032 3807 5084 accusator“.
3833 5026 3956 5083 »Ει

2296 5113 2597 5171 sanctione
2627 5113 2772 5188 legis
2812 5115 3098 5185 Gratiani,
3118 5115 3513 5173 Valentiniani
3544 5119 3602 5173 et
3639 5115 3953 5173 Theodosii

2296 5202 2626 5275 specialiter
2642 5204 3050 5276 prohibeturzu
3064 5205 3146 5262 Ne
3166 5205 3302 5278 quis
3318 5205 3533 5262 audeat
3547 5206 3702 5278 apud
3715 5205 3953 5278 judiccs

2293 5291 2564 5365 publicos
2592 5293 2933 5367 episcopum
2965 5311 3272 5364 accusare;
3305 5295 3406 5352 sed
3448 5295 3509 5350 in
3540 5293 3950 5367 episcoporum

2294 5381 2654 5440 audientiam
2687 5385 2944 5456 proferre
2976 5402 3092 5441 non
3124 5385 3356 5441 differat
3384 5384 3673 5457 quidquid
3703 5382 3815 5440 sibi
3843 5400 3947 5456 pro

2292 5472 2575 5545 qualitate
2608 5473 2821 5548 negotii
2846 5478 3017 5547 putat
3047 5491 3220 5547 posse
3236 5477 3587 5547 competere,
3609 5478 3675 5529 ut
3702 5470 3760 5529 in
3788 5474 3943 5546 epis~

531 5575 607 5619 ne
625 5577 729 5633 per
746 5559 1098 5618 oblivionem
1124 5559 1197 5616 de
1215 5559 1309 5616 his
1331 5577 1458 5633 quas
1483 5561 1555 5617 ad
1577 5577 1676 5618 eos
1696 5561 2182 5635 pertinent,vobis
2289 5578 2570 5637 coporum
2594 5562 2845 5621 aliorum
2858 5562 3085 5636 judicio
3107 5580 3235 5639 qua
3258 5562 3467 5623 asserit
3487 5566 3692 5622 contra
3718 5562 3941 5637 episco-

602 5674 624 5742 ξ
654 5665 829 5742 Cone.
863 5666 1344 5742 ap._Conﬂuent,,
1377 5683 1472 5725 an.
1504 5670 1630 5727 860.

600 5735 629 5779 ⁵
658 5737 829 5805 Cone.
864 5735 1066 5815 Κηίου
1099 5755 1229 5799 can.
1265 5739 1350 5799 15.

2362 5684 2383 5713 α
2415 5670 2590 5743 Ibid.,
2622 5687 2749 5729 can.
2785 5670 2873 5730 19.
