4152 6574
283 517 435 576 1069

1542 517 1926 579 CAPITULA
1970 517 2436 579 SYNODALIA.

3527 508 3694 584 1070

281 666 424 722 pum
454 648 705 704 debeant
734 648 984 704 deﬁniri.
1022 670 1050 698 »
1082 650 1151 704 Et
1178 649 1237 704 in
1271 649 1520 705 decretis
1551 650 1702 706 beati
1724 651 1933 724 Grcgo-
1961 653 2015 719 Α
2046 651 2266 708 missus
2298 656 2386 708 est
2414 651 2688 725 populus,
2721 658 2779 708 et
2805 654 3013 708 anima:
3045 671 3172 726 quae
3203 655 3360 711 intra
3386 655 3692 712 ecclesiam

283 739 356 796 cii
386 739 458 794 ad
487 738 801 805 Joannem,
827 755 896 794 ex
935 737 1062 811 lege
1113 738 1396 807 Gratiani,
1427 739 1820 795 Valentiniani
1865 756 1932 796 ac

283 827 592 884 Theodosii
628 828 754 882 :«Et
785 827 841 882 in
875 828 1557 901 privatis,inquit,causis
1594 828 1932 900 hujusmodi

285 918 470 974 forma
501 920 862 986 servetur,ne
884 935 1240 990 quemquam
1265 917 1622 991 litigatorum
1646 917 1936 974 sententia

285 1024 400 1063 non
432 1023 466 1062 a
496 1023 601 1063 suo
625 1005 826 1078 judice
858 1008 1015 1063 dicta
1043 1007 1425 1079 constringat.
1463 1030 1492 1056 ››
1523 1011 1590 1062 Et
1637 1007 1776 1063 item
1802 1006 1883 1062 ibi
1916 1023 1929 1062 :

285 1121 311 1148 «
344 1098 593 1153 Necesse
623 1100 712 1153 est
743 1101 809 1152 ut
838 1098 993 1170 quod
1025 1100 1228 1153 contra
1275 1096 1434 1170 leges
1465 1097 1685 1153 factum
1717 1102 1807 1154 est
1835 1098 1937 1152 ﬁr-

284 1187 548 1243 mitatem
579 1203 695 1242 non
725 1186 960 1242 habeat.
997 1209 1025 1237 »

354 1278 424 1332 Et
452 1274 910 1349 Carthaginense
939 1275 1250 1332 concilium
1283 1276 1488 1331 statuit
1519 1293 1532 1331 :
1577 1299 1605 1327 «
1647 1276 1720 1332 Ut
1764 1293 1932 1332 accu-

285 1369 448 1422 satus
480 1363 566 1420 vel
599 1368 905 1422 accusator
934 1365 991 1420 in
1025 1382 1091 1421 eo
1123 1364 1248 1420 loco
1282 1366 1436 1421 unde
1466 1369 1556 1421 est
1579 1364 1674 1422 ille
1706 1364 1807 1438 qui
1839 1382 1932 1420 ac-

284 1459 466 1522 satur,
512 1454 708 1510 locum
757 1453 868 1510 sibi
921 1454 1097 1527 eligat
1143 1454 1496 1526 proximum,
1533 1472 1646 1526 quo
1695 1472 1810 1509 non
1859 1454 1936 1509 sit

283 1543 519 1600 difﬁcile
551 1547 732 1599 testes
775 1544 1114 1617 producere,
1147 1543 1247 1599 ubi
1279 1561 1458 1599 causa
1489 1544 1728 1598 ﬁniatur
1751 1557 1830 1599 8.»
1865 1544 1936 1598 Et

284 1633 409 1708 lege
437 1633 829 1689 Valentiniani
862 1636 1038 1705 atque
1067 1633 1328 1689 Valentis
1359 1632 1707 1702 decernitur,
1743 1637 1809 1688 ut
1845 1632 1932 1687 ul-

285 1727 374 1779 tra
403 1722 709 1796 provincia:
730 1721 1014 1779 terminos
1037 1722 1354 1779 accusandi
1375 1721 1612 1778 licentia
1637 1721 1938 1794 prohibea-

284 1817 397 1870 tur.

355 1903 424 1958 Et
451 1901 789 1958 Africanum
820 1900 1135 1957 concilium
1187 1919 1199 1957 :
1248 1924 1275 1951 ‹‹
1320 1901 1426 1956 Per
1472 1900 1796 1974 episcopos,
1847 1901 1934 1956 in-

287 1992 434 2065 quit,
461 1991 693 2063 jndices
740 2007 922 2046 causa
968 1991 1229 2057 ﬁniatur,
1263 1990 1381 2046 sive
1412 2007 1557 2062 quos
1583 1989 1632 2045 ei
1666 1990 1934 2062 (conqui-
1970 2033 2016 2098 B

290 2082 578 2150 rentibus)
607 2079 888 2153 primates
918 2080 1209 2148 dederint,
1241 2079 1362 2136 sive
1386 2096 1530 2151 quos
1559 2079 1670 2152 ipsi
1715 2079 1936 2135 vicinos

287 2189 356 2228 ex
382 2187 669 2226 consensu
702 2169 1026 2241 delegerint
1055 2174 1098 2224 ιι.
1134 2168 1357 2234 »,Sicut
1385 2167 1444 2222 in
1478 2167 1744 2240 sequenti
1790 2167 1934 2223 arti-

287 2260 418 2317 culo
450 2259 684 2328 dicitur,
705 2258 861 2331 quod
894 2258 1110 2314 servari
1138 2258 1208 2313 de
1240 2257 1435 2312 causis
1465 2257 1524 2312 in
1556 2256 1784 2330 legibus
1805 2274 1940 2312 con-

287 2349 531 2418 stitutis,
582 2349 737 2404 sicut
785 2365 894 2404 sua
942 2347 1068 2404 loca
1113 2349 1537 2416 demonstrant,
1589 2352 1646 2402 et
1696 2350 1937 2402 sanctus

287 2439 598 2512 Gregorius
627 2437 984 2494 decrevit.Et
1014 2437 1154 2493 item
1188 2436 1338 2493 sacri
1369 2451 1622 2492 canones
1651 2440 1710 2491 et
1739 2436 1934 2491 decre-

289 2533 351 2586 ta
398 2528 555 2585 sedis
597 2527 872 2584 Romanae
921 2526 1288 2600 pontiﬁcum,
1323 2525 1494 2582 annis
1543 2525 1792 2599 singulis
1835 2542 1938 2597 per

289 2635 582 2690 unamque
612 2615 970 2690 provinciam
1004 2615 1094 2672 bis
1125 2616 1185 2672 in
1218 2633 1371 2672 anno
1403 2615 1650 2671 concilia
1679 2614 1934 2671 celebra-

291 2725 350 2764 re
380 2706 754 2780 praecipiunt;
807 2709 872 2761 ut
930 2706 1324 2762 communiter
1380 2705 1557 2760 simul
1614 2722 1750 2760 cum
1810 2721 1934 2760 om-

287 2795 460 2852 nibus
509 2795 801 2869 episcopis
850 2795 1240 2869 congregatis,
1276 2795 1584 2867 provincia:
1616 2793 1935 2850 discutian-

284 2891 382 2942 tur
409 2886 780 2958 quaestiones,
826 2889 884 2942 et
931 2902 1136 2942 omnes
1167 2884 1571 2941 controversiae
1619 2883 1937 2940 dissolvan-

289 2980 407 3032 tur.

354 3066 425 3120 Et
451 3065 591 3121 item
622 3064 771 3120 sacri
804 3080 1057 3120 canones
1083 3063 1428 3120 Antiocheni
1459 3067 1516 3118 et
1543 3063 1932 3136 Gangrenses,

285 3157 460 3227 atque
489 3155 720 3210 decreta
749 3153 906 3210 sedis
939 3155 1210 3210 Romanas
1244 3153 1584 3225 pontiﬁcum
1610 3153 1842 3223 jubent,
1872 3157 1936 3208 ut

289 3247 454 3311 «Quae
487 3249 626 3300 sunt
650 3245 1092 3310 Eccclesias,sub
1124 3244 1283 3298 omni
1315 3242 1707 3298 sollicitudine
1727 3243 1784 3298 et
1804 3259 1937 3297 con-

2042 744 2487 813 congregantur.
2517 763 2544 790 »
2575 742 2646 796 Et
2681 758 2694 796 :
2731 763 2759 791 «
2792 741 3116 816 Episcopus
3161 742 3692 801 ecclesiasticarum

2043 847 2237 884 rerum
2251 829 2464 885 habeat
2485 833 2830 902 potestatem
2853 830 2925 886 ad
2948 831 3406 904 dispensandum
3421 849 3558 906 erga
3572 849 3694 889 om-

2043 935 2146 974 nes
2174 919 2274 990 qui
2300 919 2726 992 indigent,cum
2759 936 2997 976 summa
3027 921 3348 977 reverentia
3381 925 3437 976 et
3481 922 3692 978 timore

2042 1007 2484 1080 Dei.Participet
2514 1012 2709 1064 autem
2740 1014 2797 1065 et
2826 1009 2952 1082 ipse
2983 1009 3198 1082 quibus
3227 1009 3468 1083 indiget,
3502 1011 3552 1067 si
3600 1016 3692 1067 ta-

2043 1113 2177 1153 men
2209 1095 2451 1169 indiget,
2483 1101 2606 1152 tam
2655 1097 2779 1154 suis
2827 1115 3006 1171 quam
3054 1099 3302 1154 fratrum
3354 1099 3455 1171 qui
3503 1100 3576 1155 ab
3625 1116 3693 1156 eo

2042 1186 2448 1259 suscipiuntur
2476 1186 2822 1242 necessariis
2849 1186 3056 1244 usibus
3076 1187 3402 1261 profuturis
3417 1205 3457 1244 ο.
3480 1210 3614 1238 ››-‹‹
3634 1187 3696 1245 Si

2044 1276 2178 1348 quis
2209 1279 2406 1331 autem
2437 1275 2759 1331 oblationes
2787 1276 3053 1332 Ecclesiae
3076 1281 3238 1334 extra
3257 1277 3577 1334 Ecclesiam
3597 1294 3694 1334 ac-

2043 1365 2092 1421 ci
2102 1381 2234 1438 pere
2264 1364 2349 1420 vel
2383 1365 2520 1420 dare
2541 1364 2805 1434 voluerit,
2840 1369 3048 1438 praeter
3077 1366 3497 1423 conscientiam
3541 1367 3693 1440 cpis-

2045 1455 2170 1528 copi
2182 1453 2287 1522 ,vel
2302 1455 2429 1526 ejus
2441 1455 2536 1510 cui
2557 1454 2966 1526 hujuscemodi
2983 1454 3177 1512 ofﬁcia
3195 1457 3515 1512 commissa
3533 1461 3695 1524 sunt,

2045 1561 2149 1600 nec
2180 1561 2314 1599 cum
2337 1545 2466 1615 ejus
2489 1544 2737 1600 voluerit
2764 1561 2935 1616 agere
2960 1544 3545 1612 consilio,anathema
3563 1544 3699 1600 sit.»

2044 1634 2114 1688 Et
2147 1650 2159 1688 :
2199 1654 2228 1682 «
2260 1632 2319 1688 Si
2351 1633 2483 1706 quis
2514 1633 2739 1689 dederit
2782 1633 2871 1690 vel
2919 1635 3207 1706 acceperit
3245 1634 3459 1702 oblata,
3489 1638 3701 1708 praeter

2044 1722 2502 1796 episcopum,vel
2522 1740 2658 1779 eum
2682 1723 2783 1795 qui
2806 1723 3165 1780 constitutus
3188 1727 3277 1780 est
3295 1724 3368 1779 ab
3389 1740 3456 1780 eo
3479 1723 3551 1782 ad
3575 1724 3696 1781 dis-

2045 1813 2409 1884 pensandam
2442 1811 2903 1868 misericordiam
2935 1812 3293 1886 pauperibus
3327 1830 3340 1871 :
3375 1816 3435 1869 et
3452 1813 3554 1885 qui
3575 1813 3696 1882 dat,

2045 1905 2102 1956 et
2133 1902 2232 1974 qui
2264 1901 2493 1975 accipit,
2524 1901 2841 1958 anathema
2867 1902 2947 1958 sit
2970 1905 3014 1958 ά.
3051 1901 3078 1952 ii
3751 1889 3764 1904 “

2115 1991 2179 2058 Ε,
2214 1991 2528 2046 concilium
2561 1991 3030 2048 Chalcedonense
3060 1992 3314 2048 decrevit
3346 2008 3361 2048 ε
3387 2011 3416 2043 κ
3466 1991 3582 2048 Res
3609 2008 3698 2047 ec-

2047 2080 2407 2136 clesiasticas
2438 2081 2762 2136 secundum
2793 2080 3145 2137 sententiam
3167 2081 3426 2155 episcopi
3468 2081 3699 2155 dispen-

2047 2169 2366 2242 pensari,et
2396 2169 2658 2226 redditus
2688 2169 2944 2226 ecclesiae
2975 2171 3224 2227 viduatae
3254 2185 3435 2245 penes
3467 2188 3696 2228 (nconc-

2047 2275 2209 2314 mum
2241 2260 2507 2331 ejusdem
2533 2259 2788 2315 ecclesia
2821 2260 3079 2333 integros
3109 2260 3405 2318 observari
3436 2275 3478 2318 ο.
3513 2283 3543 2312 ››

2115 2349 2184 2403 Et
2211 2352 2452 2404 ‘sanctus
2484 2349 2817 2421 Stephanus
2847 2366 2999 2422 papa
3019 2354 3077 2405 et
3097 2353 3321 2423 martyr
3342 2350 3694 2422 :«Quidqnid

2045 2435 2103 2492 in
2137 2437 2404 2504 sacratis,
2437 2437 2839 2509 loquitur,Deo
2869 2439 3046 2495 rebus
3071 2443 3129 2495 et
3156 2438 3447 2513 episcopis
3477 2438 3696 2512 injuste

2045 2526 2260 2599 agitur,
2294 2543 2397 2599 pro
2430 2525 2733 2600 sacrilegio
2764 2527 3149 2599 reputabitur.
3185 2550 3215 2578 ››

2116 2617 2187 2671 Et
2217 2615 2646 2689 Cathaginense
2677 2616 2992 2672 concilium
3040 2617 3151 2674 sub
3190 2617 3368 2674 Grato
3397 2617 3694 2691 episcopo,

2037 2705 2259 2778 juravit
2289 2711 2356 2761 ut
2387 2728 2413 2755 «
2450 2705 2507 2761 Si
2543 2705 2674 2778 quis
2706 2709 2926 2762 statuta
2954 2722 3373 2780 supergressus
3421 2711 3698 2780 eorrupe-

2045 2795 2142 2864 rit,
2172 2795 2258 2851 vel
2290 2812 2394 2867 pro
2425 2793 2607 2850 nibilo
2637 2795 2908 2851 habenda
2945 2795 3252 2866 putaverit,
3286 2797 3336 2852 si
3367 2795 3555 2853 laicus
3583 2800 3694 2864 est,

2045 2885 2478 2953 communione,
2510 2883 2558 2940 si
2591 2884 2838 2940 clericus
2886 2887 2997 2954 est,
3047 2883 3266 2941 honore
3309 2885 3567 2957 privetur
3593 2888 3630 2941 ί.
3664 2907 3694 2934 »

2045 2974 2210 3044 Quia,
2244 2977 2309 3029 ut
2339 2978 2579 3029 sanctus
2627 2991 2780 3048 papa
2814 2973 3069 3030 Hilarius
3117 2975 3438 3030 decernens
3483 2974 3628 3030 dicit
3675 2990 3689 3030 :

2048 3065 2206 3120 «Non
2237 3064 2436 3120 minus
2466 3063 2525 3118 in
2557 3067 2893 3119 sanctarum
2923 3063 3308 3119 traditionum
3329 3055 3696 3136 delinquitur

2044 3153 2396 3221 sanctiones,
2427 3171 2602 3226 quam
2633 3153 2696 3208 in
2733 3153 3012 3225 injuriam
3040 3153 3273 3212 Domini
3303 3152 3626 3226 prosilitur.
3663 3174 3693 3202 »

2045 3244 2206 3300 Unde
2236 3259 2473 3300 necesse
2502 3247 2590 3299 est
2619 3246 2684 3298 ut
2715 3260 2840 3315 quae
2864 3244 3025 3314 juste
3054 3246 3112 3298 et
3137 3240 3564 3299 rationabiliter
3593 3258 3694 3297 vo-

284 3335 528 3390 scientia
558 3334 794 3402 bona,et
821 3334 934 3389 ﬁde
967 3350 1092 3405 quas
1124 3332 1183 3387 in
1217 3333 1402 3388 Deum
1441 3336 1550 3398 est,
1582 3331 1682 3403 qui
1725 3336 1936 3386 cuncta
2041 3333 2209 3389 vistis
2253 3337 2310 3388 et
2345 3333 2700 3405 promisistis
2745 3332 2992 3388 Domino
3042 3331 3419 3401 conservetis,
3445 3331 3694 3404 jubente

282 3424 613 3478 considerat
635 3424 981 3495 judicatque
1006 3425 1470 3490 serventur.Quze
1493 3421 1669 3477 etiam
1701 3422 1931 3494 dispen-
1961 3411 2002 3478 C
2041 3423 2141 3478 Dei
2174 3422 2394 3495 Spiritu
2425 3440 2528 3495 per
2559 3422 2903 3496 prophetam
2937 3440 2951 3491 ;
2997 3423 3199 3491 Vovete,
3248 3430 3301 3477 et
3345 3430 3467 3479 vota
3516 3421 3696 3478 vestra

281 3514 467 3569 sanda
495 3517 634 3569 sunt
656 3512 882 3584 judicio
915 3517 972 3568 et
997 3516 1282 3584 potestate
1321 3511 1636 3584 pontiﬁcis,
1661 3510 1756 3566 cui
1778 3528 1932 3567 com-

351 3650 371 3675 ι
403 3637 575 3694 Cone.
608 3638 809 3706 Afric.,
843 3655 972 3694 can.
1005 3639 1094 3695 30.

351 3709 377 3746 ¹³
409 3710 579 3777 lbid.,
612 3727 740 3766 can.
772 3712 894 3765 120.

351 3787 372 3815 °
398 3783 572 3838 Conc.
602 3782 896 3852 Antioch.,
931 3799 1060 3838 can.
1093 3782 1164 3837 24
1195 3786 1253 3837 et
1280 3782 1372 3837 25.

2037 3512 2248 3570 reddite
2278 3515 2512 3569 Domino
2543 3513 2647 3569 Deo
2675 3519 2850 3569 vestro
2879 3512 3052 3584 (Psal.
3087 3510 3272 3584 Lxxv).
3305 3533 3335 3562 «

2109 3638 2134 3676 ά
2165 3639 2338 3693 Conc.
2363 3638 2714 3706 Gangrens.,
2749 3655 2878 3694 can.
2909 3639 2947 3692 7
2973 3641 3030 3693 et
3057 3640 3111 3693 8.

2110 3716 2133 3780 ξ’
2162 3710 2336 3766 Conc.
2372 3710 2747 3780 Chalcedon.,
2781 3726 2909 3766 can.
2941 3710 3032 3764 25.

2111 3772 2328 3838 fCone.
2363 3781 2664 3854 Carthag.,
2699 3772 2793 3837 an.
2825 3783 2951 3851 348,
2985 3797 3114 3854 can.
3152 3781 3238 3836 14.

1857 4049 2126 4118 XIII.

391 4203 951 4292 CAPITULA
1014 4203 1127 4290 IN
1197 4200 1666 4290 SYNODO
1732 4199 2020 4292 APUD
2088 4201 2177 4290 S.
2245 4201 2730 4291 MACRAM
2803 4202 2936 4286 AB
3009 4196 3600 4288 HINCMARO

1705 4381 2270 4445 PROMULGATA.

1422 4517 1612 4588 (Apud
1647 4515 1966 4586 Labbeum,
2001 4516 2175 4574 Cone.
2209 4519 2353 4573 tom.
2385 4515 2562 4586 VIII.)

1786 4650 2198 4666 —

283 4753 578 4834 Synodns
606 4771 747 4831 qua:
778 4751 894 4812 fuit
925 4757 1066 4811 acta
1096 4751 1264 4830 apud
1297 4756 1578 4811 sanctam
1611 4752 1911 4826 Macram,
1932 4753 1994 4812 in
2026 4752 2164 4812 loco
2197 4752 2307 4832 qui
2337 4751 2565 4813 dicitnr
2593 4750 2851 4812 Finibus
2882 4749 3255 4811 Rhemensis
3295 4749 3698 4829 parochiae‘;

368 4843 648 4912 tempore
678 4833 980 4894 Ludovici
1011 4833 1195 4910 regis,
1229 4832 1341 4892 ﬁlii
1377 4833 1672 4892 Ludovici
1703 4834 1910 4894 Caroli
1943 4833 2073 4906 ﬁlii,
2110 4833 2208 4894 die
2239 4850 2296 4895 Iv
2323 4835 2534 4898 Nonas
2561 4833 2831 4911 Apriles,
2868 4851 3033 4892 anno
3063 4831 3300 4912 Christi
3326 4832 3698 4912 88l_,7Joan-

365 4916 461 4975 nis
491 4909 672 4994 papae
707 4916 864 4989 Vlll,
897 4933 1064 4975 anno
1093 4909 1193 4988 71x,
1246 4913 1546 4974 Ludovici
1593 4913 1874 4992 ejusdem
1923 4915 2088 4993 regis
2143 4933 2310 4974 anno
2359 4932 2422 4974 x1
2475 4909 2636 4995 (Ima
2672 4930 2717 4974 ll
2767 4912 3084 4991 duntaxat,
3135 4921 3199 4972 ut
3250 4911 3390 4973 bene
3423 4909 3702 4972 Sc'rmon-

367 4995 493 5076 dus)
506 5041 521 5058 .

917 5130 1314 5186 PRIEFATIO.

360 5218 733 5275 Diversarum
764 5219 1198 5292 provinciarum
1229 5219 1509 5291 episcopi,
1543 5237 1792 5292 quorum
1834 5237 1942 5275 no-

289 5309 455 5364 mina
481 5311 755 5364 tenentur
776 5309 978 5364 subter
993 5307 1374 5380 ascripta,qui
1392 5314 1526 5364 ante
1548 5310 1944 5382 nequivimus,

291 5397 538 5454 diversis
571 5397 1203 5470 occupationibus,tam
1235 5414 1598 5469 paganorum
1629 5399 1946 5456 infestatio-

292 5487 470 5542 nibus
492 5505 670 5560 quam
695 5504 1006 5560 pravorum
1037 5485 1501 5542 Christianorum
1553 5487 1947 5544 insectationi-

291 5577 426 5645 bus,
462 5576 782 5650 praapediti,
803 5593 958 5632 nunc
993 5592 1146 5631 anno
1179 5576 1598 5631 incarnationis
1632 5577 1945 5633 Dominicze

364 5717 385 5741 ι
419 5701 598 5757 Hodie
628 5703 807 5758 Fimes
837 5701 1113 5769 vocitant,
1144 5699 1383 5784 celebre.
1411 5701 1692 5827 opgidum
1713 5707 1944 5785 .martjf-

327 5773 380 5827 io
413 5778 470 5827 et
499 5773 660 5827 cultu
696 5778 910 5827 sanctae
943 5773 1147 5827 Macrze
1177 5789 1440 5827 Vlt‘ElnlS.
1524 5773 1627 5827 lim
1659 5776 1818 5827 Fmes
1857 5776 1944 5827 d1-

292 5773 380 5830 rio
413 5778 470 5829 et
499 5773 660 5829 cultu
696 5778 910 5830 sanctae
943 5773 1147 5829 Macraa
1171 5773 1440 5845 rvirginis.
1475 5773 1627 5828 Olim
1659 5776 1818 5829 Fines
1857 5773 1946 5830 di-

293 5847 507 5905 cebant
537 5846 677 5923 quia
707 5847 766 5904 in
801 5846 1020 5906 ﬁnibus
1047 5844 1183 5920 pagi
1213 5844 1562 5903 Rhemensis
1592 5848 1650 5905 et
1679 5846 1947 5905 Suessio-

1968 5128 2024 5194 A
2053 5129 2505 5199 881,indicti0ne
2527 5130 2676 5197 14,ιν
2696 5129 2892 5184 Nonas
2909 5125 3154 5199 Apriles,
3171 5125 3428 5182 maxima
3448 5123 3705 5181 necessi-

2051 5222 2169 5274 tate
2187 5218 2660 5292 compulsi,apud
2679 5217 3025 5290 martyrium
3044 5219 3256 5273 sanctis
3274 5215 3706 5283 Macraa,inloco

2053 5308 2155 5381 qui
2187 5309 2400 5365 dicitur
2421 5308 2662 5364 Finibus
2687 5305 3034 5362 Rhemensis
3063 5304 3437 5378 parochiaa,in
3468 5305 3707 5361 nomine

2055 5399 2269 5454 Christi
2300 5398 2788 5455 convenimus.Ab
2821 5396 3096 5452 omnibus
3127 5394 3227 5468 qui
3251 5395 3414 5466 juste
3434 5399 3492 5451 et
3519 5395 3613 5468 pie
3645 5393 3706 5450 in

2055 5489 2466 5544 communione
2499 5485 2796 5543 catholicae
2836 5485 3125 5554 Ecclesiae,
3179 5502 3305 5558 quae
3353 5483 3567 5541 Christi
3595 5489 3709 5540 .est

2057 5596 2288 5651 corpus,
2320 5579 2510 5635 vivere
2539 5575 2763 5645 volunt,
2797 5593 2866 5632 ea
2907 5592 3035 5648 quae
3067 5579 3416 5648 sequuntur,
3458 5575 3707 5632 Domino

2057 5703 2192 5759 nici.
2228 5703 2595 5760 Itinerarium
2626 5706 2793 5759 vetus
2828 5720 2842 5770 ;
2876 5702 3116 5772 Augusta
3162 5704 3482 5760 Suessorum
3527 5705 3706 5761 Fines.

2054 5777 2412 5835 Durocortum
2438 5777 2780 5832 Rhemorum.
2811 5775 2981 5832 SIRM.
