4152 6504
252 464 408 529 1073

1491 464 1884 530 ΟΑΡῙΤΠΙΑ
1923 461 2395 527 SYNODALIA.

3511 464 3668 535 1974

248 598 433 657 nostri
466 597 822 672 consistunt,
844 598 1235 657 communiter
1253 597 1446 657 verbis
1476 599 1605 673 ejus
1627 598 1731 673 qui
1759 597 1905 656 dixit
1930 598 1988 668 Α
2013 597 2368 667 manducare,
2398 602 2458 656 et
2487 601 2714 669 caetera,
2740 598 2958 673 quibus
2996 598 3174 658 dicit:
3197 599 3466 661 Discedite
3494 617 3531 659 a
3556 616 3666 671 nte,

248 687 558 762 discipulis
580 693 638 745 et
662 688 946 763 apostolis
968 689 1545 764 suis,quorum,licet
1565 689 1905 764 indigni,vi-

249 778 417 836 cibus
442 778 502 834 in
534 778 797 836 Ecclesia
825 780 1113 853 sanguine
1134 780 1349 837 Christi
1382 781 1683 853 redempta
1712 779 1907 853 fungi-

249 885 386 925 mur
418 885 430 925 :
468 868 575 937 Qui
602 884 692 925 vos
723 868 880 926 audit
906 886 992 925 me
1022 870 1204 938 audit,
1236 878 1287 927 et
1318 872 1415 943 qui
1452 886 1540 925 vos
1586 871 1908 942 spernirme

249 960 462 1033 spernit
489 977 508 1013 :
538 974 647 1014 non
676 960 828 1015 enim
856 974 945 1015 vos
973 961 1105 1015 estis
1140 960 1238 1032 qui
1268 960 1581 1031 loquimini,
1604 959 1695 1015 sed
1725 959 1907 1031 Spiri-

253 1056 341 1107 tus
366 1050 556 1106 Patris
580 1049 747 1104 vestri
774 1050 875 1121 qui
912 1049 1155 1121 loquitur
1182 1050 1245 1105 in
1272 1050 1422 1105 vobis
1452 1050 1601 1118 (Luc.
1625 1048 1702 1121 Χ),
1737 1048 1906 1104 dom-

253 1154 398 1194 num
427 1142 696 1193 nostrum
746 1152 942 1210 regem
973 1154 1307 1204 monemus,
1339 1141 1406 1193 ut
1450 1136 1602 1194 sicut
1646 1141 1907 1209 tempore

254 1230 694 1284 antecessorum
713 1243 957 1283 suorum
975 1226 1396 1300 imperatorum
1416 1244 1482 1283 ac
1498 1243 1702 1299 regum
1720 1225 1909 1282 excul-

251 1320 323 1372 tae
345 1320 404 1372 et
426 1316 742 1385 honoratae,
764 1319 941 1388 atque
962 1316 1139 1372 rebus
1160 1316 1451 1388 ampliata:
1473 1316 1728 1384 fuerunt,
1748 1313 1908 1371 salva

251 1404 548 1479 aequitatis
577 1405 802 1461 ratione
830 1405 915 1462 ita
944 1410 1355 1478 permaneant;
1388 1409 1447 1462 et
1476 1422 1603 1478 quae
1632 1421 1742 1460 sua
1772 1403 1907 1460 libe-

250 1494 480 1552 ralitate
507 1493 804 1551 honoratae
849 1498 1026 1567 atque
1076 1495 1270 1551 ditata)
1318 1495 1574 1560 fuerunt,
1598 1495 1671 1550 de
1701 1497 1905 1550 caetero

250 1586 362 1641 sub
420 1582 754 1656 integritate
810 1583 903 1640 sui
963 1588 1286 1641 serventur.
1320 1586 1391 1639 Et
1447 1584 1801 1651 sacerdotes,
1839 1598 1907 1639 ac

249 1672 399 1731 servi
427 1675 485 1729 et
513 1671 737 1739 ancilla:
768 1672 891 1741 Dei,
919 1672 1177 1745 vigorem
1206 1672 1698 1741 ecclesiasticum,
1728 1676 1785 1728 et
1815 1673 1911 1728 de-

248 1762 374 1819 bita
405 1760 728 1835 privilegia,
743 1762 915 1833 juxta
935 1763 1310 1818 reverendam
1334 1761 1741 1819 auctoritatem
1764 1760 1908 1817 obti-

251 1855 458 1909 neunt:
483 1850 684 1923 eisque
703 1849 918 1924 regalis
938 1854 1283 1923 potestas,et
1302 1850 1626 1908 illustrium
1647 1849 1904 1907 virorum

2013 690 2312 756 maledicti,
2338 692 2399 746 in
2431 692 2615 761 ignem
2640 697 2924 758 attentum,
2944 693 3045 763 qui
3067 698 3296 764 paratus
3318 699 3399 750 est
3425 691 3664 761 diabolo,

2014 788 2065 836 et
2092 781 2301 850 angelis
2332 781 2448 852 ejus
2484 780 2692 850 (Matth.
2716 766 2889 850 xxix).
2916 779 3062 839 Hinc
3095 793 3232 854 ergo
3268 781 3665 855 colligendum

2015 873 2123 941 est,
2138 873 2359 942 quanta
2380 870 2756 927 damnatione
2776 869 3065 942 plectendi
3091 874 3230 927 sunt
3249 871 3351 943 qui
3370 870 3563 929 aliena
3580 889 3665 928 ra-

2016 957 2206 1032 piunt,
2231 958 2281 1014 si
2302 962 2465 1014 tanta
2484 960 2986 1018 animadversione
3006 958 3298 1016 feriuntur
3315 959 3417 1033 qui
3439 974 3549 1019 sua
3575 959 3666 1019 iri-

2016 1047 2264 1105 discrete
2283 1052 2616 1104 tenuerunt.
2633 1049 3001 1122 Perpendant
3015 1065 3133 1123 quo
3146 1066 3250 1106 eos
3264 1048 3481 1122 obliget
3501 1053 3667 1107 reatu

2015 1153 2109 1193 res
2134 1140 2321 1209 rapta,
2356 1135 2405 1192 si
2435 1135 2537 1192 tali
2579 1138 2819 1209 subjicit
2846 1152 3027 1211 pmnae
3075 1152 3193 1195 non
3235 1138 3458 1195 tradita
3487 1154 3501 1197 :
3536 1151 3667 1211 per-

2016 1226 2275 1299 pendant
2304 1226 2446 1298 quid
2474 1229 2733 1282 meretur
2752 1226 3046 1298 injustitia
3075 1227 3255 1299 illata,
3278 1227 3329 1284 si
3350 1231 3515 1289 tanta
3542 1240 3670 1301 per.

2016 1315 2288 1372 cussione
2318 1315 2496 1389 digna
2514 1319 2603 1372 est
2630 1315 2820 1389 pietas
2841 1333 2958 1372 non
2987 1316 3275 1389 impensa.
3297 1317 3555 1374 Audiant
3582 1334 3670 1374 ra.

2015 1408 2213 1477 ptores
2238 1420 2250 1461 :
2280 1405 2371 1463 Vw
2397 1413 2451 1461 et
2474 1408 2572 1477 qui
2604 1406 2946 1478 multiplicat
2991 1421 3105 1462 non
3148 1421 3250 1462 sua
3291 1421 3584 1478 mquequo,
3615 1414 3670 1462 et

2013 1502 2277 1566 aggravat
2305 1502 2495 1551 contra
2522 1512 2582 1551 se
2608 1494 2834 1552 densum
2855 1496 3030 1552 lutum
3049 1495 3275 1568 (Hahae.
3296 1498 3383 1564 ii).
3407 1494 3668 1552 Densum

2011 1582 2207 1639 lutum
2240 1588 2443 1642 contra
2473 1601 2535 1641 se
2579 1599 2913 1659 aggravare,
2945 1588 3037 1641 est
3064 1588 3295 1642 terrena
3337 1582 3504 1641 lucra
3531 1600 3668 1643 eum

2014 1674 2270 1747 pondere
2319 1674 2539 1747 peccati
2571 1673 2895 1730 cumulare.
2926 1673 3187 1732 Audiant
3230 1673 3371 1747 quid
3401 1674 3669 1733 Christus

2014 1762 2171 1819 dicat
2202 1779 2214 1817 :
2252 1763 2394 1832 Quid
2417 1764 2635 1836 prodest
2664 1765 2877 1821 homini
2903 1765 2957 1821 si
2981 1771 3153 1821 totum
3186 1763 3456 1821 mundum
3488 1765 3669 1822 luere-

2014 1860 2125 1920 tur,
2164 1853 2372 1911 anima?
2399 1868 2522 1910 vero
2564 1868 2685 1912 sua:
2729 1853 3113 1910 detrimentum
3140 1854 3270 1925 ﬁat?
3296 1853 3504 1926 (Matth.
3527 1857 3671 1923 ενι.)

252 1939 595 2042 strenuitas,
616 1957 722 1997 seu
746 1939 1079 2013 reipublicae
1100 1940 1708 2010 administratores,ut
1730 1954 1904 1997 suum
1938 1977 1985 2042 Β
2016 1943 2079 1998 Id
2109 1947 2218 2011 est,
2244 1942 2385 2016 quid
2415 1945 2654 2017 prodest
2683 1942 2992 2013 homini,si
3013 1946 3203 2001 totum
3234 1944 3389 2017 quod
3419 1947 3583 2002 extra
3605 1952 3670 2000 se

256 2029 652 2089 ministerium
702 2033 1099 2103 competenter
1136 2030 1371 2104 exsequi
1400 2030 1650 2100 valeant,
1684 2030 1743 2085 in
1785 2046 1908 2086 om-

257 2120 436 2179 nibus
465 2119 893 2177 rationabiliter
920 2122 978 2175 et
997 2121 1161 2192 juste
1192 2124 1561 2177 concurrant.

464 2235 556 2293 IV.
588 2236 663 2293 De
684 2236 1032 2309 suscipienda
1058 2252 1193 2292 cura
1220 2237 1705 2293 monasteriorum.

333 2347 408 2400 Ut
429 2343 596 2400 missi
627 2342 770 2416 regii
793 2359 897 2416 per
915 2343 1198 2412 civitates,
1214 2348 1273 2399 et
1295 2342 1528 2417 singula
1556 2341 1915 2400 monasteria

262 2438 386 2491 tam
410 2432 1041 2505 canonicorum,quam
1072 2433 1519 2501 monachorum,
1541 2432 1661 2489 sive
1690 2432 1913 2489 sancti-

263 2522 633 2591 monialium,
646 2537 764 2578 una
779 2537 913 2577 cum
935 2521 1207 2595 episcopo
1231 2522 1515 2595 parochize
1538 2522 1914 2595 uniuscujus-

262 2630 493 2687 cunque
532 2612 592 2668 in
625 2629 742 2686 qua
793 2611 1141 2681 consistunt,
1176 2629 1312 2668 cum
1360 2611 1601 2669 consilio
1649 2612 1827 2671 etiam
1859 2616 1917 2668 et

262 2720 554 2761 consensu
575 2701 765 2774 ipsius
793 2701 893 2774 qui
917 2702 1342 2758 monasterium
1372 2702 1599 2770 retinet,
1622 2701 1801 2757 vitam
1834 2702 1914 2759 ibi

262 2792 601 2867 degentium
633 2796 689 2848 et
719 2791 1218 2847 conversationem
1248 2790 1570 2863 inquirant,
1605 2795 1672 2846 et'
1690 2790 1790 2847 ubi
1824 2807 1917 2847 ne-

262 2899 424 2940 cesse
455 2885 545 2939 est
573 2881 888 2955 corrigunt,
912 2884 971 2937 et
1014 2880 1115 2936 ubi
1155 2881 1386 2948 desunt,
1412 2897 1700 2954 congruas
1731 2879 1915 2936 ofﬁci-

264 2986 371 3028 nas
401 2974 738 3028 construere
773 2970 1044 3043 jubeant,
1077 2974 1136 3026 et
1175 2969 1276 3025 ubi
1317 2970 1480 3025 factae
1511 2973 1569 3025 et
1597 2985 1700 3042 per
1730 2968 1917 3042 negli-

262 3059 519 3137 gentiam
559 3064 700 3116 sunt
729 3059 1060 3125 destructa,
1083 3058 1400 3115 instaurari
1451 3057 1810 3130 praecipiant,
1863 3061 1921 3114 et

262 3151 483 3207 victum
515 3165 581 3206 ac
612 3152 836 3222 potum,
865 3153 922 3204 et
957 3147 1234 3213 vestium,
1263 3151 1437 3220 atque
1477 3150 1685 3203 caetera
1714 3162 1920 3202 neces-

265 3238 440 3306 saria,
465 3253 568 3310 pro
599 3236 884 3310 qualitate
914 3241 972 3310 et
1014 3234 1400 3309 possibilitate
1440 3234 1571 3307 loci,
1597 3239 1654 3292 et
1688 3234 1920 3291 inhabi-

2020 2036 2109 2088 est
2138 2037 2472 2106 congregat,
2501 2032 2551 2089 si
2578 2032 2687 2089 hoc
2717 2033 2910 2090 solum
2941 2034 3095 2105 quod
3128 2033 3365 2106 ipse‘est
3390 2033 3672 2090 damnat?

2018 2120 2280 2176 Audiant
2300 2122 2456 2193 quod
2486 2120 2588 2177 illa
2616 2136 2745 2193 quae
2790 2121 3030 2193 rapiunt
3055 2120 3116 2176 in
3144 2120 3255 2177 hoc
3285 2119 3499 2178 socqu
3526 2120 3670 2177 deii-

2021 2208 2389 2276 cient,autin
2401 2209 2613 2267 saeculo
2624 2209 2941 2277 dimittent,
2957 2211 3271 2268 sedsecum
3289 2211 3363 2268 ad
3379 2209 3671 2285 judicium

2022 2314 2231 2355 causas
2262 2299 2503 2371 rapinae,
2535 2299 2593 2355 id
2625 2303 2717 2356 est
2742 2299 3181 2357 damnationem
3224 2312 3425 2357 secum
3465 2299 3671 2357 ferent.

2021 2387 2279 2443 Audiant
2299 2387 2438 2461 quid
2470 2388 2753 2461 propheta
2772 2388 2955 2446 Isaias
2974 2389 3117 2445 dicit
3140 2406 3152 2446 :
3178 2391 3392 2462 Rapina
3413 2389 3674 2463 pauperis

2025 2477 2085 2535 in
2113 2476 2268 2533 domo
2301 2485 2476 2534 vestra
2503 2480 2633 2548 (Isa.
2657 2481 2763 2547 Ill).
2788 2479 2859 2534 Et
2888 2496 2902 2535 :
2938 2480 3116 2535 Causa
3140 2479 3327 2537 viduae
3351 2495 3463 2535 non
3490 2479 3677 2549 ingre-

2022 2566 2175 2622 ditur
2204 2566 2276 2622 ad
2304 2583 2392 2622 eos
2422 2566 2556 2638 (Isa.
2584 2567 2645 2640 1).
2678 2568 2748 2623 Et
2781 2585 2794 2623 :
2828 2569 2944 2625 Non
2974 2568 3234 2640 despiciet
3256 2569 3521 2626 Dominus
3546 2583 3676 2641 pre-

2023 2671 2107 2711 ces
2130 2656 2357 2726 pupilli,
2387 2672 2485 2711 nec
2531 2656 2773 2724 viduam,
2804 2658 2858 2712 si
2892 2656 3137 2728 eﬁundat
3183 2657 3455 2728 loquelam
3500 2657 3674 2726 gemit.

2025 2751 2130 2800 tus.
2164 2745 2352 2799 Nonne
2381 2745 2646 2816 lam/ma:
2679 2744 2864 2803 vidua:
2893 2744 2964 2800 ad
2986 2745 3282 2801 maxillam
3327 2744 3678 2812 descendunt,

2024 2841 2076 2891 et
2103 2833 2434 2890 exclamatio
2462 2834 2582 2905 ejus
2629 2849 2794 2906 super
2819 2833 3175 2910 deducentem,
3193 2834 3328 2891 eas?
3355 2832 3396 2889 Α
3441 2833 3685 2891 missilia

2025 2924 2175 2978 enim
2201 2922 2501 2978 asceridunt
2528 2938 2698 2995 usque
2728 2921 2801 2978 ad
2831 2923 3045 2988 emtum,
3077 2929 3129 2979 et
3158 2924 3431 2979 Dominus
3456 2922 3684 2983 eundi}

2027 3018 2112 3067 tor
2154 3027 2263 3067 non
2321 3011 2676 3068 delectabitur
2731 3014 2794 3067 in
2838 3012 2957 3068 illis
2985 3012 3174 3084 (Eccli.
3206 3013 3396 3079 xxxv).
3427 3010 3685 3070 Audiant

2029 3100 2169 3173 quia
2196 3100 2256 3155 in
2288 3100 2459 3172 cujus
2481 3101 2655 3157 domo
2676 3100 2882 3174 rapina
2899 3104 3010 3171 est,
3034 3100 3155 3158 sive
3180 3099 3242 3156 in
3273 3100 3448 3157 domo
3476 3112 3683 3173 θοι-βοά

2029 3188 2133 3255 ris,
2166 3188 2289 3245 sive
2335 3189 2395 3244 in
2446 3190 2621 3246 domo
2659 3189 3007 3257 mansionis,
3040 3205 3156 3245 nou
3205 3187 3434 3246 habitet
3462 3188 3535 3244 ‘in
3577 3186 3687 3247 illa

2030 3277 2204 3334 domo
2225 3276 2480 3350 Spiritus
2500 3281 2762 3344 sanctus,
2785 3279 2886 3334 sed
2913 3276 3158 3351 spiritus
3182 3276 3483 3352 malignus
3507 3293 3520 3334 :
3542 3280 3603 3334 et
3626 3288 3685 3351 si

262 3330 495 3383 tantum
526 3323 876 3382 necessitate
903 3323 1174 3381 ordinent
1220 3327 1277 3379 et
1313 3323 1421 3380 hos
1467 3323 1779 3381 italitatem
1810 3341 1907 3380 su-
2033 3323 2480 3377 “”““”.”¹’“”““”
2500 3323 2762 3379 ”““““ῗ““”
2786 3323 2886 3334 “’““
2915 3323 3158 3378 ”²’“”
3184 3323 3482 3378 ῗ“““’”⁰”“ῖ
3507 3323 3520 3334 ’
3546 3323 3602 3334 ⁷⁷
3630 3323 3685 3376 '2‘

266 3413 722 3440 -ηηηεηιεηκ
749 3414 1048 3440 ιη’-λειω*
1092 3417 1142 3440 Αι
1166 3341 1552 3440 ,ζμημελξλκ
1589 3430 1910 3440 unum“
1942 3352 1991 3422 (ἶ
2032 3367 2341 3424 acceditad
2361 3381 2837 3424 communionem
2852 3364 3687 3440 corporisetsanguimsChi-iy

266 3413 727 3488 pervenientium
749 3414 1073 3486 hospitum,
1089 3417 1146 3470 et
1166 3413 1557 3485 receptionem
1588 3430 1916 3487 pauperum

265 3503 486 3561 ibidem
527 3504 845 3577 disponant
891 3507 949 3559 et
996 3502 1317 3558 ordinent:
1352 3507 1410 3559 et
1456 3503 1824 3569 thesaurum,
1857 3519 1924 3560 ac

266 3593 633 3661 vestimenta,
684 3610 787 3649 seu
844 3591 1027 3648 libros
1086 3592 1397 3665 diligenter
1452 3591 1820 3659 imbrevient,
1866 3596 1925 3649 et

267 3685 471 3740 breves
494 3683 614 3757 regi
637 3685 953 3755 reportent.
977 3681 1329 3737 Imbrevient
1349 3681 1491 3753 quid
1514 3681 1923 3754 unusquisque

267 3771 647 3830 ecclesiarum
678 3770 1218 3845 praelatus,quando
1242 3769 1643 3843 praelationem
1668 3768 1924 3825 ecclesiae

268 3860 549 3934 suscepit,
583 3860 664 3916 ibi
697 3860 1000 3929 invenerit,
1025 3862 1081 3915 et
1112 3860 1254 3931 quid
1287 3860 1460 3915 modo
1490 3859 1697 3914 exinde
1727 3858 1926 3914 minus

269 3948 459 4018 sit,vel
473 3949 615 4023 quid
636 3953 694 4006 et
714 3953 1002 4022 quantum
1018 3948 1097 4004 sit
1115 3948 1582 4020 superadditum.
1602 3948 1924 4002 Numerum

269 4039 448 4097 etiam
492 4037 1011 4106 canonicorum,et
1055 4037 1502 4109 monachorum,
1536 4036 1655 4092 sive
1706 4033 1926 4092 sancti-

272 4129 641 4198 monialium,
665 4128 1139 4200 uniuscujusque
1187 4124 1299 4182 loci
1341 4124 1695 4193 describant,
1718 4127 1776 4181 et
1805 4123 1924 4198 regi

272 4218 527 4274 referant
558 4234 573 4273 :
606 4218 934 4274 secundum
975 4215 1319 4289 qualitatem
1348 4214 1482 4283 loci,
1516 4230 1652 4270 cum
1683 4213 1926 4270 consilio

271 4307 680 4381 episcoporum
703 4309 761 4363 et
790 4306 1055 4363 fidelium
1079 4321 1345 4373 suorum,
1367 4304 1469 4361 ubi
1501 4303 1693 4359 minor
1720 4319 1926 4359 nume-

274 4413 377 4455 rus
408 4395 603 4466 fuerit,
635 4396 796 4469 regia
840 4394 1185 4453 auctoritate
1223 4395 1473 4451 addatur
1517 4393 1616 4449 ubi
1649 4409 1782 4448 vero
1834 4392 1926 4447 iu-

274 4484 625 4542 discretione
654 4484 1027 4558 praelatorum
1068 4483 1444 4557 superfuerit,
1478 4484 1549 4538 ad
1587 4498 1928 4538 mensuram

275 4576 592 4648 redigatur.
612 4576 681 4631 Et
701 4573 952 4647 qualiter
970 4573 1339 4630 abbatiarum
1362 4570 1604 4644 praelati,
1619 4571 1753 4627 etin
1786 4570 1929 4627 locis

276 4665 464 4723 sacris
494 4664 913 4732 inhabitantes,
937 4664 1009 4719 de
1029 4662 1123 4719 his
1144 4679 1272 4734 quae
1295 4660 1461 4717 missi
1484 4659 1627 4733 regii
1650 4677 1930 4732 praecepe-

276 4754 416 4824 rint,
442 4752 783 4824 obedierint,
816 4753 938 4826 regi
968 4750 1420 4826 diligentissime
1458 4752 1515 4807 et
1562 4747 1928 4822 capitulatim

278 4845 491 4904 referre
519 4846 850 4916 procurent.

368 4959 437 5015 V.
470 4962 545 5017 De
576 4960 791 5033 rapinis
820 4958 1214 5032 compescendis
1242 4965 1294 5014 et
1323 4974 1459 5030 pace
1486 4956 1837 5013 restituenda.

356 5065 638 5139 Raptores
666 5068 885 5136 autem,
917 5081 1034 5121 non
1086 5063 1304 5122 nostris
1348 5063 1563 5133 verbis,
1587 5063 1689 5120 sed
1717 5062 1933 5118 Christi

281 5158 344 5211 et
372 5158 710 5212 sanctorum
741 5155 891 5226 ejus,
915 5153 1171 5227 quicum
1202 5153 1301 5209 illo
1330 5153 1392 5209 in
1416 5153 1558 5210 coelo
1588 5155 1855 5226 regnant,
1878 5156 1938 5209 et

283 5244 348 5300 in
378 5243 547 5300 terris
579 5243 882 5301 miraculis
908 5247 1235 5312 coruscant,
1261 5243 1605 5300 auctoritate
1627 5243 1814 5317 ipsius
1836 5243 1938 5315 qui

284 5331 479 5403 nobis,
494 5332 631 5390 licet
649 5333 929 5407 indignis,
950 5333 1010 5390 in
1034 5332 1312 5406 apostolis
1333 5328 1459 5390 suis
1478 5332 1653 5389 dixit:
1676 5335 1941 5402 Qiu'ccun-

284 5439 392 5496 que
410 5424 777 5496 alligaveritis
801 5440 965 5496 super
988 5431 1209 5489 terram,
1230 5431 1392 5478 erunt
1414 5424 1580 5494 ligata
1599 5430 1650 5477 et
1670 5425 1729 5478 in
1747 5423 1897 5478 caelis
1919 5441 1937 5476 :

285 5521 338 5568 et
372 5529 498 5585 quae
526 5514 796 5572 solveritis
834 5531 999 5586 super
1028 5523 1250 5580 terram,
1282 5521 1443 5569 erunt
1470 5513 1645 5568 soluta
1674 5520 1726 5567 et
1753 5515 1814 5567 in
1839 5529 1939 5567 ca:-

290 5603 364 5659 lis
393 5602 596 5675 (Matth.
621 5607 801 5674 xvm),
834 5621 1164 5670 monemus,
1198 5606 1255 5658 et
1294 5602 1380 5658 eis
1409 5602 1585 5657 verba
1612 5600 1800 5675 ipsius
1831 5602 1941 5658 Do-

286 5691 440 5748 mini
482 5692 870 5762 inculcamus,
896 5711 1046 5766 quae,
1070 5692 1183 5748 nisi
1234 5709 1296 5748 se
1342 5691 1715 5758 correxerint,
1747 5691 1807 5747 in
1856 5708 1945 5747 ex-

293 5785 484 5839 tremo
502 5783 730 5855 judicio
761 5783 1000 5841 audient
1033 5799 1046 5839 :
1075 5784 1316 5852 Esurivi,
1341 5789 1395 5838 et
1420 5798 1531 5839 non
1559 5781 1780 5838 dedistis
1804 5781 1947 5839 mihi

2032 3455 2108 3512 sti
2139 3460 2273 3511 ante
2305 3455 2546 3529 dignam
2578 3456 3060 3523 satisfactionem,
3084 3472 3202 3512 non
3234 3454 3558 3513 mundatur
3583 3470 3687 3527 per

2031 3543 2197 3600 illam
2226 3544 2702 3601 communionem
2744 3563 2776 3601 a
2814 3549 3072 3618 peccato,
3105 3544 3207 3602 sed
3245 3543 3500 3618 plenius,
3520 3542 3688 3601 sicut

2032 3634 2065 3691 J
2072 3635 2238 3701 udas,
2264 3635 2499 3706 quando
2528 3633 2588 3690 in
2622 3650 2787 3690 omna
2818 3632 3027 3706 plenus
3056 3633 3263 3707 rapina
3288 3636 3348 3690 et
3377 3632 3686 3705 iniquitate

2034 3722 2470 3778 communicare
2491 3722 2867 3795 praesumpsit
2890 3723 2963 3778 de
2991 3736 3171 3777 manu
3191 3719 3427 3789 Christi,
3453 3736 3685 3793 posses-

2035 3827 2139 3866 sus
2154 3814 2243 3867 est
2263 3827 2298 3866 a
2318 3809 2741 3866 diabolo.Unde
2762 3814 2821 3865 et
2840 3826 3165 3883 suspensus
3186 3808 3414 3883 crepuit
3432 3808 3683 3878 medius.

2034 3905 2091 3955 et
2121 3899 2266 3956 abiit
2293 3898 2355 3954 in
2386 3898 2581 3955 locum
2606 3915 2806 3966 suum,
2830 3899 2885 3955 id
2913 3902 3005 3956 est
3029 3897 3154 3956 suis
3178 3897 3408 3955 meritis
3426 3896 3686 3970 acquiei-r
3798 3944 3807 3955 .

2035 3992 2185 4057 tum,
2199 3986 2466 4044 videlicet
2489 3987 2547 4042 in
2571 3987 2765 4059 ignem
2787 3991 3072 4043 aeternum
3092 4003 3105 4042 :
3132 3986 3274 4060 quia
3292 3998 3429 4043 cum
3448 3984 3688 4045 intravit

2035 4081 2276 4135 sanctus
2330 4075 2499 4149 panis
2556 4076 2617 4131 in
2676 4075 2916 4148 plenum
2947 4076 3020 4132 de
3048 4075 3358 4148 iniquitate
3400 4077 3682 4144 ventrem,

2035 4166 2276 4223 intravit
2331 4165 2519 4221 hostis
2564 4165 2869 4237 antiquus,
2909 4164 3011 4236 qui
3057 4163 3272 4220 dicitur
3312 4162 3583 4222 diabolus
3628 4168 3689 4222 et

2036 4257 2306 4322 Satanas,
2338 4254 2399 4310 in
2443 4253 2739 4310 crudelem
2769 4258 2827 4310 et
2866 4253 3108 4324 impiam
3162 4256 3440 4310 mentem.
3468 4253 3541 4310 Et
3587 4251 3687 4311 ille

2034 4346 2215 4415 enim,
2248 4345 2403 4401 sicut
2432 4344 2619 4400 Judas
2666 4341 2911 4399 tradidit
2937 4341 3239 4398 Christum
3284 4340 3687 4414 peccatoribus

2035 4434 2287 4503 Judaeis,
2346 4433 2430 4489 ita
2484 4431 2692 4505 plenus
2753 4429 2975 4503 rapinis
3031 4434 3089 4487 et
3142 4429 3454 4503 iniquitate
3506 4428 3689 4487 tradit

2037 4524 2339 4582 Christum
2370 4521 2774 4596 peccatoribus
2807 4519 3091 4577 membris
3120 4519 3265 4589 suis,
3297 4518 3401 4592 qui
3427 4518 3575 4576 illud
3602 4518 3690 4576 in-

2037 4612 2381 4671 aestimabile
2410 4610 2643 4668 Domini
2674 4627 2886 4682 corpus
2904 4608 3122 4666 violare
3154 4609 3480 4682 praeumit.
3510 4609 3583 4666 Et
3607 4625 3688 4665 vc

1961 4730 2007 4794 Β
2038 4703 2123 4794 illi
2155 4700 2517 4794 homini_,qui
2540 4700 2611 4756 ad
2646 4698 3174 4794 mensam-Domini
3205 4697 3502 4794 malignus
3521 4713 3689 4794 acce-

2039 4792 2144 4860 dit,
2161 4790 2261 4864 qui
2278 4788 2510 4847 insidiis
2527 4791 2720 4846 mente
2740 4787 3118 4861 conditis,qui
3134 4785 3469 4860 praecordiis
3484 4784 3691 4858 rapina

2036 4886 2139 4939 aut
2167 4879 2362 4952 aliquo
2392 4878 2607 4935 scelere
2637 4877 2878 4951 pollutis
2908 4876 3318 4950 mysteriorum
3346 4872 3561 4931 Christi
3601 4889 3691 4930 se-

2040 4971 2214 5028 cretis
2245 4968 2594 5043 participare
2640 4983 2756 5024 non
2806 4965 3034 5023 metuit.
3064 4963 3161 5019 Vae
3208 4962 3293 5019 illi
3339 4961 3589 5029 homini,
3619 4961 3693 5019 dc

2042 5078 2159 5133 quo
2189 5060 2383 5130 Jesus,
2407 5056 2510 5130 qui
2552 5055 2837 5113 altaribus
2867 5051 3258 5110 sacrosanctis
3288 5050 3443 5107 inter
3484 5048 3695 5107 immov

2042 5151 2310 5217 landum,
2342 5150 2544 5220 utpote
2598 5143 2900 5218 proposita
2947 5144 3396 5199 consecraturus
3426 5148 3693 5208 munera,

2045 5241 2252 5298 adesse
2280 5255 2397 5294 non
2427 5236 2749 5305 dubitatur,
2774 5232 3105 5290 astantibus
3127 5229 3240 5287 sibi
3270 5229 3561 5287 ministris
3581 5244 3694 5285 cm-

2046 5329 2297 5387 lestibus
2327 5325 2493 5399 queri
2520 5324 2765 5397 cogitur,
2789 5322 2945 5395 quod
2986 5321 3047 5377 in
3087 5337 3253 5377 omna
3284 5317 3596 5392 discipulis
3624 5319 3697 5375 de

2045 5420 2201 5476 Juda
2235 5417 2417 5474 dixit:
2446 5417 2596 5483 Ecce,
2629 5412 2924 5485 inquiens,
2955 5426 3151 5466 manus
3181 5409 3443 5467 tradentis
3470 5424 3558 5464 me
3582 5423 3697 5464 me-

2047 5526 2174 5565 cum
2208 5515 2287 5564 est
2324 5508 2385 5563 in
2422 5520 2609 5561 mensa
2629 5504 2780 5572 (Luc.
2805 5504 2963 5569 xxn).
2987 5500 3058 5556 Et
3087 5517 3167 5556 vae
3195 5498 3281 5554 illi
3311 5499 3384 5555 de
3413 5514 3530 5570 quo
3559 5496 3702 5553 dicit

2052 5596 2268 5655 Paulus
2298 5593 2597 5668 apostolus
2626 5592 2783 5663 quod
2815 5588 2984 5662 quasi
3030 5585 3268 5661 speciali
3309 5585 3609 5661 privilegio
3639 5586 3701 5642 in

2052 5707 2218 5746 coena
2244 5684 2476 5744 Domini
2510 5681 2745 5755 quando
2796 5680 2919 5736 haec
2960 5682 3100 5736 sunt
3144 5675 3362 5734 tradita
3400 5676 3699 5749 legimus:

2056 5781 2373 5849 Quicunque
2411 5773 2704 5831 manducat
2746 5787 2948 5842 panem
2994 5769 3158 5835 hunc,
3190 5774 3286 5825 aut
3328 5767 3553 5825 calicem
3598 5766 3703 5823 Do-
