4152 6522
511 443 667 508 1015

1281 445 1665 510 HINCMARI
1709 445 1954 510 RHEM.
2004 445 2370 508 ARCHIEP.
2417 445 2834 511 OPUSCULA
2879 443 3142 508 VARIA.

3789 440 3942 504 1076

508 579 655 636 mini
683 578 822 635 bibit
849 576 1096 648 indigne,
1119 579 1400 652 judicium
1434 581 1545 636 sibi
1587 581 1882 637 manducat
1918 589 1969 637 et
2007 580 2162 650 bibit,
2195 580 2249 648 Α
2275 589 2372 638 aut
2401 580 2634 638 adulter.
2666 587 2764 637 aut
2803 595 3001 652 rapax,
3033 585 3130 636 aut
3169 575 3441 635 homicida
3468 584 3564 647 est,
3587 593 3718 634 cum
3752 575 3941 649 hujus-

509 685 623 726 non
647 666 982 741 dijudicans,
1012 666 1072 724 id
1103 672 1194 725 est
1225 685 1344 724 non
1385 669 1724 726 discernens
1755 687 1790 726 a
1819 670 1968 727 cibis
1998 675 2166 727 caete-

512 756 833 831 ris,corpus
879 759 1104 814 Domini
1133 760 1180 831 (ι
1199 757 1320 815 Gor.
1343 759 1422 832 χι)
1447 776 1460 814 :
1487 759 1590 815 sed
1645 761 1730 816 sic
1779 761 1851 816 ad
1900 777 2165 817 mensam

513 846 748 906 Domini
768 847 996 904 accedit
1015 847 1144 904 sine
1165 847 1486 905 reverentia
1505 852 1561 904 et
1581 848 1790 906 timore
1813 849 1884 906 de
1914 849 2169 922 peccatis

513 935 662 1005 suis,
687 935 842 993 sicut
867 935 1037 994 latus
1066 936 1306 1006 accedit,
1331 939 1567 1010 quando
1599 938 1796 996 socius
1826 956 1972 996 suus
2000 939 2168 996 illum

514 1025 692 1100 plena
718 1042 926 1083 mensa
954 1026 1144 1099 pascit
1179 1026 1252 1082 de
1291 1026 1514 1100 rapinis
1544 1027 1692 1084 suis.
1725 1029 1795 1084 Et
1824 1029 1980 1102 quod
2013 1029 2168 1085 idem

515 1115 661 1172 dicit
685 1114 1035 1189 Apostolus:
1058 1115 1181 1172 Ideo
1209 1117 1355 1172 inter
1383 1133 1475 1174 vos
1511 1118 1678 1174 multi
1717 1120 1950 1190 inﬁrmi,
1979 1127 2029 1175 et
2062 1121 2168 1174 im-

517 1205 753 1275 becilles,
779 1211 832 1261 et
853 1204 1154 1273 dormiunt,
1179 1203 1237 1261 id
1269 1209 1360 1262 est
1389 1207 1745 1276 moriuntur,
1775 1209 1941 1264 multi
1965 1207 2165 1281 (ibid).

516 1295 636 1352 Hoc
659 1297 1024 1351 monstratur
1037 1292 1098 1349 in
1114 1294 1380 1368 exemplo
1396 1295 1469 1351 de
1482 1295 1928 1353 inﬁrmitatibus
1943 1301 2001 1352 et
2022 1313 2171 1353 mor-

514 1383 679 1440 tibus
699 1381 1102 1455 corporalibus
1130 1382 1485 1456 aliquorum,
1513 1385 1668 1457 quod
1699 1386 1766 1440 ﬁt
1791 1385 1849 1441 in
1880 1386 2081 1444 anima
2111 1387 2170 1443 in

518 1470 888 1546 spiritalibus
910 1469 1356 1529 infirmitatibus
1379 1477 1556 1546 atque
1584 1474 1875 1532 mortibus
1905 1475 2170 1532 omnium

518 1561 1044 1620 irreverendorum.
1079 1561 1197 1619 Hoc
1228 1561 1386 1619 enim
1425 1563 1664 1642 pascha,
1687 1565 1842 1638 quod
1881 1569 2022 1622 tunc
2060 1566 2171 1623 Do-

521 1650 722 1709 minus
752 1650 812 1707 in
844 1666 992 1707 novo
1031 1650 1308 1725 mysterio
1335 1652 1474 1726 egit,
1508 1653 1770 1726 quotidie
1807 1653 2174 1712 celebramus

520 1741 990 1814 quotiescunque
1011 1739 1256 1796 missam
1278 1739 1511 1814 agimus
1535 1758 1549 1797 :
1571 1743 1725 1800 sicut
1743 1742 1871 1816 ipse
1891 1747 2033 1800 tunc
2055 1761 2176 1801 om-

521 1829 698 1888 nibus
727 1828 1020 1902 episeOpis
1049 1833 1106 1885 et
1134 1830 1508 1904 presbyteris,
1530 1847 1600 1888 ac
1625 1831 1850 1890 caeteris
1879 1833 2172 1904 ﬁdelibus,

522 1916 962 2018 celebrantibus
978 1920 1152 1992 atque
1183 1919 1517 2018 astantibus
1545 1921 1619 2018 ad
1648 1921 1759 2018 hoc
1788 1921 2047 2018 terribile
2077 1939 2176 1979 sa-
2206 1952 2255 2018 Β

523 2011 914 2075 eramentum,
947 2006 1006 2063 in
1046 2008 1328 2081 apostolis
1377 2009 1502 2067 suis
1551 1993 1696 2067 dixit
1727 2029 1740 2068 :
1771 2014 1895 2069 Haec
1942 2015 2174 2085 quoties-

522 2113 738 2170 cunque
762 2097 1024 2169 feceritis,
1051 2098 1114 2153 in
1139 2115 1319 2154 meam
1358 2102 1682 2157 memoriam
1726 2103 1943 2172 facietis
1969 2102 2173 2173 (ibid.).

524 2185 597 2242 Et
623 2189 817 2260 potest
844 2185 970 2242 fieri
1001 2190 1069 2243 ut
1097 2187 1340 2260 quidam
1371 2188 1676 2246 audientes
1705 2189 1821 2246 tale
1851 2191 2176 2263 perieulum

526 2291 658 2335 esse
685 2275 1119 2333 communicare
1147 2277 1374 2351 corpori
1403 2283 1460 2335 et
1492 2279 1766 2354 sanguini
1799 2280 2052 2350 Domini,
2077 2281 2177 2354 qui

528 2382 648 2423 non
675 2363 882 2422 volunt
908 2383 944 2422 a
973 2365 1146 2422 malis
1173 2367 1441 2425 recedere
1470 2372 1528 2424 et
1555 2369 1626 2426 de
1657 2369 1965 2442 prmteritis
1994 2371 2176 2444 paeni-

527 2454 776 2512 tentiam
827 2471 1020 2528 agere,
1050 2455 1293 2512 dicant:
1324 2457 1768 2516 Abstinebimus
1817 2476 1923 2515 nos
1966 2460 2038 2516 ab
2079 2459 2180 2517 illa

530 2543 1114 2618 communione,quia
1130 2562 1246 2602 non
1261 2545 1614 2603 retrahimus
1637 2564 1744 2604 nos
1762 2565 1795 2605 a
1810 2548 1926 2606 mal
1934 2566 1966 2604 a
1985 2565 2182 2622 opera-

529 2632 708 2690 tione.
733 2631 897 2690 Unde
922 2633 1164 2690 audiant
1182 2633 1634 2709 quibuscunque
1655 2637 1924 2694 diabolus
1945 2638 2060 2695 ista
2089 2656 2182 2695 su-

532 2725 749 2789 surrat,
773 2721 1054 2794 quoniam
1083 2721 1238 2780 sicut
1274 2723 1561 2782 Dominus
1591 2726 1735 2784 dicit
1763 2727 1834 2785 de
1861 2728 2178 2802 baptismo,

531 2811 689 2884 quod
733 2809 936 2867 nullus
984 2815 1177 2884 potest
1223 2813 1346 2869 fieri
1396 2813 1614 2883 salvus,
1638 2815 1752 2872 nisi
1791 2817 1891 2889 qui
1939 2823 2181 2874 renatus

531 2898 710 2957 fuerit
737 2915 806 2956 ex
836 2917 990 2974 aqua
1013 2904 1070 2957 et
1098 2901 1321 2976 Spiritu
1353 2909 1557 2961 sancto
1581 2921 1596 2960 :
1629 2904 1714 2962 ita
1740 2906 1811 2962 de
1839 2906 1947 2962 hac
1976 2911 2184 2963 sancta

531 2986 946 3047 communione
975 2988 1121 3046 dixit
1150 3007 1164 3046 :
1196 2992 1323 3048 Nisi
1345 2994 1813 3052 manducaveritis
1841 3013 2064 3053 carnem
2091 2997 2182 3052 Fi-

534 3079 604 3135 lii
625 3079 884 3147 hominis,
897 3087 950 3136 et
979 3081 1228 3137 biberitis
1257 3082 1374 3154 ejus
1400 3086 1750 3153 sanguiuem,
1775 3102 1888 3142 non
1916 3086 2183 3142 habebitis

531 3169 703 3224 vitam
731 3168 794 3224 in
815 3167 967 3224 vobis
994 3170 1172 3237 (Joan.
1212 3169 1312 3242 v1).
1345 3170 1416 3226 Et
1459 3169 1613 3228 sicut
1653 3172 1801 3228 dixit
1832 3189 1845 3228 :
1881 3175 1990 3243 Qui
2015 3175 2185 3231 credi-

2273 671 2425 728 modi
2449 687 2548 727 nec
2575 671 2760 726 cibum
2787 685 3002 726 sumere
3028 672 3083 736 (Ι
3107 669 3228 725 Cor.
3261 671 3340 736 v).
3373 667 3587 725 Christi
3615 664 3938 739 discipulo,

2277 761 2337 817 id
2368 764 2457 817 est
2497 759 2853 829 Christiano,
2884 757 3020 814 licet
3062 763 3197 813 ante
3245 755 3733 823 satisfactionem,
3761 755 3824 810 id
3856 761 3942 811 est

2277 848 2716 917 correctionem,
2737 865 2802 904 ac
2824 847 3294 904 emendationem
3316 849 3372 902 et
3391 845 3631 919 dignam
3655 845 3944 917 perniten-

2276 939 2441 996 tiam.
2465 937 2722 994 Audiant
2743 937 2899 1011 quod
2922 939 3160 993 sanctus
3179 935 3435 992 Joannes
3468 934 3806 1008 apostolus,
3831 932 3943 989 ele-

2279 1030 2410 1082 ctus
2449 1031 2506 1082 et
2552 1025 2801 1081 dilectus
2827 1024 3064 1092 Christi,
3089 1023 3189 1096 qui
3221 1023 3281 1080 in
3312 1040 3478 1080 omna
3506 1040 3687 1094 super
3737 1026 3945 1095 pectus

2278 1115 2408 1188 ejus
2430 1113 2717 1184 recubuit,
2733 1113 2909 1170 talem
2926 1113 3228 1169 hominem
3245 1112 3500 1168 salutare
3509 1111 3942 1178 vetat,dicens:

2279 1205 2385 1261 Nec
2414 1204 2518 1260 Ave
2566 1206 2622 1261 ei
2665 1203 2940 1271 dixeritis,
2962 1219 3136 1277 neque
3165 1204 3226 1259 in
3255 1202 3477 1258 domum
3520 1203 3848 1274 receperitis
3877 1202 3946 1269 (11

2276 1299 2442 1354 Joan.
2467 1296 2545 1364 χ).
2567 1293 2823 1350 Audiant
2847 1292 2988 1366 quid
3021 1309 3125 1366 per
3151 1291 3495 1366 prophetam
3528 1291 3831 1348 Dominus
3863 1289 3944 1346 di-

2280 1383 2360 1440 cit
2390 1383 2463 1439 ad
2494 1399 2594 1440 eos
2614 1381 2716 1454 qui
2745 1382 2805 1437 in
2835 1381 3027 1438 medio
3057 1381 3265 1438 talium
3295 1381 3694 1438 immorantur
3719 1398 3736 1436 :
3763 1381 3942 1447 Exite,

2279 1471 2576 1544 inquiens,
2606 1471 2672 1528 de
2697 1471 2876 1528 medio
2901 1487 3109 1538 eorum,
3138 1479 3191 1528 et
3217 1471 3559 1527 immundam
3581 1487 3652 1526 ne
3703 1471 3946 1540 tetigeri-

2281 1564 2371 1632 tis,
2393 1569 2446 1618 et
2472 1577 2569 1632 ego
2607 1563 2874 1634 recipiam
2922 1577 3035 1629 vos,
3067 1569 3118 1618 et
3145 1561 3400 1617 habitabo
3447 1562 3592 1616 inter
3617 1577 3738 1627 vos,
3773 1568 3828 1616 et
3857 1575 3945 1615 ero

2281 1651 2431 1708 vobis
2457 1653 2517 1708 in
2547 1651 2737 1721 Deum,
2759 1659 2811 1708 et
2836 1667 2926 1709 vos
2973 1651 3128 1708 eritis
3181 1651 3321 1708 mihi
3347 1651 3406 1707 in
3435 1650 3582 1722 ﬁlios
3608 1657 3660 1706 et
3691 1649 3852 1721 ﬁlias
3880 1649 3947 1720 (ll

2285 1742 2406 1799 Cor.
2438 1759 2516 1808 v1,
2547 1741 2656 1798 Jer.
2690 1741 2862 1812 χχχι).
2899 1739 3055 1796 Nihil
3101 1739 3258 1797 enim
3288 1743 3380 1796 est
3420 1738 3580 1796 aliud
3631 1740 3798 1811 quod
3853 1737 3942 1794 isti

2284 1834 2548 1902 raptores
2577 1829 2822 1896 faciunt,
2848 1827 2962 1886 nisi
2995 1828 3310 1902 praecursio
3336 1828 3626 1886 exercitus
3645 1825 3943 1883 Antichri-

2285 1917 2382 1992 sti,
2407 1919 2576 1991 cujus
2614 1935 2751 1975 voce
2795 1918 3016 1974 dictum
3049 1923 3138 1974 est
3160 1935 3173 1976 :
3198 1919 3316 1976 Non
3362 1919 3616 1974 nwvebor
3641 1935 3672 1973 a
3706 1933 3943 1989 genera-

2282 2010 2428 2065 tione
2481 2010 2543 2064 in
2587 2011 2992 2081 generationem
3041 2011 3164 2066 sine
3217 2008 3362 2066 malo
3419 2007 3590 2078 (Psat.
3623 2006 3704 2078 χ),
3741 2007 3802 2063 id
3860 2009 3944 2062 est

2284 2101 2450 2154 tanta
2478 2095 2634 2154 mala
2665 2098 2874 2154 faciam
2921 2097 2982 2154 in
3033 2115 3148 2155 uno
3195 2096 3344 2169 loco,
3376 2104 3442 2154 ut
3490 2101 3818 2170 antequam
3871 2095 3938 2152 ad

2284 2185 2466 2242 alium
2498 2185 2691 2242 locum
2722 2187 2974 2254 veniam,
3000 2187 3312 2244 adventum
3337 2201 3536 2242 meum
3561 2186 3643 2242 ibi
3673 2185 3940 2242 habitan-

2283 2278 2372 2331 tes
2393 2273 2674 2331 timeant:
2705 2275 2804 2330 sed
2829 2279 2886 2332 et
2914 2280 3117 2350 postea
3142 2275 3416 2332 sentient.
3440 2276 3509 2331 Et
3529 2275 3794 2332 Joannes
3815 2291 3940 2348 apo-

2284 2363 2470 2420 stolus
2495 2381 2508 2420 :
2535 2365 2710 2431 Nunc,
2743 2364 2956 2438 inquit,
2987 2366 3304 2423 antichristi
3347 2365 3510 2422 multi
3545 2372 3680 2422 sunt
3704 2367 3758 2436 (ι
3781 2365 3934 2422 Joan.

2285 2453 2372 2526 ιι).
2406 2453 2569 2510 Unde
2609 2453 2936 2511 timendum
2977 2455 3146 2512 nobis
3175 2459 3266 2512 est
3293 2455 3452 2528 quod
3483 2454 3678 2512 omnis
3703 2459 3939 2527 propter

2286 2541 2396 2598 hoc
2452 2544 2798 2616 deprecatur
2855 2543 3156 2602 Ecclesia:
3196 2545 3460 2616 Exsurge,
3491 2546 3724 2601 Domine
3777 2545 3934 2609 Deus,

2285 2633 2558 2688 eraltctur
2581 2650 2780 2690 manus
2807 2641 2921 2703 tua,
2955 2633 3014 2690 id
3052 2637 3141 2690 est
3182 2634 3254 2690 ad
3286 2633 3628 2700 vindictam,
3657 2649 3772 2690 non
3801 2633 3934 2689 obli-

2286 2723 2519 2779 viscaris
2571 2740 2865 2796 pauperem
2901 2723 3167 2796 populum
3193 2724 3369 2794 (Psal.
3396 2726 3476 2795 χ).
3509 2723 3581 2780 Et
3627 2723 3935 2786 Dominus,

2289 2810 2389 2884 qui
2423 2829 2538 2868 non
2569 2813 2872 2880 mentitur,
2904 2812 3275 2886 repromittit,
3297 2813 3498 2869 dicens
3529 2829 3544 2868 :
3575 2818 3812 2886 Propter
3835 2813 3938 2867 mi-

2287 2902 2490 2958 seriam
2511 2904 2754 2974 inopum,
2769 2909 2820 2958 et
2837 2905 3099 2974 gemitum
3112 2919 3440 2976 pauperum,
3453 2919 3603 2958 nunc
3614 2917 3936 2971 exsul-gem.

2289 2990 2425 3048 dicit
2456 2993 2722 3048 Dominus
2745 2991 2914 3065 (Psat.
2937 2994 3037 3061 χι),
3062 2989 3120 3047 id
3151 2995 3241 3048 est
3261 2992 3389 3064 jam
3410 2990 3733 3065 jamquein
3759 2989 3940 3064 proxi-

2291 3097 2387 3136 mo
2417 3080 2734 3138 vindictam
2765 3081 3060 3138 exercebo.
3083 3081 3342 3138 Audiant
3380 3085 3662 3154 raptores,
3695 3080 3842 3154 quid
3873 3081 3936 3136 de

2289 3168 2508 3226 talibus
2537 3169 2690 3226 sacri
2719 3185 2975 3227 canones
3004 3171 3326 3228 decernunt
3352 3176 3523 3239 (conc.
3559 3171 3720 3228 Totet.
3749 3188 3795 3238 ι,
3819 3187 3937 3226 can.

531 3257 676 3316 derit
698 3263 754 3314 et
779 3258 1088 3330 baptizatus
1131 3260 1322 3330 fuerit,
1356 3261 1544 3317 salvus
1587 3264 1696 3318 erit
1736 3262 1922 3332 (Mare.
1955 3263 2091 3336 xw),
2126 3262 2184 3320 id
2222 3325 2257 3336 _
2297 3259 2386 3329 11)
2410 3275 2423 3314 :
2448 3258 2505 3314 Si
2539 3259 2694 3332 quis,
2729 3259 3114 3332 inquiunt,de
3144 3260 3483 3332 potentibus
3511 3257 3816 3323 clericum,
3847 3261 3942 3314 aut

532 3349 644 3413 est,
677 3344 831 3403 sicut
844 3325 1215 3420 promisitvin
1266 3347 1640 3421 baptismate,
1671 3325 1902 3408 diabolo
1950 3357 2010 3409 et
2053 3325 2185 3424 ejus
2215 3325 2259 3394 (ἶ
2297 3325 2618 3422 quemlibet
2645 3325 2986 3422 pauperem,
3015 3325 3120 3406 aut
3144 3325 3487 3422 religiosum
3518 3345 3940 3420 exspoliaverit.

535 3433 811 3508 operibus
840 3434 1328 3506 abrenuntiando,
1361 3443 1419 3493 et
1448 3439 1507 3495 in
1544 3439 1733 3496 Deum
1764 3441 1878 3497 ﬁde
1909 3458 2036 3514 quze
2084 3459 2188 3516 per

534 3521 907 3582 dilectionem
935 3527 1211 3598 operatur
1239 3526 1547 3597 credendo,
1571 3528 1680 3585 hoc
1710 3535 1801 3586 est
1831 3535 1895 3586 ut
1914 3530 1974 3588 in
1999 3532 2111 3588 {ide
2129 3537 2188 3588 et

535 3610 708 3669 bonis
737 3612 1014 3686 operibus
1059 3618 1417 3686 permaneat,
1450 3621 1509 3672 et
1547 3617 1596 3674 si
1646 3623 1779 3692 post
1823 3619 2184 3694 baptismum

534 3701 882 3774 peccaverit,
913 3701 1340 3760 confessionem
1381 3708 1438 3761 et
1474 3705 1714 3779 dignam
1756 3708 2182 3780 paenitentiam,

533 3789 654 3847 illis
682 3789 786 3862 qui
821 3789 883 3846 in
913 3807 1050 3848 eum
1100 3798 1486 3864 peccaverunt
1512 3795 1883 3868 dimittendo,
1915 3803 1973 3855 et
2015 3798 2186 3856 bonis

535 3878 812 3952 operibus
833 3879 1180 3952 insistendo,
1203 3882 1316 3939 hoc
1339 3885 1496 3956 quod
1527 3885 1680 3942 male
1709 3887 1845 3944 fecit
1875 3888 2183 3944 emendet:

535 3967 621 4024 ita
646 3968 824 4024 etiam
865 3969 936 4025 de
983 3969 1094 4026 hac
1141 3975 1345 4029 sancta
1390 3975 1804 4032 communione
1831 3976 1979 4032 dixit
2006 3979 2184 4048 (Joan.

534 4059 652 4126 v1):
678 4057 786 4126 Qui
810 4057 1107 4116 manducat
1143 4076 1365 4119 carnem
1396 4080 1594 4131 meam,
1617 4072 1667 4120 et
1695 4065 1835 4120 bibit
1858 4068 2188 4136 sanguinem

533 4161 738 4212 memn,
764 4148 826 4202 in
853 4163 940 4203 me
966 4157 1170 4216 manet,
1191 4158 1243 4208 et
1267 4167 1366 4222 ego
1412 4154 1473 4208 in
1513 4169 1594 4208 eo.
1627 4153 1700 4208 Et
1731 4169 1744 4208 :
1775 4153 1840 4209 Si
1866 4156 1990 4227 quis
2026 4172 2186 4210 man-

535 4233 819 4291 ducaverit
841 4251 913 4292 ex
937 4236 1037 4292 hoc
1057 4253 1222 4309 pane,
1243 4242 1385 4296 vivet
1415 4242 1475 4295 in
1512 4249 1798 4298 aeternam
1832 4252 1884 4299 et
1905 4260 2004 4313 ego
2030 4260 2185 4300 resu-

533 4321 739 4380 scitabo
789 4340 916 4380 eum
964 4326 1026 4381 in
1069 4329 1366 4384 novissimo
1394 4327 1502 4384 die.
1538 4330 1653 4385 Et:
1687 4330 1842 4387 Sicut
1891 4335 2049 4388 misit
2101 4350 2189 4389 me

535 4412 722 4469 vivens
768 4413 951 4481 Pater,
981 4422 1035 4472 et
1077 4431 1176 4485 ego
1221 4417 1343 4473 vivo
1390 4425 1611 4490 propter
1654 4421 1900 4477 Patrem.
1934 4421 2050 4479 Et:
2085 4423 2189 4491 Qui

535 4500 832 4558 manducat
859 4519 965 4570 me,
995 4511 1050 4560 et
1075 4506 1188 4575 ipse
1225 4507 1368 4562 vivet
1407 4517 1628 4580 propter
1665 4526 1770 4566 me.
1802 4510 2060 4568 Audiant
2088 4529 2185 4568 ra-

536 4605 709 4662 paces
727 4593 788 4647 et
807 4591 1336 4664 prodatores,quid
1368 4595 1580 4652 iterum
1611 4596 1898 4656 Dominus
1929 4618 2033 4673 per
2061 4618 2188 4674 pro-

2293 3442 2353 3494 et
2382 3438 2744 3495 mandaverit
2775 3439 2848 3494 ad
2881 3437 3078 3511 ipsum
3120 3437 3430 3511 episcopus
3459 3440 3527 3494 ut
3552 3454 3689 3494 eum
3720 3437 3938 3503 audiat,

2293 3531 2352 3584 et
2377 3525 2428 3584 is
2449 3527 2866 3600 contempserit
2892 3543 2904 3582 :
2928 3527 3176 3584 invicem
3199 3544 3334 3584 mox
3353 3527 3574 3600 scripta
3601 3527 3942 3600 percurrant

2295 3633 2398 3689 per
2452 3633 2658 3672 omnes
2715 3615 3022 3688 provinciae
3079 3616 3406 3690 episcopos,
3445 3621 3505 3672 et
3559 3630 3940 3689 quoscunque

2295 3704 2454 3762 adire
2493 3705 2768 3778 potuerit,
2802 3709 2867 3760 ut
2913 3705 3456 3762 excommunicatus
3503 3704 3812 3772 habeatur,
3845 3705 3937 3761 do-

2297 3811 2401 3851 nec
2432 3794 2633 3852 audiat
2660 3799 2718 3851 et
2748 3795 2954 3852 reddat
2982 3794 3190 3853 aliena.
3215 3795 3359 3852 Ecce
3388 3795 3461 3852 de
3490 3810 3822 3868 pauperum
3853 3810 3938 3850 rs-

2295 3883 2582 3956 ptoribus.
2614 3884 2872 3941 Audiant
2903 3889 3165 3958 raptores
3193 3888 3252 3942 et
3287 3885 3590 3957 praedones
3620 3900 3820 3940 rerum
3849 3899 3938 3939 ec-

2295 3971 2924 4045 clesiasticarum,quid
2951 3979 3192 4031 sanctus
3210 3973 3522 4031 Anacletus
3542 3990 3714 4046 papa,
3728 3973 3803 4030 ab
3820 3972 3941 4046 ipso

2293 4059 2463 4116 beato
2489 4062 2650 4117 Petro
2671 4062 2933 4134 apostolo
2950 4063 3255 4136 presbyter
3273 4062 3601 4133 ordinatus,
3615 4079 3750 4118 cum
3767 4062 3942 4118 totius

2296 4148 2503 4205 mundi
2535 4151 2936 4208 sacerdotibus
2958 4151 3265 4222 judicavit.
3294 4151 3448 4209 Dicit
3485 4168 3740 4225 namque
3768 4152 3940 4224 (epist.

2296 4239 2348 4310 1)
2373 4255 2386 4294 :
2412 4239 2520 4306 Qui
2551 4239 2861 4296 abstulerit
2888 4240 3110 4314 aliquid
3137 4241 3286 4314 patri
3305 4239 3392 4298 vel
3415 4241 3614 4309 matri,
3640 4240 3942 4297 homicida

2293 4327 2585 4400 particeps
2614 4333 2722 4384 est.
2749 4329 2916 4386 Pater
2942 4333 3142 4387 noster
3168 4329 3295 4386 sine
3326 4329 3506 4387 dubio
3529 4331 3684 4386 Deus
3713 4334 3826 4395 est,
3848 4327 3940 4402 qui

2294 4432 2401 4472 nos
2423 4417 2656 4486 creavit,
2681 4422 2870 4475 mater
2896 4435 3030 4474 vero
3059 4422 3260 4475 nostra
3284 4417 3562 4488 Ecclesia,
3586 4435 3715 4493 qua
3747 4435 3854 4474 nos
3885 4418 3940 4472 in

2293 4504 2588 4578 baptismo
2619 4506 2960 4580 spiritaliter
3007 4507 3383 4582 rcgeneravit.
3408 4507 3558 4581 Ergo
3587 4507 3688 4581 qui
3730 4506 3938 4564 Christi

2294 4595 2573 4666 pecunias
2593 4600 2650 4651 et
2671 4595 2938 4652 Ecclesia:
2970 4597 3144 4671 rapit,
3160 4601 3264 4653 aut
3282 4596 3492 4665 aufert,
3507 4595 3593 4653 vel
3614 4597 3936 4662 fraudetur,

535 4674 773 4766 p‘betam
789 4677 961 4766 dicit:
978 4679 1400 4766 Quipraedaris,
1413 4699 1595 4740 nonne
1613 4694 1666 4740 et
1685 4689 1799 4758 ipse
1807 4689 2188 4759 prtedaberis?
2214 4701 2262 4766 Β
2293 4683 2588 4738 homicida
2607 4689 2714 4751 est,
2732 4690 2905 4757 atque
2929 4686 3223 4741 homicida
3240 4690 3374 4741 ante
3395 4691 3774 4758 conspectum
3791 4685 3936 4758 justi

531 4764 663 4835 (Isa.
693 4769 918 4838 χχχιιι.)
946 4765 1228 4824 Videlicet
1257 4768 1394 4842 quia
1437 4769 1596 4829 illius
1627 4775 1727 4847 qui
1766 4777 2061 4849 praedatur
2089 4795 2181 4837 res
2214 4764 2248 4766 _
2281 4772 2505 4845 judicis
2544 4773 2940 4846 deputabitur.
2973 4773 3080 4842 Qui
3131 4775 3285 4849 rupit
3327 4775 3637 4849 pecuniam
3691 4773 3932 4847 proximi

533 4870 862 4927 pauperum
889 4857 946 4912 et
973 4854 1354 4914 ecclesiarum
1384 4876 1451 4916 ac
1477 4878 1779 4919 servorum
1811 4864 1935 4934 Dei,
1966 4867 2186 4939 praeda-

531 4945 632 4998 tur
657 4961 695 5000 a
721 4943 976 5013 diabolo,
994 4949 1052 5000 et
1080 4946 1273 5017 praeda
1301 4946 1461 5004 illius
1491 4951 1575 5006 fit.
1601 4951 1859 5008 Audiant
1881 4955 2022 5026 quid
2055 4974 2184 5012 san-

532 5035 665 5088 ctus
695 5031 912 5089 Paulus
941 5033 1243 5106 apostolus
1272 5037 1447 5105 dicat,
1472 5054 1576 5110 per
1609 5057 1785 5111 quem
1833 5041 2062 5099 locutus
2093 5050 2184 5101 est

529 5118 886 5188 Gbristus,et
902 5121 1003 5194 qui
1027 5127 1229 5196 raptus
1251 5124 1362 5180 fuit
1377 5142 1565 5198 usque
1586 5128 1658 5183 ad
1681 5129 1920 5187 tertium
1943 5132 2178 5202 coelum,

529 5214 590 5267 et
617 5209 720 5283 qui
751 5213 954 5282 raptus
983 5211 1094 5267 fuit
1123 5211 1183 5268 in
1215 5214 1574 5284 paradisum,
1599 5221 1656 5272 et
1676 5218 1898 5275 audivit
1928 5221 2070 5277 talia
2098 5239 2182 5278 se-

530 5304 690 5356 creta
713 5299 912 5365 verba,
925 5317 1054 5373 quae
1077 5319 1194 5357 non
1221 5301 1432 5359 licebat
1451 5303 1673 5361 homini
1697 5305 1878 5379 loqui.
1903 5309 2001 5366 Ait
2022 5327 2183 5367 nam-

531 5405 646 5460 que
668 5387 810 5461 quia
828 5403 1004 5461 neque
1029 5407 1274 5463 rapaces,
1301 5408 1476 5465 neque
1497 5395 1808 5462 homicidae,
1829 5414 2002 5470 neque
2021 5400 2178 5456 adut-

529 5477 637 5533 teri
686 5494 916 5550 regnum
968 5480 1067 5534 Dei
1114 5481 1466 5552 possidebunt
1503 5482 1558 5553 (1
1587 5485 1706 5540 Cor.
1738 5486 1838 5559 v1).
1873 5487 2034 5544 Unde
2089 5489 2179 5545 in-

528 5565 774 5623 tendant
800 5567 972 5640 quale
1009 5573 1416 5643 quantumque
1462 5578 1764 5644 peccatum
1813 5582 1902 5632 est
1950 5579 2175 5650 rapina,

529 5671 708 5726 quam
739 5673 875 5713 cum
906 5657 1191 5714 adulterio
1229 5663 1286 5715 et
1329 5659 1643 5719 homicidio
1671 5671 1913 5722 sanctus
1942 5685 2178 5740 compa-

528 5743 614 5799 vit
653 5745 984 5816 Apostolus.
1027 5747 1170 5804 Item
1213 5748 1337 5820 ipse
1367 5749 1545 5807 dicit:
1573 5754 1640 5808 Si
1685 5757 1807 5827 guis
1853 5759 2171 5826 fornicator.

2290 4861 2404 4932 sui,
2438 4860 2806 4935 iniquitatem
2837 4867 3148 4937 operatur:
3177 4863 3278 4937 qui
3301 4869 3496 4922 autem
3521 4862 3830 4936 pecuniam
3852 4861 3934 4919 vel

2291 4967 2383 5007 res
2413 4951 2679 5008 Ecclesia:
2715 4952 3046 5022 abstulerit,
3067 4953 3442 5026 sacrilegium
3477 4953 3634 5022 facit,
3658 4957 3716 5010 et
3748 4959 3813 5009 ut
3842 4970 3935 5009 sa-

2289 5040 2368 5096 eri
2377 5039 2541 5111 legus
2554 5040 2838 5110 judicand
2848 5059 2915 5096 us
2935 5046 3044 5098 est.
3068 5042 3139 5098 Et
3159 5046 3401 5100 sanctus
3423 5042 3694 5100 Urbanus
3715 5059 3866 5115 papa
3882 5043 3937 5096 et

2289 5133 2537 5202 martyr:
2557 5130 2689 5198 Res,
2706 5129 2920 5203 inquit,
2934 5135 2991 5186 et
3022 5130 3329 5188 facultates
3352 5131 3760 5189 ecclesiastica
3779 5129 3933 5188 obla-

2287 5217 2477 5273 tiones
2507 5218 2899 5291 appellantur,
2922 5220 3062 5293 quia
3091 5221 3338 5278 Domino
3369 5221 3716 5288 oll'eruntur,
3729 5225 3788 5276 et
3807 5223 3934 5277 vota

2291 5311 2431 5362 sunt
2451 5307 2734 5376 fidelium,
2751 5327 2818 5366 ac
2843 5310 3029 5383 pretia
3047 5315 3439 5384 peccatorum,
3454 5315 3628 5384 atque
3655 5309 3933 5384 patrimo-

2291 5395 2389 5452 nia
2409 5414 2732 5470 pauperum
2753 5415 2764 5454 :
2791 5399 2838 5454 si
2863 5399 2996 5472 quis
3020 5399 3122 5455 illa
3140 5401 3418 5472 rapuerit,
3438 5417 3572 5456 reus
3594 5406 3684 5455 est
3702 5401 3934 5455 damna-

2289 5485 2466 5542 tionis
2486 5487 2722 5542 Ananite
2743 5492 2800 5544 et
2823 5488 3102 5561 Saphiraz,
3121 5494 3180 5545 et
3200 5494 3426 5563 oportet
3452 5488 3798 5561 hujusmodi
3821 5493 3928 5544 tra-

2287 5574 2422 5632 dere
2453 5577 2703 5642 Satanar,
2737 5580 2800 5632 ut
2842 5577 3085 5651 spiritus
3133 5578 3328 5636 salvus
3357 5578 3438 5636 sit
3464 5578 3524 5635 in
3556 5578 3650 5636 die
3679 5578 3925 5635 Domini.

2286 5665 2355 5720 Et
2384 5669 2623 5722 sanctus
2666 5664 2881 5723 Lucius
2920 5684 3070 5740 papa
3099 5685 3112 5723 :
3149 5668 3386 5735 Rerum,
3418 5668 3631 5741 inquit,
3663 5667 3927 5726 ecclesia-

2285 5753 2564 5811 sticarum
2595 5758 2654 5811 et
2685 5754 3031 5812 facultatum
3059 5761 3321 5828 raptores
3341 5774 3376 5814 a
3394 5756 3702 5815 liminibus
3720 5761 3926 5814 sancta
