4152 6508
273 471 428 535 1085

1529 474 1916 537 CAPITULA
1968 473 2439 537 SYNODALIA.

3532 459 3688 540 i086

267 622 399 664 esse
423 604 755 680 patiebatur
787 623 800 662 :
835 606 937 663 sed
967 605 1227 666 vicissim
1259 626 1361 682 per
1398 609 1822 678 successiones,
1855 612 1922 665 ut
1947 608 2002 676 Α
2033 605 2196 664 stitia
2225 610 2284 663 et
2306 606 2624 679 judicium,
2659 623 2788 680 quae
2837 607 3007 681 quasi
3058 612 3328 667 emortua
3373 612 3528 685 apud
3577 630 3686 671 nos

269 696 358 754 eis
388 695 667 768 possibile
696 695 863 765 foret,
897 713 1098 753 secum
1130 698 1400 766 habebat,
1433 703 1491 755 et
1534 699 1606 755 ad
1637 699 1920 771 capitium

269 782 404 842 lecti
436 789 576 840 sunt
603 784 833 840 tabulas
859 802 994 842 cum
1025 787 1269 860 graphio
1290 788 1624 862 habebat,et
1653 806 1778 861 quae
1801 788 1923 845 sive

268 872 330 930 in
362 872 476 942 die,
509 871 628 930 sive
657 871 717 929 in
749 877 937 944 nocte,
971 877 1042 933 de
1073 877 1324 934 utilitate
1375 882 1588 934 sancta:
1626 877 1917 946 Ecclesiae,

268 968 327 1020 et
356 963 428 1020 de
457 962 721 1035 profectu
751 979 818 1019 ac
857 963 1148 1022 soliditate
1197 967 1359 1041 regni
1409 967 1829 1036 meditabatur,
1861 967 1918 1024 in

267 1051 492 1110 eisdem
521 1050 741 1108 tabulis
769 1053 1106 1124 adnotabat,
1139 1059 1198 1112 et
1227 1073 1363 1112 cum
1393 1056 1614 1113 eisdem
1647 1057 1918 1114 eonsilia-
1961 1095 1976 1108 .

267 1141 558 1213 riis,quos
590 1157 789 1197 secum
817 1142 1241 1211 habebat,inde
1269 1147 1658 1203 tractabat:et
1683 1148 1918 1220 quando

267 1231 338 1288 ad
357 1229 639 1304 placitum
659 1247 834 1287 suum
849 1232 1340 1301 veniebat,omnia
1363 1235 1656 1292 subtiliter
1669 1240 1920 1293 tractata

265 1318 619 1394 plenitudini
649 1320 1119 1380 consiliariorum
1149 1341 1394 1382 suorum
1442 1325 1830 1393 monstrabat,
1863 1330 1921 1382 et

263 1408 565 1466 communi
595 1409 838 1466 consilio
869 1410 971 1468 illa
1002 1412 1074 1468 ad
1092 1413 1364 1470 effectum
1381 1415 1698 1486 perducere
1715 1431 1918 1488 procu-

264 1499 453 1556 rabat.
489 1499 558 1554 Et
583 1498 632 1555 si
663 1497 782 1568 ille,
811 1498 911 1572 qui
941 1499 1027 1557 sic
1058 1501 1296 1575 sapiens
1324 1507 1381 1559 et
1407 1503 1596 1571 fortis,
1619 1509 1676 1560 et
1705 1503 1916 1577 ampli-

262 1586 467 1643 tudine
495 1586 661 1660 regni
690 1586 1034 1662 loeuples,et
1062 1589 1384 1647 multorum
1416 1607 1727 1665 regnorum
1759 1593 1916 1665 paci-

265 1676 416 1732 ficus
445 1674 974 1751 dominator,agere
1005 1679 1282 1736 studebat
1299 1680 1574 1754 (sequens
1595 1681 1917 1740 sententias

265 1765 584 1839 Scriptura;
613 1765 864 1824 dicentis
896 1784 910 1822 :
944 1768 1143 1824 Omnia
1165 1771 1258 1842 fac
1278 1786 1380 1842 per
1406 1772 1778 1840 consilium,et
1795 1779 1919 1845 post

261 1855 473 1928 factum
501 1871 613 1913 non
639 1857 927 1928 paenitebis
957 1858 1142 1931 (Eccli.
1171 1863 1346 1930 xxxn)
1374 1879 1387 1930 ;
1418 1865 1476 1916 et
1505 1877 1520 1916 :
1555 1861 1794 1919 Audiens
1823 1879 1914 1918 sa-

258 1947 420 2018 piens
448 1945 753 2017 sapientior
775 1949 900 2014 erit,
927 1955 978 2004 et
999 1949 1311 2019 intelligens
1339 1951 1711 2020 gubernacula
1735 1954 1914 2024 possi-

263 2032 412 2090 debit
436 2035 620 2103 (Prov.
646 2037 688 2104 1)
715 2052 729 2103 ;
761 2039 819 2092 et
851 2052 864 2091 :
903 2037 1005 2094 Ubi
1031 2054 1142 2094 non
1183 2047 1260 2095 est
1306 2039 1652 2112 gubernator,
1679 2041 1916 2113 populus

263 2130 482 2181 corruet
509 2141 528 2180 :
556 2123 708 2180 salus
737 2133 938 2192 autem,
968 2127 1068 2183 ubi
1101 2128 1279 2185 multa
1308 2129 1542 2185 consilia
1568 2131 1754 2200 (Prov.
1783 2132 1865 2199 χι)
1899 2147 1936 2185 εν

265 2211 408 2286 quid
428 2211 594 2270 vobis
615 2212 693 2270 sit
713 2215 1008 2287 agendum
1033 2217 1441 2290 attendite,qui
1463 2219 1655 2276 adhuc
1678 2219 1739 2275 in
1752 2223 1916 2276 aetate

265 2301 588 2358 immatura
615 2303 843 2370 estis,et
870 2307 1065 2363 tantos
1085 2307 1534 2381 comparticipes
1555 2313 1728 2382 atque
1743 2326 1918 2364 aemu-

265 2391 356 2448 los
387 2390 448 2446 in
479 2391 594 2448 ista
621 2391 907 2466 particula
934 2394 1097 2468 regni
1115 2394 1442 2464 habetis,ut
1459 2397 1696 2454 nomine
1717 2397 1916 2470 potius

266 2497 448 2554 quam
478 2481 694 2538 virtute
723 2483 1000 2556 regnetis.
1033 2485 1381 2550 Quasumus
1412 2503 1545 2542 cum
1586 2485 1829 2544 consilio
1859 2491 1918 2544 et

267 2569 485 2627 auxilio
533 2569 794 2627 fidelium
838 2576 1188 2640 vestrorum,
1219 2573 1414 2648 eligite
1464 2576 1563 2648 qui
1611 2575 1916 2632 vobiscum

267 2675 372 2732 per
401 2659 667 2732 singulos
699 2677 932 2718 menses
975 2662 1048 2718 de
1081 2666 1327 2736 utroque
1367 2663 1568 2721 ordine
1599 2664 1916 2722 consiliarii

246 2751 558 2816 maneant,
582 2749 800 2822 quibus
827 2767 1030 2807 aurem
1061 2756 1118 2808 et
1147 2752 1338 2808 cordis
1368 2758 1425 2810 et
1454 2754 1714 2827 corporis
1735 2753 1918 2811 liben-

261 2839 352 2892 ter
389 2839 804 2906 accomodetis,
852 2839 1071 2913 quique
1120 2836 1221 2897 vos
1269 2845 1327 2897 et
1371 2842 1557 2899 Deum
1608 2843 1836 2911 timere,
1860 2846 1918 2900 et

263 2929 530 2982 sanctam
559 2927 880 2984 Ecclesiam
911 2945 977 2984 ac
1008 2932 1260 2988 rectores
1290 2931 1418 3003 ejus
1457 2933 1784 2988 secundum
1817 2949 1914 2989 sa-

261 3030 398 3072 cras
426 3013 585 3089 leges
615 3016 864 3073 doceant
892 3017 1200 3088 honorare,
1231 3024 1290 3076 et
1317 3037 1565 3094 regnum
1614 3038 1680 3078 ac
1713 3021 1915 3080 fideles

264 3107 490 3161 vestros
519 3106 1217 3165 secundumvoluntatem
1248 3109 1481 3166 Domini
1503 3111 1916 3184 gubernare,ct

261 3198 516 3250 vestram
543 3194 806 3264 domum,
841 3194 997 3252 sicut
1020 3199 1282 3271 tempore
1330 3201 1766 3256 antecessorum
1815 3218 1911 3258 ve-

1975 1491 1982 1496 ’
2025 1499 2169 1556 dicit
2223 1516 2236 1555 :

2031 701 2192 766 sunt,
2224 695 2591 764 reviviscant,
2633 701 2692 752 et
2737 697 3012 754 virtutem
3068 699 3238 756 nobis
3280 701 3435 757 Deus
3479 703 3687 759 reddat

2029 790 2233 842 contra
2261 802 2544 860 paganos,
2577 785 2716 860 quia
2744 803 2934 860 usque
2962 789 3135 844 modo
3161 789 3288 860 jam
3321 794 3456 846 ante
3485 790 3683 864 plures

2030 892 2216 932 annos
2247 875 2441 932 locum
2472 875 2532 930 in
2565 875 2676 932 isto
2709 892 2885 950 regno
2907 876 3167 933 defensio
3199 895 3313 933 non
3345 878 3682 950 habuit,sed

2028 964 2351 1038 redemptio
2365 967 2423 1019 et
2443 963 2726 1020 tributum
2744 982 2858 1021 non
2883 965 3074 1022 solum
3093 983 3380 1040 pauperes
3391 967 3680 1038 homines,

2028 1054 2132 1110 sed
2163 1058 2222 1110 et
2251 1051 2529 1110 ecclesias
2551 1055 2851 1126 quondam
2881 1055 3228 1128 divitesjam
3259 1058 3684 1114 evacuatas‘ha—

2027 1143 2186 1200 bent.
2219 1143 2290 1200 Et
2318 1143 2448 1199 ideo
2478 1142 2704 1217 regium
2737 1161 2950 1201 nomen
2983 1146 3052 1201 ad
3101 1149 3328 1202 tantam
3379 1150 3680 1203 contume-

2027 1231 2166 1288 liam
2197 1235 2256 1288 et
2283 1232 2355 1288 ad
2389 1235 2616 1288 tantam
2649 1231 2992 1289 brevitatem
3026 1235 3274 1304 devenit,
3291 1235 3446 1292 sicut
3474 1235 3681 1293 multis

2026 1326 2116 1378 est
2144 1324 2452 1378 notumzet
2482 1320 2639 1376 istud
2667 1323 3248 1395 regnum,quondam
3281 1323 3474 1380 nobile
3504 1328 3680 1398 atque

2027 1409 2377 1484 amplum,in
2409 1409 2670 1484 seipsum
2703 1412 2956 1469 divisum
2987 1416 3185 1482 est;at
3213 1413 3366 1470 sicut
3393 1414 3679 1472 Dominus

2306 1502 2551 1571 Regnum
2616 1502 2678 1557 in
2739 1503 2979 1574 seipsum
3043 1502 3284 1558 divisum
3347 1503 3684 1560 desolabitur

2027 1589 2231 1660 (Matth.
2258 1588 2358 1662 x1),
2393 1589 2449 1646 id
2481 1593 2587 1660 est,
2623 1590 2695 1647 de
2725 1589 2869 1659 solo,
2902 1589 3173 1648 videlicet
3209 1593 3281 1648 de
3323 1595 3498 1662 terra,
3532 1591 3678 1649 labi-

2024 1681 2142 1751 tur,
2166 1678 2226 1734 id
2257 1682 2366 1748 est,
2391 1695 2458 1734 ac
2487 1678 2537 1735 si
2569 1679 2640 1736 de
2669 1679 2856 1753 glacie
2883 1679 3238 1750 lubricatur;
3257 1681 3340 1736 ita
3367 1685 3433 1737 ut
3453 1699 3569 1740 non
3601 1685 3681 1738 sit

2024 1767 2181 1840 quod
2212 1767 2272 1824 in
2311 1767 2574 1840 proximo
2624 1773 2736 1839 est,
2771 1767 2906 1840 nisi,
2942 1773 3007 1825 ut
3054 1769 3113 1826 in
3164 1769 3393 1844 psalmo
3436 1771 3672 1840 dicitur,

2024 1857 2284 1914 conversi
2318 1857 2634 1926 fuerimus;
2643 1858 2770 1930 jam
2793 1858 3074 1916 Dominus
3095 1857 3358 1933 gladium
3379 1877 3555 1916 suum
3587 1859 3675 1916 vi-

2024 1945 2230 2013 bravit,
2253 1945 2502 2003 tetendit
2531 1951 2588 2003 et
2618 1947 2842 2020 paravit
2869 1947 3060 2016 illum,
3084 1948 3224 2005 etin
3253 1966 3320 2005 eo
3349 1966 3490 2005 vasa
3519 1966 3675 2006 mor-

2023 2034 2100 2092 tis
2129 2035 2317 2090 effecit
2349 2035 2656 2108 (Psal.vn).
2681 2035 2906 2092 Timete
2935 2036 3288 2094 sententiam
3320 2055 3497 2111 quam
3528 2037 3676 2095 Scri-

2024 2127 2200 2196 ptura
2228 2123 2370 2180 dicit
2399 2143 2527 2198 quae
2561 2142 2675 2182 non
2707 2125 2990 2182 mentitur
3021 2143 3035 2183 :
3073 2127 3162 2186 Va:
3191 2135 3357 2185 terra?
3392 2127 3548 2199 cujus
3575 2143 3676 2184 rex

2014 2213 2238 2285 juvenis
2266 2222 2364 2281 est,
2401 2221 2454 2270 et
2483 2215 2640 2287 cujus
2667 2217 2944 2288 principes
2971 2232 3135 2272 mane
3162 2216 3449 2274 comedunt
3477 2217 3670 2290 (Eccle.

2023 2304 2180 2372 x).Et
2207 2303 2654 2376 attendite,quia
2681 2321 2798 2361 non
2830 2305 3156 2362 detestatur
3185 2305 3490 2378 Scriptura
3507 2307 3674 2361 aetate

2016 2392 2316 2464 juvenem,
2349 2393 2451 2448 sed
2481 2393 2766 2461 moribus,
2801 2397 2858 2449 et
2877 2391 3014 2461 vita,
3051 2397 3226 2466 atque
3255 2393 3523 2464 stultitia,
3544 2410 3672 2466 quae

2025 2479 2192 2536 nulla
2237 2479 2464 2537 consilii
2511 2481 2792 2554 gravitate
2837 2481 3267 2554 deprimuntur.
3318 2483 3482 2550 Quod
3531 2481 3671 2539 alibi

2025 2573 2240 2626 sanetaa
2288 2571 2602 2644 Scriptura:
2649 2571 2950 2628 sententiae
2999 2575 3329 2629 monstrant
3375 2572 3667 2630 dicendo:

2024 2658 2276 2715 Senectus
2305 2661 2636 2716 venerabilis
2659 2667 2756 2728 est,
2781 2677 2893 2718 non
2921 2661 3211 2730 diuturna,
3243 2677 3418 2734 neque
3445 2677 3673 2718 numero

2024 2764 2300 2804 annorum
2326 2755 2653 2822 computata.
2679 2749 2818 2804 Cani
2839 2757 2969 2804 sunt
2989 2758 3172 2806 (mtem
3199 2767 3388 2806 sensus
3409 2751 3669 2820 hominis,

2023 2844 2076 2893 et
2096 2845 2234 2895 aetas
2258 2839 2548 2894 senectutis
2575 2839 2691 2894 vita
2719 2839 3076 2895 immaculata
3097 2838 3246 2912 (Sap.
3272 2843 3372 2907 iv).
3403 2837 3551 2894 Hinc
3581 2842 3675 2896 est

2023 2927 2342 2999 ergo,quod
2375 2927 2447 2983 ad
2480 2927 2716 3000 Moysen
2747 2926 3032 2984 Dominus
3061 2926 3513 3000 dicit:Congrega
3529 2927 3674 2984 mihi

2020 3018 2369 3089 septuaginta
2395 3018 2540 3072 viros
2566 3016 2633 3073 de
2667 3016 2976 3073 senioribus
3023 3017 3216 3084 Israel,
3245 3033 3378 3091 quos
3424 3023 3483 3073 tu
3527 3017 3674 3074 nosti

2023 3105 2163 3179 quod
2206 3121 2360 3162 senes
2403 3107 2595 3179 populi
2633 3109 2750 3162 sint
2795 3107 2976 3176 (Nam.
3027 3106 3126 3178 x1).
3175 3105 3240 3162 In
3291 3105 3506 3179 quibus
3551 3122 3670 3162 non

2021 3195 2181 3251 aliud
2215 3211 2392 3268 quam
2422 3198 2694 3252 senectus
2723 3195 2940 3252 mentis
2969 3195 3308 3269 requiritur,
3341 3212 3478 3252 cum
3522 3194 3671 3252 tales

259 3283 519 3337 atrorum
550 3280 919 3355 fuit,quando
943 3282 1090 3340 bene
1110 3284 1410 3353 fuit,illam
1428 3287 1912 3345 vobisinsinucnt
1958 3357 1963 3358 ί
2013 3285 2302 3357 jubentur
2330 3283 2464 3358 eligi
2495 3284 2596 3358 qui
2613 3301 2802 3348 .senes
2827 3284 3183 3342 sciuntur.Si
3213 3283 3370 3342 enim
3397 3287 3669 3342 senectus

256 3368 547 3438 ordinare,
569 3387 643 3427 ne
669 3387 772 3428 vos
799 3371 940 3429 illuc
969 3373 1164 3430 trahat
1194 3375 1534 3446 necessitas,
1559 3393 1675 3450 quo
1697 3378 1910 3434 ducere
1939 3357 1982 3426 C
2019 3373 2081 3430 in
2112 3373 2197 3431 eis
2225 3357 2487 3448 corporis
2513 3357 2894 3447 quaereretur,
2929 3391 2963 3430 a
3000 3373 3181 3430 tantis
3211 3372 3347 3432 sciri
3377 3376 3666 3446 poterant,

256 3473 372 3514 non
405 3458 578 3516 debet
600 3458 888 3517 voluntss.
913 3463 1211 3528 Quatenus
1229 3461 1572 3520 Ecclesizein
1589 3465 1700 3521 isto
1723 3481 1904 3538 regno

255 3562 361 3620 per
388 3547 844 3606 occasionabiles
865 3549 1212 3621 circadas,et
1227 3568 1331 3626 per
1347 3551 1639 3612 indebitas
1661 3570 1906 3610 consue-

257 3635 586 3694 tudinarias
615 3637 1099 3712 auctionemque:
1129 3643 1392 3714 tempore
1424 3641 1676 3716 Pippini,
1693 3643 1904 3716 Caroli,

221 3745 234 3756 ·
256 3729 318 3782 et
348 3725 622 3782 Ludovici
652 3743 768 3784 non
798 3727 1055 3800 fuerunt,
1071 3730 1172 3786 sed
1205 3731 1484 3788 moderno
1515 3737 1774 3806 tempore
1795 3733 1907 3788 im-

257 3814 462 3888 posita:
491 3814 750 3884 fuerunt,
782 3834 899 3873 non
930 3817 1307 3892 affligantur:
1341 3824 1398 3876 et
1427 3821 1589 3893 regni
1611 3821 1906 3893 primores

257 3919 394 3960 cum
423 3904 621 3962 debita
649 3905 961 3964 securitate
981 3924 1048 3964 ac
1071 3907 1290 3964 honore
1311 3925 1449 3982 erga
1464 3926 1566 3966 vos
1587 3909 1906 3968 consistere

255 3993 506 4068 possint,
525 3998 582 4052 et
611 3995 803 4053 caeteri
835 3995 1060 4054 nobiles
1090 3996 1360 4054 homines
1390 3997 1450 4054 in
1483 4015 1660 4070 regno
1691 4000 1906 4056 securi-

253 4086 438 4140 tatem
467 4081 744 4154 habeant,
761 4102 834 4142 ne
851 4102 954 4158 per
981 4085 1212 4142 diversa
1241 4085 1478 4160 ingenia
1497 4103 1531 4143 a
1551 4086 1674 4144 suis
1693 4087 1906 4160 opibus

255 4188 404 4246 quas
433 4171 648 4231 habere
676 4174 974 4248 potuerint
1004 4173 1564 4248 dispolientur.Quia
1589 4179 1904 4250 postquam

254 4261 420 4318 radix
448 4261 714 4319 omnium
744 4262 1036 4320 malorum
1067 4264 1359 4338 cupiditas
1375 4264 1436 4322 in
1467 4283 1644 4341 regno
1665 4266 1901 4336 exarsit,

255 4353 324 4406 ut
351 4351 679 4424 nullus,aut
709 4370 856 4427 pene
885 4353 1395 4424 nullus,houorem
1426 4360 1530 4412 aut
1550 4356 1787 4430 aliquod
1809 4358 1906 4413 bo-

255 4447 401 4498 num
431 4442 558 4499 sine
586 4441 772 4516 pretio
809 4447 1008 4516 posset
1057 4443 1357 4517 acquirere
1404 4448 1507 4501 aut
1551 4449 1768 4514 tenere,
1803 4451 1906 4503 aut

256 4531 632 4588 securitatem
665 4531 902 4601 habere,
934 4551 1046 4606 pax
1081 4537 1138 4590 et
1185 4533 1499 4590 consilium
1549 4539 1606 4590 ct
1643 4535 1900 4606 justitia,

257 4623 434 4692 atque
453 4620 770 4694 judicium,
793 4621 948 4678 sicut
977 4639 1213 4680 necesse
1242 4624 1449 4690 fuerat,
1472 4623 1666 4680 locum
1697 4625 1757 4680 in
1789 4625 1904 4681 isto

2018 3480 2051 3520 a
2081 3461 2318 3536 quantis
2351 3461 2554 3519 videri.
2587 3462 2740 3520 Dum
2787 3480 2922 3520 vero
2970 3463 3205 3533 dicitur,
3239 3479 3370 3536 quos
3417 3470 3477 3518 tu
3523 3465 3672 3519 nosti

2017 3552 2158 3626 quod
2187 3568 2338 3608 senes
2361 3553 2560 3625 populi
2585 3554 2718 3621 sint,
2741 3551 2996 3624 perfecto
3026 3551 3210 3625 liquet
3230 3551 3371 3624 quia
3398 3555 3670 3609 senectus

2015 3640 2253 3709 mentis,
2289 3659 2405 3697 non
2435 3641 2696 3714 corporis
2725 3639 2994 3714 eligenda
3021 3640 3420 3697 denuntiatur.
3435 3639 3668 3696 Talium

2016 3729 2235 3804 quippe
2295 3747 2526 3799 senum,
2589 3729 2744 3786 sicut
2802 3729 3105 3802 Scriptura
3157 3729 3523 3785 demonstrat
3573 3728 3673 3801 (III

2015 3821 2143 3890 Reg.
2183 3822 2306 3890 xu),
2341 3817 2653 3876 consilium
2698 3818 2958 3874 Roboam
2989 3815 3148 3874 filius
3176 3817 3507 3874 Salomonis
3541 3833 3666 3874 res~
3721 3835 3739 3842 '

2014 3908 2164 3982 puit,
2213 3914 2271 3964 et
2316 3907 2660 3981 hujusmodi
2701 3908 2988 3980 juvenum
3041 3905 3354 3962 consilium
3404 3908 3662 3975 secutus,

2014 3997 2334 4054 maximam
2385 4001 2610 4070 partem
2658 3995 2823 4070 regni
2874 3994 3102 4068 paterni
3150 4011 3261 4052 sua
3308 3993 3668 4068 negligentia

2013 4087 2287 4160 perdidit.
2321 4087 2426 4143 Cui
2463 4085 2750 4143 Dominus
2801 4087 3039 4159 propter
3090 4083 3302 4141 merita
3347 4082 3528 4140 David
3575 4081 3666 4139 avi

2014 4177 2105 4234 sui
2135 4193 2372 4250 parvam
2405 4175 2568 4250 regni
2600 4175 2950 4250 particulam
2971 4173 3390 4232 reservavit.De
3417 4189 3484 4229 eo
3505 4173 3664 4245 quod

2014 4265 2302 4338 scriptum
2333 4268 2458 4321 est:
2495 4265 2586 4322 Vae
2607 4272 2792 4333 terrae,
2823 4265 2980 4336 cujus
3002 4264 3283 4336 principes
3309 4277 3472 4318 mane
3489 4277 3666 4318 come-

2011 4355 2151 4411 dunt
2179 4355 2372 4425 (Eccle.
2405 4355 2482 4424 x),
2518 4371 2634 4410 non
2678 4353 2748 4410 de
2800 4351 3151 4421 necessaria,
3185 4351 3288 4408 sed
3337 4352 3410 4408 de
3454 4349 3666 4424 volup-

2011 4448 2185 4502 tuosa
2209 4443 2564 4502 comestione
2594 4442 2736 4499 dicit
2764 4441 3086 4515 Scriptura,
3120 4441 3274 4498 sicut
3301 4441 3668 4498 demonstrat

2011 4531 2545 4604 Apostolusﬂicens
2577 4547 2590 4585 :
2624 4533 2826 4588 Carnis
2853 4547 3047 4587 curam
3073 4547 3143 4586 ne
3169 4531 3408 4602 feceritis
3438 4531 3500 4585 in
3527 4529 3667 4586 desi-

2011 4623 2182 4679 deriis
2222 4621 2307 4678 vel
2349 4619 2800 4692 concupiscentiis
2847 4621 3020 4693 (Rom.
3052 4622 3200 4690 xm).
3231 4622 3388 4688 Quos
3435 4618 3592 4675 enim
3631 4635 3666 4673 a

258 4725 438 4783 regno
468 4726 586 4766 non
613 4710 1050 4768 habuerunt.Et
1079 4713 1329 4785 satagite
1361 4718 1428 4768 ut
1455 4712 1580 4769 ista:
1600 4711 1815 4786 rapina}
1838 4731 1904 4770 ac
1935 4732 1982 4798 Ι)
2012 4729 2153 4769 cura
2182 4711 2376 4768 carnis
2405 4709 2466 4766 in
2496 4709 2987 4784 concupiscentiis
3020 4711 3292 4776 refrenat,
3310 4707 3371 4764 in
3404 4724 3665 4798 necessa-

257 4797 717 4871 depraadationes
747 4799 808 4856 in
839 4800 952 4858 isto
1001 4817 1178 4874 regno
1225 4806 1442 4871 essent,
1475 4807 1533 4858 et
1579 4803 1759 4858 miser
1795 4801 1906 4860 iste
1939 4796 1954 4798 ἡ
2012 4801 2116 4860 riis
2167 4819 2401 4875 quoque
2445 4801 2732 4858 concedit.
2767 4801 2922 4858 Deus
2971 4800 3368 4872 omnipotens,
3411 4796 3511 4868 qui
3560 4812 3664 4868 per

255 4886 637 4960 populus,qui
652 4888 780 4960 jam
803 4907 907 4962 per
925 4889 1124 4962 plures
1135 4907 1321 4948 annos
1333 4908 1436 4964 per
1447 4891 1907 4964 depraedationes

255 4976 516 5034 diversas
543 4979 602 5034 et
629 4977 963 5047 continuas,
994 4983 1053 5036 et
1081 4997 1184 5052 per
1207 4979 1539 5038 exactiones
1570 4981 1641 5036 ad
1691 4981 1905 5038 North-

253 5081 504 5125 mannos
533 5066 838 5142 afﬂigitur,
871 5067 1108 5142 aliquod
1139 5069 1468 5127 remedium
1497 5070 1906 5142 habeat,etju-

2013 4909 2122 4948 nos
2151 4891 2273 4948 haec
2301 4889 2564 4964 loquitur
2592 4890 2651 4946 in
2679 4889 2922 4948 auribus
2952 4888 3183 4956 vestris,
3223 4903 3326 4959 per
3355 4902 3418 4942 se
3464 4883 3663 4958 loqua-

2011 4984 2110 5038 tur
2137 4979 2197 5038 in
2227 4981 2504 5038 cordibus
2531 4979 2760 5038 vestris.
