4152 6504
511 416 665 482 m7
812 425 820 432 '
1283 421 1668 484 HINCMAIII
1714 423 1961 486 RHEM.
2006 423 2370 488 ARCHIEP.
2415 425 2826 489 OPUSCULA
2871 424 3133 487 VARIA.
3773 422 3951 484 1088

2101 752 2351 823 XIV.

629 888 814 961 QUAE
855 889 1192 964 EXSEQUI
1238 891 1551 954 DEBEAT
1593 891 2627 1038 EPISCOEESLEgIESI'JﬁCigﬂA
2669 893 2908 957 TUERI
2955 893 3102 953 RES
3146 892 3246 953 ET
3291 891 3818 954 FACULTATES

1578 1134 1765 1208 (Apud
1799 1133 2114 1204 Sirmond.,
2139 1149 2208 1190 cx
2237 1133 2432 1190 codice
2459 1133 2858 1208 Virdunensi.)

583 1364 714 1424 Haac
757 1365 1088 1438 specialiter
1133 1367 1372 1440 exsequi
1419 1367 1589 1424 debet
1637 1367 1946 1441 episcopus
1983 1368 2155 1439 juxta
2181 1368 2237 1435 Α
2267 1373 2488 1440 quanto
2515 1369 2696 1426 etiam
2725 1385 2829 1444 pro
2859 1367 3006 1442 ipsis
3037 1366 3273 1440 regibus
3293 1363 3604 1422 hominum
3634 1363 3700 1420 in
3730 1362 3942 1423 divino

513 1471 714 1511 sacras
743 1455 996 1529 regulas.
1031 1455 1242 1514 Missas
1286 1457 1554 1530 publicas
1583 1457 1894 1526 celebrare,
1927 1474 2162 1514 sacrum

511 1542 772 1601 chrisma
797 1544 1141 1618 regulariter
1166 1563 1525 1616 consecrare,
1557 1552 1829 1605 sanctum
1868 1548 2164 1621 baptisma

503 1633 676 1705 juxta
705 1634 1079 1692 traditionem
1111 1635 1568 1694 ecclesiasticam
1603 1641 1857 1711 agerc,et
1884 1643 1950 1694 ut
1977 1655 2012 1696 a
2039 1655 2164 1711 pre-

511 1722 762 1796 sbyteris
781 1728 992 1798 agatur
1022 1725 1343 1798 providere.
1377 1726 1750 1800 Presbyteros
1775 1732 1832 1784 et
1859 1728 2158 1795 diaconos,

509 1814 568 1868 et
596 1811 852 1886 reliquos
879 1812 1308 1874 ecclesiasticos
1338 1815 1907 1886 ministros,statutis
1935 1821 2158 1891 tempo-

509 1899 694 1970 ribus,
719 1901 926 1974 quales
955 1904 1303 1978 praecipiunt
1332 1905 1564 1978 regulae,
1591 1907 1720 1964 sine
1750 1907 1930 1965 ullius
1953 1924 2159 1965 mune-

509 1989 592 2046 ris
641 1992 976 2064 acceptione
1029 1993 1321 2052 ordinare.
1373 1995 1638 2068 Synodos
1685 1997 2158 2070 presbyterorum

510 2080 836 2137 secundum
871 2097 1072 2139 sacros
1101 2099 1355 2142 canones
1393 2085 1519 2142 sine
1566 2085 1876 2143 venalitate
1920 2086 2156 2144 habere.

506 2168 592 2224 Ad
627 2167 1039 2241 provincialem
1065 2170 1473 2246 episcoporum
1495 2175 1806 2248 synodum,
1839 2178 1896 2230 et
1909 2175 1979 2231 ait
2001 2175 2158 2231 ordi-

509 2257 807 2315 nationem
847 2258 1137 2334 episcopi,-
1167 2267 1406 2320 vocatus
1457 2263 1783 2331 convenire,
1814 2263 1903 2320 vel
1951 2281 2056 2338 pro
2096 2281 2159 2321 se

510 2344 917 2418 presbyterum
948 2352 1050 2405 aut
1088 2350 1415 2424 diaconem,
1447 2369 1582 2408 cum
1632 2352 1906 2409 tractoria
1947 2369 2158 2410 causas

510 2449 630 2490 811a:
660 2433 1153 2507 impossibilitatis
1191 2444 1534 2514 exponente,
1581 2440 1669 2496 vel
1717 2455 1851 2498 cum
1902 2440 2156 2514 regulari

510 2539 618 2579 suo
648 2539 939 2582 consensu
971 2526 1242 2601 dirigere.
1273 2529 1502 2586 Clerum
1553 2529 1898 2604 regulariter
1944 2532 2155 2605 guber-

510 2617 736 2681 nare,et
763 2613 918 2672 sicut
945 2621 1185 2676 sanctus
1215 2618 1528 2692 Gregorius
1549 2619 1607 2676 in
1639 2620 1914 2692 pastorali
1937 2619 2158 2694 Regula

509 2699 672 2770 dicit,
704 2701 894 2812 eidem
926 2703 1101 2812 clero,
1133 2709 1254 2764 tam
1287 2706 1346 2763 in
1378 2707 1774 2810 interioribus,
1800 2726 1978 2782 quam
2009 2715 2067 2767 et
2096 2711 2156 2766 in
2185 2745 2236 2812 Β

511 2791 912 2861 corporalibus
941 2793 1137 2866 rebus,
1160 2797 1491 2856 necessaria
1520 2799 1840 2872 providere.
1865 2799 2154 2869 Ecclesiae,

510 2883 632 2936 tam
662 2879 724 2936 in
751 2881 1149 2942 luminaribus
1177 2890 1236 2943 et
1263 2887 1830 2962 ornamentis,quam
1855 2893 1912 2946 et
1937 2889 1997 2944 in
2020 2889 2157 2945 aedi-

511 2968 682 3038 ﬁciis,
716 2974 774 3030 et
819 2970 878 3028 in
908 2973 1256 3044 sanatectis,
1293 2991 1495 3033 curam
1535 2977 1769 3035 habere.
1804 2977 2074 3052 Hospites
2101 2982 2162 3035 et

510 3075 798 3134 pauperes
825 3060 884 3120 in
913 3065 1252 3123 constitutis
1281 3065 1626 3141 singillatim
1657 3068 2046 3142 hospitalibus
2077 3086 2162 3125 re-

510 3149 722 3224 cipere,
747 3155 806 3209 et
835 3152 1064 3212 dicente
1093 3155 1371 3228 Apostolo
1394 3173 1408 3214 :
1435 3158 1543 3227 Qui
1569 3174 1817 3228 suorum,
1839 3166 1890 3215 et
1915 3160 2160 3216 maxim

509 3238 947 3311 domesticorum,
977 3259 1170 3301 curam
1198 3261 1306 3304 non
1335 3245 1513 3314 habet,
1544 3247 1707 3320 [idem
1734 3249 1973 3318 negavit,
2005 3255 2058 3303 et
2082 3255 2160 3304 est

512 3328 728 3400 inﬁdeli
771 3330 1006 3390 deterior
1053 3333 1100 3405 (I
1131 3336 1265 3392 Tim.
1298 3353 1353 3403 v,
1393 3339 1470 3406 8),
1516 3354 1758 3394 suorum
1804 3336 2160 3394 domestico-

512 3433 645 3474 rum
675 3417 736 3474 in
765 3419 1157 3479 ministrando
1178 3425 1508 3484 necessaria
1535 3443 1739 3483 curam
1768 3425 2003 3483 habere.
2037 3427 2158 3483 Mo-

512 3505 902 3564 nasteriorum
932 3507 992 3564 in
1022 3527 1132 3566 sua
1159 3513 1454 3585 parochia,
1488 3518 1547 3571 et
1565 3514 1944 3572 ecclesiarum
1973 3515 2159 3574 rusti-

511 3610 792 3652 canarum
824 3597 1255 3670 parochiarum,
1289 3606 1463 3675 atque
1489 3603 2043 3674 matriculariorum,
2075 3623 2160 3662 se-

511 3684 776 3742 cundum
805 3703 1004 3745 sacras
1043 3689 1276 3763 regulas
1305 3691 1760 3750 sollicitudinem
1799 3711 2017 3768 gerere.
2050 3699 2158 3752 Po-

512 3769 651 3844 pulo
701 3788 822 3831 sua
866 3776 1155 3848 parochiaa
1199 3779 1443 3837 verbum
1491 3781 1725 3838 Domini
1775 3785 2066 3854 nuntiare,
2102 3789 2161 3841 et

509 3860 687 3918 verbo
718 3866 893 3934 atque
918 3865 1180 3938 exemplo
1209 3867 1508 3942 subjectos
1536 3869 1646 3926 sibi
1679 3871 1904 3941 docere,
1939 3877 1996 3928 et
2025 3889 2160 3930 ora-

509 3949 670 4008 tione
695 3951 1019 4011 consulere.
1054 3955 1118 4012 In
1151 3957 1592 4032 consignatione
1637 3978 1861 4030 eorum,
1892 3961 1994 4034 qui
2025 3979 2160 4018 nec-

510 4040 656 4097 dum
684 4039 745 4098 in
775 4041 1071 4101 frontibus
1101 4045 1424 4105 ministerio
1455 4049 1771 4123 episcopali
1793 4054 1936 4106 sunt
1963 4051 2156 4108 consi-

2271 1458 2558 1516 reddituri
2586 1463 2728 1514 sunt
2753 1457 3023 1516 examine
3053 1456 3400 1514 rationem.»
3430 1455 3501 1511 Et
3525 1458 3693 1510 tanto
3723 1453 3793 1508 in
3825 1452 3940 1508 hu-

2271 1549 2464 1605 manis
2494 1549 2670 1606 rebus
2699 1565 2904 1623 regum
2934 1565 3077 1604 cura
3104 1551 3194 1603 est
3221 1544 3566 1620 propensior
3604 1561 3798 1616 quam
3851 1559 3940 1599 sa-

2269 1637 2594 1704 cerdotum,
2643 1641 2864 1712 quanto
2924 1655 3028 1710 pro
3086 1636 3306 1692 honore
3360 1639 3420 1691 et
3465 1633 3820 1690 defensioue
3871 1648 3940 1688 ac

2269 1727 2464 1801 quiete
2495 1731 2710 1784 sanctis
2740 1725 3034 1795 Ecclesize,
3063 1730 3121 1782 et
3165 1730 3458 1782 rectorum
3507 1738 3576 1780 ac
3614 1722 3938 1779 ministro-

2269 1834 2401 1872 rum
2433 1816 2645 1890 ipsius,
2676 1821 2734 1874 et
2762 1817 2922 1889 leges
2951 1814 3403 1890 promulgando,
3434 1829 3502 1870 ac
3531 1811 3880 1878 militando,
3901 1826 3940 1866 ι

2270 1906 2423 1978 Rege
2453 1922 2655 1980 regum
2688 1909 2779 1963 est
2807 1906 3063 1962 eiscum
3091 1921 3242 1961 onus
3262 1900 3726 1976 impositumzsic
3745 1899 3933 1957 actio-

2268 1995 2444 2052 nibus
2503 1995 2756 2069 propriis
2808 1993 3318 2070 dignitatibusque
3373 1990 3697 2060 distinctis,
3755 1995 3825 2047 ut
3875 1993 3935 2046 et

2267 2083 2585 2141 Christiani
2631 2101 2796 2159 reges
2827 2100 2932 2157 pro
2961 2088 3178 2141 acterna
3203 2081 3323 2138 vita
3352 2079 3734 2155 pontiﬁcibus
3773 2077 3929 2134 indi-

2265 2178 2553 2248 gerent,et
2581 2173 2890 2248 pontiﬁces
2920 2189 3024 2246 pro
3053 2171 3470 2244 temporalium
3510 2186 3708 2226 rerum
3741 2184 3928 2225 cursu

2266 2280 2470 2336 regum
2500 2262 2884 2337 dispositione
2931 2264 3259 2329 uterentur;
3293 2265 3584 2334 quatenus
3627 2257 3926 2332 spiritalis

2267 2353 2416 2410 actio
2446 2352 2781 2410 carnalibus
2802 2351 3049 2408 distaret
3066 2351 3488 2418 incursibus,et
3514 2347 3785 2406 militans
3801 2349 3923 2405 Deo

2267 2442 2510 2498 minime
2541 2441 2792 2516 negotiis
2813 2439 3196 2498 saecularibus
3223 2457 3288 2496 se
3305 2438 3730 2512 implicaret,”
3751 2437 3925 2494 vicis-

2265 2530 2378 2588 sim
2410 2548 2525 2588 non
2558 2531 2656 2587 ille
2682 2531 2858 2588 rebus
2885 2529 3100 2586 divinis
3129 2527 3439 2601 praesidere
3468 2525 3786 2594 videretur,
3817 2523 3924 2599 qui

2263 2624 2420 2677 esset
2447 2620 2699 2693 negotiis
2715 2618 3097 2678 saecularibus
3124 2618 3202 2674 im
3210 2616 3743 2690 plicatus.Sanctus
3759 2631 3926 2671 nam-

2265 2726 2378 2782 que
2407 2710 2664 2784 Spiritus
2695 2726 2798 2783 per
2825 2725 2925 2766 eos
2955 2708 3056 2781 qui
3087 2723 3224 2764 cum
3255 2706 3488 2764 Christo
3515 2705 3576 2762 in
3620 2704 3771 2761 coelo
3823 2722 3920 2761 re-
3945 2761 3958 2774 ,

2265 2801 2468 2872 gnant,
2513 2801 2573 2854 et
2618 2796 2678 2852 in
2723 2796 2898 2854 terris
2945 2794 3246 2852 miraculis
3293 2797 3626 2864 coruscant,
3657 2793 3831 2862 dixit,
3863 2799 3926 2851 et

2267 2903 2454 2960 usque
2479 2887 2550 2943 ad
2581 2903 2689 2944 nos
2716 2885 2952 2960 scriptis
2979 2884 3283 2960 pervenire
3312 2883 3450 2941 fecit
3473 2883 3920 2956 dicenswrbaa.

2265 2978 2422 3050 epist.
2459 2978 2513 3046 1)
2546 2991 2561 3031 :
2597 2999 2626 3026 «
2659 2976 2774 3032 Res
2803 2979 2862 3032 et
2890 2973 3202 3032 facultates
3229 2971 3636 3032 ecclesiasticae
3668 2972 3920 3030 oblatio-

2268 3081 2373 3122 nes
2417 3064 2808 3139 appellantur,
2843 3063 2982 3138 quia
3029 3061 3271 3120 Domino
3320 3062 3666 3130 offeruntur,
3697 3066 3761 3118 et
3788 3066 3924 3117 vota

2267 3158 2409 3212 sunt
2436 3153 2795 3222 ﬁdelium,ac
2830 3153 3017 3228 pretia
3045 3155 3624 3224 peccatorum,atque
3640 3149 3924 3224 patrimo-

2267 3243 2367 3300 nia
2394 3259 2743 3318 pauperum.
2776 3242 2836 3298 Si
2867 3241 3003 3316 quis
3033 3241 3136 3298 illa
3165 3240 3444 3314 rapuerit,
3473 3256 3608 3297 reus
3637 3245 3730 3296 est
3757 3241 3923 3296 dam-

2266 3332 2523 3390 nationis
2550 3331 2788 3390 Ananiaa
2815 3335 2876 3388 et
2903 3330 3186 3405 Saphiree,
3217 3334 3277 3386 et
3303 3332 3531 3403 oportet
3571 3328 3919 3400 hujusmodi

2265 3423 2496 3480 tradere
2525 3423 2774 3492 Satanae,
2801 3425 2868 3478 ut
2903 3419 3149 3495 spiritus
3195 3418 3394 3478 salvus
3436 3417 3514 3476 sit
3557 3418 3619 3474 in
3658 3419 3755 3475 die
3803 3419 3920 3475 Do-

2267 3511 2433 3569 mini.
2467 3513 2629 3578 Quod
2663 3511 2848 3569 nostri
2875 3509 3114 3585 gloriosi
3143 3509 3528 3582 imperatores
3573 3508 3823 3566 Carolus
3862 3515 3922 3565 et

2269 3601 2598 3658 Ludovicus
2630 3601 2688 3656 in
2728 3601 2919 3674 primo
2952 3599 3100 3656 libro
3129 3596 3533 3672 Capitulorum
3563 3614 3812 3655 suorum
3841 3597 3924 3653 ita

2268 3690 2644 3747 inseruerunt
2668 3693 2810 3762 (cap.
2834 3689 2954 3761 83):
2980 3687 3146 3754 Quia,
3181 3686 3474 3759 inquiunt,
3490 3687 3662 3759 juxta
3685 3691 3916 3742 sancto-
3955 3729 3970 3740 .

2269 3796 2401 3835 rum
2433 3779 2668 3835 Patrum
2699 3777 3074 3834 traditionem
3091 3776 3362 3833 novimus
3390 3792 3483 3832 res
3503 3774 3771 3834 Ecclesiae
3789 3780 3922 3832 vota

2268 3885 2398 3925 esse
2446 3867 2730 3936 fidelium,
2780 3866 2970 3941 pretia
3014 3869 3413 3940 peccatorum,
3459 3868 3518 3920 et
3563 3864 3922 3938 patrimonia

2269 3974 2620 4030 pauperum,
2653 3957 2866 4028 cuique
2913 3972 3030 4012 non
3062 3955 3256 4012 solum
3304 3953 3507 4011 habita
3553 3969 3916 4020 conservare,

2267 4063 2470 4104 verum
2500 4047 2676 4103 etiam
2709 4043 2918 4114 multa,
2951 4045 3068 4101 Deo
3097 4043 3441 4117 opitulante,
3468 4042 3732 4100 conferre
3760 4049 3922 4116 opta-

510 4129 694 4203 gnati,
720 4130 1062 4205 regulariter
1089 4138 1375 4210 satagere,
1406 4141 1464 4194 et
1488 4117 1552 4194 in
1583 4117 1763 4210 hujus
1793 4139 2010 4214 negotii
2042 4139 2154 4196 cir—
2186 4117 2230 4186 (ἶ
2267 4151 2421 4192 mus.
2456 4137 2676 4191 Tamen
2706 4139 2771 4190 ut
2799 4134 2872 4190 ab
2903 4133 3316 4191 ecclesiasticis
3341 4132 3413 4189 de
3443 4147 3558 4190 non
3589 4129 3919 4188 dividendis

511 4218 788 4286 cuitione,
827 4223 1135 4296 parochias,
1168 4225 1322 4283 ultra
1368 4227 1632 4284 debitum
1670 4235 1729 4286 et
1760 4228 2158 4287 necessarium

509 4309 938 4377 modum,sicut
963 4318 1204 4373 sanctus
1229 4317 1484 4372 decrevit
1513 4316 2157 4392 Gregorius,presbyte-

514 4413 611 4454 ros
635 4415 751 4456 non
779 4417 1041 4474 gravare.
1067 4405 1294 4460 Bonum
1315 4405 1720 4464 testimonium
1751 4407 1927 4464 etiam
1960 4409 2033 4465 ab
2063 4407 2158 4465 his

513 4486 614 4560 qui
646 4487 787 4546 foris
814 4495 956 4548 sunt
980 4491 1214 4549 habere.
1241 4494 1623 4554 Peccantibus
1651 4501 1710 4555 et
1738 4497 2159 4570 paenitentibus

514 4578 840 4636 secundum
872 4582 1116 4638 modum
1147 4582 1454 4654 culparum
1486 4587 1832 4660 regulariter
1873 4585 2156 4661 pmniten-

512 4666 656 4724 tiam
687 4669 1027 4739 indicere,et
1055 4675 1186 4742 post
1203 4673 1658 4733 satisfactionem
1687 4676 2030 4751 regulariter
2058 4692 2158 4733 eos

513 4758 909 4817 reconciliare.
933 4757 1137 4818 Omnis
1166 4762 1577 4836 possessionis,
1611 4781 1739 4838 quae
1769 4766 1880 4822 sub
1911 4767 2041 4838 ejus
2070 4770 2161 4823 est

513 4851 818 4920 potestate,
852 4847 1276 4922 providentiam
1303 4866 1522 4925 gerere.
1556 4853 1826 4911 Militiam
1856 4855 1930 4911 ad
1959 4855 2157 4911 defen-

514 4939 739 4996 sionem
789 4943 1005 4996 sanctae
1056 4938 1346 5009 Ecclesiae,
1379 4943 1704 5000 secundum
1755 4944 2159 5017 possibilitatis

515 5029 932 5101 quantitatem,
941 5029 1115 5101 juxta
1142 5030 1447 5104 antiquam
1473 5033 1956 5090 consuetudinem
1989 5034 2157 5108 regiaa

515 5117 886 5192 dispositioni
915 5117 1206 5186 exhibere,
1239 5123 1297 5175 et
1326 5121 1654 5178 secundum
1683 5121 1913 5178 Domini
1937 5123 2156 5196 jussio-

515 5225 671 5276 nem,
705 5225 833 5280 quze
882 5206 1127 5265 Caesaris
1170 5214 1311 5265 sunt
1357 5209 1588 5278 Caesari,
1621 5217 1680 5268 et
1726 5212 1841 5268 Deo
1891 5231 2018 5285 quae
2061 5213 2158 5269 Dei

515 5300 654 5352 sunt
681 5296 921 5352 reddere
944 5297 1422 5368 (Matth.xxu,2t).
1440 5298 1584 5364 Quia
1607 5300 1757 5355 sicut
1786 5307 2024 5358 sanctus
2046 5302 2158 5358 Ge-

515 5383 700 5441 lasius
728 5385 1190 5442 facundissimus
1219 5405 1370 5460 papa
1403 5388 1461 5442 in
1483 5389 1728 5446 decretis
1756 5389 1880 5448 suis
1896 5392 2159 5448 scribens

2267 4225 2445 4282 rebus
2462 4223 2730 4281 Ecclesiae
2760 4222 3156 4297 suspicionem
3186 4222 3414 4280 dudum
3444 4226 3788 4293 conceptam
3817 4237 3915 4294 pe-

2268 4313 2431 4372 nitus
2459 4313 3219 4385 amoveremus,statuimus
3241 4315 3310 4368 ut
3337 4327 3528 4383 neque
3551 4310 3798 4378 nostris,
3817 4327 3916 4366 ne-

2267 4419 2382 4477 que
2413 4401 2666 4461 filiorum
2693 4407 2753 4460 et
2779 4403 2896 4459 Deo
2926 4401 3302 4476 dispensante
3340 4415 3752 4458 successorum
3783 4416 3916 4456 nos-

2267 4498 2492 4550 trorum
2522 4492 2908 4566 temporibus,
2943 4490 3044 4564 qui
3071 4494 3331 4548 nostram
3359 4488 3448 4548 vel
3477 4487 3915 4563 progenitorum

2267 4587 2603 4639 nostrorum
2632 4579 3110 4649 voluntatem,vel
3129 4578 3460 4652 exemplum
3490 4577 3711 4634 imitari
3730 4576 3918 4634 volue-

2268 4673 2405 4741 rint,
2439 4671 2621 4729 ullam
2653 4670 2888 4744 penitus
2917 4669 3260 4728 divisionem
3284 4672 3386 4725 aut
3405 4668 3702 4741 jacturam
3732 4668 3912 4740 patia-

2268 4767 2382 4819 tur.
2429 4782 2459 4814 »
2507 4761 2759 4818 Sanctus
2807 4776 3044 4834 quoque
3089 4757 3404 4816 Anacletus
3453 4774 3626 4833 papa,
3665 4758 3740 4815 ab
3787 4758 3914 4831 ipso

2267 4851 2438 4909 beato
2470 4851 2637 4909 Petro
2667 4850 2929 4924 apostolo
2959 4850 3263 4924 presbyter
3289 4849 3830 4922 ordinatus,postea
3853 4849 3914 4904 in

2267 4943 2406 5000 sede
2435 4942 2700 4998 Romana
2712 4956 3017 4997 successor
3043 4937 3203 4996 illius
3225 4938 3414 4996 factus
3441 4937 3912 5011 episcopus,cum

2266 5032 2449 5088 totius
2479 5031 2686 5087 mundi
2719 5027 3121 5086 sacerdotibus
3141 5027 3434 5100 judicavit
3459 5029 3644 5101 (epist.
3675 5029 3727 5100 1)
3757 5045 3773 5082 :
3806 5026 3912 5095 Qui

2269 5120 2600 5187 abstulerit,
2632 5119 2926 5192 inquiens,
2959 5116 3182 5190 aliquid
3214 5116 3366 5189 patri
3391 5115 3476 5172 vel
3505 5116 3702 5184 matri,
3727 5117 3912 5174 homi-

2268 5211 2412 5266 cidae
2444 5207 2735 5282 particeps
2778 5212 2887 5265 est.
2921 5207 3089 5264 Pater
3136 5211 3334 5263 noster
3376 5206 3505 5263 sine
3553 5206 3731 5263 dubio
3761 5207 3914 5263 Deus

2269 5305 2379 5368 est,
2412 5299 2514 5371 qui
2548 5317 2652 5355 nos
2683 5297 2934 5366 creavit;
2969 5301 3155 5353 mater
3204 5314 3339 5353 vero
3387 5302 3590 5354 nostra
3635 5296 3910 5364 Ecclesia,

2270 5408 2396 5462 qua:
2430 5407 2535 5445 nos
2565 5389 2625 5444 in
2656 5389 2948 5461 baptismo
2979 5386 3319 5459 spiritaliter
3359 5387 3737 5460 regeneravit.
3769 5388 3912 5458 Ergo

517 5474 588 5528 ad
619 5475 997 5532 Anastasium
1027 5475 1437 5548 imperatorem
1467 5477 1608 5534 dicit
1638 5483 1816 5552 (epist.
1843 5483 2010 5551 tO):«
2033 5482 2158 5538 Duo
2189 5495 2238 5560 D
2271 5479 2370 5553 qui
2400 5479 2616 5535 Christi
2646 5476 2925 5551 pecunias
2967 5482 3026 5532 ct
3074 5476 3340 5533 Ecclesia:
3387 5476 3561 5548 rapit,
3592 5476 3778 5533 aufert
3828 5475 3912 5532 vel

517 5566 656 5615 sunt
685 5563 900 5634 quibus
931 5565 1331 5638 principaliter
1359 5567 1616 5624 mundus
1646 5569 1740 5624 hic
1781 5570 2020 5642 regitur,
2053 5588 2155 5626 au-

519 5648 756 5708 ctoritas
783 5669 949 5710 sacra
979 5654 1344 5726 pontificum,
1371 5660 1428 5710 et
1472 5657 1683 5728 regalis
1733 5663 2011 5730 potestas.
2046 5662 2156 5716 Sed

521 5740 682 5803 tanto
711 5743 946 5812 gravius
967 5749 1056 5801 est
1085 5743 1315 5824 pondus
1337 5747 1704 5806 sacerdotum
1729 5765 1906 5822 quam
1930 5766 2156 5823 regum,

2269 5570 2580 5642 prazdatur,
2605 5567 2900 5624 homicida
2927 5571 3036 5634 est,
3063 5571 3238 5638 atque
3269 5565 3564 5621 homicida
3591 5571 3726 5622 ante
3756 5583 3914 5621 cons-

2269 5665 2502 5734 pectum
2525 5658 2674 5730 justi
2717 5656 2938 5729 judicis
2967 5655 3363 5728 deputabitur.
3399 5655 3506 5722 Qui
3561 5655 3714 5728 rapit
3742 5671 3912 5727 pecu-

2270 5751 2430 5806 niam
2462 5747 2708 5822 proximi
2737 5747 2854 5815 sui,
2877 5745 3252 5818 iniquitatem
3282 5746 3684 5819 operaturzqui
3717 5751 3911 5802 autem
