4152 6512
259 425 429 505 1089

1436 448 1535 508 DE
1580 448 1907 509 OFFICllS
1954 451 2529 514 EPISCOPORUM.

3525 459 3684 522 1090

273 576 584 652 pecuniam
615 575 703 632 vel
733 592 826 632 res
867 576 1135 633 Ecclesiae
1187 578 1526 647 abstulerit,
1549 581 1922 654 sacrilegium
1952 585 2005 649 Α
2037 583 2233 640 salvus
2256 583 2401 653 ﬁeri,
2427 590 2482 641 et
2515 586 2586 642 ab
2619 592 2831 643 aeterna
2863 595 3046 645 morte
3074 590 3400 660 liberari,et
3422 595 3493 649 ad
3526 599 3682 650 aeter-

273 665 432 734 facit,
468 671 526 722 et
556 670 622 721 ut
652 665 972 739 sacrilegus
1009 667 1373 738 judicandus
1401 673 1512 725 est.
1551 693 1578 719 ››
1611 671 1753 725 Item
1790 689 1922 726 san-

275 763 404 814 ctus
435 756 706 812 Urbanus
761 773 913 828 papa
963 761 1022 812 et
1065 762 1287 830 martyr
1315 761 1494 830 (epist.
1528 761 1581 827 1)
1616 777 1628 815 :
1666 783 1693 811 ‹‹
1727 762 1838 816 Res
1871 765 1927 816 et

278 845 582 902 facultates
603 843 1006 901 ecclesiastica:
1032 844 1356 901 oblationes
1379 847 1766 919 appellantur,
1789 847 1926 920 quia

276 934 524 990 Domino
553 935 896 1001 offeruntur,
920 938 977 989 et
999 939 1132 989 vota
1161 940 1301 990 sunt
1331 935 1614 1004 ﬁdelium,
1642 953 1707 992 ac
1739 937 1928 1009 pretia

276 1028 670 1097 peccatorum,
703 1027 875 1095 atque
907 1023 1263 1095 patrimonia
1318 1041 1666 1097 pauperum.
1702 1025 1761 1082 Si
1793 1025 1924 1098 quis

275 1113 378 1169 illa
434 1111 712 1186 rapuerit,
773 1128 907 1167 reus
963 1117 1052 1168 est
1109 1113 1504 1170 damnationis
1575 1115 1821 1173 Ananiai.
1870 1119 1928 1171 et

277 1203 561 1276 Saphiraa,
606 1207 663 1257 et
709 1205 936 1274 oportet
991 1203 1333 1274 hujusmodi
1394 1205 1622 1261 tradere
1674 1206 1922 1272 Satanae,

277 1298 344 1348 ut
374 1292 616 1364 spiritus
648 1290 844 1347 salvus
876 1291 954 1347 sit
982 1291 1042 1347 in
1098 1292 1189 1348 die
1233 1293 1487 1348 Domini.
1525 1316 1552 1343 ››
1584 1295 1654 1349 Et
1687 1299 1926 1350 sanctus

279 1381 493 1437 Lucius
525 1399 678 1454 papa
695 1384 881 1454 (epist.
917 1382 1042 1453 il):
1079 1406 1106 1432 ‹‹
1142 1383 1357 1438 Rerum
1399 1384 1927 1440 ecclesiasticardm

278 1476 334 1526 et
357 1470 706 1526 facultatum
737 1475 1001 1544 raptores
1022 1489 1056 1527 a
1077 1470 1382 1528 liminibus
1414 1477 1628 1529 sanctae
1662 1473 1926 1530 Ecclesiae

280 1560 804 1616 anathematizatos
838 1561 1158 1632 apostolica
1187 1562 1533 1618 auctoritate
1566 1562 1841 1634 pellimus
1873 1568 1929 1619 et

279 1651 836 1722 damnamus,atque
856 1650 1172 1725 sacrilegos
1192 1668 1319 1707 esse
1333 1652 1674 1723 judicamus
1699 1670 1712 1708 :
1736 1658 1791 1709 et
1812 1671 1927 1708 non

255 1745 258 1750 '
279 1739 470 1796 solum
489 1756 607 1806 eos,
627 1739 730 1796 sed
755 1744 812 1796 et
832 1757 1036 1797 omnes
1058 1741 1489 1797 consentientes
1510 1741 1614 1810 eis,
1643 1742 1782 1814 quia
1813 1759 1927 1798 non

258 1829 472 1886 "solum
503 1829 603 1901 qui
637 1828 860 1885 faciunt
891 1830 971 1884 rei
995 1829 1359 1901 judicantur,
1386 1832 1485 1887 sed
1510 1831 1684 1887 etiam
1708 1831 1806 1904 qui
1840 1833 1929 1888 fa—

280 1918 572 1975 cientibiJs
621 1919 1016 1974 consentiunt.
1054 1919 1161 1974 Par
1211 1921 1367 1975 enim
1426 1939 1596 1992 pcena
1653 1926 1709 1976 et
1753 1939 1928 1995 agen-

279 2013 366 2063 tes
423 2012 480 2063 et
536 2007 962 2063 consentientes
1023 2009 1482 2081 comprehcndit.
1517 2012 1562 2066 A
1595 2028 1711 2082 qua
1759 2028 1929 2082 pmna

280 2113 604 2153 consensus
625 2095 790 2152 liberi
810 2113 936 2153 esse
959 2114 1073 2152 non
1098 2104 1346 2169 possunt
1367 2097 1732 2171 illi,quorum
1755 2098 1928 2154 mini-

281 2187 524 2242 sterium
547 2191 658 2254 est,
680 2191 736 2242 et
756 2187 856 2259 qui
877 2187 1018 2242 talia
1039 2194 1286 2259 possunt
1317 2189 1641 2260 prohibere,
1677 2191 1928 2262 compri-

282 2292 438 2331 mere
460 2280 516 2330 et
537 2277 868 2341 emendare,
894 2281 951 2331 et
971 2294 1040 2331 ea
1061 2294 1174 2332 non
1198 2279 1438 2333 student
1477 2280 1782 2351 corrigere.
1813 2303 1838 2328 ››
1861 2280 1930 2334 Et

281 2369 522 2418 sanctus
545 2363 856 2436 Gregorius
878 2364 936 2419 in
960 2365 1205 2438 epistola
1226 2369 1295 2422 ad
1321 2368 1604 2424 Sabinum
1629 2370 1929 2425 subdiaco-

281 2471 424 2508 num
458 2453 577 2525 (lib.
609 2470 730 2520 VIII,
764 2456 920 2526 epist.
951 2457 1010 2522 7)
1043 2472 1054 2510 :
1108 2478 1135 2506 «
1171 2457 1552 2529 Sacrilegum,
1613 2457 1824 2529 inquit,
1874 2463 1932 2512 et

282 2547 484 2598 contra
515 2540 671 2615 leges
702 2546 808 2612 est,
844 2543 893 2597 si
923 2544 1058 2616 quis
1089 2547 1242 2616 quod
1299 2546 1731 2602 venerabilibus
1788 2547 1931 2602 locis

284 2631 652 2704 relinquitur,
678 2649 864 2704 prava:
885 2632 1203 2689 voluntatis
1221 2634 1453 2700 studiis,
1480 2634 1602 2690 suis
1627 2636 1934 2691 tentaverit

284 2721 646 2794 compendiis
669 2721 974 2778 retinere.»
1000 2723 1067 2777 Et
1093 2723 1151 2778 S.
1177 2723 1540 2796 Augustinus
1573 2724 1632 2779 in
1665 2742 1932 2780 sermone

283 2810 578 2884 Evangelii
601 2810 786 2866 sancti
807 2811 1052 2867 Joannis
1073 2811 1241 2867 dicit:
1271 2836 1297 2862 (ι
1313 2814 1428 2868 Fur
1446 2812 1934 2886 sacrileguslocu-

285 2902 475 2958 lorum
505 2916 805 2956 sacrorum
837 2904 894 2955 et
924 2899 1364 2957 Dominicorum
1395 2905 1483 2957 est
1513 2903 1719 2969 Judas,
1753 2907 1808 2958 et
1832 2903 1931 2975 qui

285 2990 506 3062 aliquid
539 2991 610 3045 de
641 2990 899 3046 Ecclesia
949 2992 1176 3046 furatur
1217 2996 1276 3047 et
1305 2992 1478 3064 rapit,
1511 2991 1675 3048 Judze
1706 2993 1931 3064 perdito

285 3084 678 3153 comparatur.
713 3104 733 3132 ι
772 3081 842 3134 Et
872 3079 1010 3135 item
1045 3081 1103 3135 in
1137 3081 1320 3137 sacris
1349 3082 1694 3148 canonibus,
1729 3087 1932 3138 sancto

285 3168 507 3242 Spiritu
539 3168 794 3237 dictatis,
828 3173 885 3226 et
929 3169 1141 3225 Christi
1202 3171 1489 3243 sanguine
1547 3172 1929 3240 conﬁrmatis,

285 3259 572 3332 scriptum
632 3262 721 3314 est
769 3263 938 3328 (conc.
977 3261 1083 3315 Tol.
1121 3277 1158 3326 1,
1192 3277 1318 3316 can.
1355 3262 1442 3328 11)
1476 3277 1488 3315 :
1546 3283 1573 3310 «
1605 3261 1663 3317 Si
1696 3261 1830 3332 quis
1862 3262 1932 3316 de

2037 690 2171 727 nam
2222 673 2402 730 vitam
2462 675 2780 746 pervenire,
2841 679 3229 736 attentissime
3288 682 3480 738 cordis
3543 700 3682 739 aure

2035 764 2307 818 exaudiat
2337 765 2479 835 quid
2508 770 2749 821 sanctus
2777 765 3029 838 Spiritus
3060 785 3163 839 per
3192 786 3289 826 eos
3317 769 3550 828 locutus
3571 777 3678 842 est,

2037 851 2252 923 quibus
2279 852 2425 908 dixit
2454 854 2738 910 Dominus
2772 872 2785 910 :
2819 857 2948 911 Ecce
2976 873 3072 925 ego
3105 857 3379 914 vobiscum
3414 877 3537 915 sum
3567 877 3681 916 om-

2033 942 2200 996 nibus
2231 941 2418 997 diebus
2445 945 2700 1014 usquead
2718 947 3233 1002 consummationem
3261 950 3452 1005 saeculi
3474 951 3679 1019 (Matth.

2034 1047 2233 1096 xxvm,
2254 1030 2344 1102 20)
2369 1048 2380 1097 ;
2407 1035 2495 1086 et:
2520 1033 2637 1087 Non
2661 1051 2751 1089 vos
2771 1037 2898 1090 estis
2919 1036 3017 1107 qui
3045 1036 3360 1106 loquimini,
3383 1038 3474 1094 sed
3503 1039 3682 1110 Spiri-

2036 1126 2119 1174 tus
2152 1120 2334 1174 Patris
2364 1122 2530 1175 vestri
2558 1123 2654 1192 qui
2684 1122 2928 1194 loquitur
2959 1125 3017 1178 in
3046 1126 3197 1180 vobis
3226 1125 3430 1196 (Matth.
3463 1143 3518 1196 x,
3551 1128 3682 1196 20);

2035 1212 2136 1263 et:
2202 1214 2560 1281 Quaecunque
2615 1211 2975 1282 alligaveritis
3029 1230 3195 1285 super
3246 1223 3469 1282 terram,
3525 1223 3689 1272 erunt

2038 1298 2210 1366 ligata
2257 1306 2308 1354 et
2366 1301 2426 1354 in
2480 1300 2627 1367 aeto,
2688 1308 2739 1355 ct
2791 1317 3128 1374 quaecunque
3197 1305 3465 1361 solveritis
3523 1321 3686 1378 super

2037 1395 2260 1455 terram,
2293 1395 2455 1444 erunt
2507 1389 2690 1444 soluta
2735 1398 2788 1445 et
2836 1391 2896 1445 in
2942 1392 3073 1448 σαίιο
3122 1391 3325 1460 (Matth.
3357 1411 3516 1460 xvm,
3555 1394 3681 1466 18);

2037 1479 2096 1533 et
2129 1493 2142 1531 :
2179 1478 2428 1548 Accipite
2469 1471 2738 1549 Spiritum
2774 1488 3026 1536 sanctum
3056 1499 3076 1536 :
3107 1498 3338 1554 quorum
3367 1484 3688 1539 remiseritis

2033 1573 2269 1636 peccata,
2294 1567 2649 1622 remittuntur
2669 1569 2767 1636 eis,
2786 1575 2837 1625 et
2861 1586 3088 1641 quorum
3123 1572 3461 1627 retinueritis
3480 1580 3689 1628 retenta

2035 1663 2166 1710 sunt
2197 1656 2370 1727 (Joan.
2405 1673 2495 1723 xx,
2529 1658 2618 1728 2'2)
2645 1675 2658 1726 ;
2689 1662 2746 1713 et
2778 1674 2791 1712 :
2829 1659 2936 1726 Qui
2991 1675 3080 1714 vos
3136 1659 3292 1716 audit
3323 1678 3408 1717 me
3434 1662 3609 1732 audit,
3637 1671 3692 1719 et

2038 1746 2136 1816 qui
2164 1760 2254 1800 vos
2283 1747 2490 1816 spernit
2517 1763 2603 1801 me
2637 1749 2849 1818 spernit
2877 1749 3027 1816 (Luc.
3052 1766 3104 1816 x,
3142 1749 3248 1821 16).
3284 1749 3497 1806 Dicunt
3527 1751 3684 1808 enim

2040 1832 2146 1900 illi,
2181 1834 2279 1905 qui
2312 1833 2371 1889 in
2403 1833 2544 1890 ccelo
2573 1837 2986 1907 regnant,etin
3005 1841 3157 1894 terra
3188 1838 3488 1895 miraculis
3516 1857 3685 1898 coru-

2039 1928 2225 1991 scant,
2253 1922 2351 1995 qui
2377 1928 2433 1978 et
2465 1941 2649 1994 usque
2677 1924 2848 1981 hodie
2881 1927 3187 1982 nobiscum
3218 1929 3440 1997 vivunt,
3464 1934 3521 1986 et
3550 1947 3684 1986 cum

2039 2010 2477 2065 successoribus
2524 2013 2740 2067 nostris
2788 2031 2972 2085 usque
3003 2013 3058 2069 in
3093 2021 3438 2088 perpetuum
3468 2018 3681 2087 vivent,

2039 2099 2315 2170 quoniam
2331 2100 2484 2171 apud
2501 2100 2682 2156 Deum
2697 2106 2785 2158 est
2799 2119 3019 2159 merces
3033 2120 3233 2160 eorum
3249 2122 3260 2161 :
3274 2128 3299 2156 ‹‹
3313 2107 3372 2162 Si
3387 2105 3518 2178 quis
3532 2107 3688 2163 obla-

2041 2187 2228 2243 tiones
2259 2187 2527 2244 Eeclesize
2559 2194 2722 2246 extra
2768 2191 3085 2248 Ecclesium
3136 2194 3396 2267 accipere
3427 2195 3510 2250 vel
3546 2196 3685 2251 dare

2037 2276 2302 2345 voluerit,
2324 2282 2530 2348 praeter
2557 2280 2974 2336 conscientiam
3006 2283 3284 2355 cpiscOpi,
3317 2283 3403 2338 vel
3433 2285 3561 2354 ejus
3592 2284 3686 2338 cui

2040 2366 2381 2435 hujusmodi
2412 2367 2604 2422 ofﬁcia
2634 2369 2951 2425 commissa
2981 2375 3253 2437 sunt,nec
3285 2388 3418 2426 cum
3449 2374 3577 2444 ejus
3598 2389 3689 2427 vo-

2039 2453 2213 2508 luerit
2267 2472 2434 2526 agere
2489 2457 2752 2526 consilio,
2804 2458 3118 2513 anathema
3164 2459 3241 2514 sit
3283 2463 3451 2528 (conc.
3486 2461 3686 2533 Ancyr.

2041 2561 2168 2598 can.
2200 2547 2277 2612 7).
2314 2567 2342 2593 »
2372 2545 2700 2601 Anathema
2758 2552 2954 2602 autem
3010 2547 3426 2620 interpretatur
3467 2550 3527 2604 in
3574 2551 3690 2606 Ro-

2041 2651 2218 2689 mana
2245 2634 2448 2706 lingua
2489 2636 2772 2702 alienatio,
2808 2637 2946 2708 quia
3003 2638 3195 2692 omnis
3253 2638 3392 2694 talia
3450 2641 3688 2708 faciens,

2041 2722 2303 2794 quandiu
2355 2724 2416 2778 in
2463 2723 2578 2779 illis
2631 2724 2881 2796 peccatis
2939 2730 3156 2794 manet,
3218 2726 3353 2782 licet
3411 2746 3518 2784 nos
3569 2730 3694 2802 epi-

2041 2813 2222 2883 scopi,
2285 2811 2386 2884 qui
2446 2812 2504 2867 in
2564 2813 2844 2884 apostolis
2895 2817 2950 2869 et
3002 2832 3137 2870 cum
3212 2817 3493 2887 apostolis
3572 2837 3690 2876 non

2040 2905 2237 2956 nostro
2271 2899 2476 2957 merito
2505 2902 2604 2958 sed
2633 2901 2821 2975 gratia
2868 2902 3064 2958 divina
3092 2902 3311 2977 ligandi
3343 2909 3400 2961 et
3428 2905 3691 2964 solvendi

2039 2993 2390 3062 potestatem
2439 2989 2792 3062 accepimus,
2838 2990 3134 3046 interdum
3181 2993 3355 3062 tardi,
3390 2993 3685 3052 interdum

2042 3077 2220 3133 divini
2252 3095 2462 3134 sensus
2491 3079 2703 3151 ignari,
2734 3079 3030 3135 interdum
3080 3098 3206 3152 quae
3240 3081 3691 3141 committuntur

2043 3167 2393 3237 nescientes,
2426 3167 2740 3240 aliquando
2797 3169 2973 3225 etiam
3021 3169 3339 3226 commissa
3368 3176 3432 3226 ut
3460 3171 3691 3245 expedit

2047 3256 2332 3329 corrigere
2365 3274 2477 3312 non
2511 3256 2786 3326 valentes,
2821 3275 2947 3329 quae
2997 3262 3216 3314 statuta
3264 3265 3404 3316 sunt
3449 3261 3689 3333 exsequi

285 3349 623 3422 potentibus
655 3347 952 3415 clericum,
988 3353 1090 3404 aut
1133 3349 1454 3420 quemlibet
1501 3350 1926 3422 pauperiorem,
1962 3332 2004 3398 Ο
2046 3346 2511 3418 dissimulamus,
2541 3345 2629 3402 vel
2657 3347 2832 3402 etiam
2861 3346 3248 3420 negligamus,
3285 3353 3350 3404 ut
3381 3349 3555 3405 talem
3587 3332 3692 3406 lio-

288 3443 389 3492 aut
411 3437 748 3510 religiosum
765 3437 1634 3510 exxpoliavcrit,etmandaverit
1649 3441 1720 3495 ad
1741 3440 1935 3512 ipsum

289 3527 599 3599 episcopus
630 3531 696 3582 ut
722 3543 857 3582 eum
891 3527 1111 3594 audiat,
1146 3528 1194 3582 si
1229 3529 1662 3601 contempserit,
1687 3529 1936 3585 invicem

291 3635 425 3672 mox
449 3616 667 3690 scripta
687 3621 1031 3689 percurrent
1048 3633 1152 3689 per
1172 3634 1375 3673 omnes
1393 3617 1700 3690 provinciae
1722 3619 1938 3691 episco-

258 3712 412 3779 ‘pos,
439 3711 494 3762 et
516 3723 901 3778 quoscunque
923 3707 1082 3762 adire
1102 3707 1372 3779 potuerit,
1397 3709 1938 3766 excommunicatus

287 3796 594 3864 habeatur,
627 3796 809 3852 donec
841 3795 1041 3851 audiat
1071 3802 1128 3851 et
1163 3798 1363 3852 reddat
1391 3797 1599 3853 aliena.
1634 3820 1661 3848 ››
1696 3800 1764 3854 Et
1796 3799 1937 3854 item

288 3885 573 3958 scriptum
597 3888 687 3941 est
715 3889 884 3956 (conc.
909 3886 1126 3956 Agath.,
1151 3903 1276 3942 can.
1304 3888 1356 3958 4)
1392 3903 1404 3942 :
1443 3909 1470 3936 ‹‹
1502 3887 1705 3943 Clerici
1738 3887 1934 3957 etiam,

286 3975 376 4030 vel
399 3974 726 4042 szeculares,
742 3975 843 4046 qui
866 3974 1186 4030 oblationes
1209 3979 1648 4047 parentum,aut
1669 3978 1935 4045 donatas,

290 4070 391 4120 aut
411 4068 760 4120 testamento
794 4064 1305 4130 relictas,retinere
1331 4067 1940 4138 przesumpserint,aut

291 4155 348 4209 id
379 4157 530 4227 quod
564 4153 673 4226 ipsi
726 4155 1088 4211 donaverunt
1137 4155 1400 4212 ecclesiis
1446 4157 1534 4212 vel
1567 4159 1938 4214 monasteriis

289 4244 1221 4314 crediderintauferendum,sicut
1236 4247 1494 4319 synodus
1512 4251 1714 4303 sancta
1731 4249 1940 4305 consti-

288 4333 424 4400 tuit,
445 4332 600 4389 velut
630 4337 930 4389 necatores
962 4351 1310 4407 pauperum,
1345 4353 1650 4409 quousque
1670 4338 1936 4408 reddant,

289 4423 364 4478 ab
380 4421 644 4479 ecclesiis
666 4423 1070 4480 excludantur.
1091 4447 1116 4472 n
1133 4423 1296 4479 Unde
1313 4442 1685 4497 summopere
1700 4432 1941 4484 caveant

288 4511 644 4585 potentiores
661 4512 901 4585 quique,
921 4513 1332 4585 unusquisque
1364 4513 1422 4568 in
1457 4515 1659 4571 ordine
1681 4520 1738 4571 et
1758 4515 1942 4589 digni-

289 4607 412 4658 tate
434 4619 562 4669 sua,
584 4619 656 4658 ne
678 4606 1060 4675 praesumant,
1086 4603 1145 4657 in
1178 4603 1614 4659 damnationem
1646 4622 1814 4661 suam
1848 4623 1941 4662 res

296 4691 409 4748 sibi
439 4679 882 4759 ecclesiasticas,
917 4708 1104 4764 neque
1146 4692 1392 4764 fatigent
1435 4693 1523 4748 vel
1556 4693 1821 4766 affligant
1851 4695 1941 4750 in-

297 4781 591 4838 consuetis
650 4781 1176 4838 consuetudinibus
1232 4781 1333 4837 Dei
1391 4782 1666 4838 ecclesias
1714 4788 1770 4838 et
1817 4783 1944 4839 loca

295 4876 654 4936 sanctorum,
678 4871 930 4928 scientes
961 4871 1100 4944 quia
1129 4874 1193 4926 ut
1219 4871 1614 4943 praemisimus
1649 4889 1741 4928 res
1770 4872 1946 4929 eccle-

289 4959 538 5017 siastica:
566 4965 701 5017 vota
731 4964 869 5017 sunt
900 4960 1186 5032 ﬁdelium,
1211 4961 1565 5033 patrimonia
1594 4979 1940 5034 pauperum,

290 5051 479 5123 pretia
525 5055 921 5123 peccatorum,
946 5055 1002 5106 et
1032 5051 1092 5106 in
1125 5051 1374 5107 tuitione
1405 5056 1578 5123 atque
1608 5053 1944 5108 defensione

289 5139 502 5196 Christi
536 5142 888 5207 consistunt,
909 5141 1009 5213 qui
1033 5159 1131 5198 eas
1162 5147 1327 5198 terra:
1356 5143 1742 5216 principibus,
1769 5147 1944 5215 atque

290 5230 650 5303 primoribus
681 5231 753 5286 ad
785 5231 1215 5286 defendendum
1247 5236 1304 5286 et
1333 5233 1942 5301 conservandum,non

292 5321 673 5394 aftligendum
702 5319 792 5376 vel
839 5321 1248 5393 usurpandum
1298 5321 1418 5377 sive
1468 5323 1944 5393 przesumendum

291 5409 760 5467 commisit.Nam
775 5426 1136 5482 quaecunque
1149 5410 1946 5482 praetendaturaquocunque

293 5498 563 5557 utilitatis
580 5499 704 5559 sive
726 5499 1093 5557 necessitatis
1111 5497 1358 5569 occasio,
1373 5497 1470 5554 ille
1485 5500 1661 5555 corda
1679 5499 1944 5555 omnium

293 5591 600 5664 conspicit,
620 5588 721 5662 qui
740 5589 898 5647 novit
916 5589 1296 5663 cogitationes
1319 5587 1650 5657 hominum,
1666 5593 1723 5645 et
1745 5606 1946 5646 remu-

294 5684 456 5736 nerat
477 5681 758 5746 actiones,
784 5683 840 5736 et
869 5680 1045 5737 etiam
1076 5679 1458 5753 cogitationes
1489 5677 1944 5736 irremuneratas

295 5769 1050 5852 nullatenusderelinquet.
1085 5768 1366 5844 Quocirca
1423 5767 1616 5830 omnis
1675 5769 1787 5848 Qui
1825 5767 1948 5831 vult

2047 3438 2266 3492 minem
2289 3437 2359 3491 ab
2379 3435 2633 3493 Ecclesia
2649 3441 2706 3492 et
2727 3437 2988 3493 ﬁdelium
3005 3437 3279 3494 societate
3299 3439 3694 3495 excommuni-

2047 3531 2246 3582 cantes
2271 3544 2386 3582 non
2410 3543 2804 3599 segregemus,
2822 3527 2948 3598 jam
2971 3532 3164 3583 tamen
3193 3545 3226 3583 a
3254 3527 3438 3584 sacris
3465 3529 3696 3583 canoni-

2047 3617 2159 3672 bus
2190 3615 2730 3672 excommunicatus
2777 3621 2835 3672 et
2881 3616 3320 3689 prwdamnatus
3372 3621 3478 3683 est,
3513 3618 3694 3674 donec

2048 3710 2352 3778 peccatum
2386 3705 2530 3761 illud
2561 3707 2888 3775 deserat,et
2908 3722 3012 3778 per
3039 3706 3497 3761 satisfactionem
3520 3707 3696 3762 eccle-

2048 3794 2368 3859 siasticam,
2416 3800 2471 3849 et
2519 3795 2936 3850 sacerdotalem
2989 3793 3540 3863 reconciliationem,
3577 3795 3696 3850 Do-

2049 3883 2194 3938 mini
2225 3883 2472 3955 gratiam
2513 3886 2570 3937 et
2620 3882 2882 3937 fideliam
2939 3883 3275 3939 societatem
3337 3883 3598 3956 recipiat.
3628 3885 3696 3939 Et

2048 3973 2384 4045 quicunque
2407 3971 2463 4024 in
2485 3969 2740 4042 peccatis
2762 3971 2885 4027 suis
2915 3976 2971 4028 et
3001 3972 3218 4028 talibus
3250 3971 3569 4029 sceleribus
3593 3973 3698 4029 im-

2048 4063 2302 4137 plicatus
2360 4064 2493 4116 ante
2544 4060 3003 4116 satisfactionem
3064 4061 3454 4118 necessariam
3513 4063 3695 4118 vitam

2047 4153 2223 4208 istam
2254 4149 2493 4220 ﬁnierit,
2526 4149 3000 4204 communionem
3050 4153 3107 4206 et
3162 4150 3502 4207 societatem
3560 4167 3697 4208 cum

2048 4240 2246 4297 electis
2277 4239 2336 4294 in
2371 4255 2546 4311 regno
2577 4237 2679 4294 Dei
2710 4237 2923 4294 habere
2956 4237 3290 4297 nullatenus
3326 4239 3562 4313 poterit,
3593 4257 3699 4297 nec

2049 4331 2119 4385 de
2149 4329 2361 4385 inferni
2410 4328 2598 4399 poenis
2628 4331 2685 4384 et
2715 4327 3046 4383 daemonum
3104 4329 3379 4386 societate
3434 4343 3699 4403 unquam

2047 4419 2284 4474 liberari
2342 4415 2578 4473 valebit.
2625 4416 2887 4488 Denique
2936 4417 3050 4472 duo
3103 4416 3358 4489 capitula
3417 4436 3543 4492 qua:
3604 4437 3700 4477 se-

2050 4513 2333 4582 quuntur,
2389 4525 2457 4563 ex
2515 4506 2702 4562 edicto
2782 4510 3089 4579 assumpta
3161 4511 3303 4562 sunt
3378 4508 3450 4563 ab
3517 4511 3698 4566 Anse-

2048 4599 2174 4671 giso
2219 4597 2447 4664 abbate,
2481 4594 2872 4668 capitulorum
2933 4595 3328 4670 imperialium
3386 4612 3456 4652 ex
3513 4598 3699 4656 diver-

2050 4687 2132 4744 sis
2169 4685 2406 4760 synodis
2457 4690 2514 4742 et
2561 4685 2794 4758 placitis
2849 4685 3171 4755 collectore,
3223 4703 3402 4743 causa
3459 4687 3702 4743 brevita-

2051 4778 2128 4833 tis
2160 4777 2217 4831 in
2249 4777 2437 4849 primo
2496 4775 2644 4832 libro
2704 4775 3117 4848 capitulorum,
3148 4777 3579 4849 septuagesimo
3610 4792 3700 4830 se-

2053 4866 2236 4940 ptimo
2269 4871 2326 4922 et
2373 4865 2808 4939 septuagesimo
2863 4870 3083 4935 octavo,
3120 4867 3190 4920 de
3224 4883 3337 4920 non
3371 4864 3702 4920 dividendis

2053 4959 2228 5012 rebus
2250 4955 2748 5025 ecclesiasticis,et
2765 4955 3170 5029 episcoporum
3193 4953 3493 5020 electione,
3513 4970 3582 5009 ex
3603 4971 3700 5010 su-

2053 5045 2396 5118 prascriptis
2439 5049 2724 5116 excerpta,
2751 5044 2811 5099 in
2853 5046 3089 5117 praefato
3121 5043 3268 5098 libro
3301 5043 3699 5099 inveniuntur.

2053 5135 2217 5202 Quod
2247 5135 2504 5190 edictum
2537 5152 2605 5190 ex
2634 5138 2861 5206 integro
2903 5135 3154 5190 domnus
3183 5132 3423 5189 Carolus
3455 5133 3704 5206 Magnus

2051 5225 2389 5297 imperator,
2411 5241 2545 5279 cum
2571 5222 3021 5296 interrogatione
3038 5223 3108 5278 de
3129 5221 3582 5296 chorepiscopis,
3601 5239 3706 5296 per

2051 5318 2343 5371 Arnonem
2361 5313 2863 5385 archiepiscopum
2877 5313 2948 5368 ad
2964 5313 3213 5367 Leonem
3231 5329 3443 5384 papam
3475 5311 3701 5380 direxit,

2055 5410 2112 5460 et
2127 5406 2198 5460 ad
2218 5405 2266 5476 ej
2277 5422 2345 5461 us
2361 5402 2696 5460 consultum
2715 5401 2871 5457 aliud
2891 5401 3146 5456 edictum
3160 5404 3231 5457 de
3249 5417 3365 5456 non
3377 5400 3704 5457 dividendis

2054 5495 2230 5551 rebus
2252 5490 2746 5560 ecclesiasticis,et
2770 5492 2838 5547 de
2861 5489 3266 5563 episcoporum
3285 5491 3477 5546 causis
3497 5489 3704 5558 edidit,

2054 5589 2111 5640 et
2123 5583 2451 5657 apostolicae
2465 5581 2622 5638 sedis
2637 5584 2810 5653 atque
2823 5579 3168 5636 auctoritate
3189 5596 3298 5636 sua
3317 5579 3704 5650 conﬁrmavit,

2055 5679 2112 5731 et
2122 5692 2227 5748 per
2239 5689 2441 5729 omnes
2453 5669 2934 5743 metropolitauas
2946 5669 3221 5726 ecclesias
3233 5668 3464 5742 imperii
3477 5671 3568 5727 sui
3583 5687 3708 5744 per-

2058 5768 2234 5843 petuo
2255 5761 2546 5825 servanda
2559 5760 3115 5824 direxit.Memcrata
3132 5759 3330 5838 itaque
3349 5759 3708 5840 capitula-ita
