4152 6546
290 485 316 545 ί
328 485 444 545 093

1395 482 1496 543 DE
1541 481 2080 544 PRESBYTERIS
2128 483 2594 546 CRlMINOSIS.

3541 489 3697 550 1094

286 634 356 674 ne
383 617 622 673 deterius
649 616 751 672 tibi
779 615 993 688 aliquid
1021 617 1300 685 contingat
1329 617 1574 684 (Joa-n.v,
1607 616 1714 688 14).
1736 617 1847 671 Sed
1882 620 1939 671 et
1971 619 2014 684 Α
2056 617 2375 673 reverentia
2404 619 2724 674 consecrati
2757 621 2841 674 ita
2869 621 3226 678 decernunt:
3251 621 3310 677 Si
3335 622 3468 694 quis
3495 627 3698 678 contra

289 723 466 780 prava
486 705 599 762 sibi
621 708 1000 778 suggerentes
1023 722 1137 760 non
1162 705 1693 771 obaudiat,dicente
1705 706 1942 776 Aposto-

287 796 342 851 lo
367 813 381 850 τ
410 796 526 850 Non
547 796 723 851 solum
743 795 840 866 qui
855 795 1191 866 faciunt,sed
1212 797 1309 867 qui
1327 797 1672 850 consentiunt
1687 795 1940 865 facienti-

291 885 574 954 bus,digni
591 891 721 940 sunt
746 892 914 939 morte
937 885 1109 952 (Rom.
1136 901 1173 951 ι,
1199 885 1308 955 3:2).
1325 883 1607 956 Episcopo
1629 883 1804 938 etiam
1839 902 1941 938 nu-

289 992 394 1047 per
423 974 692 1029 ordinato
715 989 884 1046 agere
919 973 1059 1028 talia
1095 973 1183 1029 vel
1217 972 1434 1028 talibus
1456 977 1791 1028 consenttre
1823 989 1936 1028 non

289 1061 608 1136 praecipiat,
626 1064 782 1117 unde
803 1079 864 1117 se
886 1061 1079 1134 ipsum
1101 1063 1390 1134 perdat,et
1409 1078 1604 1117 coram
1632 1063 1741 1118 Deo
1765 1061 1942 1117 eccle-

293 1151 594 1208 siasticam
625 1151 874 1223 gratiam
907 1151 1158 1206 amittat.
1193 1156 1336 1206 Cum
1363 1167 1559 1206 coram
1577 1149 1852 1206 omnibus
1885 1154 1942 1207 et

290 1240 640 1298 electoribus
672 1245 728 1296 et
745 1238 1179 1295 ordinatoribus
1202 1240 1326 1295 suis
1347 1239 1781 1295 districtissi'me
1805 1257 1940 1312 pro-

291 1331 481 1387 fessus
512 1334 647 1386 ante
676 1329 1102 1385 ordinationem
1157 1345 1324 1384 suam
1377 1328 1571 1396 fuerit,
1604 1332 1661 1385 et
1708 1328 1944 1401 propria

293 1436 470 1475 manu
493 1417 911 1490 subscripserit
940 1434 1137 1473 sacras
1170 1417 1402 1489 regulas
1440 1423 1777 1473 sanctorum
1801 1435 1942 1472 con-

293 1509 586 1578 ciliorum,
614 1512 905 1580 quantum
940 1506 1136 1563 scierit
1165 1511 1221 1563 et
1248 1507 1525 1579 potuerit,
1552 1511 1940 1563 servaturum.

293 1598 400 1679 Qui
425 1598 575 1654 sacri
587 1613 838 1654 canones
860 1596 1071 1669 spiritu
1093 1596 1195 1654 Dei
1217 1596 1522 1664 conditi,et
1541 1596 1943 1670 totius_mundi

2049 722 2217 760 suam
2241 706 2664 778 professionem
2694 707 2783 763 vel
2814 725 2982 764 suam
3006 710 3356 782 scripturam
3387 711 3612 766 venerit
3637 711 3698 766 in

2049 793 2265 865 aliquo,
2302 795 2426 866 ipse
2458 812 2518 851 se
2547 796 2766 851 honore
2796 796 3063 868 privabit.
3099 798 3207 864 Qui
3257 804 3451 855 autem
3500 817 3592 856 res
3641 804 3700 856 et

2050 882 2354 938 facultates
2376 884 2797 941 ecclesiasticas
2819 886 3182 943 Belvaccnsis
3213 888 3478 944 Ecclesiae
3509 891 3697 963 ipsius

2050 989 2338 1028 consensu
2363 973 2450 1028 vel
2476 974 2668 1030 favore
2692 976 3074 1046 pessumdare
3094 980 3699 1053 przesumpserint,qui

2051 1060 2457 1117 auctoritatem
2481 1079 2578 1119 eas
2604 1063 2721 1119 illis
2738 1064 2874 1120 dare
2887 1063 2972 1120 vel
2995 1065 3322 1122 consentire
3343 1084 3456 1122 non
3469 1068 3697 1138 habuit,

2051 1150 2472 1206 sollicitissime
2521 1158 2779 1219 caveant,
2817 1171 2883 1208 ac
2928 1155 3359 1228 suprascriptas
3398 1173 3698 1214 sacrorum

2051 1255 2342 1294 canonum
2367 1240 2707 1309 sententias,
2729 1242 2800 1296 ab
2823 1243 3098 1298 omnibus
3121 1243 3288 1299 nobis
3309 1245 3699 1318 episcopis,ad

2052 1345 2304 1400 quorum
2367 1328 2633 1384 notitiam
2681 1329 2944 1401 ipsorum
2999 1331 3283 1406 sacrilega
3332 1334 3702 1406 pervenerint

2053 1417 2388 1487 intentatas,
2440 1418 2746 1490 suscipiat,
2796 1425 2853 1475 et
2906 1421 2980 1476 ab
3018 1423 3177 1476 omni
3233 1415 3702 1480 Christianorum

2053 1507 2326 1564 societate
2358 1507 2546 1564 modis
2577 1509 2854 1566 omnibus
2885 1515 3246 1584 separentur.

1895 1912 2098 1985 XV.

1093 2066 1237 2150 DE
1299 2067 2046 2154 PBESBYTEHIS
2105 2067 2252 2154 CR
2267 2065 2804 2176 IMINOSIS,

1513 2215 1584 2277 de
1612 2216 1824 2299 quibus
1851 2216 2204 2298 approbatio
2237 2237 2352 2278 non
2380 2227 2485 2278 est.

1041 2351 1229 2422 (Apud
1269 2351 1563 2420 eumdem,
1616 2367 1683 2406 ex
1731 2351 1984 2407 editione
2032 2351 2378 2424 Moguntina
2425 2351 2670 2408 Joannis
2723 2352 2952 2421 Busaei).

365 2584 497 2638 CAP.
533 2581 574 2637 Ι.
607 2581 754 2646 Quid
784 2582 854 2636 de
875 2582 1228 2654 presbyteris
1258 2581 1698 2651 criminosis,de
1722 2583 1937 2655 quibus
1968 2587 2015 2652 Β
2046 2583 2226 2638 nostri
2281 2583 2488 2639 Leonis
2538 2582 2864 2656 apostolici,
2914 2589 3375 2658 caaterorumque
3426 2587 3704 2645 Romanis

295 2670 634 2744 approbatio
660 2688 776 2726 non
809 2675 918 2737 est,
933 2672 1225 2744 agendum
1257 2671 1427 2740 sit,in
1461 2671 1609 2728 libro
1640 2672 1827 2744 primo
1846 2673 1946 2728 Ca-

293 2761 612 2832 pitulorum
647 2760 848 2816 domni
880 2760 1068 2816 Caroli
1102 2760 1473 2833 imperatoris
1496 2761 1733 2833 augusti
1757 2761 1945 2833 capite

293 2848 593 2920 trigesimo
616 2855 823 2921 quarto
847 2849 1133 2921 scriptum
1167 2855 1255 2904 est
1277 2848 1399 2922 (lib.
1427 2868 1462 2904 ν
1483 2850 1718 2922 Capitut'.
1748 2851 1902 2920 0.33)
1927 2867 1940 2905 :

299 2938 413 2992 Iloc
461 2936 628 2992 nobis
673 2954 886 3009 magno
933 2954 1068 2993 cum
1120 2937 1316 2993 studio
1369 2938 1802 2994 retractandum
1834 2942 1941 3005 est,

296 3025 436 3098 quid
459 3027 528 3080 de
545 3025 660 3082 illis
679 3026 1032 3098 presbyteris
1064 3026 1581 3095 criminosis,unde
1603 3027 1943 3098 approbatio

295 3135 411 3172 non
443 3120 552 3186 est,
573 3121 631 3172 et
659 3133 891 3188 semper
912 3117 1497 3189 negant,faciendum
1529 3116 1623 3172 sit.
1658 3117 1804 3173 Nam
1837 3117 1944 3172 hoc

295 3203 616 3277 smpissime
639 3222 672 3260 a
693 3205 862 3261 nobis
885 3223 951 3262 ac
974 3205 1500 3278 praedecessoribus
1521 3205 1740 3262 nostris
1761 3205 1942 3260 venti-

295 3293 479 3349 latum
509 3296 725 3363 est,sed
749 3312 863 3349 non
884 3296 954 3350 ad
979 3295 1270 3367 liquidum
1293 3296 1579 3351 hactenus
1601 3294 1940 3350 difﬁnitum.

297 3384 457 3439 Unde
488 3385 559 3439 ad
611 3384 1038 3440 consulendum
1090 3385 1319 3441 Patrem
1373 3389 1640 3442 nostrum
1693 3386 1942 3441 Leonem

297 3491 507 3546 papam
521 3475 854 3530 sacerdotes
872 3479 1102 3530 nostros
1116 3475 1770 3547 misimus,etquidquid
1794 3475 1864 3530 ab
1878 3491 1944 3530 eo

295 3563 383 3619 vel
415 3581 450 3618 a
481 3562 604 3620 suis
635 3563 1087 3636 perceperimus,
1120 3565 1285 3620 vobis
1319 3583 1435 3620 una
1467 3582 1602 3620 cum
1635 3564 1751 3620 illis
1797 3581 1945 3636 quos

295 3652 571 3708 misimus
603 3653 937 3708 renuntiare
968 3671 1083 3709 non
1115 3653 1505 3710 tardabimus.
1555 3653 1670 3710 Vos
1710 3654 1945 3709 interim

293 3740 553 3797 vicissim
584 3745 831 3797 tractate
885 3742 1187 3810 attentius,
1212 3743 1354 3815 quid
1404 3759 1472 3800 ex
1519 3743 1613 3799 his
1643 3743 1946 3800 vobiscum

294 3832 883 3898 constituamus,una
912 3849 1047 3888 cum
1073 3833 1332 3904 praedicti
1365 3833 1549 3888 sancti
1570 3833 1756 3888 Patris
1778 3833 1945 3888 insti-

293 3920 642 3990 tutionibus,
677 3924 741 3976 ut
774 3939 1044 3976 murmur
1065 3926 1251 3977 cesset
1292 3921 1513 3994 populi,
1541 3925 1596 3976 et
1618 3938 1724 3977 nos
1755 3921 1846 3976 his
1871 3921 1947 3976 fa-

290 4013 490 4064 ventes
510 4009 949 4076 illzcsi,Domino
971 4010 1306 4079 auxiliante,
1324 4012 1394 4067 ab
1420 4012 1684 4082 utrisque
1707 4027 1941 4067 manea-

288 4115 443 4154 mus.
459 4098 734 4171 Sequitur
755 4100 1122 4156 conﬁrmatio
1144 4105 1463 4156 memorata
1485 4101 1554 4156 de
1575 4101 1945 4156 sacerdotum

285 4189 650 4260 purgatione,
676 4189 868 4260 capite
897 4189 956 4245 in
990 4191 1193 4246 eodem
1216 4189 1363 4246 libro
1389 4190 1690 4263 trigesimo
1713 4190 1940 4262 quinto.

358 4277 490 4333 CAP.
525 4278 590 4334 ll.
627 4279 882 4350 (Cupitul.
937 4278 1038 4334 lib.
1090 4297 1146 4347 v,
1182 4296 1232 4334 c.
1280 4280 1395 4349 34.)
1439 4280 1726 4336 Omnibus
1778 4280 1943 4335 vobis

283 4365 413 4422 visu
448 4371 548 4421 aut
579 4367 782 4422 auditu
814 4372 1018 4423 notum
1051 4385 1179 4424 esse
1227 4386 1340 4423 non
1391 4369 1752 4436 dubitamus,
1786 4369 1936 4442 quod

287 4455 611 4526 saapissime
642 4457 924 4512 suadente
956 4458 1197 4530 antiquo
1223 4459 1387 4514 hoste
1410 4458 1814 4515 sacerdotibus
1837 4459 1943 4514 cri-

288 4544 449 4599 mina
471 4544 698 4602 diversa
728 4546 1108 4619 objiciuntur.
1128 4548 1240 4603 Sed
1273 4547 1551 4619 quoniam
1595 4548 1846 4620 qualiter
1875 4566 1944 4604 ex

286 4633 374 4689 eis
396 4635 467 4689 ab
485 4634 579 4691 his
595 4636 961 4692 rationabilis
993 4637 1344 4692 examinatio
1375 4641 1432 4691 et
1463 4637 1782 4693 satisfactio
1815 4638 1935 4704 ﬁat,

287 4721 426 4778 licet
471 4725 541 4779 de
589 4725 919 4781 rationabili
968 4725 1397 4782 examinatione
1446 4731 1503 4782 et
1541 4726 1938 4782 satisfactione

287 4813 781 4886 presbyterorum,
815 4819 1076 4888 tempore
1106 4817 1270 4872 bona:
1293 4817 1586 4872 memoriae
1618 4817 1818 4871 domni
1839 4831 1938 4888 ge-

287 4901 495 4960 nitoris
527 4904 641 4960 mei
673 4905 922 4977 Pippini,
957 4905 1076 4961 sive
1105 4905 1314 4977 priscis
1353 4905 1716 4977 temporibus
1738 4923 1772 4962 a
1802 4923 1936 4962 san-

285 4991 398 5046 ctis
429 4991 700 5050 Patribus
732 4997 788 5049 et
811 5011 845 5049 a
865 4993 1106 5067 reliquis
1136 4995 1299 5050 bona:
1331 4993 1652 5050 devotionis
1687 4994 1938 5050 homini-

284 5079 398 5135 bus
423 5082 743 5153 seepissime
762 5083 1110 5139 ventilatum
1129 5084 1324 5152 fuerit,
1349 5101 1453 5140 nos
1469 5087 1664 5140 tamen
1687 5083 1936 5156 pleniter

283 5173 341 5224 et
362 5171 434 5226 ad
457 5169 749 5243 liquidum
763 5173 1080 5229 difﬁnitum
1097 5173 1347 5246 reperire
1360 5174 1602 5230 minime
1615 5173 1930 5246 quivimus.

284 5258 513 5316 Nostris
536 5261 750 5335 quippe
771 5263 1135 5335 temporibus
1158 5264 1416 5336 idipsum
1433 5281 1466 5320 a
1489 5263 1935 5336 sanetisepisco—

2054 2671 2324 2728 Ecclesia:
2354 2672 2783 2744 episcoporum,
2817 2677 2875 2728 et
2917 2674 3276 2746 reliquorum
3310 2677 3701 2746 sacerdotum,

2054 2762 2173 2818 sive
2228 2761 2587 2818 Orentalium
2636 2766 2692 2817 et
2741 2763 3069 2818 Graecorum
3130 2763 3614 2834 patriarcharum,
3648 2771 3706 2823 et

2055 2851 2376 2906 multorum
2408 2855 2744 2906 sanctorum
2767 2851 3198 2924 episcoporum,
3225 2856 3279 2907 et
3309 2855 3704 2922 sacerdotum,

2055 2957 2278 2995 necnon
2298 2944 2354 2995 et
2385 2943 2719 2995 nostrorum
2743 2939 3150 3012 episc0porum
3174 2941 3705 3010 omuium,cmtero-

2055 3046 2304 3100 rumque
2335 3029 2703 3084 sacerdotum
2751 3046 2818 3084 ac
2869 3029 3201 3085 Levitarum
3254 3031 3600 3087 auctoritate
3649 3037 3707 3088 et

2052 3135 2364 3185 consensu,
2391 3122 2564 3189 atque
2595 3117 2955 3190 reliquorum
2988 3118 3246 3175 ﬁdelium
3281 3123 3338 3175 et
3359 3125 3703 3178 cunctorum

2053 3205 2519 3262 consiliariorum
2547 3211 2880 3262 nostrorum
2911 3206 3185 3264 consultu
3234 3209 3554 3265 difﬁnitum
3593 3214 3703 3278 est,

2049 3296 2215 3350 vobis
2237 3295 2510 3351 omnibus
2541 3295 2763 3351 ordinis
2785 3296 3094 3369 utriusque
3118 3297 3405 3354 ministris
3429 3299 3576 3355 scire
3605 3317 3704 3356 vo-

2050 3385 2269 3440 lumus.
2296 3384 2590 3440 Statutum
2622 3389 2710 3440 est
2740 3386 3254 3456 namque,ratione
3275 3391 3331 3442 et
3360 3388 3708 3446 necessitate

2053 3490 2119 3528 ac
2151 3477 2494 3545 auctoritate
2518 3473 2813 3545 praedicta,
2849 3474 3122 3530 consultu
3154 3475 3442 3543 omnium,
3469 3480 3533 3532 ut
3563 3494 3707 3550 quo-

2054 3562 2398 3633 tiescunque
2429 3561 2705 3634 cuiquam
2738 3563 3026 3618 sacerdoti
3051 3564 3271 3620 crimen
3295 3565 3706 3638 imponitur,si

2053 3651 2179 3725 ipse
2225 3657 2531 3707 accusator
2579 3651 2714 3709 talis
2762 3651 2958 3721 fuerit,
2987 3656 3051 3708 ut
3083 3653 3260 3726 recipi
3311 3655 3519 3710 debeat
3547 3656 3710 3727 (quia

2055 3741 2256 3813 quales
2273 3741 2345 3796 ad
2369 3741 2802 3796 accusationem
2822 3743 3190 3798 sacerdotum
3213 3742 3446 3798 admitti
3461 3743 3710 3799 debeant

2053 3830 2113 3885 in
2146 3830 2470 3886 canonibus
2503 3829 2750 3901 pleniter
2779 3847 3119 3902 expressum
3151 3835 3281 3897 est),
3306 3831 3353 3887 si
3383 3836 3599 3900 autem,
3643 3835 3710 3888 ut

2055 3919 2277 3974 dictum
2309 3918 2528 3986 est,ille
2560 3919 2998 3992 aecusator,qui
3029 3921 3306 3976 canonice
3338 3921 3708 3994 recipiendus

2056 4012 2162 4077 est,
2187 4025 2322 4064 eum
2346 4025 2480 4064 cum
2503 4007 2766 4080 legitimo
2789 4026 3032 4064 numero
3054 4026 3316 4065 verorum
3340 4013 3398 4065 et
3418 4011 3706 4067 bonorum

2057 4096 2295 4153 testium
2327 4098 2648 4170 approbare
2671 4099 2730 4152 in
2761 4102 3075 4170 conspectu
3108 4099 3517 4171 episcoporum
3538 4104 3708 4172 pote-

2054 4187 2150 4255 rit,
2184 4192 2324 4243 tunc
2356 4187 2633 4243 canonice
2663 4187 3041 4259 dijudicetur,
3072 4191 3129 4244 et
3160 4189 3208 4243 si
3253 4187 3566 4262 cnlpabilis
3614 4188 3708 4246 in-

2051 4281 2258 4332 ventus
2315 4276 2510 4344 fuerit,
2545 4277 2822 4333 canonice
2882 4277 3211 4334 damnetur.
3261 4277 3318 4334 Si
3379 4294 3512 4334 vero
3571 4295 3708 4336 cum

2052 4382 2231 4437 supra
2261 4365 2476 4438 scripto
2527 4370 2806 4438 praetextu
2857 4367 3178 4439 approbare
3230 4367 3354 4439 ipse
3403 4372 3713 4425 accusator

2053 4454 2297 4510 minime
2327 4455 2602 4526 potuerit,
2637 4460 2694 4512 et
2724 4456 2834 4512 hoc
2857 4457 3135 4512 canonice
3167 4456 3511 4514 diffiniatur.

2123 4546 2254 4600 CAP.
2281 4545 2376 4601 IlI.
2400 4546 2588 4614 (Ῐὺίιί.)
2612 4546 2741 4617 Ipse
2772 4561 2908 4619 ergo
2933 4546 3225 4616 sacerdos,
3253 4547 3302 4603 si
3346 4547 3712 4621 suspiciosus

2051 4637 2153 4688 aut
2185 4632 2546 4690 incredibilis
2575 4651 2680 4690 suo
2704 4635 3070 4708 episcopo,ac
3093 4635 3336 4709 reliquis
3356 4637 3482 4694 suis
3503 4655 3710 4694 consa-

2049 4723 2402 4790 cerdotibus,
2418 4723 2539 4780 sive
2559 4723 2730 4781 bonis
2756 4729 2812 4780 et
2831 4725 3014 4796 justis
3038 4727 3108 4782 de
3133 4744 3241 4782 suo
3264 4727 3480 4801 populo
3499 4727 3586 4783 vel
3604 4745 3712 4784 sua

2047 4812 2214 4884 plebe
2246 4812 2586 4869 hominibus
2619 4814 2813 4884 fuerit,
2833 4832 2904 4871 ne
2933 4816 2990 4871 in
3025 4815 3290 4884 crimine,
3317 4821 3417 4872 aut
3456 4817 3516 4871 in
3562 4833 3709 4889 prae-

2048 4902 2203 4958 dicta
2234 4902 2566 4976 suspicione
2594 4909 2910 4973 remaneat,
2930 4922 3065 4961 cum
3096 4905 3286 4961 tribus
3317 4907 3418 4960 aut
3447 4905 3710 4977 quinque

2044 4990 2130 5048 vel
2166 4995 2388 5064 septem
2419 4993 2589 5050 bonis
2622 5011 2688 5049 ac
2731 4994 2937 5050 vicinis
2988 4994 3393 5050 sacerdotibus
3444 4993 3708 5066 exemplo

2047 5083 2256 5139 Leonis
2281 5084 2581 5156 papae,qui
2611 5085 2921 5141 duodecim
2944 5084 3249 5156 episcopos
3272 5083 3332 5138 in
3355 5100 3463 5139 sua
3493 5100 3708 5156 purga-

2044 5173 2201 5228 tione
2231 5172 2456 5240 habuit,
2480 5172 2568 5229 vel
2600 5191 2666 5229 eo
2687 5173 2962 5247 amplius,
2990 5172 3039 5230 si
3076 5190 3182 5228 suo
3207 5171 3479 5246 episcopo
3509 5171 3705 5229 visum

2047 5262 2240 5331 fuerit,
2263 5267 2364 5318 aut
2394 5280 2630 5320 necesse
2661 5268 2897 5335 propter
2917 5260 3240 5320 tumultum
3269 5261 3469 5335 populi
3493 5261 3551 5317 id
3574 5278 3711 5319 esse

285 5347 396 5420 pis,
422 5354 479 5405 et
499 5349 740 5423 reliquis
765 5354 1188 5422 sacerdotibus,
1209 5357 1265 5409 et
1295 5353 1516 5411 caeteris
1537 5353 1941 5410 ecclesiasticae
1975 5339 2017 5403 Ι)
2050 5352 2426 5425 perspexerit,
2448 5370 2582 5409 cum
2615 5351 2745 5407 aliis
2771 5352 2940 5407 bonis
2964 5351 3213 5424 etjustis
3254 5351 3617 5422 hominibus,
3643 5368 3705 5408 se

285 5436 589 5511 dignitatis
621 5440 929 5511 ministris,
966 5443 1183 5499 nostris
1214 5443 1275 5498 in
1307 5443 1522 5516 regnis,
1557 5460 1659 5498 seu
1709 5441 1768 5497 in
1809 5443 1940 5499 aliis

284 5528 659 5602 degentibus,
674 5530 962 5604 nobisque
996 5550 1116 5589 una
1146 5549 1280 5588 cum
1306 5531 1390 5589 eis
1415 5532 1724 5604 agentibus
1747 5533 1941 5604 saepis-

287 5617 456 5687 sime,
493 5625 730 5693 propter
760 5621 978 5678 multas
1009 5626 1066 5679 et
1086 5621 1299 5679 nimias
1321 5621 1784 5689 reclamationes,
1812 5638 1937 5693 quae

285 5723 356 5763 ex
376 5708 485 5766 hoc
516 5711 588 5766 ad
620 5727 726 5767 nos
756 5727 825 5767 ex
850 5693 1094 5769 diversis
1124 5712 1391 5785 partibus
1422 5715 1723 5781 venerunt,
1748 5711 1937 5767 venti-

287 5797 475 5860 latum
505 5804 614 5858 est.
648 5801 762 5867 Sed
795 5801 1045 5876 qualiter
1093 5801 1366 5866 consultu
1417 5800 1617 5860 domui
1667 5804 1724 5860 et
1751 5800 1936 5861 Patris

2050 5447 2413 5498 sacramento
2437 5458 2637 5497 corum
2670 5441 2885 5513 populo
2909 5459 3086 5513 super
3113 5445 3366 5514 quatuor
3396 5440 3709 5514 Evangelia

2051 5531 2206 5598 dato,
2239 5535 2556 5603 purgatum
2590 5529 2845 5587 ecclesiae
2878 5548 3022 5587 suus
3055 5531 3260 5587 reddat
3301 5529 3633 5604 episcopus.

2120 5621 2252 5678 CAP.
2291 5621 2383 5678 IV.
2417 5620 2602 5690 (Ibid.)
2645 5620 2702 5675 Si
2755 5620 2888 5693 quis
2931 5623 3128 5678 autem
3189 5621 3338 5678 scire
3393 5621 3707 5694 desiderat,

2049 5711 2252 5783 quales
2272 5713 2640 5768 accusatores
2658 5726 2724 5765 ac
2746 5713 2926 5767 testes
2947 5711 3018 5766 ad
3050 5711 3487 5768 accusationem
3517 5728 3708 5768 sacer-

2049 5802 2252 5860 dctum
2283 5799 2462 5876 recipi
2481 5799 2756 5873 debeant,
2773 5804 2829 5858 et
2849 5800 2990 5878 quid
3023 5801 3094 5859 de
3125 5804 3466 5862 accusatore
3496 5801 3710 5862 facien-
