4152 6500
496 393 658 460 1091

1254 391 1644 458 HINCMABI
1688 388 1932 454 suam.
1961 365 2372 450 iaculari.
2419 387 2827 452 sensuum
2870 389 3138 449 nam.

3753 387 3924 449 ιωε

497 527 644 584 dum
666 525 1026 601 sit,plenitcr
1043 527 1104 584 in
1117 526 1446 586 eanonibus
1460 529 1521 584 et
1537 523 2012 598 legibus,quibus
2033 539 2152 582 una
2176 524 2234 592 Α
2262 522 2580 596 potuerint,
2612 520 2938 581 maculatos
2967 521 3040 578 ab
3060 519 3318 582 Ecclesia
3335 531 3579 594 aequum
3595 525 3690 580 est
3719 534 3922 579 remo-

496 634 639 676 cum
667 617 852 674 sacris
881 615 1208 673 canonibus
1239 619 1444 673 saneta
1489 615 1829 670 moderatur
1867 610 2144 680 Ecclesia,

498 705 754 779 reperire
802 705 1034 779 poterit.
1065 704 1366 772 Videlicet,
1401 722 1550 777 quos
1584 702 1828 774 publica:
1868 701 2026 776 leges
2073 701 2146 756 ad

497 795 934 854 accusationem
952 793 1042 851 vel
1071 794 1144 852 ad
1165 792 1633 850 testiﬁcationem
1654 791 2150 859 admittunt,tales

495 885 908 952 admittuntur,
925 887 984 940 et
1001 882 1205 956 quales
1224 881 1470 956 publicai
1483 881 1643 954 leges
1662 897 1780 938 non
1802 880 2150 936 admittuntt

500 991 624 1032 non
642 971 1084 1046 recipiantur,id
1103 976 1211 1040 est,
1227 971 1488 1028 infamias
1503 970 1753 1028 maculis
1775 969 1999 1044 aspersi
2031 986 2147 1026 non

499 1063 897 1122 admittuntur
913 1061 986 1118 ad
1014 1061 1484 1129 accusationem;
1506 1061 1610 1118 sed
1631 1064 1827 1116 tamen
1847 1059 2145 1128 omnibus,

499 1149 1027 1225 quibusaccusatio
1047 1150 1388 1223 denegatur,
1403 1150 1462 1206 id
1481 1149 1677 1206 causis
1697 1147 1946 1222 propriis
1976 1164 2148 1205 accu-

493 1241 676 1302 sandi
688 1240 926 1298 licentia
945 1257 1060 1298 non
1081 1245 1174 1297 est
1187 1241 1564 1313 deneganda:
1587 1243 1647 1296 et
1670 1239 1926 1312 suspecti
1947 1233 2147 1313 gratiis

499 1333 766 1398 tentasset
783 1328 867 1385 illi
887 1329 976 1386 vel
997 1329 1424 1400 maxime,quos
1445 1333 1752 1387 accusator
1766 1329 1838 1384 dc
1857 1346 1964 1386 sua
1974 1329 2148 1385 domo

501 1417 860 1492 produxerit,
873 1416 963 1473 vel
983 1418 1114 1475 vita;
1144 1417 1450 1476 humilitas
1477 1415 1865 1487 infamaverit,
1887 1417 1976 1474 vel
1996 1417 2151 1474 infra

503 1524 689 1564 annos
721 1506 1160 1580 quatuordecim
1193 1506 1378 1564 aetatis
1407 1523 1549 1574 sua,
1581 1524 1698 1562 non
1737 1506 2146 1562 admittuntur.

575 1596 710 1652 CAP.
742 1595 810 1652 V.
843 1595 951 1662 Qui
999 1599 1208 1664 testes,
1256 1601 1321 1651 ut
1365 1595 1457 1652 lex
1505 1594 1818 1652 Theodosii
1866 1593 2146 1668 praecipit,

502 1682 852 1756 priusquam
877 1682 1163 1739 tie-causa
1189 1682 1644 1756 interrogentur,
1667 1687 2037 1740 sacramento
2057 1682 2152 1738 de-

502 1771 642 1828 bent
671 1770 1011 1844 constringi,
1043 1776 1108 1827 ut
1123 1771 1330 1843 jurent
1349 1787 1412 1828 se
1443 1770 1592 1827 nihil
1631 1770 1762 1828 falsi
1803 1788 1932 1828 esse
1960 1771 2165 1849 dictu;

2256 612 2399 680 veri,
2414 616 2479 668 ut
2499 611 2819 684 contempti
2848 610 3114 683 posthac,
3133 614 3194 666 et
3207 609 3434 667 miserae
3451 609 3813 667 humilitatis
3831 611 3922 668 in-

2257 701 2460 757 clinati
2491 699 3159 774 despectu,injuriarum
3181 717 3298 756 non
3340 699 3553 758 habeat
3581 700 3918 769 actionem;

2256 790 2340 846 ita
2356 789 2570 847 similis
2589 789 2773 846 videri
2792 789 2962 846 debet
2974 788 3244 862 justitiaa,
3264 789 3423 861 quod
3451 788 3726 863 appetito
3747 789 3923 846 inno-

2257 879 2459 937 centia:
2490 879 2854 937 moderatam
2872 877 3084 936 deferri
3105 877 3401 950 jussimus
3422 878 3728 936 ultionem.
3755 878 3920 935 Ideo-

2257 985 2370 1042 que
2400 967 2746 1041 hujusmodi
2776 968 3061 1026 duntaxat
3089 983 3298 1024 causas
3325 967 3585 1042 episcOpi
3611 969 3724 1026 sub
3744 970 3916 1026 testi-

2257 1058 2528 1116 ﬁcatione
2549 1056 2870 1115 multorum
2917 1061 3048 1114 acta
3083 1056 3286 1114 audire
3317 1057 3632 1116 debebunt.
3654 1058 3727 1115 Et
3757 1059 3916 1116 sacri

2257 1147 2747 1222 Carthaginenses
2775 1161 3031 1205 canones
3059 1146 3212 1204 inter
3257 1154 3626 1204 accusatores
3668 1146 3918 1204 clerico-

2256 1253 2412 1304 rum,
2445 1241 2504 1294 et
2548 1239 2856 1294 accusatos
2901 1233 3146 1294 clericos
3191 1235 3477 1304 ordinem,
3509 1235 3768 1310 qualiter
3809 1251 3917 1294 ex-

2257 1325 2811 1384 communicationis
2831 1325 3151 1395 damnatio,
3172 1323 3262 1382 vel
3291 1325 3746 1383 examinationis
3777 1343 3918 1400 pur-

2255 1414 2414 1489 gatio
2443 1414 2539 1489 agi
2569 1415 2798 1482 debeat,
2831 1414 3139 1474 manifeste
3167 1415 3492 1484 ditﬁniunt,
3521 1413 3746 1473 scilicet
3781 1438 3816 1466 α
3849 1421 3918 1472 ut

2258 1504 2579 1577 presbyter,
2607 1503 2696 1563 vel
2726 1501 3016 1562 inferioris
3045 1504 3264 1577 gradus
3309 1503 3558 1564 clericus
3593 1509 3914 1563 accusatus

2259 1594 2415 1666 apud
2440 1594 2744 1666 proprium
2774 1594 3136 1667 episcopum,
3169 1598 3226 1650 et
3254 1598 3560 1650 accusator
3587 1592 3647 1649 in
3669 1610 3738 1650 eo
3757 1593 3908 1663 loco,

2257 1681 2529 1738 videlicet
2557 1682 2618 1738 in
2648 1683 2852 1739 eadem
2874 1681 3170 1756 parochia,
3185 1682 3344 1738 unde
3371 1686 3462 1740 est
3489 1680 3587 1739 ille
3607 1682 3708 1756 qui
3732 1699 3912 1740 accu-

2216 1831 2225 1840 ,
2254 1773 2442 1846 satur,
2457 1769 2652 1827 locum
2684 1769 2796 1826 sibi
2826 1769 3004 1843 eligat
3024 1769 3377 1844 proximum,
3392 1786 3508 1842 quo
3538 1786 3656 1826 non
3677 1769 3759 1828 sit
3789 1769 3910 1826 dif-

503 1877 618 1930 ros,
641 1865 700 1916 et
727 1859 1163 1917 honestioribus
1195 1859 1384 1934 magis
1411 1877 1592 1932 quam
1630 1860 1936 1916 vilioribus
1981 1861 2162 1919 testi-'-
2261 1858 2411 1915 ﬁcile
2440 1864 2618 1916 testes
2662 1859 3002 1932 producere,
3034 1859 3135 1915 ubi
3166 1875 3345 1916 causa
3372 1859 3630 1915 ﬁniatur.
3662 1859 3735 1915 Et
3771 1857 3910 1914 hinc

649 1950 781 1968 n.,,
823 1949 846 1968 ,.
1021 1966 1036 1968 _
1504 1967 1539 1968 κν
1578 1955 1621 1968 .,
1652 1967 1680 1968 η
1721 1954 1734 1968 .
2004 1951 2014 1962 -
2084 1967 2109 1968 η
2257 1947 2412 1968 .--μ
2456 1948 2647 1968 in“.
2680 1947 2792 1968 ι--)
2858 1947 2940 1968 μ,
3017 1947 3031 1968 ι
3095 1949 3177 1968 ιη.
3210 1965 3221 1968 _
3259 1947 3576 1968 ,υμεμ-μ,
3624 1948 3903 1968 ,κυαμε-

503 1949 615 2005 bus
645 1950 793 2006 ﬁdes
814 1949 986 2005 debet
1014 1949 1268 2006 admitti.
1288 1949 1476 2007 Unius
1488 1955 1694 2006 autem
1718 1950 2146 2020 testimonium,

503 2020 830 2110 quamlibet
859 2037 1168 2111 splendida
1213 2043 1270 2094 et
1314 2039 1524 2095 idonea
1570 2039 1839 2096 videatur
1867 2055 1995 2096 esse
2015 2055 2150 2114 pcr-

503 2145 668 2195 sona,
701 2126 1038 2184 nullatenus
1067 2127 1446 2184 audiendum.
1471 2128 1540 2184 Et
1567 2127 1658 2184 lex
1675 2127 2072 2191 Valentiniani
2093 2134 2154 2186 et

500 2216 813 2274 Theodosii
843 2214 1104 2289 praecipit
1130 2215 1192 2286 (l.
1226 2217 1294 2272 15
1324 2215 1448 2274 Cod.
1487 2217 1778 2286 Thcod.,de
1804 2219 2152 2292 Accusat.)ut

503 2304 564 2360 in
595 2304 1001 2361 criminalibus
1030 2306 1246 2374 causis,
1276 2305 1366 2362 vel
1392 2305 1840 2377 objectionibus,
1863 2325 1965 2380 per
1983 2325 2150 2363 man-

503 2393 708 2449 datum
729 2393 930 2450 nullus
943 2399 1309 2461 accuset,nec
1321 2393 1371 2450 si
1391 2411 1495 2468 per
1505 2396 1854 2469 rescriptum
1868 2396 2151 2469 principis

503 2483 612 2541 hoc
641 2483 902 2560 potuerit
923 2483 1282 2556 impetrare:
1318 2484 1420 2540 sed
1467 2483 1613 2556 ipse,
1637 2485 1739 2556 qui
1785 2485 2008 2542 crimen
2055 2485 2150 2540 in-

503 2574 712 2646 tendit,
729 2589 990 2648 presens
1005 2590 1110 2646 per
1128 2589 1191 2630 se
1213 2577 1450 2630 accuset
1475 2573 1536 2629 in
1557 2573 1875 2648 scriptione
1895 2575 2153 2648 praemis-

501 2663 850 2721 sa..1udices
893 2668 1091 2718 autem
1139 2661 1420 2736 puniendi
1451 2668 1612 2731 sunt,
1645 2669 1703 2719 et
1745 2664 2150 2722 damnandum

504 2751 788 2826 ofﬁcium,
805 2751 858 2808 si
881 2752 1028 2808 forte
1057 2750 1365 2821 tacuerint,
1390 2751 1439 2808 si
1467 2752 1860 2822 innocentem,
1877 2753 1990 2811 nisi
2011 2771 2151 2827 prte-

505 2841 694 2902 missa
715 2840 1118 2914 inscriptione,
1149 2841 1522 2900 subdendum
1569 2841 1928 2900 crediderint
1955 2861 2150 2917 ques-

503 2931 672 2991 tioni.
699 2930 760 2988 Si
789 2933 988 2988 autem
1017 2929 1210 2988 clerici
1243 2930 1304 2986 in
1335 2929 1748 2989 ecclesiasticis
1784 2932 1980 2990 causis
2026 2938 2150 2990 tes-

493 3019 822 3081 timonium
851 3020 1008 3093 apud
1038 3018 1466 3078 ecclesiasticos
1485 3020 1758 3094 dixerint,
1771 3038 1874 3094 per
1891 3039 2152 3096 compro-

505 3108 672 3169 missi
719 3108 1018 3165 vinculum
1064 3107 1395 3182 episcopale
1429 3109 1725 3180 judicium
1775 3128 1889 3168 non
1929 3112 2150 3170 adeun-

503 3199 668 3270 dum,
699 3197 826 3270 lege
849 3197 1157 3270 Majoriani
1174 3199 1522 3270 abrogatum
1543 3203 1651 3256 est.

575 3293 712 3346 Car.
740 3287 834 3346 Vl.
858 3287 929 3342 Et
959 3287 1100 3359 quia
1121 3287 1446 3344 secundum
1464 3304 1661 3346 sacras
1677 3288 1836 3362 leges
1865 3289 2156 3347 sententia
2183 3275 2227 3343 C

505 3378 633 3435 sine
654 3377 872 3449 scripto
893 3376 1068 3445 dicta,
1088 3392 1194 3432 nec
1215 3392 1426 3432 nomen
1448 3378 1746 3434 sententiae
1787 3378 2001 3435 habere
2032 3396 2153 3436 me-

505 3468 758 3535 rebitur;
780 3470 840 3522 et
855 3466 1029 3537 juxta
1047 3465 1236 3540 legem
1245 3465 1637 3524 Valentiniani
1658 3467 1987 3525 etValentis
2003 3468 2150 3537 (Cod.

503 3557 622 3617 eod.
645 3555 685 3613 l.
709 3557 798 3624 11,
819 3555 1034 3629 Μέθη),
1067 3579 1096 3606 α
1116 3555 1230 3612 nisi
1250 3554 1630 3629 inscriptione
1649 3557 1961 3625 celebrata,
1988 3573 2154 3614 reum

506 3661 871 3720 quemquam
901 3663 1016 3702 non
1039 3645 1182 3714 ﬁeri,
1199 3661 1304 3701 nec
1325 3645 1396 3700 ad
1419 3645 1713 3716 judicium
1733 3645 2158 3719 exhiberi,quia

503 3737 662 3807 sicut
687 3734 1016 3792 convictum
1049 3753 1221 3808 pcsna
1253 3735 1620 3809 constringit,
1652 3735 1736 3792 ita
1765 3741 1824 3792 et
1855 3741 2154 3792 accusato-

505 3843 654 3896 rem,
679 3825 881 3884 sinon
925 3825 1257 3899 probaverit
1304 3826 1459 3898 quod
1511 3825 1756 3898 objecit;
1782 3848 1810 3876 »
1843 3831 1901 3882 et
1927 3825 2156 3900 legibus

501 3918 888 3979 constiiutnm
911 3920 1022 3981 est,
1035 3919 1102 3971 ut
1121 3915 1412 3986 scriptura
1429 3914 1689 3987 prolator
1708 3916 2157 3988 afﬁrmet,cujus

499 4009 706 4069 sinon
733 4005 1048 4064 astruxerit
1073 4004 1404 4071 veritatem,
1431 4008 1501 4068 _ut
1527 4002 1804 4060 falsitatis
1831 4021 1996 4060 reum
2028 4023 2158 4063 esse

500 4096 910 4163 retinendum;
935 4097 994 4150 et
1012 4092 1458 4164 criminis,quod
1483 4093 1728 4165 probare
1750 4093 2154 4166 nequiverunt,

503 4186 802 4246 delatores
823 4188 889 4240 ut
918 4182 1140 4255 perjuri
1159 4200 1226 4239 ac
1249 4180 1523 4238 falsitatis
1545 4182 1628 4239 rei
1651 4183 1972 4240 damnandi
1993 4189 2152 4254 sunt,

503 4276 661 4340 sicut
688 4275 784 4330 lex
808 4272 1048 4330 Honorii
1093 4278 1152 4329 et
1197 4270 1511 4327 Theodosii
1553 4272 1806 4328 decrevit
1835 4273 1896 4346 (ι.
1929 4274 1992 4329 41
2036 4273 2152 4332 cod.

508 4364 729 4434 Theod.,
781 4363 848 4430 de
892 4364 1082 4436 spira,
1139 4363 1276 4431 etc.)
1310 4378 1326 4418 :
1359 4360 1629 4431 Clericos,
1689 4361 1985 4436 inquiens,
2037 4381 2152 4421 non

500 4455 622 4514 nisi
667 4455 824 4528 apud
872 4451 1180 4525 episcopos
1235 4451 1500 4508 accusari
1551 4452 1842 4510 convenit.
1875 4453 2059 4526 Igitur
2102 4454 2153 4510 si

503 4545 835 4618 episcopus,
867 4540 1190 4615 presbyter,
1223 4539 1524 4609 diaconus,
1550 4547 1608 4598 et
1639 4541 1978 4616 quicunque
2005 4542 2152 4600 infe-

2257 1947 2417 2020 leges
2447 1948 2653 2005 dicunt
2676 1947 2812 2021 (cod.
2843 1947 2984 2018 cod.,
3017 1947 3057 2004 l.
3092 1949 3180 2018 10)
3209 1965 3224 2004 :
3259 1947 3584 2004 Criminum
3616 1948 3911 2007 discussio

2257 2035 2338 2091 ibi
2373 2036 2648 2109 agitanda
2692 2040 2800 2104 est,
2834 2035 2934 2092 ubi
2982 2035 3203 2092 crimen
3251 2036 3579 2093 admissum
3617 2041 3728 2094 est.
3760 2037 3908 2094 Nam

2258 2124 2398 2182 alibi
2427 2125 2742 2182 criminum
2775 2142 2910 2181 reus
2939 2125 3283 2198 prohibetur
3309 2125 3523 2182 audiri.
3558 2147 3588 2176 ››
3627 2125 3730 2183 Ille
3775 2143 3912 2182 vero

2261 2214 2361 2288 qui
2390 2213 2662 2288 pulsatus
2698 2215 2893 2286 fuerit,
2925 2215 2974 2270 si
3015 2214 3300 2288 judicem,
3323 2215 3381 2270 id
3431 2219 3521 2272 est
3565 2215 3909 2290 episcopum

2259 2321 2458 2374 suum,
2492 2309 2832 2377 suspectum
2863 2302 3151 2374 habuerit,
3184 2303 3319 2361 licet
3346 2304 3660 2378 appellare,
3684 2305 3913 2362 scilicet

2259 2395 2332 2450 ad
2362 2393 2644 2450 ﬁnitimos
2675 2393 2978 2467 episcopos
3008 2394 3196 2466 ipsius
3235 2394 3564 2468 provinciae.
3597 2400 3663 2452 ut
3709 2396 3912 2452 Sardi-

2259 2500 2465 2540 censes
2489 2487 2548 2540 et
2577 2482 3068 2556 Carthaginenses
3097 2499 3352 2542 canones
3394 2485 3797 2553 decreverunt,
3818 2487 3911 2542 vel

2259 2574 2332 2630 ad
2363 2571 2880 2646 metropolitanum
2910 2573 3252 2646 episcopum
3273 2575 3447 2647 juxta
3473 2574 3910 2634 Antiochenam

2259 2661 2596 2732 concilium,
2621 2661 2741 2718 sive
2768 2662 2843 2718 ad
2873 2661 3252 2736 provincialia
3281 2663 3548 2733 concilia,
3573 2664 3728 2721 sicut
3757 2665 3911 2722 sacri

2259 2751 2472 2808 Nicasni
2495 2757 2552 2810 et
2569 2751 2916 2809 Antiocheni
2937 2768 3187 2809 canones
3203 2751 3656 2825 constituerunt,
3669 2757 3729 2810 et
3756 2755 3916 2812 sicut

2255 2840 2597 2900 Africanum
2626 2840 2942 2898 concilium
2961 2840 3020 2898 in
3043 2841 3291 2916 epistola
3309 2843 3382 2900 ad
3404 2841 3784 2901 Caelestinum
3805 2861 3913 2918 pa-

2257 2947 2397 3004 pam
2428 2929 2703 3001 ostendit,
2735 2928 2822 2987 vel
2853 2948 2889 2988 a
2924 2931 3156 2988 decreto
3205 2931 3614 3006 episcoporum
3661 2949 3912 2992 numero

2259 3020 2586 3078 secundum
2607 3019 3064 3094 Carthaginense
3084 3021 3512 3092 concilium,vel
3532 3023 3913 3102 ajudicihus,

2257 3109 2379 3166 sive
2393 3111 2569 3184 quosj
2577 3115 2716 3167 uxta
2727 3111 3030 3168 Africanos
3040 3129 3293 3170 canones
3314 3111 3536 3186 primas
3547 3112 3644 3170 ille
3659 3113 3912 3181 dederit,

2260 3200 2380 3256 sive
2410 3217 2559 3272 quos
2586 3199 2713 3273 ipse
2743 3217 2878 3256 cum
2895 3200 3153 3274 episcopi
3173 3202 3268 3259 sui
3292 3219 3582 3259 consensu
3603 3201 3909 3276 delegerit,

2265 3307 2300 3345 a
2328 3289 2546 3362 quibus
2567 3290 2863 3362 provocari
2887 3308 3004 3348 non
3033 3290 3190 3360 licet,
3221 3291 3568 3366 regulariter
3585 3292 3912 3365 judicetur.

2332 3379 2470 3436 CAP.
2498 3379 2648 3436 VIII.
2679 3379 2920 3437 Constat
2947 3380 3146 3454 igitur,
3180 3381 3230 3438 si
3247 3382 3418 3454 juxta
3445 3382 3760 3440 concilium
3789 3384 3916 3439 An-

2261 3468 2622 3537 tiochenam,
2656 3469 2730 3526 ab
2761 3469 3074 3528 universali
3108 3487 3323 3544 magna
3352 3471 3573 3545 synodo
3603 3470 3918 3530 Chalcedo-

2264 3558 2454 3616 niensi
2487 3558 2879 3616 favorabiliter
2908 3560 2968 3616 in
2999 3560 3226 3620 actione
3246 3561 3595 3618 duodecima
3613 3566 3914 3634 receptum

2262 3653 2321 3705 et
2349 3646 2767 3716 collaudatum,
2803 3649 3123 3722 perfectum
3153 3649 3467 3708 concilium
3493 3650 3638 3708 illud
3668 3656 3780 3720 est,
3814 3651 3916 3708 ubi

2263 3737 2596 3794 interfuerit
2651 3737 3134 3812 metropolitanus
3190 3739 3456 3809 antistes,
3503 3738 3667 3797 nullo
3723 3741 3916 3814 magis

2265 3827 2585 3900 perfectum
2610 3831 2668 3883 et
2696 3828 3015 3884 tenendum
3046 3833 3222 3902 atque
3249 3830 3616 3902 sequendum
3643 3835 3734 3887 est
3760 3846 3913 3903 prc-

2264 3917 2477 3974 cedens
2506 3917 2830 3992 capitulum
2853 3918 2924 3974 de
2943 3919 3414 3992 presbyterorum
3434 3919 3914 3992 comprobatione

2260 4004 2348 4062 vel
2384 4005 2750 4080 purgatione,
2783 4007 3058 4066 consultu
3089 4007 3246 4065 sedis
3267 4007 3616 4082 apostolicae,
3639 4013 3698 4064 et
3725 4012 3913 4066 tanto-

2264 4111 2396 4152 rum
2425 4096 2857 4168 episcoporum,
2891 4113 2958 4154 ac
2989 4101 3330 4154 caaterorum
3378 4095 3908 4154 ecclesiasticarum

2263 4183 2692 4253 ministrorum,
2723 4184 2944 4258 Deique
2975 4185 3238 4244 ﬁdelium
3265 4203 3554 4246 consensu
3585 4187 3910 4255 ﬁrmatum,

2263 4273 2438 4331 sicuti
2458 4290 2596 4332 voce
2617 4276 2815 4348 magni
2849 4280 2906 4332 et
2929 4276 3232 4332 orthodoxi
3265 4276 3635 4350 imperatoris
3657 4275 3910 4350 legimus

2263 4368 2628 4434 attestatum,
2643 4369 2702 4421 et
2719 4382 2824 4438 per
2842 4369 3006 4422 tanta
3021 4370 3283 4439 tempora
3301 4365 3674 4440 sequentium
3695 4365 3914 4440 episeo-

2261 4471 2472 4527 porum
2495 4470 2606 4510 usu
2632 4457 2689 4510 et
2709 4455 3135 4513 consuetudine
3156 4457 3515 4513 roboratam.
3531 4455 3694 4513 Hanc
3713 4461 3912 4514 aucto-

2262 4542 2492 4600 ritatem
2505 4543 2566 4598 in
2579 4543 2940 4616 depositione
2956 4545 3407 4602 criminosorum
3419 4545 3910 4618 presbyterorum,

503 4633 680 4692 rioris
697 4631 806 4690 loci
825 4629 1168 4690 Christianae
1189 4628 1338 4702 legis
1359 4631 1630 4688 minister
1648 4633 1804 4704 apud
1825 4632 2150 4706 episcopos,
2183 4651 2230 4718 Ι)
2260 4631 2346 4688 vel
2369 4632 2716 4705 purgatione
2730 4632 3196 4703 eriminatorum,
3213 4651 3374 4692 more
3395 4635 3912 4694 oonsuetudinario

501 4723 799 4797 siquidem
819 4719 960 4780 alibi
981 4736 1098 4776 non
1117 4725 1368 4792 oportet,
1395 4739 1430 4778 a
1457 4721 1719 4794 qualibet
1748 4739 1998 4794 persona
2024 4724 2154 4780 fue-

503 4815 628 4872 rint
645 4811 1062 4882 aceusati,sive
1090 4809 1190 4866 ille
1215 4809 1491 4867 sublimis
1507 4811 1597 4868 vir
1625 4810 1884 4880 honoris,
1917 4813 2037 4869 sive
2069 4812 2152 4868 ul-

501 4903 624 4962 lius
651 4902 899 4960 alterius
928 4899 1256 4974 dignitatis,
1289 4901 1390 4972 qui
1420 4900 1530 4957 hoc
1559 4918 1746 4973 genus
1794 4901 2152 4960 illaudabilis

503 4990 850 5048 intentionis
869 4988 1132 5062 arripiet,
1144 4987 1367 5044 noverit
1393 4989 1660 5046 docenda
1686 4990 2151 5062 probationibus,

503 5079 889 5153 monstranda
915 5077 1306 5148 documentis,
1339 5095 1401 5135 se
1434 5080 1642 5135 debere
1673 5079 1904 5136 inferre.

575 5172 711 5228 CAP.
734 5169 856 5228 VII.
891 5169 950 5226 Si
974 5168 1108 5242 quis
1121 5186 1258 5242 ergo
1281 5174 1483 5225 contra
1511 5169 1612 5240 huj
1623 5169 1854 5225 usmodi
1876 5187 2156 5243 personas

503 5278 620 5318 non
651 5259 956 5333 probanda
972 5257 1616 5326 detulerit,auctoritate
1635 5257 1816 5330 hujus
1833 5261 2153 5319 sanctionis

503 5349 795 5423 intelligat
841 5365 905 5406 se
944 5349 1191 5420 jactura:
1220 5347 1388 5404 famas
1433 5347 1680 5420 propria:
1728 5349 2055 5421 subjacere,
2087 5355 2154 5408 ut

504 5440 724 5496 damno
740 5437 1006 5512 pudoris,
1022 5437 1588 5510 existimationisque
1616 5437 1943 5512 dispendio,
1967 5439 2154 5498 discat

505 5527 618 5586 sibi
645 5527 847 5586 alienis
869 5526 1227 5584 verecundiae
1258 5526 1500 5598 impune
1530 5526 1818 5598 insidiari,
1841 5527 2050 5586 saltem
2081 5530 2152 5588 de

505 5621 718 5677 cetero
731 5634 852 5676 non
868 5616 1062 5674 licere.
1077 5617 1226 5677 Nam
1246 5615 1399 5674 sicut
1413 5615 1738 5691 episcopos,
1759 5618 2148 5692 presbyteros,

505 5705 804 5782 diaconos,
828 5711 1201 5788 ceterosque,
1250 5706 1304 5766 si
1349 5705 1444 5766 his
1499 5707 1728 5785 objecta
1781 5708 2150 5786 comprobari

2261 4727 2464 4779 secuta
2492 4727 2581 4779 est
2609 4723 2958 4795 generaliter
2985 4723 3282 4798 Cisalpina
3323 4723 3582 4782 Ecclesia
3627 4723 3914 4783 catholica

2249 4812 2378 4884 jam
2408 4829 2513 4884 per
2536 4811 2910 4886 septuaginta
2931 4817 2990 4872 et
3010 4831 3078 4871 eo
3099 4814 3354 4888 amplius
3383 4829 3590 4872 annos.

2331 4901 2466 4958 CAP.
2497 4901 2590 4958 IX.
2622 4903 2692 4958 Et
2721 4903 2793 4959 de
2823 4904 3246 4961 consuetudine
3267 4909 3507 4962 sanctus
3521 4904 3910 4978 Augustinus,

2261 5009 2296 5048 a
2325 4992 2463 5048 sede
2493 4991 2830 5064 apostolica,
2856 4998 3058 5051 sancto
3088 4994 3397 5053 Caelestino
3427 4995 3913 5061 scribente,inter

2263 5081 2518 5154 Optimos
2547 5082 2816 5140 Ecclesiae
2865 5089 3242 5157 computatus
3287 5085 3624 5159 magistros,
3655 5085 3718 5141 in
3761 5084 3912 5140 lihm

2264 5177 2475 5243 quarto
2497 5173 2568 5228 de
2587 5173 2888 5246 Baptismo
2911 5173 3054 5230 dicit
3073 5178 3216 5248 (cap.
3231 5177 3318 5245 5):
3339 5198 3368 5226 «
3382 5175 3559 5234 Plane
3576 5191 3779 5233 verum
3799 5179 3910 5242 est,

2262 5261 2404 5333 quia
2429 5261 2575 5318 ratio
2611 5266 2670 5318 et
2697 5263 2909 5321 veritas
2939 5264 3352 5322 consuetudini
3381 5265 3772 5340 preponenda
3798 5269 3910 5336 est,

2261 5350 2365 5407 sed
2381 5367 2516 5407 cum
2530 5353 2940 5410 consuetudini
2959 5354 3177 5412 veritas
3196 5353 3726 5428 suﬁ'ragatur,nihil
3749 5370 3915 5428 opor-

2261 5444 2342 5496 tet
2371 5440 2601 5498 ﬁrmius
2649 5443 2907 5500 retineri.
2935 5467 2964 5494 »
2997 5443 3442 5513 Ostendendum
3487 5448 3580 5504 est
3625 5444 3827 5519 igitur,
3859 5442 3910 5500 si

2257 5530 2409 5586 ratio
2437 5535 2496 5588 et
2521 5531 2736 5590 veritas
2763 5537 2938 5606 atque
2967 5534 3287 5594 auctoritas
3315 5533 3451 5592 huic
3498 5531 3911 5593 consuetudini

2257 5620 2636 5694 suffragatur.
2660 5621 2955 5696 Scriptum
2974 5628 3064 5682 est
3083 5623 3144 5680 in
3167 5614 3418 5698 mystica
3435 5624 3670 5684 Niceno
3687 5621 3909 5699 synodo

2256 5713 2404 5786 (can.
2425 5711 2482 5788 3)
2507 5727 2522 5770 :
2547 5734 2575 5765 ι(
2590 5711 2900 5774 Interdixit
2915 5729 3022 5793 per
3034 5714 3235 5776 omnia
3253 5728 3472 5796 magna
3489 5713 3776 5796 synodus,
3787 5725 3908 5775 non
