4152 6512
533 404 688 466 1099

1317 403 1695 465 HINCMARI
1741 400 1984 464 BHEM.
2031 397 2392 462 ARCHIEP.
2440 398 2849 464 OPUSCULA
2891 401 3159 462 VARIA.

3793 396 3970 461 “eo

528 535 792 611 glexerit,
823 539 888 591 ut
917 535 1258 592 dilationem
1289 537 1590 594 sententia:
1635 538 1706 594 de
1758 534 2026 592 absentia
2055 551 2170 590 non
2204 533 2260 600 Α
2291 538 2470 590 testes
2501 535 2812 591 mendaces
2834 534 3447 608 producunt,quia,ut
3467 538 3715 590 sanctus
3748 535 3966 606 Augu-

529 624 808 682 lucretur.

599 711 733 768 CAP.
769 713 924 769 XIII.
956 714 1003 768 A
1050 713 1267 785 quibus
1320 713 1613 771 accusatio
1659 713 1749 769 vel
1773 713 2180 769 testimonium

529 801 738 858 debeat
756 801 1150 876 recipi,sancti
1161 801 1416 858 Africani
1432 819 1685 860 canones
1707 805 1972 875 patentes
1993 806 2182 858 osten-

529 889 698 959 dunt,
724 889 782 946 id
814 895 924 958 est,
947 907 1096 963 quos
1125 891 1370 964 publica:
1399 890 1558 964 leges
1598 891 1672 947 ad
1719 890 2180 958 accusationem,

527 977 618 1036 vel
639 979 711 1035 ad
730 979 1139 1036 testimonium
1160 978 1474 1052 recipiunt,
1488 980 1642 1036 sicut
1662 979 1893 1052 plenius
1916 995 1982 1034 ac
2002 977 2180 1034 latius

529 1085 600 1126 ex
629 1068 833 1126 eodem
861 1068 1125 1136 concilio,
1148 1072 1207 1125 ct
1251 1087 1319 1125 ex
1367 1068 1617 1141 legibus,
1651 1073 1766 1124 non
1805 1067 1974 1141 longe
2003 1084 2183 1139 supra

529 1157 894 1215 ostendimus
906 1158 978 1214 de
997 1158 1379 1215 smeularibus
1397 1158 1760 1215 hominibus.
1777 1158 1857 1214 De
1878 1157 2060 1213 sacris
2085 1173 2182 1211 au-

528 1250 650 1304 tem
679 1246 986 1304 ordinibus
1007 1251 1247 1304 sanctus
1268 1246 1537 1304 Gelasius
1571 1247 1632 1302 in
1670 1245 1920 1302 decretis
1946 1245 2070 1300 suis
2101 1245 2184 1300 di-

527 1334 636 1392 cit:
658 1358 678 1386 α
695 1335 778 1392 Ne
797 1335 1140 1392 clericorum
1164 1337 1479 1409 quisquam
1502 1353 1563 1393 se
1579 1335 1760 1408 hujus
1777 1335 2009 1392 offensae
2031 1334 2182 1390 futu-

531 1440 664 1480 rum
685 1424 942 1481 conﬁdat
959 1423 1309 1491 immunem,
1327 1442 1389 1482 se
1409 1425 1468 1480 in
1491 1425 1584 1481 his
1607 1442 1736 1497 quae
1758 1423 2074 1481 salubriter
2099 1440 2182 1480 ser-

531 1511 767 1584 quenda
783 1511 1280 1586 deprompsimus,
1297 1513 1417 1569 sive
1431 1513 1795 1586 episcopum,
1812 1511 1932 1569 sive
1948 1511 2184 1585 presby-

532 1600 871 1670 terum,sive
893 1599 1205 1658 diaconum
1227 1601 1437 1659 viderit
1457 1603 1973 1668 excedentem,non
1999 1601 2180 1674 proti-

533 1706 645 1747 nus
665 1690 738 1746 ad
760 1705 834 1763 au
842 1707 933 1747 res
947 1694 1178 1746 nostras
1189 1690 1411 1746 deferre
1423 1689 2182 1763 curaverit,probationibus

529 1779 815 1835 duntaxat
845 1783 1243 1852 competenter
1284 1779 1582 1846 exhibitis,
1615 1784 1682 1835 ut
1731 1779 2182 1852 transgressoris

531 1865 676 1925 ultio
726 1868 846 1937 fiat,
879 1873 938 1924 et
984 1869 1206 1924 czsteris
1255 1868 1588 1925 interdictio
1619 1868 2019 1941 delinquendi.
2053 1891 2080 1918 »
2115 1869 2184 1923 Et

531 1957 681 2016 sacri
709 1957 916 2014 Africae
961 1959 1268 2032 provincia:
1319 1975 1592 2026 canones,
1627 1962 1684 2013 et
1729 1957 1820 2013 lex
1851 1957 2188 2014 Justiniana

532 2048 896 2104 decernunt:
930 2046 1136 2103 Clerici
1185 2047 1256 2102 de
1292 2046 1502 2119 judicii
1555 2047 1644 2104 sui
1695 2046 2026 2120 cognitione
2069 2062 2184 2100 non

531 2141 816 2213 cogantur
837 2135 897 2190 in
919 2135 1154 2208 publico
1177 2135 1368 2192 dicere
1397 2136 1823 2202 testimonium,
1850 2152 1964 2192 non
1987 2139 2186 2191 autem

534 2224 594 2279 in
625 2223 1020 2280 ecclesiastico
1038 2224 1263 2296 judicio
1305 2224 1496 2280 dicere
1543 2225 1946 2280 testimonium
1989 2222 2186 2296 prohi-

534 2312 766 2368 bentur.
799 2313 963 2368 Sicut
992 2313 1165 2368 etiam
1200 2314 1272 2369 de
1301 2313 1590 2386 episcopis
1619 2314 1679 2369 in
1726 2312 2184 2369 Chalcerlonensi

535 2400 781 2458 concilio
813 2400 1087 2474 legimus.
1112 2403 1278 2458 Unde
1308 2402 1366 2457 in
1401 2402 1638 2474 synodis
1669 2401 1948 2458 Romanis
1977 2403 2050 2458 ab
2073 2402 2186 2457 Eu-

535 2490 707 2564 genio
736 2493 796 2547 et
842 2491 1032 2547 Leone
1081 2495 1289 2563 quarto
1337 2490 1644 2548 celebratis
1693 2493 1991 2547 decretum
2049 2495 2184 2546 est:

535 2583 884 2654 Quanquam
915 2581 1286 2636 sacerdotum
1329 2580 1732 2636 testimonium
1767 2579 2043 2636 credibile
2081 2579 2187 2634 ha-

535 2669 760 2737 beatur,
777 2673 972 2726 tamen
995 2669 1108 2742 ipsi
1139 2670 1198 2724 in
1221 2669 1601 2726 saecularibus
1627 2669 1878 2743 negotiis
1898 2686 2002 2743 pro
2023 2667 2186 2725 testi-

535 2758 862 2826 monio,aut
881 2758 1260 2816 conficiendis
1280 2757 1711 2824 instrumentis,
1736 2775 1851 2814 non
1884 2761 2182 2831 rogentur,

533 2847 674 2922 quia
691 2863 792 2906 eos
808 2847 868 2903 in
888 2846 1108 2904 talibus
1131 2847 1307 2903 rebus
1326 2863 1457 2904 esse
1475 2864 1591 2903 non
1605 2847 1890 2903 convenit.
1907 2848 1966 2902 Si
1989 2853 2185 2903 autem

532 2941 743 2994 eventu
764 2935 960 3009 aliquo
981 2952 1172 2993 causa:
1193 2935 1584 3004 interfuerint,
1608 2940 1665 2992 et
1685 2935 1906 3009 aliquid
1935 2935 2186 2992 viderint

533 3029 636 3083 aut
665 3025 977 3093 audierint,
993 3025 1094 3082 ubi
1113 3024 1288 3081 nulla:
1307 3025 1381 3082 ad
1403 3024 1547 3081 illud
1570 3025 1790 3082 idonea:
1813 3023 2182 3081 saecularium

533 3113 906 3172 inveniantur
926 3131 1205 3188 personae,
1225 3131 1299 3172 ne
1319 3114 1532 3171 veritas
1551 3113 1897 3183 occultetur,
1912 3119 1970 3170 et
1990 3113 2184 3172 malus

533 3208 600 3261 ut
645 3204 837 3262 bonus
893 3204 1280 3273 existimetur,
1314 3205 1374 3258 in
1413 3203 1777 3276 providentia
1832 3203 2050 3276 proprii
2107 3203 2186 3258 sit

2289 623 2483 679 stlnus
2505 622 2667 690 dicit,
2702 640 2852 679 nova
2881 623 3221 680 morborum
3251 639 3467 697 genera
3494 641 3648 680 nova
3685 639 3966 696 qum-ere

2288 715 2506 785 cogunt
2534 712 2957 768 medicatorum
2987 711 3403 786 experimenta.

2359 801 2494 858 CAP.
2539 800 2654 857 XV.
2705 803 2749 856 A
2809 801 3134 874 majoribus
3198 801 3418 858 nostris
3483 800 3836 874 accepimus
3897 805 3966 857 ut

2288 889 2544 963 exceptis
2595 890 3058 956 accusatoribus,
3093 894 3316 962 septem
3362 889 3482 946 sint
3509 896 3697 947 testes
3726 889 3961 959 idonei,

2289 979 2391 1052 qui
2411 979 2814 1036 testimonium
2829 996 3004 1036 suum
3027 996 3132 1053 per
3147 984 3582 1036 sacramentum
3593 996 3811 1036 verum
3825 996 3964 1036 esse

2289 1069 2659 1138 confirment,
2693 1086 2762 1124 ex
2791 1068 3008 1142 quibus
3041 1086 3142 1125 sex
3177 1070 3398 1140 jurent,
3436 1073 3493 1125 et
3545 1068 3874 1142 septimus,
3910 1069 3962 1124 si

2289 1157 2436 1214 ratio
2457 1157 2546 1212 vel
2575 1156 2830 1230 qualitas
2878 1173 3140 1229 personis
3190 1156 3496 1230 permittit,
3528 1158 3600 1213 ad
3642 1157 3962 1229 judicium

2289 1249 2452 1303 exeat
2469 1246 2623 1318 quod
2648 1245 2734 1302 illi
2757 1263 2857 1302 sex
2880 1245 3016 1302 inde
3035 1247 3337 1302 veritatem
3360 1263 3464 1318 per
3503 1252 3960 1302 sacramentum

2290 1335 2560 1390 dixerint.
2593 1335 2663 1390 Et
2687 1333 2771 1390 sic
2801 1335 2874 1391 de
2901 1335 3276 1407 comprobato
3307 1336 3642 1408 presbytero
3681 1333 3962 1408 Apostoli

2290 1427 2572 1496 sequatur
2599 1424 2892 1480 sententia
2923 1441 2936 1480 :
2969 1424 3034 1480 Si
3060 1425 3185 1497 quis
3213 1441 3326 1480 non
3352 1425 3532 1481 obedit
3553 1425 3717 1482 verbo
3734 1434 3958 1490 nostra,

2287 1514 2404 1568 sive
2428 1528 2527 1584 per
2553 1513 2858 1584 epistolam,
2892 1515 3006 1569 sive
3049 1530 3150 1586 per
3187 1513 3430 1580 verbum,
3471 1515 3618 1570 hunc
3663 1522 3874 1582 notate,
3907 1523 3962 1572 et

2288 1603 2457 1658 nolite
2484 1602 2824 1657 commisceri
2850 1619 2974 1658 cum
3001 1617 3062 1659 eo
3085 1602 3159 1670 (II
3189 1602 3363 1659 Thess.
3383 1602 3596 1674 111,44),
3616 1606 3675 1660 et
3695 1602 3954 1677 reliqua.

2290 1690 2360 1746 Et
2389 1694 2630 1746 sanctus
2670 1690 2782 1746 Leo
2813 1707 2965 1763 papa
2995 1691 3053 1745 in
3085 1691 3334 1747 decretis
3365 1692 3491 1748 suis
3519 1693 3592 1748 ad
3636 1693 3956 1750 universos

2290 1779 2596 1852 episcopos
2626 1795 2730 1851 per
2755 1779 3057 1835 universas
3081 1779 3408 1852 provincias
3429 1781 3786 1838 constitutos
3809 1783 3958 1839 dicit

2291 1871 2470 1940 (epist.
2507 1869 2558 1936 1)
2595 1886 2608 1923 :
2643 1891 2671 1916 «
2705 1867 2821 1922 Hoc
2853 1867 3175 1923 admonitio
3207 1873 3408 1924 nostra
3435 1869 3767 1942 denuntiat,
3789 1871 3953 1943 quod

2295 1955 2345 2011 si
2377 1955 2509 2029 quis
2543 1957 2787 2012 fratrum
2818 1961 3022 2013 contra
3051 1957 3172 2014 haec
3219 1958 3541 2014 constituta
3577 1959 3828 2027 venerit,
3863 1959 3956 2015 vel

2293 2045 2488 2102 venire
2517 2046 2848 2117 tentaverit,
2871 2050 2926 2102 et
2947 2046 3242 2120 prohibita
3272 2047 3447 2103 fuerit
3468 2065 3651 2104 ausus
3678 2049 3959 2105 admitte-

2295 2150 2376 2200 re,
2409 2152 2443 2190 a
2471 2151 2578 2190 suo
2609 2151 2672 2189 se
2702 2135 2924 2190 noverit
2955 2136 3144 2192 officio
3168 2137 3656 2205 submovendum,
3678 2155 3787 2194 nec
3815 2155 3956 2195 eum

2295 2223 2728 2279 communionis
2757 2229 2968 2279 nostrae
2998 2225 3264 2280 futurum
3297 2242 3427 2282 esse
3457 2232 3818 2298 consortem,
3853 2228 3958 2301 qui

2297 2313 2494 2368 socius
2539 2330 2668 2368 esse
2699 2313 2886 2368 noluit
2917 2313 3262 2386 disciplinae,
3301 2337 3329 2364 »
3360 2319 3417 2371 et
3469 2314 3717 2389 reliqua.
3751 2317 3869 2373 Sed
3899 2322 3960 2373 et

2297 2402 2506 2457 beatus
2545 2401 2912 2475 Augustinus
2944 2419 3051 2458 suo
3082 2402 3520 2476 archiepiscopo
3549 2405 3852 2478 Xantippo
3887 2407 3960 2462 de

2294 2490 2668 2546 Abundantio
2723 2491 3058 2564 presbytero
3106 2509 3224 2548 suae
3273 2491 3560 2564 parochias
3600 2493 3684 2548 ita
3715 2489 3960 2567 scﬁpsit

2297 2579 2370 2634 ad
2403 2579 2594 2634 locum
2623 2581 2803 2652 (epist.
2818 2581 2946 2647 236,
2969 2581 3150 2650 Xant.)
3185 2597 3196 2635 :
3225 2603 3254 2630 α
3279 2579 3424 2647 Quia
3445 2599 3578 2637 cum
3599 2599 3719 2638 non
3745 2584 3960 2639 ambu-

2295 2667 2442 2724 laret
2461 2667 2585 2724 vias
2614 2685 2914 2724 servorum
2949 2668 3067 2736 Dei,
3091 2685 3205 2724 non
3237 2670 3449 2725 bonam
3483 2671 3705 2726 famam
3738 2671 3960 2730 habere

2294 2761 2547 2829 cmperat
2579 2775 2591 2813 :
2625 2774 2744 2830 qua
2791 2774 2896 2830 ego
2945 2758 3318 2824 conterritus,
3354 2775 3468 2815 non
3501 2764 3702 2816 tamen
3754 2765 3958 2819 tenere

2294 2845 2515 2918 aliquid
2539 2848 2802 2914 credens,
2829 2847 2930 2902 sed
2953 2847 3125 2920 plane
3147 2847 3452 2904 sollicitior
3472 2849 3682 2917 factus,
3707 2867 3952 2922 operam

2294 2935 2503 3002 dedi,si
2529 2952 2645 3008 quo
2669 2937 2840 2991 modo
2865 2952 3097 3008 possem
3121 2937 3192 2992 ad
3227 2934 3427 3008 aliqua
3448 2937 3615 2994 male
3635 2954 3954 2998 conversa-

2291 3022 2470 3078 tionis
2499 3024 2628 3094 ejus
2655 3029 2814 3079 certa
2840 3023 3056 3080 incidia
3085 3025 3404 3098 pervenire.
3437 3027 3516 3082 Ac
3557 3029 3752 3099 primo
3783 3045 3954 3085 com-

2291 3111 2414 3184 peri
2436 3128 2572 3168 eum
2594 3113 2904 3184 pecuniam
2926 3114 3237 3185 cujusdam
3263 3115 3544 3172 rusticani
3564 3115 3765 3172 divino
3787 3119 3948 3191 apud

2291 3218 2353 3257 se
2383 3201 2792 3257 commendato
2843 3201 3256 3270 intervertisse,
3289 3205 3370 3260 ita
3417 3210 3481 3260 ut
3527 3205 3758 3262 nullam
3807 3207 3948 3264 inde

532 3292 811 3367 episcopi,
837 3298 905 3350 ut
927 3297 1030 3350 aut
1059 3309 1256 3350 coram
1289 3310 1352 3350 se
1383 3297 1441 3349 et
1469 3292 1941 3366 competentibus
1961 3291 2179 3364 judici-
2210 3280 2254 3348 C
2291 3294 2489 3363 posset
2519 3290 2880 3363 probabilem
2912 3293 3151 3349 reddere
3198 3294 3504 3350 rationem.
3537 3295 3762 3352 Deinde
3805 3314 3952 3354 eon-

535 3383 669 3450 bus,
686 3385 788 3440 aut
816 3381 986 3440 aliter
1002 3381 1302 3438 veritatem
1326 3381 1644 3438 honorifice
1676 3381 2083 3438 testificentur.
2117 3382 2187 3438 Et

534 3469 674 3526 huic
704 3469 1006 3528 sententias
1035 3469 1371 3527 Justiniana
1399 3469 1492 3526 lex
1521 3474 1822 3527 consonat.

604 3559 742 3618 CAP.
775 3558 919 3616 XIV.
955 3560 1033 3616 De
1075 3577 1321 3616 numero
1363 3560 1603 3616 testium
1634 3560 1692 3615 in
1723 3559 1849 3633 lege
1893 3564 2182 3616 statutum

535 3652 644 3718 est,
677 3648 833 3722 quod
863 3652 920 3705 et
949 3647 1010 3704 in
1059 3649 1370 3723 Evangelio
1417 3653 1507 3706 est
1552 3650 1988 3718 conﬁrmatum,
2015 3655 2082 3706 ut
2123 3651 2182 3705 in

532 3755 630 3794 ore
653 3737 904 3794 duorum
927 3736 1012 3794 vel
1034 3737 1215 3795 trium
1237 3738 1474 3795 testium
1500 3743 1613 3796 stet
1631 3755 1804 3795 omne
1823 3739 2087 3795 verbum.
2115 3739 2186 3794 Et

528 3826 846 3900 Apostolus
879 3827 1187 3884 Timotheo
1210 3829 1489 3900 prazcipit,
1523 3829 1583 3884 in
1614 3829 1786 3900 cujus
1813 3845 2082 3900 persona,
2116 3831 2184 3884 ut

529 3915 736 3972 beatus
767 3916 880 3974 Leo
900 3915 1333 3984 dicit,omnium
1352 3917 1565 3974 Christi
1585 3918 1955 3974 sacerdotum
1978 3932 2181 3972 nume-

528 4021 632 4062 rus
679 4005 966 4072 eruditur,
999 4009 1066 4063 ut
1114 4007 1410 4063 accusatio
1457 4007 1736 4062 adversus
1776 4006 2182 4078 presbyterum

524 4109 647 4149 non
679 4091 1016 4166 recipiatur,
1049 4093 1160 4148 nisi
1195 4095 1304 4150 sub
1337 4093 1569 4149 duobus
1595 4093 1681 4148 vel
1718 4092 1910 4148 tribus
1930 4092 2181 4150 testibus

527 4183 579 4251 (I
605 4183 740 4238 Tim.
774 4198 830 4246 v,
858 4180 966 4254 19).
1001 4181 1070 4237 Et
1099 4198 1332 4238 sacrum
1364 4180 1664 4236 Nicaenum
1695 4181 2010 4237 concilium
2033 4181 2178 4254 (can.

530 4269 642 4342 11),
676 4269 1036 4343 neopbytum
1093 4271 1456 4343 episcopum,
1489 4287 1524 4326 a
1569 4271 1801 4327 duobus
1857 4269 1944 4326 vel
1991 4269 2180 4326 tribus

529 4357 783 4416 testibus
815 4359 1258 4433 redargutum,a
1277 4357 1430 4415 clero
1453 4357 1744 4416 abstinere
1765 4358 2041 4433 praecipit.
2065 4359 2178 4415 Sed

527 4446 669 4518 quia
695 4446 755 4502 in
787 4446 1032 4504 historia
1079 4447 1361 4504 Susanna:
1411 4449 1560 4506 duos
1609 4453 1808 4515 testes,
1841 4449 1944 4520 qui
1985 4448 2180 4506 idonei

526 4535 760 4609 populis
788 4537 1154 4602 videbantur,
1181 4540 1238 4592 et
1267 4536 1323 4591 in
1348 4537 1597 4595 historia
1642 4538 1950 4609 Nabuthze,
1975 4539 2076 4595 sed
2121 4545 2179 4596 et

445 4633 454 4638 '
527 4622 888 4724 in‘historia.
916 4622 1208 4724 passionis
1266 4625 1491 4722 llomini
1539 4628 1686 4724 duos
1733 4631 1933 4724 testes.
1959 4627 2177 4686 dixisse
2207 4657 2254 4724 Β

524 4711 740 4770 falsum
759 4711 1162 4770 testimonium
1189 4710 1462 4784 legimus,
1476 4714 1729 4785 majores
1752 4713 2180 4787 nostri,pra=.ter

524 4807 897 4859 accusatores
927 4800 988 4857 in
1018 4801 1390 4858 accusatione
1421 4803 1914 4875 presbyterorum,
1946 4804 2019 4860 de
2057 4821 2172 4860 nu-

525 4906 686 4947 mero
715 4891 956 4947 testium
986 4889 1329 4946 idoneorum
1378 4891 1782 4946 auctoritatem
1831 4891 2027 4964 legum
2077 4910 2173 4949 se-

523 4981 820 5052 quendam
848 4979 1177 5048 voluerunt,
1198 4982 1262 5034 ut
1291 4985 1516 5052 septem
1548 4985 1725 5035 testes
1754 4979 1946 5036 idonei
1979 4983 2172 5053 requi-

525 5074 752 5141 rantur,
769 5073 827 5125 et
847 5069 896 5125 si
921 5069 1066 5124 ratio
1096 5067 1185 5124 vel
1225 5085 1404 5124 causa
1433 5068 1705 5141 coegerit,
1731 5071 2170 5141 quatuordecim

520 5157 610 5215 vel
638 5157 849 5232 viginti
869 5162 927 5214 et
958 5175 1113 5213 unus
1141 5159 1319 5214 testes
1349 5162 1704 5230 quaerantur,
1734 5163 1798 5212 ut
1824 5159 2034 5216 veritas
2063 5179 2170 5234 pa-

523 5248 739 5304 tefacta
767 5251 1147 5303 monstretur.
1164 5247 1272 5313 Qui
1303 5251 1487 5302 testes
1509 5247 1583 5302 ad
1612 5247 1940 5318 exemplum
1963 5249 2172 5306 Danie-

519 5336 782 5408 lis,sicut
801 5335 1037 5408 etleges
1070 5336 1436 5409 praecipiunt,
1455 5335 1824 5392 examinandi
1857 5337 2192 5410 sunt,quo-’

521 5427 681 5482 niam
701 5425 832 5498 ipsa
846 5425 1141 5498 propheta:
1157 5425 1510 5482 examinatio
1522 5426 1649 5497 jam
1666 5426 2021 5498 quibusdam
2035 5434 2173 5486 nota

519 5517 692 5582 est,et
710 5531 862 5587 saepe
882 5514 1101 5571 inventi
1124 5519 1264 5570 sunt
1285 5513 1470 5588 pretio
1491 5515 1760 5573 conducti
1782 5522 1838 5574 et
1850 5517 2168 5590 conspirati

2291 3378 2480 3435 victus
2501 3383 2676 3452 atque
2697 3379 3002 3437 confessus
3023 3387 3272 3452 est,cum
3297 3400 3500 3440 secum
3522 3383 3756 3441 nullum
3781 3385 3952 3442 cleri-

2292 3484 2428 3524 cum
2458 3468 2718 3538 haberet,
2743 3486 2804 3526 se
2827 3470 2982 3542 apud
3003 3472 3326 3542 quamdam
3349 3471 3516 3528 mala:
3545 3474 3716 3530 fama:
3739 3474 3956 3532 mulie-

2294 3574 2439 3628 rem,
2469 3563 2527 3614 et
2559 3559 2882 3630 prandisse,
2914 3565 2973 3616 et
3000 3577 3281 3631 comesse,
3314 3568 3374 3618 et
3401 3562 3460 3618 in
3492 3581 3611 3620 una
3649 3569 3709 3620 et
3735 3565 3948 3622 eadem

2292 3647 2466 3702 domo
2487 3647 2776 3704 mansisse
2801 3665 2814 3702 :
2845 3666 2982 3704 nam
3005 3667 3132 3722 quae
3156 3650 3406 3723 negavit,
3423 3651 3538 3708 Deo
3559 3653 3795 3722 dimisi;
3818 3672 3949 3727 qua

2291 3735 2584 3792 occultare
2613 3735 2939 3810 permissus
2970 3756 3085 3796 non
3116 3744 3224 3807 est,
3240 3740 3522 3812 judicavi.
3556 3764 3586 3791 ι»
3621 3742 3742 3799 Hoc
3771 3744 3950 3800 modo

2293 3825 2534 3881 veritate
2565 3831 2880 3898 comperta,
2907 3829 2979 3883 de
3010 3828 3439 3886 cohabitatione
3471 3831 3782 3888 interdicta
3809 3849 3948 3890 cum

2290 3910 2637 3969 mulieribus
2655 3914 2956 3972 convictus
2977 3917 3296 3990 presbyter,
3312 3917 3644 3991 legaliteret
3665 3921 3948 3993 regulari-

2288 4005 2378 4056 ter
2407 4001 2751 4057 sacerdotali
2788 4001 2848 4058 in
2884 4003 3016 4061 istis
3046 4005 3282 4062 Gallicis
3313 4006 3651 4080 regionibus
3682 4009 3948 4081 privatur

2288 4089 2502 4156 officio,
2534 4089 2687 4147 sicut
2703 4092 2972 4150 Zosimus
2993 4111 3144 4167 papa
3172 4095 3426 4152 decrevit
3457 4095 3662 4154 dicens
3681 4100 3864 4171 (epist.
3898 4116 3944 4167 ι,

2288 4178 2360 4234 ad
2387 4180 2676 4249 Hezich.):
2701 4204 2728 4231 ‹‹
2751 4180 2908 4237 Sciat
2929 4182 3199 4255 quisquis
3229 4183 3690 4258 boc,postposita
3702 4187 3944 4245 Patrum

2287 4271 2345 4324 et
2375 4269 2704 4340 apostolicae
2731 4270 2888 4327 sedis
2937 4273 3306 4343 auctoritate,
3337 4274 3671 4347 neglexerit,
3707 4293 3742 4331 a
3770 4277 3945 4336 nobis

2285 4357 2614 4416 districtius
2640 4359 3080 4433 vindicandum,
3095 4366 3161 4417 ut
3186 4361 3297 4419 loci
3326 4363 3418 4419 sui
3450 4363 3692 4420 minime
3713 4366 3946 4424 dubitet

2286 4445 2398 4503 sibi
2440 4465 2554 4505 non
2601 4453 2871 4506 constare
2902 4451 3212 4521 rationem,
3247 4451 3296 4508 si
3327 4452 3436 4508 hoc
3491 4459 3662 4526 putat
3689 4461 3826 4527 post
3853 4460 3944 4513 tot

2283 4536 2708 4610 prohibitiones
2759 4538 3002 4612 impune
3050 4557 3222 4612 posse
3275 4541 3509 4597 tentari.
3560 4543 3942 4601 Contumelia

2285 4627 2442 4683 enim
2463 4628 2662 4684 studio
2692 4628 2776 4696 fit,
2800 4627 3088 4701 quidquid
3138 4629 3516 4688 interdictum
3555 4631 3731 4688 toties
3758 4651 3942 4692 usur-

2286 4721 2478 4790 patur.
2517 4740 2538 4766 ι

2353 4805 2489 4862 CAP.
2520 4805 2664 4862 XVI.
2699 4805 2760 4862 Si
2781 4811 2978 4864 autem
3001 4807 3155 4864 mala
3197 4809 3354 4866 fama
3393 4827 3461 4866 ex
3497 4811 3617 4868 veri
3658 4810 3940 4868 similitu-

2280 4893 2415 4950 dine
2444 4912 2548 4966 per
2575 4895 2883 4967 parochias
2915 4902 3146 4954 nostras
3196 4899 3267 4954 de
3311 4899 3653 4973 presbytero
3697 4900 3832 4968 exit,
3874 4903 3937 4957 et

2280 4989 2648 5040 accusatores
2668 4990 2843 5058 atque
2869 4989 3044 5043 testes
3069 4986 3286 5060 legales
3306 5005 3423 5044 non
3455 5006 3585 5046 esse
3610 4990 3934 5064 deprehen-

2280 5073 2522 5142 duntur,
2543 5073 2630 5130 vel
2663 5075 2744 5130 rei
2779 5074 3054 5132 falsitatis
3104 5076 3552 5146 convincuntur,
3578 5079 3844 5153 legaliter
3865 5095 3933 5136 ac

2281 5162 2628 5235 regulariter
2656 5164 2741 5221 eis
2783 5163 3069 5234 multatis,
3103 5183 3176 5222 ne
3225 5167 3596 5224 infirmorum
3646 5170 3825 5225 corda
3859 5169 3932 5225 de

2282 5251 2440 5306 mala
2469 5251 2626 5309 fama
2655 5255 2976 5326 presbyteri
3007 5255 3431 5328 percutiantur,
3457 5263 3514 5313 et
3543 5275 3615 5313 ne
3645 5259 3931 5331 vitupere-

2281 5345 2380 5396 tur
2399 5341 2788 5398 ministerium
2810 5349 3102 5412 nostrum,
3118 5363 3308 5418 neque
3337 5346 3660 5403 securiores
3693 5349 3929 5422 presby-

2279 5430 2387 5486 teri
2418 5430 2731 5488 existentes
2761 5431 3034 5490 licentius
3077 5433 3134 5489 in
3163 5441 3470 5507 peccatum
3519 5435 3821 5506 labantur,
3851 5451 3936 5493 se-

2278 5520 2538 5576 cundum
2569 5521 2868 5577 decretum
2919 5524 3182 5597 Gregorii
3224 5525 3482 5597 junioris
3512 5529 3692 5599 (epist.
3745 5529 3833 5594 11,
3864 5526 3934 5583 ad

517 5601 592 5659 ad
621 5602 934 5660 dicendum
967 5603 1363 5670 mendacium,
1398 5607 1458 5661 et
1487 5621 1638 5678 saepe
1669 5605 1910 5680 quidam
1953 5607 2170 5666 invidia
2275 5611 2571 5684 Bonifac.),
2596 5616 2685 5668 est
2694 5613 2816 5685 jusj
2829 5614 3122 5670 urandum
3144 5614 3204 5671 in
3228 5614 3512 5683 medio,ut
3531 5616 3746 5674 habeat
3765 5614 3930 5673 male

517 5687 608 5754 vel
634 5689 765 5752 odio
797 5692 870 5750 ad
902 5691 1306 5768 presbyterum
1335 5695 1734 5754 accusandum
1755 5702 2085 5772 emergunt,
2111 5703 2169 5758 et

2277 5701 2444 5760 famae
2464 5701 2768 5778 presbyter
2787 5702 2850 5761 in
2871 5709 3245 5763 sacramento
3263 5705 3634 5782 purgationis
3656 5724 3774 5766 sua:
3793 5721 3928 5766 eum
