4152 6514
479 431 630 496 illi

1167 433 1552 496 HINCMARI
1597 432 1847 496 RHEM.
1890 430 2255 493 ARGHIEP.
2302 429 2720 494 OPUSCULA
2760 429 3033 491 VARIA.

3743 429 3918 493 HI!

2053 753 2306 824 XVI.

1192 937 1338 1022 DE
1396 881 1762 1024 «:AUSA
1821 929 2456 1020 TEUTFRIDI
2512 929 3198 1017 PRESBY'I‘ERI

1569 1111 1839 1188 Qualiter
1862 1111 1943 1172 sit
1967 1107 2260 1191 agitanda
2287 1107 2383 1171 vel
2405 1106 2796 1190 (li/ﬁnienda.

1279 1275 1470 1350 (Apud
1502 1273 1798 1341 eumdem,
1829 1289 1900 1330 ex
1927 1271 2185 1328 editione
2214 1267 2560 1344 Moguntina
2585 1269 2830 1327 Joannis
2858 1268 3095 1339 Busaei.)

555 1554 693 1611 CAP.
728 1553 771 1610 Ι.
804 1554 1057 1610 Sanctus
1105 1553 1418 1627 Gregorius
1465 1569 1636 1626 papa,
1671 1551 1731 1607 in
1760 1551 2008 1625 Regesto
2038 1551 2136 1607 de-
2167 1549 2222 1617 Α
2251 1549 2432 1622 ipsum
2461 1548 2714 1620 (Nahvm.
2748 1551 2808 1619 ι).
2845 1571 2867 1602 ι
2906 1547 2964 1605 Si
2999 1547 3156 1604 enim
3205 1545 3549 1604 fidelitatem
3598 1546 3714 1622 ipsi
3761 1565 3920 1604 case

483 1646 777 1700 cretorum
809 1631 1072 1709 suorum,
1087 1641 1385 1699 multoties
1407 1640 1640 1715 negotia
1659 1639 2058 1698 ecclesiastica
2078 1643 2138 1695 et

483 1746 694 1787 causas
722 1729 1254 1787 ecclesiastieorum
1286 1729 1550 1804 legaliter
1577 1746 1644 1786 ac
1674 1729 2020 1802 regulariter
2038 1729 2136 1784 de-

481 1818 617 1876 bere
647 1817 892 1875 diffiniri
939 1819 1219 1876 decernit.
1252 1819 1360 1876 Ubi
1406 1818 1492 1874 vel
1525 1837 1560 1876 a
1589 1819 1807 1891 quibus
1856 1835 2036 1874 causa
2067 1819 2137 1872 de

481 1907 784 1966 Teutfrido
796 1908 1134 1982 presbytero
1147 1907 1525 1983 agitandavel
1539 1907 1885 1964 diffinienda
1897 1907 1973 1962 sit
1984 1907 2134 1976 (Cod.

487 1997 677 2054 Theod.
713 1995 751 2053 ι.
787 1998 875 2064 10,
907 1997 972 2054 de
1003 1995 1406 2070 Accusation.):
1443 2019 1470 2047 ‹‹
1508 1997 1692 2070 Leges
1721 1995 2044 2052 decernunt
2073 1999 2141 2052 ut

483 2083 643 2142 ultra
681 2083 990 2158 provincia:
1039 2085 1324 2142 terminos
1374 2085 1690 2142 accusandi
1741 2083 1977 2141 licentia
2022 2101 2137 2140 non

483 2173 914 2249 progrediatur.
947 2174 1188 2250 Oportet
1217 2173 1375 2232 enim
1400 2173 1522 2230 illic
1551 2173 1868 2230 criminum
1913 2173 2142 2246 judicia

486 2263 718 2337 agitari,
750 2264 853 2321 ubi
895 2264 1125 2321 facinus
1174 2265 1406 2321 dicatur
1451 2264 1798 2320 admissum.
1833 2263 2143 2336 Peregrina

486 2356 682 2409 autem
705 2352 936 2425 judicia
965 2354 1352 2426 praesentibus
1382 2353 1610 2425 legibus
1639 2369 1996 2409 coercemus.
2021 2376 2050 2402 ››
2072 2355 2142 2409 Et

485 2441 976 2516 Carthaginenses
1035 2459 1287 2498 canones
1337 2443 1525 2514 capite
1572 2442 1876 2514 trigesimo
1909 2459 1923 2500 :
1954 2463 1982 2492 «
2013 2443 2140 2498 Pla-

485 2530 630 2600 cuit,
664 2529 961 2605 inquiunt,
995 2534 1062 2587 ut
1091 2535 1402 2587 accusatus
1431 2531 1516 2586 vel
1550 2536 1855 2586 accusator
1884 2531 1943 2586 in
1975 2549 2040 2588 eo
2064 2531 2144 2588 lo-

485 2637 576 2688 co,
607 2621 763 2677 unde
791 2626 882 2678 est
911 2619 1008 2676 ille
1038 2619 1138 2693 qui
1170 2625 1502 2688 accusatur,
1533 2619 1582 2676 si
1634 2619 1844 2677 metuit
1881 2621 2140 2694 aliquam

482 2708 606 2766 vim
657 2707 980 2766 temeraria
1041 2708 1466 2774 multitudinis,
1501 2709 1694 2765 locum
1753 2710 1866 2767 sibi
1921 2710 2142 2784 egligat

483 2797 838 2873 proximum,
871 2815 986 2872 quo
1019 2815 1134 2855 non
1167 2799 1246 2853 sit
1284 2797 1520 2854 difﬁcile
1568 2803 1749 2854 testes
1799 2801 2136 2872 producere,

2245 1639 2348 1696 Dei
2369 1637 2611 1710 juravit,
2635 1637 2694 1694 in
2726 1638 2982 1710 perjurio
3009 1641 3219 1710 captus
3238 1641 3329 1693 est
3353 1655 3366 1694 :
3391 1637 3531 1710 quia
3551 1654 3687 1695 vero
3709 1654 3920 1694 sacra.

2244 1731 2336 1784 tas
2365 1727 2480 1783 Deo
2533 1727 2843 1783 facultates
2890 1725 3181 1793 distraxit,
3216 1725 3590 1800 sacrilegium
3640 1726 3920 1798 admisit,

2247 1817 2401 1874 sicut
2430 1820 2670 1872 sanctus
2701 1813 3015 1870 Anacletus
3049 1830 3222 1887 papa,
3253 1814 3326 1869 ab
3357 1813 3486 1886 ipso
3517 1814 3689 1870 beato
3739 1813 3922 1870 Petro

2245 1903 2507 1978 apostolo
2540 1904 2842 1978 presbyter
2879 1903 3206 1972 ordinatus,
3243 1906 3448 1976 postea
3495 1901 3556 1958 in
3608 1903 3749 1958 sede
3803 1903 3920 1959 Ro-

2247 2012 2424 2051 mana
2443 2009 2748 2050 successor
2769 1991 2930 2048 illius
2960 1992 3152 2048 factus
3184 1991 3670 2065 episcopus,cum
3698 2008 3922 2065 quam-

2249 2083 2522 2157 plurimis
2553 2081 2956 2139 sacerdotibus
2993 2080 3302 2152 judicabat
3330 2097 3344 2137 :
3380 2104 3409 2132 α
3443 2080 3573 2149 Qui,
3606 2080 3919 2154 inquiens,

2246 2172 2458 2230 Christi
2491 2171 2769 2245 pecunias
2795 2175 2853 2227 et
2873 2169 3144 2227 Ecclesiae
3174 2170 3349 2244 rapit,
3384 2171 3594 2240 aufert,
3622 2170 3716 2227 vel
3749 2171 3922 2227 fran-

2250 2262 2446 2329 datur,
2481 2261 2778 2318 homicida
2808 2264 2917 2329 est,
2949 2264 3124 2332 atque
3155 2259 3454 2316 homicida
3495 2263 3629 2316 ante
3661 2276 3922 2336 conspe-

2250 2356 2411 2408 ctum
2435 2351 2588 2422 justi
2609 2349 2832 2422 judicia
2864 2348 3379 2422 deputabitur.Qui
3411 2349 3562 2423 rapit
3593 2350 3919 2422 pecuniam

2249 2439 2496 2514 proximi
2521 2438 3013 2512 sui,iniquitatem
3043 2442 3321 2511 operatur
3341 2456 3356 2495 :
3380 2438 3480 2511 qui
3507 2443 3710 2496 autem
3735 2456 3915 2512 pecu-

2251 2531 2408 2587 niam
2439 2530 2525 2586 vel
2561 2547 2654 2586 res
2685 2529 2954 2585 Ecclesiae
2983 2529 3315 2596 abstulerit,
3348 2529 3726 2604 sacrilegium
3771 2530 3916 2586 facit

2248 2624 2309 2677 et
2340 2625 2405 2676 ut
2435 2619 2758 2693 sacrilegus
2780 2617 3144 2692 judicandus
3175 2623 3284 2676 est.
3313 2641 3340 2668 ››
3362 2620 3434 2675 Et
3462 2623 3709 2675 sanctus
3730 2619 3916 2676 Urbe.

2249 2727 2362 2766 nus
2387 2727 2537 2782 papa
2561 2713 2618 2766 et
2637 2712 2933 2781 martyr:«
2959 2707 3072 2763 Res
3092 2713 3149 2763 et
3171 2707 3476 2763 facultates
3497 2707 3916 2765 ecclesiastica

2250 2798 2573 2856 oblationes
2604 2796 2994 2870 appellantur,
3025 2797 3166 2870 quia
3196 2797 3444 2853 Domino
3475 2798 3832 2864 offeruntur,
3857 2802 3918 2854 et

483 2887 587 2945 ubi
616 2905 796 2945 causa
825 2889 1086 2944 finiatur.
1118 2910 1146 2940 »
1182 2889 1251 2944 Et
1280 2889 1540 2962 synodus
1577 2888 1780 2945 Africae
1830 2889 2139 2961 provincia:
2172 2924 2221 2988 Β
2249 2893 2386 2945 vota
2409 2893 2549 2944 sunt
2579 2887 2864 2954 fidelium,
2899 2904 2965 2942 ac
2998 2887 3185 2960 pretia
3232 2893 3605 2960 peccatorum
3640 2904 3653 2942 :
3689 2888 3743 2943 si
3775 2888 3916 2961 quis

490 2975 550 3033 in
582 2976 830 3050 epistola
858 2977 932 3034 ad
963 2977 1344 3034 Caelestinum
1395 2994 1609 3050 papam
1642 2995 1656 3032 :
1692 3002 1720 3029 «
1756 2978 2144 3035 Prudentissi-

489 3066 822 3140 me,inquit,
848 3066 1330 3140 justisssimeque
1363 3067 1739 3139 providerunt
1769 3072 2143 3141 patres,qu€e-

485 3172 717 3229 cunque
747 3156 982 3229 negotia
1009 3155 1069 3212 in
1102 3154 1228 3212 suis
1254 3155 1398 3212 locis
1425 3155 1524 3212 ubi
1565 3161 1692 3212 orta
1739 3161 1880 3212 sunt
1927 3156 2140 3214 finien-

484 3243 580 3302 da.
617 3266 646 3295 »

555 3333 692 3390 CAP.
726 3334 800 3390 Il.
835 3334 1140 3406 Presbyter
1167 3334 1472 3392 confessus
1501 3333 1588 3391 vel
1619 3334 1980 3404 convictus,a
2010 3354 2140 3410 pro-

482 3421 610 3496 prio
641 3422 936 3496 episcopo,
970 3422 1018 3478 si
1050 3423 1452 3480 contentiosus
1501 3423 1676 3480 fuerit
1723 3424 1796 3480 ab
1844 3425 2136 3500 episcopis

482 3527 604 3568 suis
636 3511 945 3584 provincia
967 3511 1220 3584 judicari
1254 3511 1447 3582 debet,
1481 3512 1635 3568 sicut
1663 3512 1899 3581 Niczeni,
1933 3515 2132 3570 Antio-

479 3599 670 3670 cheni,
705 3599 1103 3668 Sardicenses,
1136 3605 1193 3657 et
1237 3600 1760 3668 Chalcedonenscs,
1793 3607 1851 3659 et
1889 3603 2132 3661 Cartha-

475 3688 753 3763 gincnses
799 3689 1055 3746 Aﬁ'icani
1106 3707 1360 3747 canones
1406 3691 1749 3748 decernunt.
1801 3691 1964 3748 Unde
2009 3696 2131 3750 An-

475 3777 730 3836 tiocheni
779 3796 1034 3836 canones
1082 3778 1339 3851 capitulo
1386 3780 1611 3837 decimo
1665 3785 1826 3838 sexto
1875 3783 2126 3841 dicunt:

476 3889 507 3918 α
539 3867 864 3925 Perfectum
923 3867 1236 3926 concilium
1298 3868 1440 3926 illud
1491 3875 1600 3940 est,
1650 3870 1750 3926 ubi
1802 3871 2131 3929 interfuerit

475 3956 963 4031 metropolitanus
991 3958 1255 4014 antistes.
1292 3981 1320 4008 »
1351 3959 1422 4014 Et
1449 3959 1704 4033 capitulo
1741 3960 2025 4033 vigesimo
2056 3963 2127 4019 de

473 4045 742 4104 conciliis
770 4046 1206 4120 episcopalibus
1238 4063 1253 4102 :
1289 4069 1318 4098 «
1347 4047 1411 4104 In
1444 4048 1589 4122 ipsis
1614 4048 1880 4105 conciliis
1930 4050 2126 4108 adsint

471 4135 816 4208 presbyteri,
848 4140 906 4192 et
933 4136 1185 4205 diaconi,
1218 4141 1276 4193 et
1304 4154 1508 4194 omnes
1545 4137 1647 4209 qui
1679 4154 1742 4194 se
1773 4137 1942 4195 lazsos
1971 4139 2122 4197 exis-

469 4223 706 4290 timant,
737 4228 796 4281 et
833 4225 1039 4298 synodi
1083 4226 1458 4298 experiantur
1502 4243 1764 4282 examen.
1801 4249 1829 4277 »
1861 4229 1932 4284 Et
1960 4230 2118 4302 capi-

2250 2977 2353 3034 illa
2382 2977 2663 3050 rapuerit,
2697 2994 2832 3033 reus
2863 2981 2953 3033 est
3000 2975 3398 3032 damnationis
3443 2977 3682 3032 Ananiae
3715 2982 3775 3033 et
3806 2978 3912 3034 Sa-

2249 3067 2468 3141 phirm;
2501 3071 2558 3122 et
2605 3071 2832 3138 oportet
2878 3065 3219 3137 huiusmodi
3269 3066 3497 3123 tradere
3546 3067 3804 3135 Satanas,
3847 3073 3913 3124 ut

2249 3154 2490 3228 spiritus
2521 3153 2717 3211 salvus
2743 3154 2846 3209 ﬁat
2873 3152 2932 3208 in
2964 3152 3058 3210 die
3088 3153 3342 3210 Domini.
3372 3177 3402 3205 »
3424 3155 3493 3211 Et
3522 3161 3771 3212 sanctus
3795 3157 3912 3212 Lu-

2235 3244 2374 3302 ‘cius
2405 3261 2555 3318 papa
2588 3261 2602 3300 :
2634 3267 2661 3293 ‹‹
2689 3247 2902 3299 Rerum
2925 3241 3453 3299 ecclesiasticarum
3475 3249 3534 3300 et
3553 3245 3908 3302 facultatum

2245 3337 2510 3407 raptores
2531 3350 2566 3389 a
2584 3331 2889 3388 liminibus
2911 3336 3124 3388 sancta!
3146 3331 3414 3388 Ecclesiae
3447 3333 3912 3391 anathematiza-

2243 3427 2334 3480 tos
2365 3421 2686 3496 apostolica
2714 3421 3057 3478 auctoritate
3101 3421 3399 3494 pellimus,
3430 3427 3488 3478 et
3518 3423 3904 3494 damnamus,

2242 3515 2417 3583 atque
2447 3509 2762 3583 sacrilegos
2792 3527 2920 3566 esse
2942 3509 3426 3581 judicamus.Par
3453 3513 3611 3568 enim
3647 3529 3823 3586 pmna
3846 3519 3908 3571 et

2243 3607 2482 3674 agentes
2511 3605 2568 3655 et
2596 3599 3027 3656 consentientes
3049 3600 3508 3672 comprehendit.
3520 3624 3547 3650 ιι
3561 3602 3632 3658 Et
3651 3608 3902 3660 sanctus

2240 3689 2554 3763 Gregorius
2613 3706 2766 3762 papa
2797 3704 2810 3744 :
2846 3711 2874 3739 «
2909 3688 3292 3763 Sacrilegum,
3339 3690 3551 3763 inquit,
3585 3695 3644 3747 et
3690 3696 3901 3748 contra

2238 3777 2398 3851 leges
2409 3777 2572 3844 cst,si
2589 3777 2724 3850 quis
2741 3777 2896 3850 quod
2911 3777 3340 3834 venerabilihus
3356 3777 3500 3836 locis
3514 3778 3894 3854 relinquitur,

2238 3884 2426 3940 prava:
2455 3865 2774 3922 voluntatis
2804 3865 3020 3922 studiis
3047 3866 3170 3922 suis
3201 3867 3508 3924 tentaverit
3528 3870 3897 3943 compendiis

2237 3955 2505 4013 retinere.
2539 3978 2568 4006 ιι
2602 3957 2670 4011 Et
2702 3961 2942 4012 sanctus
2990 3955 3378 4029 Augustinus,
3411 3974 3447 4012 a
3477 3958 3612 4014 sede
3651 3965 3894 4031 aposto-

2233 4045 2346 4103 lica
2377 4064 2481 4120 per
2509 4046 2744 4102 beatum
2777 4044 3154 4101 leestinum
3177 4045 3330 4102 inter
3348 4045 3602 4120 Optimos
3615 4047 3892 4104 Ecclesiae

2231 4135 2546 4207 magistros
2578 4134 2785 4190 merito
2819 4151 2943 4189 com
2954 4138 3214 4207 putatus,
3230 4133 3290 4190 in
3307 4152 3576 4193 sermone
3591 4137 3890 4211 Evangelii

2229 4223 2384 4281 beati
2414 4222 2660 4280 Joannis
2688 4223 2832 4279 dicit
2865 4239 2877 4278 :
2912 4245 2941 4273 «
2966 4225 3108 4280 Ecce
3134 4224 3287 4280 inter
3307 4229 3541 4282 sanctos
3564 4231 3656 4282 est
3677 4227 3886 4294 Judas,

469 4309 595 4368 tulo
623 4327 798 4383 nono,
830 4336 857 4364 ‹‹
889 4317 954 4370 ut
983 4315 1292 4389 episcopus
1319 4315 1464 4371 nihil
1498 4331 1667 4388 agere
1699 4320 1881 4372 tentet
1912 4299 2120 4390 prmtcp
2149 4299 2192 4365 C
2229 4329 2361 4370 ecce
2393 4313 2487 4368 fur
2517 4316 2607 4368 est
2634 4312 2905 4374 Judas,et
2933 4328 3006 4368 ne
3036 4315 3512 4381 contemnas,fur
3540 4315 3884 4389 sacrilegus,

468 4399 793 4458 antistitem
819 4403 1353 4477 metropolitanum,
1388 4403 1501 4461 nisi
1531 4405 1686 4478 quod
1719 4405 1790 4462 ad
1822 4407 2116 4480 propriam

467 4489 805 4561 parochiam
835 4493 1106 4564 pertinet,
1140 4510 1245 4549 nec
1277 4493 1763 4566 metropolitanus
1790 4496 1916 4554 sine
1947 4502 2114 4554 cazte-

466 4594 666 4634 rorum
697 4588 862 4652 gerat
889 4581 1132 4639 consilio
1163 4583 1557 4639 sacerdotum.
1593 4606 1622 4633 »

535 4670 670 4724 ΟΑΡ.
703 4669 800 4726 IlI.
834 4670 980 4738 Quia
1007 4671 1079 4727 de
1111 4669 1488 4728 facultatibus
1537 4673 1947 4731 ecclesiasticis
1988 4675 2114 4732 fur-

2228 4421 2342 4460 non
2366 4401 2794 4476 qualiscunque
2820 4403 3040 4471 fur,sed
3066 4402 3392 4460 loculorum
3417 4404 3882 4474 Dominicorum,

2225 4492 2577 4560 loculorum,
2608 4491 2710 4548 sed
2739 4509 3066 4549 sacrorum.
3091 4492 3152 4549 Si
3184 4493 3432 4550 crimina
3464 4494 3887 4552 discernuntur

2225 4581 2284 4638 in
2317 4583 2460 4648 foro,
2495 4599 2610 4637 non
2642 4580 3071 4654 qualiscunque
3101 4582 3323 4644 fur,sed
3357 4582 3678 4654 peculator.
3705 4585 3884 4642 Pecu-

2222 4671 2380 4728 latus
2410 4670 2568 4726 enim
2600 4669 2816 4725 dicitur
2845 4672 3068 4726 furtum
3100 4671 3170 4726 de
3199 4671 3517 4744 republica.
3551 4673 3620 4728 Et
3647 4689 3764 4729 non
3797 4675 3882 4730 sic

463 4755 571 4812 tim
601 4757 688 4814 vel
719 4759 1000 4833 sacrilege
1021 4759 1318 4816 distractis
1334 4761 1670 4820 Teutfridus
1693 4763 1997 4822 confessus
2025 4764 2110 4822 vel
2214 4761 2520 4835 judicatur
2567 4759 2791 4815 furtum
2842 4759 2920 4814 rei
2971 4759 3232 4832 privatae,
3263 4762 3560 4834 quomodo
3607 4762 3876 4836 public-.12.

462 4847 763 4904 convictus
793 4848 1029 4914 dicitur,
1063 4848 1285 4904 scilicet
1313 4850 1384 4907 de
1417 4850 1666 4924 planetis
1697 4853 1984 4919 tribus,de
2015 4859 2108 4910 tu-

463 4934 597 4991 nica
625 4937 824 4992 Immm
855 4937 1166 5011 reginae,de
1187 4937 1377 4994 balteo
1401 4958 1573 4997 aureo
1596 4958 1730 4996 cum
1756 4943 2108 5012 gemmis,de

460 5023 640 5082 bursa
669 5027 946 5093 eburnea,
979 5027 1050 5082 de
1079 5026 1228 5083 libra
1258 5046 1376 5084 una
1403 5030 1473 5086 de
1504 5047 1665 5097 auro,
1698 5035 1755 5085 et
1784 5031 1856 5085 de
1887 5033 2108 5089 caeteris

458 5111 592 5170 aliis
622 5115 820 5183 rebus,
852 5115 1008 5188 leges
1040 5115 1244 5172 dicunt
1273 5134 1287 5173 :
1321 5141 1350 5169 «
1385 5117 1648 5174 Confessi
1679 5119 1971 5175 debitores
2001 5139 2104 5193 pro

448 5201 732 5274 judicatis
787 5203 1126 5261 habentur:
1161 5207 1408 5280 ideoque
1455 5225 1524 5263 ex
1569 5207 1663 5263 die
1721 5208 2104 5266 confessionis

455 5294 722 5364 tempora
771 5291 1081 5350 solutionis
1130 5296 1451 5352 constituta
1500 5301 1934 5369 computentur.
1972 5321 2000 5347 »
2036 5299 2104 5354 Et

453 5396 708 5438 canones
733 5381 1130 5454 apostolorum
1165 5383 1420 5456 capitulo
1449 5384 1729 5455 vigesimo
1773 5386 1978 5458 quinto
2009 5387 2102 5442 «li-

453 5474 594 5523 cunt
626 5487 638 5525 :
673 5494 702 5520 «
739 5469 1078 5546 Episcopus,
1113 5474 1415 5546 presbyter
1440 5480 1540 5528 aut
1572 5474 1873 5538 diaconus,
1908 5477 2004 5549 qui
2042 5476 2098 5533 in

454 5556 968 5629 fornicatione,aut
998 5563 1271 5636 perjurio,
1306 5566 1407 5616 aut
1437 5564 1589 5616 furto
1617 5570 1822 5636 captus
1854 5573 1961 5637 est,
1995 5567 2098 5622 dc-

2221 4853 2447 4918 Quanto
2475 4849 2879 4905 vehementius
2902 4849 3263 4922 judicandus
3295 4855 3383 4907 est
3413 4850 3736 4926 sacrilegus
3761 4854 3872 4920 fur,

2219 4939 2318 5013 qui
2351 4956 2534 4995 ausus
2558 4937 2666 4994 fuit
2689 4955 2801 4994 non
2827 4938 3221 5011 undecunque
3241 4939 3573 5008 tollere,sed
3595 4942 3667 4997 de
3689 4942 3878 4998 Eccle-

2218 5029 2305 5086 sia
2335 5027 2580 5085 tollere?
2609 5026 2718 5093 Qui
2752 5026 2976 5100 aliquid
3008 5029 3079 5083 de
3127 5029 3386 5086 Ecclesia
3433 5031 3668 5086 furatur
3695 5036 3752 5086 et
3783 5049 3872 5087 ra-

2216 5117 2492 5192 pit,Ju(l:e
2526 5115 2750 5189 perdito
2772 5122 3166 5188 comparatur.
3193 5143 3214 5170 ι
3251 5120 3322 5175 Et
3351 5117 3487 5174 hinc
3519 5118 3668 5176 sacri
3697 5137 3870 5176 cano-

2215 5225 2320 5263 nes
2360 5205 2565 5261 dicunt
2614 5206 2984 5275 (conc.Agazh.
3017 5224 3068 5264 c.
3098 5208 3150 5280 4)
3186 5224 3198 5262 :
3230 5230 3258 5260 «
3291 5207 3517 5278 Clerici,
3551 5209 3640 5266 vel
3693 5210 3868 5266 etiam

2215 5294 2543 5360 saeculares,
2572 5293 2672 5366 qui
2714 5293 3037 5350 oblationes
3088 5301 3416 5368 parentum,
3451 5303 3555 5353 aut
3603 5299 3866 5365 donatas,

2214 5389 2316 5441 aut
2346 5387 2694 5439 testamento
2728 5383 2956 5439 relictas
2989 5384 3236 5441 retinere
3258 5388 3869 5458 praesumpserint.aut

2212 5475 2269 5532 id
2285 5473 2440 5547 quod
2468 5471 2575 5545 ipsi
2599 5472 2939 5528 donaverint
2961 5473 3224 5530 ecclesiis
3243 5473 3330 5529 vel
3357 5476 3731 5532 monasteriis
3753 5493 3870 5532 ονε»

2211 5563 2468 5621 diderint
2499 5562 2906 5630 auferendum,
2941 5562 3092 5619 sicut
3123 5564 3392 5637 Synodus
3423 5569 3628 5620 sancta
3657 5567 3866 5622 consti-

454 5652 728 5741 ponatur,
753 5668 883 5741 non
937 5656 1131 5707 tamen
1182 5649 1593 5741 communione
1643 5653 1916 5726 privetur.
1953 5656 2103 5713 Dicit
2130 5676 2178 5741 Ι)
2213 5654 2328 5711 tuit
2356 5651 2516 5708 velut
2535 5654 2844 5741 ineeatores
2877 5668 3224 5725 pauperum,
3259 5670 3566 5726 quousque
3598 5655 3860 5723 reddant,

453 5734 610 5792 enim
644 5738 944 5813 Scriptura
975 5757 989 5796 :
1020 5741 1136 5797 Non
1165 5740 1467 5797 rindimbit
1513 5742 1776 5800 Dominus
1818 5748 1897 5801 his
1929 5747 1986 5802 in
2019 5747 2100 5802 id-

2211 5745 2282 5800 ab
2317 5740 2580 5799 ecclesiis
2611 5737 3015 5807 excludantur,
3048 5747 3104 5798 et
3135 5741 3234 5814 qui
3265 5742 3340 5799 ab
3372 5742 3636 5800 ecclesiis
3665 5742 3862 5799 exclu-
