  <div class='ocr_page' id='page_1' title='image "/cluster/home/n/w/nwhite01/storage/ocr_20150623/125/umn.31951002477418t/610.png"; bbox 0 0 4152 6508; ppageno 0'>
   <div class='ocr_carea' id='block_1_1' title="bbox 248 458 404 524">
    <p class='ocr_par' dir='ltr' id='par_1_1' title="bbox 248 458 404 524">
     <span class='ocr_line' id='line_1_1' title="bbox 248 458 404 524; baseline -0.013 0"><span class='ocrx_word' id='word_1_1' title='bbox 248 458 404 524; x_wconf 72' lang='grc'><strong>1113</strong></span> 
     </span>
    </p>
   </div>
   <div class='ocr_carea' id='block_1_2' title="bbox 1238 457 2668 526">
    <p class='ocr_par' dir='ltr' id='par_1_2' title="bbox 1238 457 2668 526">
     <span class='ocr_line' id='line_1_2' title="bbox 1238 457 2668 526; baseline 0.003 -4"><span class='ocrx_word' id='word_1_2' title='bbox 1238 457 1342 523; x_wconf 89' lang='lat' dir='ltr'>DE</span> <span class='ocrx_word' id='word_1_3' title='bbox 1384 459 1640 525; x_wconf 84' lang='lat' dir='ltr'><strong>CAUSA</strong></span> <span class='ocrx_word' id='word_1_4' title='bbox 1681 457 2107 523; x_wconf 81' lang='lat' dir='ltr'>TEUTFRIDI</span> <span class='ocrx_word' id='word_1_5' title='bbox 2151 460 2668 526; x_wconf 83' lang='lat' dir='ltr'>PBESBYTERI.</span> 
     </span>
    </p>
   </div>
   <div class='ocr_carea' id='block_1_3' title="bbox 3499 466 3673 532">
    <p class='ocr_par' dir='ltr' id='par_1_3' title="bbox 3499 466 3673 532">
     <span class='ocr_line' id='line_1_3' title="bbox 3499 466 3673 532; baseline -0.011 0"><span class='ocrx_word' id='word_1_6' title='bbox 3499 466 3673 532; x_wconf 69' lang='grc' dir='ltr'>ΗΜ·</span> 
     </span>
    </p>
   </div>
   <div class='ocr_carea' id='block_1_4' title="bbox 244 590 3667 677">
    <p class='ocr_par' dir='ltr' id='par_1_4' title="bbox 244 590 3667 677">
     <span class='ocr_line' id='line_1_4' title="bbox 244 590 3667 677; baseline 0.003 -27"><span class='ocrx_word' id='word_1_7' title='bbox 244 593 486 661; x_wconf 89' lang='lat' dir='ltr'>duntur,</span> <span class='ocrx_word' id='word_1_8' title='bbox 508 590 567 650; x_wconf 92' lang='lat' dir='ltr'>in</span> <span class='ocrx_word' id='word_1_9' title='bbox 597 592 784 668; x_wconf 88' lang='lat' dir='ltr'>gradu</span> <span class='ocrx_word' id='word_1_10' title='bbox 810 592 1202 652; x_wconf 88' lang='lat' dir='ltr'>ecclesiastico</span> <span class='ocrx_word' id='word_1_11' title='bbox 1234 610 1470 652; x_wconf 89' lang='lat' dir='ltr'>manere</span> <span class='ocrx_word' id='word_1_12' title='bbox 1499 611 1615 651; x_wconf 90' lang='lat' dir='ltr'>non</span> <span class='ocrx_word' id='word_1_13' title='bbox 1649 592 1892 666; x_wconf 89' lang='lat' dir='ltr'>permit-</span> <span class='ocrx_word' id='word_1_14' title='bbox 1921 590 1979 660; x_wconf 79' lang='grc' dir='ltr'><strong>Α</strong></span> <span class='ocrx_word' id='word_1_15' title='bbox 2007 593 2317 667; x_wconf 80' lang='lat' dir='ltr'>Propterea</span> <span class='ocrx_word' id='word_1_16' title='bbox 2346 595 2648 669; x_wconf 81' lang='lat' dir='ltr'>Scriptura</span> <span class='ocrx_word' id='word_1_17' title='bbox 2678 597 2821 655; x_wconf 82' lang='lat' dir='ltr'>dicit</span> <span class='ocrx_word' id='word_1_18' title='bbox 2852 615 2865 655; x_wconf 91' lang='lat'>:</span> <span class='ocrx_word' id='word_1_19' title='bbox 2896 602 3286 658; x_wconf 80' lang='lat' dir='ltr'>Juramentum</span> <span class='ocrx_word' id='word_1_20' title='bbox 3339 601 3479 676; x_wconf 81' lang='lat' dir='ltr'>quod</span> <span class='ocrx_word' id='word_1_21' title='bbox 3508 616 3667 677; x_wconf 77' lang='lat' dir='ltr'>spre-&#39;</span> 
     </span>
    </p>
   </div>
   <div class='ocr_carea' id='block_1_5' title="bbox 246 686 530 740">
    <p class='ocr_par' dir='ltr' id='par_1_5' title="bbox 246 686 530 740">
     <span class='ocr_line' id='line_1_5' title="bbox 246 686 530 740; baseline -0.004 0"><span class='ocrx_word' id='word_1_22' title='bbox 246 686 465 740; x_wconf 72' lang='lat' dir='ltr'>tantur.</span> <span class='ocrx_word' id='word_1_23' title='bbox 500 704 530 733; x_wconf 85' lang='lat'><strong>»</strong></span> 
     </span>
    </p>
   </div>
   <div class='ocr_carea' id='block_1_6' title="bbox 315 770 1894 828">
    <p class='ocr_par' dir='ltr' id='par_1_6' title="bbox 315 770 1894 828">
     <span class='ocr_line' id='line_1_6' title="bbox 315 770 1894 828; baseline -0.002 0"><span class='ocrx_word' id='word_1_24' title='bbox 315 771 450 828; x_wconf 77' lang='lat' dir='ltr'><strong>CAP.</strong></span> <span class='ocrx_word' id='word_1_25' title='bbox 484 770 578 828; x_wconf 90' lang='lat' dir='ltr'>IV.</span> <span class='ocrx_word' id='word_1_26' title='bbox 614 770 676 828; x_wconf 88' lang='lat' dir='ltr'>Si</span> <span class='ocrx_word' id='word_1_27' title='bbox 720 771 1058 827; x_wconf 89' lang='lat' dir='ltr'>Teutfridus</span> <span class='ocrx_word' id='word_1_28' title='bbox 1107 772 1412 828; x_wconf 86' lang='lat' dir='ltr'>confessus</span> <span class='ocrx_word' id='word_1_29' title='bbox 1458 770 1547 827; x_wconf 88' lang='lat' dir='ltr'>vel</span> <span class='ocrx_word' id='word_1_30' title='bbox 1597 771 1894 827; x_wconf 89' lang='lat' dir='ltr'>convictus</span> 
     </span>
    </p>
   </div>
   <div class='ocr_carea' id='block_1_7' title="bbox 243 859 1893 932">
    <p class='ocr_par' dir='ltr' id='par_1_7' title="bbox 243 859 1893 932">
     <span class='ocr_line' id='line_1_7' title="bbox 243 859 1893 932; baseline -0.001 -14"><span class='ocrx_word' id='word_1_31' title='bbox 243 860 438 930; x_wconf 83' lang='lat' dir='ltr'>fuerit,</span> <span class='ocrx_word' id='word_1_32' title='bbox 462 859 664 917; x_wconf 91' lang='lat' dir='ltr'>relicto</span> <span class='ocrx_word' id='word_1_33' title='bbox 694 860 1090 917; x_wconf 90' lang='lat' dir='ltr'>ecclesiastico</span> <span class='ocrx_word' id='word_1_34' title='bbox 1112 860 1362 932; x_wconf 89' lang='lat' dir='ltr'>judicio,</span> <span class='ocrx_word' id='word_1_35' title='bbox 1394 861 1466 917; x_wconf 93' lang='lat' dir='ltr'>ob</span> <span class='ocrx_word' id='word_1_36' title='bbox 1498 860 1893 916; x_wconf 79' lang='lat' dir='ltr'>defensionem</span> 
     </span>
    </p>
   </div>
   <div class='ocr_carea' id='block_1_8' title="bbox 240 948 1897 1023">
    <p class='ocr_par' dir='ltr' id='par_1_8' title="bbox 240 948 1897 1023">
     <span class='ocr_line' id='line_1_8' title="bbox 240 948 1897 1023; baseline 0 -17"><span class='ocrx_word' id='word_1_37' title='bbox 240 949 329 1007; x_wconf 92' lang='lat' dir='ltr'>vel</span> <span class='ocrx_word' id='word_1_38' title='bbox 362 948 770 1023; x_wconf 75' lang='lat' dir='ltr'>purgationem</span> <span class='ocrx_word' id='word_1_39' title='bbox 802 965 972 1006; x_wconf 89' lang='lat' dir='ltr'>suam</span> <span class='ocrx_word' id='word_1_40' title='bbox 1003 949 1289 1023; x_wconf 81' lang='lat' dir='ltr'>palatium</span> <span class='ocrx_word' id='word_1_41' title='bbox 1321 949 1629 1023; x_wconf 78' lang='lat' dir='ltr'>expetisse,</span> <span class='ocrx_word' id='word_1_42' title='bbox 1650 950 1897 1007; x_wconf 85' lang='lat' dir='ltr'>inferen-</span> 
     </span>
    </p>
   </div>
   <div class='ocr_carea' id='block_1_9' title="bbox 245 1037 1892 1111">
    <p class='ocr_par' dir='ltr' id='par_1_9' title="bbox 245 1037 1892 1111">
     <span class='ocr_line' id='line_1_9' title="bbox 245 1037 1892 1111; baseline -0.001 -15"><span class='ocrx_word' id='word_1_43' title='bbox 245 1040 386 1096; x_wconf 91' lang='lat' dir='ltr'>dum</span> <span class='ocrx_word' id='word_1_44' title='bbox 407 1037 491 1093; x_wconf 91' lang='lat' dir='ltr'>illi</span> <span class='ocrx_word' id='word_1_45' title='bbox 514 1037 836 1111; x_wconf 84' lang='lat' dir='ltr'>capitulum</span> <span class='ocrx_word' id='word_1_46' title='bbox 861 1039 1243 1096; x_wconf 90' lang='lat' dir='ltr'>undecimum</span> <span class='ocrx_word' id='word_1_47' title='bbox 1273 1039 1619 1096; x_wconf 91' lang='lat' dir='ltr'>Antiocheni</span> <span class='ocrx_word' id='word_1_48' title='bbox 1641 1037 1892 1095; x_wconf 84' lang='lat' dir='ltr'><strong>concilii:</strong></span> 
     </span>
    </p>
   </div>
   <div class='ocr_carea' id='block_1_10' title="bbox 246 1126 1899 1203">
    <p class='ocr_par' dir='ltr' id='par_1_10' title="bbox 246 1126 1899 1203">
     <span class='ocr_line' id='line_1_10' title="bbox 246 1126 1899 1203; baseline 0.002 -22"><span class='ocrx_word' id='word_1_49' title='bbox 246 1150 276 1181; x_wconf 87' lang='lat'>«</span> <span class='ocrx_word' id='word_1_50' title='bbox 306 1128 367 1184; x_wconf 91' lang='lat' dir='ltr'>Si</span> <span class='ocrx_word' id='word_1_51' title='bbox 398 1127 533 1201; x_wconf 87' lang='lat' dir='ltr'>quis</span> <span class='ocrx_word' id='word_1_52' title='bbox 556 1126 886 1200; x_wconf 90' lang='lat' dir='ltr'>episcopus,</span> <span class='ocrx_word' id='word_1_53' title='bbox 922 1133 1025 1183; x_wconf 88' lang='lat' dir='ltr'>aut</span> <span class='ocrx_word' id='word_1_54' title='bbox 1053 1129 1377 1203; x_wconf 83' lang='lat' dir='ltr'>presbyter,</span> <span class='ocrx_word' id='word_1_55' title='bbox 1402 1134 1505 1184; x_wconf 89' lang='lat' dir='ltr'>aut</span> <span class='ocrx_word' id='word_1_56' title='bbox 1537 1128 1785 1201; x_wconf 80' lang='lat' dir='ltr'>quilibet</span> <span class='ocrx_word' id='word_1_57' title='bbox 1815 1146 1899 1185; x_wconf 90' lang='lat' dir='ltr'>re-</span> 
     </span>
    </p>
   </div>
   <div class='ocr_carea' id='block_1_11' title="bbox 245 1215 1896 1292">
    <p class='ocr_par' dir='ltr' id='par_1_11' title="bbox 245 1215 1896 1292">
     <span class='ocr_line' id='line_1_11' title="bbox 245 1215 1896 1292; baseline 0 -20"><span class='ocrx_word' id='word_1_58' title='bbox 245 1215 393 1292; x_wconf 66' lang='lat' dir='ltr'>gula:</span> <span class='ocrx_word' id='word_1_59' title='bbox 424 1216 749 1288; x_wconf 83' lang='lat' dir='ltr'>subjectus,</span> <span class='ocrx_word' id='word_1_60' title='bbox 785 1216 1215 1285; x_wconf 60' lang='lat' dir='ltr'>ecclesiasticae,</span> <span class='ocrx_word' id='word_1_61' title='bbox 1235 1222 1444 1291; x_wconf 83' lang='lat' dir='ltr'>praeter</span> <span class='ocrx_word' id='word_1_62' title='bbox 1474 1217 1786 1274; x_wconf 87' lang='lat' dir='ltr'>consilium</span> <span class='ocrx_word' id='word_1_63' title='bbox 1807 1217 1896 1274; x_wconf 88' lang='lat' dir='ltr'>vel</span> 
     </span>
    </p>
   </div>
   <div class='ocr_carea' id='block_1_12' title="bbox 245 1303 1895 1381">
    <p class='ocr_par' dir='ltr' id='par_1_12' title="bbox 245 1303 1895 1381">
     <span class='ocr_line' id='line_1_12' title="bbox 245 1303 1895 1381; baseline 0.001 -19"><span class='ocrx_word' id='word_1_64' title='bbox 245 1305 472 1362; x_wconf 78' lang='lat' dir='ltr'>litteras</span> <span class='ocrx_word' id='word_1_65' title='bbox 502 1303 909 1378; x_wconf 87' lang='lat' dir='ltr'>episcoporum</span> <span class='ocrx_word' id='word_1_66' title='bbox 939 1306 1249 1379; x_wconf 66' lang='lat' dir='ltr'>provinciae</span> <span class='ocrx_word' id='word_1_67' title='bbox 1278 1310 1335 1364; x_wconf 93' lang='lat' dir='ltr'>et</span> <span class='ocrx_word' id='word_1_68' title='bbox 1364 1307 1655 1381; x_wconf 72' lang='lat' dir='ltr'>przecipue</span> <span class='ocrx_word' id='word_1_69' title='bbox 1680 1311 1895 1364; x_wconf 88' lang='lat' dir='ltr'>metro-</span> 
     </span>
    </p>
   </div>
   <div class='ocr_carea' id='block_1_13' title="bbox 246 1392 1896 1470">
    <p class='ocr_par' dir='ltr' id='par_1_13' title="bbox 246 1392 1896 1470">
     <span class='ocr_line' id='line_1_13' title="bbox 246 1392 1896 1470; baseline 0.002 -21"><span class='ocrx_word' id='word_1_70' title='bbox 246 1392 509 1469; x_wconf 89' lang='lat' dir='ltr'>politani,</span> <span class='ocrx_word' id='word_1_71' title='bbox 541 1393 753 1450; x_wconf 82' lang='lat' dir='ltr'>adierit</span> <span class='ocrx_word' id='word_1_72' title='bbox 801 1394 1216 1468; x_wconf 87' lang='lat' dir='ltr'>imperatorem</span> <span class='ocrx_word' id='word_1_73' title='bbox 1244 1396 1333 1453; x_wconf 88' lang='lat' dir='ltr'>vel</span> <span class='ocrx_word' id='word_1_74' title='bbox 1365 1414 1582 1470; x_wconf 83' lang='lat' dir='ltr'>regem,</span> <span class='ocrx_word' id='word_1_75' title='bbox 1617 1397 1775 1453; x_wconf 90' lang='lat' dir='ltr'>hunc</span> <span class='ocrx_word' id='word_1_76' title='bbox 1806 1413 1896 1452; x_wconf 86' lang='lat' dir='ltr'>re-</span> 
     </span>
    </p>
   </div>
   <div class='ocr_carea' id='block_1_14' title="bbox 245 1481 1893 1557">
    <p class='ocr_par' dir='ltr' id='par_1_14' title="bbox 245 1481 1893 1557">
     <span class='ocr_line' id='line_1_14' title="bbox 245 1481 1893 1557; baseline 0.002 -18"><span class='ocrx_word' id='word_1_77' title='bbox 245 1481 478 1557; x_wconf 86' lang='lat' dir='ltr'>probari</span> <span class='ocrx_word' id='word_1_78' title='bbox 500 1486 558 1539; x_wconf 90' lang='lat' dir='ltr'>et</span> <span class='ocrx_word' id='word_1_79' title='bbox 578 1481 751 1554; x_wconf 88' lang='lat' dir='ltr'>abjici</span> <span class='ocrx_word' id='word_1_80' title='bbox 774 1488 1182 1555; x_wconf 89' lang='lat' dir='ltr'>oportere,non</span> <span class='ocrx_word' id='word_1_81' title='bbox 1200 1485 1388 1541; x_wconf 91' lang='lat' dir='ltr'>solum</span> <span class='ocrx_word' id='word_1_82' title='bbox 1414 1485 1893 1555; x_wconf 90' lang='lat' dir='ltr'>acommunione,</span> 
     </span>
    </p>
   </div>
   <div class='ocr_carea' id='block_1_15' title="bbox 246 1571 1894 1647">
    <p class='ocr_par' dir='ltr' id='par_1_15' title="bbox 246 1571 1894 1647">
     <span class='ocr_line' id='line_1_15' title="bbox 246 1571 1894 1647; baseline 0.001 -18"><span class='ocrx_word' id='word_1_83' title='bbox 246 1573 345 1630; x_wconf 88' lang='lat' dir='ltr'>sed</span> <span class='ocrx_word' id='word_1_84' title='bbox 377 1576 435 1628; x_wconf 90' lang='lat' dir='ltr'>et</span> <span class='ocrx_word' id='word_1_85' title='bbox 464 1572 537 1627; x_wconf 90' lang='lat' dir='ltr'>ab</span> <span class='ocrx_word' id='word_1_86' title='bbox 568 1571 806 1639; x_wconf 87' lang='lat' dir='ltr'>honore,</span> <span class='ocrx_word' id='word_1_87' title='bbox 843 1573 1014 1644; x_wconf 90' lang='lat' dir='ltr'>cujus</span> <span class='ocrx_word' id='word_1_88' title='bbox 1044 1574 1340 1646; x_wconf 82' lang='lat' dir='ltr'>particeps</span> <span class='ocrx_word' id='word_1_89' title='bbox 1368 1575 1600 1630; x_wconf 86' lang='lat' dir='ltr'>videtur</span> <span class='ocrx_word' id='word_1_90' title='bbox 1628 1574 1894 1647; x_wconf 85' lang='lat' dir='ltr'>existere,</span> 
     </span>
    </p>
   </div>
   <div class='ocr_carea' id='block_1_16' title="bbox 246 1660 1900 1735">
    <p class='ocr_par' dir='ltr' id='par_1_16' title="bbox 246 1660 1900 1735">
     <span class='ocr_line' id='line_1_16' title="bbox 246 1660 1900 1735; baseline 0.001 -18"><span class='ocrx_word' id='word_1_91' title='bbox 246 1660 385 1735; x_wconf 82' lang='lat' dir='ltr'>quia</span> <span class='ocrx_word' id='word_1_92' title='bbox 398 1660 713 1717; x_wconf 87' lang='lat' dir='ltr'>venerandi</span> <span class='ocrx_word' id='word_1_93' title='bbox 737 1661 1022 1735; x_wconf 88' lang='lat' dir='ltr'>principis</span> <span class='ocrx_word' id='word_1_94' title='bbox 1043 1662 1285 1719; x_wconf 89' lang='lat' dir='ltr'>auribus</span> <span class='ocrx_word' id='word_1_95' title='bbox 1303 1663 1633 1720; x_wconf 88' lang='lat' dir='ltr'>molestiam</span> <span class='ocrx_word' id='word_1_96' title='bbox 1655 1663 1900 1720; x_wconf 86' lang='lat' dir='ltr'>tentavit</span> 
     </span>
    </p>
   </div>
   <div class='ocr_carea' id='block_1_17' title="bbox 245 1749 1898 1827">
    <p class='ocr_par' dir='ltr' id='par_1_17' title="bbox 245 1749 1898 1827">
     <span class='ocr_line' id='line_1_17' title="bbox 245 1749 1898 1827; baseline 0.001 -20"><span class='ocrx_word' id='word_1_97' title='bbox 245 1750 458 1807; x_wconf 86' lang='lat' dir='ltr'>inferre</span> <span class='ocrx_word' id='word_1_98' title='bbox 489 1749 645 1806; x_wconf 88' lang='lat' dir='ltr'>circa</span> <span class='ocrx_word' id='word_1_99' title='bbox 674 1749 833 1824; x_wconf 84' lang='lat' dir='ltr'>leges</span> <span class='ocrx_word' id='word_1_100' title='bbox 862 1750 1156 1807; x_wconf 60' lang='lat' dir='ltr'>Ecclesia}.</span> <span class='ocrx_word' id='word_1_101' title='bbox 1191 1752 1251 1808; x_wconf 91' lang='lat' dir='ltr'>Si</span> <span class='ocrx_word' id='word_1_102' title='bbox 1283 1752 1463 1825; x_wconf 89' lang='lat' dir='ltr'>igitur</span> <span class='ocrx_word' id='word_1_103' title='bbox 1492 1753 1655 1809; x_wconf 89' lang='lat' dir='ltr'>adire</span> <span class='ocrx_word' id='word_1_104' title='bbox 1688 1752 1898 1827; x_wconf 86' lang='lat' dir='ltr'>princi-</span> 
     </span>
    </p>
   </div>
   <div class='ocr_carea' id='block_1_18' title="bbox 246 1838 1895 1916">
    <p class='ocr_par' dir='ltr' id='par_1_18' title="bbox 246 1838 1895 1916">
     <span class='ocr_line' id='line_1_18' title="bbox 246 1838 1895 1916; baseline 0.002 -22"><span class='ocrx_word' id='word_1_105' title='bbox 246 1856 379 1913; x_wconf 88' lang='lat' dir='ltr'>pem</span> <span class='ocrx_word' id='word_1_106' title='bbox 409 1838 741 1895; x_wconf 89' lang='lat' dir='ltr'>necessaria</span> <span class='ocrx_word' id='word_1_107' title='bbox 798 1856 978 1895; x_wconf 90' lang='lat' dir='ltr'>causa</span> <span class='ocrx_word' id='word_1_108' title='bbox 1032 1841 1311 1913; x_wconf 90' lang='lat' dir='ltr'>deposcit,</span> <span class='ocrx_word' id='word_1_109' title='bbox 1345 1841 1456 1897; x_wconf 90' lang='lat' dir='ltr'>hoc</span> <span class='ocrx_word' id='word_1_110' title='bbox 1508 1847 1717 1916; x_wconf 84' lang='lat' dir='ltr'>agatur</span> <span class='ocrx_word' id='word_1_111' title='bbox 1760 1860 1895 1898; x_wconf 88' lang='lat' dir='ltr'>cum</span> 
     </span>
    </p>
   </div>
   <div class='ocr_carea' id='block_1_19' title="bbox 2002 684 3663 766">
    <p class='ocr_par' dir='ltr' id='par_1_19' title="bbox 2002 684 3663 766">
     <span class='ocr_line' id='line_1_19' title="bbox 2002 684 3663 766; baseline 0.006 -27"><span class='ocrx_word' id='word_1_112' title='bbox 2002 684 2100 753; x_wconf 86' lang='lat' dir='ltr'>vit,</span> <span class='ocrx_word' id='word_1_113' title='bbox 2132 692 2184 740; x_wconf 84' lang='lat' dir='ltr'>et</span> <span class='ocrx_word' id='word_1_114' title='bbox 2210 684 2383 755; x_wconf 72' lang='lat' dir='ltr'>fwdus</span> <span class='ocrx_word' id='word_1_115' title='bbox 2407 686 2548 758; x_wconf 85' lang='lat' dir='ltr'>quod</span> <span class='ocrx_word' id='word_1_116' title='bbox 2593 689 2996 760; x_wconf 64' lang='lat' dir='ltr'>praevaricatus</span> <span class='ocrx_word' id='word_1_117' title='bbox 3047 697 3146 757; x_wconf 81' lang='lat' dir='ltr'>est,</span> <span class='ocrx_word' id='word_1_118' title='bbox 3177 707 3381 763; x_wconf 86' lang='lat' dir='ltr'>ponam</span> <span class='ocrx_word' id='word_1_119' title='bbox 3411 693 3473 747; x_wconf 83' lang='lat' dir='ltr'>in</span> <span class='ocrx_word' id='word_1_120' title='bbox 3501 700 3663 766; x_wconf 84' lang='lat' dir='ltr'>caput</span> 
     </span>
    </p>
   </div>
   <div class='ocr_carea' id='block_1_20' title="bbox 2003 772 3661 855">
    <p class='ocr_par' dir='ltr' id='par_1_20' title="bbox 2003 772 3661 855">
     <span class='ocr_line' id='line_1_20' title="bbox 2003 772 3661 855; baseline 0.007 -29"><span class='ocrx_word' id='word_1_121' title='bbox 2003 773 2123 845; x_wconf 81' lang='lat' dir='ltr'>ejus</span> <span class='ocrx_word' id='word_1_122' title='bbox 2151 772 2363 842; x_wconf 71' lang='lat' dir='ltr'>(Ezech.</span> <span class='ocrx_word' id='word_1_123' title='bbox 2382 774 2542 847; x_wconf 81' lang='lat' dir='ltr'>xvu).</span> <span class='ocrx_word' id='word_1_124' title='bbox 2567 776 2848 849; x_wconf 87' lang='lat' dir='ltr'>Legimus</span> <span class='ocrx_word' id='word_1_125' title='bbox 2867 777 3025 833; x_wconf 90' lang='lat' dir='ltr'>enim</span> <span class='ocrx_word' id='word_1_126' title='bbox 3047 779 3391 836; x_wconf 88' lang='lat' dir='ltr'>Sedechiam</span> <span class='ocrx_word' id='word_1_127' title='bbox 3423 785 3661 855; x_wconf 87' lang='lat' dir='ltr'>captum</span> 
     </span>
    </p>
   </div>
   <div class='ocr_carea' id='block_1_21' title="bbox 2006 861 3661 941">
    <p class='ocr_par' dir='ltr' id='par_1_21' title="bbox 2006 861 3661 941">
     <span class='ocr_line' id='line_1_21' title="bbox 2006 861 3661 941; baseline 0.005 -24"><span class='ocrx_word' id='word_1_128' title='bbox 2006 862 2250 917; x_wconf 90' lang='lat' dir='ltr'>ductum</span> <span class='ocrx_word' id='word_1_129' title='bbox 2296 878 2422 918; x_wconf 90' lang='lat' dir='ltr'>esse</span> <span class='ocrx_word' id='word_1_130' title='bbox 2452 861 2512 917; x_wconf 90' lang='lat' dir='ltr'>in</span> <span class='ocrx_word' id='word_1_131' title='bbox 2559 864 2869 933; x_wconf 84' lang='lat' dir='ltr'>Reblatha,</span> <span class='ocrx_word' id='word_1_132' title='bbox 2902 866 3100 941; x_wconf 87' lang='lat' dir='ltr'>ibique</span> <span class='ocrx_word' id='word_1_133' title='bbox 3157 867 3477 926; x_wconf 84' lang='lat' dir='ltr'>interfectis</span> <span class='ocrx_word' id='word_1_134' title='bbox 3523 870 3661 926; x_wconf 83' lang='lat' dir='ltr'>filiis</span> 
     </span>
    </p>
   </div>
   <div class='ocr_carea' id='block_1_22' title="bbox 2005 951 3659 1025">
    <p class='ocr_par' dir='ltr' id='par_1_22' title="bbox 2005 951 3659 1025">
     <span class='ocr_line' id='line_1_22' title="bbox 2005 951 3659 1025; baseline 0.005 -17"><span class='ocrx_word' id='word_1_135' title='bbox 2005 955 2439 1017; x_wconf 74' lang='lat' dir='ltr'>exczecatum,et</span> <span class='ocrx_word' id='word_1_136' title='bbox 2454 951 2640 1007; x_wconf 89' lang='lat' dir='ltr'>instar</span> <span class='ocrx_word' id='word_1_137' title='bbox 2660 955 2791 1010; x_wconf 72' lang='lat' dir='ltr'>fera.-</span> <span class='ocrx_word' id='word_1_138' title='bbox 2815 954 3085 1013; x_wconf 90' lang='lat' dir='ltr'>clausum</span> <span class='ocrx_word' id='word_1_139' title='bbox 3107 957 3659 1025; x_wconf 90' lang='lat' dir='ltr'>cavea,translatum</span> 
     </span>
    </p>
   </div>
   <div class='ocr_carea' id='block_1_23' title="bbox 2005 1040 3660 1121">
    <p class='ocr_par' dir='ltr' id='par_1_23' title="bbox 2005 1040 3660 1121">
     <span class='ocr_line' id='line_1_23' title="bbox 2005 1040 3660 1121; baseline 0.005 -25"><span class='ocrx_word' id='word_1_140' title='bbox 2005 1040 2065 1096; x_wconf 92' lang='lat' dir='ltr'>in</span> <span class='ocrx_word' id='word_1_141' title='bbox 2098 1040 2452 1114; x_wconf 79' lang='lat' dir='ltr'>Babylonem</span> <span class='ocrx_word' id='word_1_142' title='bbox 2493 1043 2589 1111; x_wconf 82' lang='lat' dir='ltr'>(IV</span> <span class='ocrx_word' id='word_1_143' title='bbox 2618 1043 2751 1116; x_wconf 84' lang='lat' dir='ltr'>Reg.</span> <span class='ocrx_word' id='word_1_144' title='bbox 2782 1046 2934 1117; x_wconf 87' lang='lat' dir='ltr'>xxv).</span> <span class='ocrx_word' id='word_1_145' title='bbox 2970 1047 3089 1101; x_wconf 86' lang='lat' dir='ltr'>Rex</span> <span class='ocrx_word' id='word_1_146' title='bbox 3146 1044 3361 1118; x_wconf 92' lang='lat' dir='ltr'>quippe</span> <span class='ocrx_word' id='word_1_147' title='bbox 3419 1047 3660 1121; x_wconf 91' lang='lat' dir='ltr'>Babylo-</span> 
     </span>
    </p>
   </div>
   <div class='ocr_carea' id='block_1_24' title="bbox 2006 1128 3660 1207">
    <p class='ocr_par' dir='ltr' id='par_1_24' title="bbox 2006 1128 3660 1207">
     <span class='ocr_line' id='line_1_24' title="bbox 2006 1128 3660 1207; baseline 0.005 -22"><span class='ocrx_word' id='word_1_148' title='bbox 2006 1128 2163 1193; x_wconf 82' lang='lat' dir='ltr'>nius,</span> <span class='ocrx_word' id='word_1_149' title='bbox 2196 1134 2263 1185; x_wconf 91' lang='lat' dir='ltr'>ut</span> <span class='ocrx_word' id='word_1_150' title='bbox 2290 1130 2498 1186; x_wconf 84' lang='lat' dir='ltr'>beatus</span> <span class='ocrx_word' id='word_1_151' title='bbox 2544 1130 2857 1204; x_wconf 88' lang='lat' dir='ltr'>Gregorius</span> <span class='ocrx_word' id='word_1_152' title='bbox 2910 1134 3149 1207; x_wconf 90' lang='lat' dir='ltr'>exponit</span> <span class='ocrx_word' id='word_1_153' title='bbox 3180 1134 3392 1207; x_wconf 77' lang='lat' dir='ltr'>(Morel.</span> <span class='ocrx_word' id='word_1_154' title='bbox 3426 1135 3529 1192; x_wconf 90' lang='lat' dir='ltr'>lib.</span> <span class='ocrx_word' id='word_1_155' title='bbox 3558 1154 3660 1205; x_wconf 86' lang='lat' dir='ltr'>vn,</span> 
     </span>
    </p>
   </div>
   <div class='ocr_carea' id='block_1_25' title="bbox 2006 1218 3662 1293">
    <p class='ocr_par' dir='ltr' id='par_1_25' title="bbox 2006 1218 3662 1293">
     <span class='ocr_line' id='line_1_25' title="bbox 2006 1218 3662 1293; baseline 0.004 -20"><span class='ocrx_word' id='word_1_156' title='bbox 2006 1219 2250 1291; x_wconf 81' lang='lat' dir='ltr'>cap.13),</span> <span class='ocrx_word' id='word_1_157' title='bbox 2285 1222 2372 1275; x_wconf 89' lang='lat' dir='ltr'>est</span> <span class='ocrx_word' id='word_1_158' title='bbox 2402 1218 2686 1291; x_wconf 89' lang='lat' dir='ltr'>antiquus</span> <span class='ocrx_word' id='word_1_159' title='bbox 2718 1218 2929 1286; x_wconf 90' lang='lat' dir='ltr'>hostis,</span> <span class='ocrx_word' id='word_1_160' title='bbox 2954 1237 3261 1293; x_wconf 86' lang='lat' dir='ltr'>possessor</span> <span class='ocrx_word' id='word_1_161' title='bbox 3289 1222 3510 1279; x_wconf 69' lang='lat' dir='ltr'>intimas</span> <span class='ocrx_word' id='word_1_162' title='bbox 3529 1241 3662 1281; x_wconf 89' lang='lat' dir='ltr'>con—</span> 
     </span>
    </p>
   </div>
   <div class='ocr_carea' id='block_1_26' title="bbox 2007 1306 3664 1379">
    <p class='ocr_par' dir='ltr' id='par_1_26' title="bbox 2007 1306 3664 1379">
     <span class='ocr_line' id='line_1_26' title="bbox 2007 1306 3664 1379; baseline 0.004 -16"><span class='ocrx_word' id='word_1_163' title='bbox 2007 1307 2276 1373; x_wconf 82' lang='lat' dir='ltr'>fusionis,</span> <span class='ocrx_word' id='word_1_164' title='bbox 2300 1306 2400 1379; x_wconf 91' lang='lat' dir='ltr'>qui</span> <span class='ocrx_word' id='word_1_165' title='bbox 2422 1306 2585 1379; x_wconf 90' lang='lat' dir='ltr'>prius</span> <span class='ocrx_word' id='word_1_166' title='bbox 2608 1306 2761 1363; x_wconf 79' lang='lat' dir='ltr'>filios</span> <span class='ocrx_word' id='word_1_167' title='bbox 2782 1312 2915 1363; x_wconf 89' lang='lat' dir='ltr'>ante</span> <span class='ocrx_word' id='word_1_168' title='bbox 2945 1308 3231 1366; x_wconf 85' lang='lat' dir='ltr'>intuentis</span> <span class='ocrx_word' id='word_1_169' title='bbox 3262 1311 3461 1369; x_wconf 91' lang='lat' dir='ltr'>oculos</span> <span class='ocrx_word' id='word_1_170' title='bbox 3489 1314 3664 1370; x_wconf 90' lang='lat' dir='ltr'>truci-</span> 
     </span>
    </p>
   </div>
   <div class='ocr_carea' id='block_1_27' title="bbox 2006 1395 3663 1469">
    <p class='ocr_par' dir='ltr' id='par_1_27' title="bbox 2006 1395 3663 1469">
     <span class='ocr_line' id='line_1_27' title="bbox 2006 1395 3663 1469; baseline 0.004 -16"><span class='ocrx_word' id='word_1_171' title='bbox 2006 1397 2125 1464; x_wconf 88' lang='lat' dir='ltr'>dat,</span> <span class='ocrx_word' id='word_1_172' title='bbox 2162 1396 2299 1469; x_wconf 89' lang='lat' dir='ltr'>quia</span> <span class='ocrx_word' id='word_1_173' title='bbox 2330 1412 2481 1468; x_wconf 69' lang='lat' dir='ltr'>szepe</span> <span class='ocrx_word' id='word_1_174' title='bbox 2514 1395 2597 1452; x_wconf 91' lang='lat' dir='ltr'>sic</span> <span class='ocrx_word' id='word_1_175' title='bbox 2627 1397 2783 1452; x_wconf 88' lang='lat' dir='ltr'>bona</span> <span class='ocrx_word' id='word_1_176' title='bbox 2830 1413 3006 1469; x_wconf 88' lang='lat' dir='ltr'>opera</span> <span class='ocrx_word' id='word_1_177' title='bbox 3052 1396 3329 1453; x_wconf 80' lang='lat' dir='ltr'>interficit</span> <span class='ocrx_word' id='word_1_178' title='bbox 3356 1404 3422 1455; x_wconf 94' lang='lat' dir='ltr'>ut</span> <span class='ocrx_word' id='word_1_179' title='bbox 3447 1400 3570 1458; x_wconf 73' lang='lat' dir='ltr'>haec</span> <span class='ocrx_word' id='word_1_180' title='bbox 3600 1418 3663 1459; x_wconf 90' lang='lat' dir='ltr'>se</span> 
     </span>
    </p>
   </div>
   <div class='ocr_carea' id='block_1_28' title="bbox 2006 1484 3665 1557">
    <p class='ocr_par' dir='ltr' id='par_1_28' title="bbox 2006 1484 3665 1557">
     <span class='ocr_line' id='line_1_28' title="bbox 2006 1484 3665 1557; baseline 0.001 -14"><span class='ocrx_word' id='word_1_181' title='bbox 2006 1485 2277 1543; x_wconf 89' lang='lat' dir='ltr'>amittere</span> <span class='ocrx_word' id='word_1_182' title='bbox 2326 1484 2452 1556; x_wconf 90' lang='lat' dir='ltr'>ipse</span> <span class='ocrx_word' id='word_1_183' title='bbox 2502 1485 2602 1556; x_wconf 89' lang='lat' dir='ltr'>qui</span> <span class='ocrx_word' id='word_1_184' title='bbox 2653 1488 2861 1557; x_wconf 89' lang='lat' dir='ltr'>captus</span> <span class='ocrx_word' id='word_1_185' title='bbox 2911 1490 3001 1541; x_wconf 91' lang='lat' dir='ltr'>est</span> <span class='ocrx_word' id='word_1_186' title='bbox 3029 1485 3235 1542; x_wconf 91' lang='lat' dir='ltr'>dolens</span> <span class='ocrx_word' id='word_1_187' title='bbox 3267 1491 3485 1543; x_wconf 89' lang='lat' dir='ltr'>cernat.</span> <span class='ocrx_word' id='word_1_188' title='bbox 3518 1489 3665 1544; x_wconf 89' lang='lat' dir='ltr'>Nam</span> 
     </span>
    </p>
   </div>
   <div class='ocr_carea' id='block_1_29' title="bbox 2007 1573 3666 1647">
    <p class='ocr_par' dir='ltr' id='par_1_29' title="bbox 2007 1573 3666 1647">
     <span class='ocr_line' id='line_1_29' title="bbox 2007 1573 3666 1647; baseline 0.001 -16"><span class='ocrx_word' id='word_1_189' title='bbox 2007 1575 2162 1631; x_wconf 89' lang='lat' dir='ltr'>bona</span> <span class='ocrx_word' id='word_1_190' title='bbox 2181 1573 2368 1647; x_wconf 88' lang='lat' dir='ltr'>gignit</span> <span class='ocrx_word' id='word_1_191' title='bbox 2388 1573 2733 1646; x_wconf 87' lang='lat' dir='ltr'>plerumque</span> <span class='ocrx_word' id='word_1_192' title='bbox 2756 1573 3012 1640; x_wconf 88' lang='lat' dir='ltr'>animus,</span> <span class='ocrx_word' id='word_1_193' title='bbox 3037 1578 3095 1630; x_wconf 91' lang='lat' dir='ltr'>et</span> <span class='ocrx_word' id='word_1_194' title='bbox 3114 1579 3313 1632; x_wconf 89' lang='lat' dir='ltr'>tamen</span> <span class='ocrx_word' id='word_1_195' title='bbox 3335 1576 3529 1631; x_wconf 87' lang='lat' dir='ltr'>carnis</span> <span class='ocrx_word' id='word_1_196' title='bbox 3548 1594 3666 1633; x_wconf 77' lang='lat' dir='ltr'>suas</span> 
     </span>
    </p>
   </div>
   <div class='ocr_carea' id='block_1_30' title="bbox 2007 1661 3671 1739">
    <p class='ocr_par' dir='ltr' id='par_1_30' title="bbox 2007 1661 3671 1739">
     <span class='ocr_line' id='line_1_30' title="bbox 2007 1661 3671 1739; baseline 0.001 -20"><span class='ocrx_word' id='word_1_197' title='bbox 2007 1661 2491 1719; x_wconf 82' lang='lat' dir='ltr'>delectationibus</span> <span class='ocrx_word' id='word_1_198' title='bbox 2512 1662 2700 1718; x_wconf 82' lang='lat' dir='ltr'>victus</span> <span class='ocrx_word' id='word_1_199' title='bbox 2734 1662 2889 1718; x_wconf 91' lang='lat' dir='ltr'>bona</span> <span class='ocrx_word' id='word_1_200' title='bbox 2920 1680 3047 1735; x_wconf 65' lang='lat' dir='ltr'>quas</span> <span class='ocrx_word' id='word_1_201' title='bbox 3078 1663 3283 1737; x_wconf 89' lang='lat' dir='ltr'>genuit</span> <span class='ocrx_word' id='word_1_202' title='bbox 3313 1681 3520 1722; x_wconf 90' lang='lat' dir='ltr'>amans</span> <span class='ocrx_word' id='word_1_203' title='bbox 3542 1682 3671 1739; x_wconf 90' lang='lat' dir='ltr'>per-</span> 
     </span>
    </p>
   </div>
   <div class='ocr_carea' id='block_1_31' title="bbox 2008 1752 3667 1825">
    <p class='ocr_par' dir='ltr' id='par_1_31' title="bbox 2008 1752 3667 1825">
     <span class='ocr_line' id='line_1_31' title="bbox 2008 1752 3667 1825; baseline 0.002 -17"><span class='ocrx_word' id='word_1_204' title='bbox 2008 1753 2113 1820; x_wconf 90' lang='lat' dir='ltr'>dit,</span> <span class='ocrx_word' id='word_1_205' title='bbox 2149 1755 2207 1808; x_wconf 91' lang='lat' dir='ltr'>et</span> <span class='ocrx_word' id='word_1_206' title='bbox 2236 1769 2365 1825; x_wconf 66' lang='lat' dir='ltr'>quae</span> <span class='ocrx_word' id='word_1_207' title='bbox 2396 1752 2618 1824; x_wconf 89' lang='lat' dir='ltr'>patitur</span> <span class='ocrx_word' id='word_1_208' title='bbox 2670 1752 2889 1807; x_wconf 89' lang='lat' dir='ltr'>damna</span> <span class='ocrx_word' id='word_1_209' title='bbox 2949 1752 3300 1821; x_wconf 88' lang='lat' dir='ltr'>considerat,</span> <span class='ocrx_word' id='word_1_210' title='bbox 3334 1770 3442 1810; x_wconf 91' lang='lat' dir='ltr'>nec</span> <span class='ocrx_word' id='word_1_211' title='bbox 3473 1758 3667 1812; x_wconf 84' lang='lat' dir='ltr'>tamen</span> 
     </span>
    </p>
   </div>
   <div class='ocr_carea' id='block_1_32' title="bbox 2004 1837 3667 1915">
    <p class='ocr_par' dir='ltr' id='par_1_32' title="bbox 2004 1837 3667 1915">
     <span class='ocr_line' id='line_1_32' title="bbox 2004 1837 3667 1915; baseline 0.004 -21"><span class='ocrx_word' id='word_1_212' title='bbox 2004 1839 2241 1895; x_wconf 88' lang='lat' dir='ltr'>virtutis</span> <span class='ocrx_word' id='word_1_213' title='bbox 2273 1837 2579 1895; x_wconf 88' lang='lat' dir='ltr'>brachium</span> <span class='ocrx_word' id='word_1_214' title='bbox 2623 1841 2827 1894; x_wconf 89' lang='lat' dir='ltr'>contra</span> <span class='ocrx_word' id='word_1_215' title='bbox 2859 1855 3053 1912; x_wconf 87' lang='lat' dir='ltr'>regem</span> <span class='ocrx_word' id='word_1_216' title='bbox 3085 1840 3471 1915; x_wconf 89' lang='lat' dir='ltr'>Babylonium</span> <span class='ocrx_word' id='word_1_217' title='bbox 3496 1842 3667 1902; x_wconf 89' lang='lat' dir='ltr'>levat.</span> 
     </span>
    </p>
   </div>
   <div class='ocr_carea' id='block_1_33' title="bbox 246 1927 3665 2032">
    <p class='ocr_par' dir='ltr' id='par_1_33' title="bbox 246 1927 3665 2032">
     <span class='ocr_line' id='line_1_33' title="bbox 246 1927 3665 2032; baseline 0 -45"><span class='ocrx_word' id='word_1_218' title='bbox 246 1932 495 2030; x_wconf 75' lang='lat' dir='ltr'>tractatu</span> <span class='ocrx_word' id='word_1_219' title='bbox 555 1932 613 1984; x_wconf 91' lang='lat' dir='ltr'>et</span> <span class='ocrx_word' id='word_1_220' title='bbox 660 1928 902 2029; x_wconf 74' lang='lat' dir='ltr'>consilio</span> <span class='ocrx_word' id='word_1_221' title='bbox 959 1930 1418 2032; x_wconf 66' lang='lat' dir='ltr'>metropolitani,</span> <span class='ocrx_word' id='word_1_222' title='bbox 1453 1937 1509 1988; x_wconf 90' lang='lat' dir='ltr'>et</span> <span class='ocrx_word' id='word_1_223' title='bbox 1556 1937 1895 1989; x_wconf 79' lang='lat' dir='ltr'>caeterorum</span> <span class='ocrx_word' id='word_1_224' title='bbox 1933 1969 1979 2032; x_wconf 79' lang='grc' dir='ltr'><strong>Β</strong></span> <span class='ocrx_word' id='word_1_225' title='bbox 2010 1929 2287 2032; x_wconf 47' lang='lat' dir='ltr'>sed‘dum</span> <span class='ocrx_word' id='word_1_226' title='bbox 2315 1928 2520 2032; x_wconf 74' lang='lat' dir='ltr'>videns</span> <span class='ocrx_word' id='word_1_227' title='bbox 2549 1927 3287 2032; x_wconf 52' lang='lat' dir='ltr'>nequitiaeperpetrati‘one</span> <span class='ocrx_word' id='word_1_228' title='bbox 3318 1932 3665 2032; x_wconf 75' lang='lat' dir='ltr'>percutitur,</span> 
     </span>
    </p>
   </div>
   <div class='ocr_carea' id='block_1_34' title="bbox 248 2016 1897 2093">
    <p class='ocr_par' dir='ltr' id='par_1_34' title="bbox 248 2016 1897 2093">
     <span class='ocr_line' id='line_1_34' title="bbox 248 2016 1897 2093; baseline 0.001 -17"><span class='ocrx_word' id='word_1_229' title='bbox 248 2018 656 2093; x_wconf 88' lang='lat' dir='ltr'>episcoporum</span> <span class='ocrx_word' id='word_1_230' title='bbox 675 2016 775 2089; x_wconf 89' lang='lat' dir='ltr'>qui</span> <span class='ocrx_word' id='word_1_231' title='bbox 795 2016 854 2072; x_wconf 90' lang='lat' dir='ltr'>in</span> <span class='ocrx_word' id='word_1_232' title='bbox 871 2018 1074 2075; x_wconf 86' lang='lat' dir='ltr'>eadem</span> <span class='ocrx_word' id='word_1_233' title='bbox 1104 2020 1406 2093; x_wconf 91' lang='lat' dir='ltr'>provincia</span> <span class='ocrx_word' id='word_1_234' title='bbox 1435 2026 1897 2092; x_wconf 88' lang='lat' dir='ltr'>commorantur,</span> 
     </span>
    </p>
   </div>
   <div class='ocr_carea' id='block_1_35' title="bbox 247 2106 1904 2183">
    <p class='ocr_par' dir='ltr' id='par_1_35' title="bbox 247 2106 1904 2183">
     <span class='ocr_line' id='line_1_35' title="bbox 247 2106 1904 2183; baseline 0.001 -19"><span class='ocrx_word' id='word_1_235' title='bbox 247 2108 347 2182; x_wconf 92' lang='lat' dir='ltr'>qui</span> <span class='ocrx_word' id='word_1_236' title='bbox 379 2107 555 2164; x_wconf 87' lang='lat' dir='ltr'>etiam</span> <span class='ocrx_word' id='word_1_237' title='bbox 584 2106 1052 2180; x_wconf 74' lang='lat' dir='ltr'>proficiscentem</span> <span class='ocrx_word' id='word_1_238' title='bbox 1085 2108 1210 2165; x_wconf 90' lang='lat' dir='ltr'>suis</span> <span class='ocrx_word' id='word_1_239' title='bbox 1240 2115 1675 2182; x_wconf 89' lang='lat' dir='ltr'>prosequantur</span> <span class='ocrx_word' id='word_1_240' title='bbox 1695 2110 1904 2183; x_wconf 88' lang='lat' dir='ltr'>episto-</span> 
     </span>
    </p>
   </div>
   <div class='ocr_carea' id='block_1_36' title="bbox 248 2195 1899 2274">
    <p class='ocr_par' dir='ltr' id='par_1_36' title="bbox 248 2195 1899 2274">
     <span class='ocr_line' id='line_1_36' title="bbox 248 2195 1899 2274; baseline 0.004 -22"><span class='ocrx_word' id='word_1_241' title='bbox 248 2196 376 2254; x_wconf 76' lang='lat' dir='ltr'>lis.»</span> <span class='ocrx_word' id='word_1_242' title='bbox 401 2195 471 2252; x_wconf 90' lang='lat' dir='ltr'>Et</span> <span class='ocrx_word' id='word_1_243' title='bbox 490 2195 981 2268; x_wconf 88' lang='lat' dir='ltr'>Carthaginenses</span> <span class='ocrx_word' id='word_1_244' title='bbox 1002 2213 1255 2254; x_wconf 89' lang='lat' dir='ltr'>canones</span> <span class='ocrx_word' id='word_1_245' title='bbox 1276 2199 1533 2272; x_wconf 88' lang='lat' dir='ltr'>capitulo</span> <span class='ocrx_word' id='word_1_246' title='bbox 1556 2218 1707 2256; x_wconf 91' lang='lat' dir='ltr'>nono</span> <span class='ocrx_word' id='word_1_247' title='bbox 1730 2201 1899 2274; x_wconf 82' lang='lat' dir='ltr'>(conc.</span> 
     </span>
    </p>
   </div>
   <div class='ocr_carea' id='block_1_37' title="bbox 251 2284 1900 2363">
    <p class='ocr_par' dir='ltr' id='par_1_37' title="bbox 251 2284 1900 2363">
     <span class='ocr_line' id='line_1_37' title="bbox 251 2284 1900 2363; baseline 0.002 -20"><span class='ocrx_word' id='word_1_248' title='bbox 251 2286 504 2355; x_wconf 78' lang='lat' dir='ltr'>Carthag.</span> <span class='ocrx_word' id='word_1_249' title='bbox 538 2301 622 2354; x_wconf 86' lang='grc' dir='ltr'>ιιι,</span> <span class='ocrx_word' id='word_1_250' title='bbox 656 2301 707 2340; x_wconf 92' lang='lat' dir='ltr'>c.</span> <span class='ocrx_word' id='word_1_251' title='bbox 735 2284 790 2357; x_wconf 87' lang='lat'>9)</span> <span class='ocrx_word' id='word_1_252' title='bbox 826 2301 840 2339; x_wconf 92' lang='lat'>:</span> <span class='ocrx_word' id='word_1_253' title='bbox 875 2308 902 2335; x_wconf 93' lang='grc'><strong>‹‹</strong></span> <span class='ocrx_word' id='word_1_254' title='bbox 937 2285 1238 2360; x_wconf 88' lang='lat' dir='ltr'>Quisquis,</span> <span class='ocrx_word' id='word_1_255' title='bbox 1268 2286 1566 2361; x_wconf 90' lang='lat' dir='ltr'>inquiunt,</span> <span class='ocrx_word' id='word_1_256' title='bbox 1593 2289 1900 2363; x_wconf 85' lang='lat' dir='ltr'>episcopo-</span> 
     </span>
    </p>
   </div>
   <div class='ocr_carea' id='block_1_38' title="bbox 250 2373 1900 2449">
    <p class='ocr_par' dir='ltr' id='par_1_38' title="bbox 250 2373 1900 2449">
     <span class='ocr_line' id='line_1_38' title="bbox 250 2373 1900 2449; baseline 0.002 -18"><span class='ocrx_word' id='word_1_257' title='bbox 250 2373 981 2447; x_wconf 83' lang='lat' dir='ltr'>rum,presbyterorum,et</span> <span class='ocrx_word' id='word_1_258' title='bbox 1000 2375 1381 2432; x_wconf 86' lang='lat' dir='ltr'>diaconorum</span> <span class='ocrx_word' id='word_1_259' title='bbox 1406 2394 1509 2433; x_wconf 89' lang='lat' dir='ltr'>seu</span> <span class='ocrx_word' id='word_1_260' title='bbox 1531 2377 1900 2449; x_wconf 89' lang='lat' dir='ltr'>clericorum,</span> 
     </span>
    </p>
   </div>
   <div class='ocr_carea' id='block_1_39' title="bbox 250 2461 1903 2534">
    <p class='ocr_par' dir='ltr' id='par_1_39' title="bbox 250 2461 1903 2534">
     <span class='ocr_line' id='line_1_39' title="bbox 250 2461 1903 2534; baseline 0.002 -13"><span class='ocrx_word' id='word_1_261' title='bbox 250 2480 386 2521; x_wconf 87' lang='lat' dir='ltr'>cum</span> <span class='ocrx_word' id='word_1_262' title='bbox 417 2463 477 2518; x_wconf 89' lang='lat' dir='ltr'>in</span> <span class='ocrx_word' id='word_1_263' title='bbox 521 2461 769 2519; x_wconf 85' lang='lat' dir='ltr'>ecclesia</span> <span class='ocrx_word' id='word_1_264' title='bbox 816 2462 1039 2520; x_wconf 90' lang='lat' dir='ltr'>crimen</span> <span class='ocrx_word' id='word_1_265' title='bbox 1088 2464 1141 2521; x_wconf 95' lang='lat' dir='ltr'>ei</span> <span class='ocrx_word' id='word_1_266' title='bbox 1188 2465 1364 2521; x_wconf 90' lang='lat' dir='ltr'>fuerit</span> <span class='ocrx_word' id='word_1_267' title='bbox 1410 2466 1783 2534; x_wconf 75' lang='lat' dir='ltr'>intentatum,</span> <span class='ocrx_word' id='word_1_268' title='bbox 1814 2469 1903 2526; x_wconf 90' lang='lat' dir='ltr'>vel</span> 
     </span>
    </p>
   </div>
   <div class='ocr_carea' id='block_1_40' title="bbox 251 2552 1905 2621">
    <p class='ocr_par' dir='ltr' id='par_1_40' title="bbox 251 2552 1905 2621">
     <span class='ocr_line' id='line_1_40' title="bbox 251 2552 1905 2621; baseline 0.004 -12"><span class='ocrx_word' id='word_1_269' title='bbox 251 2552 437 2610; x_wconf 88' lang='lat' dir='ltr'>civilis</span> <span class='ocrx_word' id='word_1_270' title='bbox 458 2569 637 2609; x_wconf 89' lang='lat' dir='ltr'>causa</span> <span class='ocrx_word' id='word_1_271' title='bbox 660 2552 836 2608; x_wconf 88' lang='lat' dir='ltr'>fuerit</span> <span class='ocrx_word' id='word_1_272' title='bbox 865 2558 1178 2621; x_wconf 84' lang='lat' dir='ltr'>commota,</span> <span class='ocrx_word' id='word_1_273' title='bbox 1202 2554 1249 2610; x_wconf 89' lang='lat' dir='ltr'>si</span> <span class='ocrx_word' id='word_1_274' title='bbox 1283 2555 1480 2612; x_wconf 89' lang='lat' dir='ltr'>relicto</span> <span class='ocrx_word' id='word_1_275' title='bbox 1511 2557 1905 2615; x_wconf 87' lang='lat' dir='ltr'>ecclesiastico</span> 
     </span>
    </p>
   </div>
   <div class='ocr_carea' id='block_1_41' title="bbox 245 2640 1903 2718">
    <p class='ocr_par' dir='ltr' id='par_1_41' title="bbox 245 2640 1903 2718">
     <span class='ocr_line' id='line_1_41' title="bbox 245 2640 1903 2718; baseline 0.004 -20"><span class='ocrx_word' id='word_1_276' title='bbox 245 2641 470 2717; x_wconf 88' lang='lat' dir='ltr'>judicio</span> <span class='ocrx_word' id='word_1_277' title='bbox 498 2640 750 2715; x_wconf 90' lang='lat' dir='ltr'>publicis</span> <span class='ocrx_word' id='word_1_278' title='bbox 790 2642 1037 2714; x_wconf 90' lang='lat' dir='ltr'>judiciis</span> <span class='ocrx_word' id='word_1_279' title='bbox 1080 2644 1319 2718; x_wconf 88' lang='lat' dir='ltr'>purgari</span> <span class='ocrx_word' id='word_1_280' title='bbox 1368 2645 1637 2715; x_wconf 88' lang='lat' dir='ltr'>voluerit,</span> <span class='ocrx_word' id='word_1_281' title='bbox 1672 2647 1903 2704; x_wconf 90' lang='lat' dir='ltr'>etiamsi</span> 
     </span>
    </p>
   </div>
   <div class='ocr_carea' id='block_1_42' title="bbox 251 2729 1909 2806">
    <p class='ocr_par' dir='ltr' id='par_1_42' title="bbox 251 2729 1909 2806">
     <span class='ocr_line' id='line_1_42' title="bbox 251 2729 1909 2806; baseline 0.004 -20"><span class='ocrx_word' id='word_1_282' title='bbox 251 2749 354 2806; x_wconf 89' lang='lat' dir='ltr'>pro</span> <span class='ocrx_word' id='word_1_283' title='bbox 377 2731 505 2804; x_wconf 91' lang='lat' dir='ltr'>ipso</span> <span class='ocrx_word' id='word_1_284' title='bbox 530 2729 704 2786; x_wconf 87' lang='lat' dir='ltr'>fuerit</span> <span class='ocrx_word' id='word_1_285' title='bbox 734 2731 963 2804; x_wconf 87' lang='lat' dir='ltr'>prolata</span> <span class='ocrx_word' id='word_1_286' title='bbox 990 2732 1300 2800; x_wconf 88' lang='lat' dir='ltr'>sententia,</span> <span class='ocrx_word' id='word_1_287' title='bbox 1326 2732 1522 2789; x_wconf 92' lang='lat' dir='ltr'>locum</span> <span class='ocrx_word' id='word_1_288' title='bbox 1542 2752 1716 2791; x_wconf 92' lang='lat' dir='ltr'>suum</span> <span class='ocrx_word' id='word_1_289' title='bbox 1741 2736 1909 2792; x_wconf 87' lang='lat' dir='ltr'>amit-</span> 
     </span>
    </p>
   </div>
   <div class='ocr_carea' id='block_1_43' title="bbox 253 2819 1908 2898">
    <p class='ocr_par' dir='ltr' id='par_1_43' title="bbox 253 2819 1908 2898">
     <span class='ocr_line' id='line_1_43' title="bbox 253 2819 1908 2898; baseline 0.004 -22"><span class='ocrx_word' id='word_1_290' title='bbox 253 2825 359 2889; x_wconf 87' lang='lat' dir='ltr'>tat,</span> <span class='ocrx_word' id='word_1_291' title='bbox 393 2824 452 2876; x_wconf 92' lang='lat' dir='ltr'>et</span> <span class='ocrx_word' id='word_1_292' title='bbox 481 2819 591 2876; x_wconf 92' lang='lat' dir='ltr'>hoc</span> <span class='ocrx_word' id='word_1_293' title='bbox 621 2820 680 2875; x_wconf 90' lang='lat' dir='ltr'>in</span> <span class='ocrx_word' id='word_1_294' title='bbox 713 2820 1142 2878; x_wconf 89' lang='lat' dir='ltr'>criminalibus.</span> <span class='ocrx_word' id='word_1_295' title='bbox 1178 2822 1240 2877; x_wconf 89' lang='lat' dir='ltr'>In</span> <span class='ocrx_word' id='word_1_296' title='bbox 1300 2822 1455 2878; x_wconf 89' lang='lat' dir='ltr'>civili</span> <span class='ocrx_word' id='word_1_297' title='bbox 1510 2841 1645 2880; x_wconf 87' lang='lat' dir='ltr'>vero</span> <span class='ocrx_word' id='word_1_298' title='bbox 1702 2826 1908 2898; x_wconf 87' lang='lat' dir='ltr'>perdat</span> 
     </span>
    </p>
   </div>
   <div class='ocr_carea' id='block_1_44' title="bbox 257 2909 1909 2984">
    <p class='ocr_par' dir='ltr' id='par_1_44' title="bbox 257 2909 1909 2984">
     <span class='ocr_line' id='line_1_44' title="bbox 257 2909 1909 2984; baseline 0.003 -18"><span class='ocrx_word' id='word_1_299' title='bbox 257 2911 411 2984; x_wconf 86' lang='lat' dir='ltr'>quod</span> <span class='ocrx_word' id='word_1_300' title='bbox 445 2909 634 2978; x_wconf 92' lang='lat' dir='ltr'>evicit,</span> <span class='ocrx_word' id='word_1_301' title='bbox 667 2909 716 2967; x_wconf 90' lang='lat' dir='ltr'>si</span> <span class='ocrx_word' id='word_1_302' title='bbox 748 2910 941 2966; x_wconf 91' lang='lat' dir='ltr'>locum</span> <span class='ocrx_word' id='word_1_303' title='bbox 974 2928 1150 2967; x_wconf 90' lang='lat' dir='ltr'>suum</span> <span class='ocrx_word' id='word_1_304' title='bbox 1189 2911 1451 2968; x_wconf 86' lang='lat' dir='ltr'>obtinere</span> <span class='ocrx_word' id='word_1_305' title='bbox 1478 2912 1743 2970; x_wconf 88' lang='lat' dir='ltr'>voluerit.</span> <span class='ocrx_word' id='word_1_306' title='bbox 1779 2938 1807 2965; x_wconf 83' lang='lat'>»</span> <span class='ocrx_word' id='word_1_307' title='bbox 1828 2916 1909 2970; x_wconf 70' lang='lat' dir='ltr'>Et</span> 
     </span>
    </p>
   </div>
   <div class='ocr_carea' id='block_1_45' title="bbox 259 3000 1904 3075">
    <p class='ocr_par' dir='ltr' id='par_1_45' title="bbox 259 3000 1904 3075">
     <span class='ocr_line' id='line_1_45' title="bbox 259 3000 1904 3075; baseline 0.001 -17"><span class='ocrx_word' id='word_1_308' title='bbox 259 3003 498 3058; x_wconf 87' lang='lat' dir='ltr'>sanctus</span> <span class='ocrx_word' id='word_1_309' title='bbox 537 3000 650 3056; x_wconf 93' lang='lat' dir='ltr'>Leo</span> <span class='ocrx_word' id='word_1_310' title='bbox 685 3017 836 3073; x_wconf 90' lang='lat' dir='ltr'>papa</span> <span class='ocrx_word' id='word_1_311' title='bbox 855 3002 1036 3072; x_wconf 76' lang='lat' dir='ltr'>(epist.</span> <span class='ocrx_word' id='word_1_312' title='bbox 1068 3002 1182 3072; x_wconf 85' lang='lat'>96),</span> <span class='ocrx_word' id='word_1_313' title='bbox 1217 3006 1273 3057; x_wconf 92' lang='lat' dir='ltr'>et</span> <span class='ocrx_word' id='word_1_314' title='bbox 1303 3003 1562 3075; x_wconf 76' lang='lat' dir='ltr'>synodus</span> <span class='ocrx_word' id='word_1_315' title='bbox 1595 3003 1858 3060; x_wconf 79' lang='lat' dir='ltr'>Romana</span> <span class='ocrx_word' id='word_1_316' title='bbox 1891 3019 1904 3060; x_wconf 93' lang='lat'><strong>:</strong></span> 
     </span>
    </p>
   </div>
   <div class='ocr_carea' id='block_1_46' title="bbox 262 3088 1911 3164">
    <p class='ocr_par' dir='ltr' id='par_1_46' title="bbox 262 3088 1911 3164">
     <span class='ocr_line' id='line_1_46' title="bbox 262 3088 1911 3164; baseline 0.004 -22"><span class='ocrx_word' id='word_1_317' title='bbox 262 3109 291 3141; x_wconf 85' lang='lat'>«</span> <span class='ocrx_word' id='word_1_318' title='bbox 321 3088 640 3144; x_wconf 91' lang='lat' dir='ltr'>Censemus</span> <span class='ocrx_word' id='word_1_319' title='bbox 671 3093 736 3145; x_wconf 94' lang='lat' dir='ltr'>ut</span> <span class='ocrx_word' id='word_1_320' title='bbox 779 3089 1138 3162; x_wconf 89' lang='lat' dir='ltr'>quicunque,</span> <span class='ocrx_word' id='word_1_321' title='bbox 1173 3091 1563 3164; x_wconf 67' lang='lat' dir='ltr'>praetermisso</span> <span class='ocrx_word' id='word_1_322' title='bbox 1614 3094 1911 3150; x_wconf 86' lang='lat' dir='ltr'>sacerdote</span> 
     </span>
    </p>
   </div>
   <div class='ocr_carea' id='block_1_47' title="bbox 257 3176 1908 3251">
    <p class='ocr_par' dir='ltr' id='par_1_47' title="bbox 257 3176 1908 3251">
     <span class='ocr_line' id='line_1_47' title="bbox 257 3176 1908 3251; baseline 0.001 -15"><span class='ocrx_word' id='word_1_323' title='bbox 257 3176 512 3236; x_wconf 68' lang='lat' dir='ltr'>ecclesias</span> <span class='ocrx_word' id='word_1_324' title='bbox 531 3178 749 3247; x_wconf 71' lang='lat' dir='ltr'>sum,ad</span> <span class='ocrx_word' id='word_1_325' title='bbox 772 3177 1255 3251; x_wconf 87' lang='lat' dir='ltr'>disceptationem</span> <span class='ocrx_word' id='word_1_326' title='bbox 1270 3181 1493 3237; x_wconf 82' lang='lat' dir='ltr'>venerit</span> <span class='ocrx_word' id='word_1_327' title='bbox 1515 3181 1908 3251; x_wconf 72' lang='lat' dir='ltr'>saecularium,</span> 
     </span>
    </p>
   </div>
   <div class='ocr_carea' id='block_1_48' title="bbox 258 3265 1907 3342">
    <p class='ocr_par' dir='ltr' id='par_1_48' title="bbox 258 3265 1907 3342">
     <span class='ocr_line' id='line_1_48' title="bbox 258 3265 1907 3342; baseline 0.002 -17"><span class='ocrx_word' id='word_1_328' title='bbox 258 3266 440 3325; x_wconf 87' lang='lat' dir='ltr'>sacris</span> <span class='ocrx_word' id='word_1_329' title='bbox 494 3265 800 3323; x_wconf 91' lang='lat' dir='ltr'>liminibus</span> <span class='ocrx_word' id='word_1_330' title='bbox 854 3268 1155 3342; x_wconf 88' lang='lat' dir='ltr'>expulsus,</span> <span class='ocrx_word' id='word_1_331' title='bbox 1188 3285 1222 3324; x_wconf 91' lang='lat' dir='ltr'>a</span> <span class='ocrx_word' id='word_1_332' title='bbox 1250 3268 1470 3325; x_wconf 75' lang='lat' dir='ltr'>omlesti</span> <span class='ocrx_word' id='word_1_333' title='bbox 1528 3275 1796 3328; x_wconf 88' lang='lat' dir='ltr'>arceatur</span> <span class='ocrx_word' id='word_1_334' title='bbox 1825 3273 1907 3329; x_wconf 90' lang='lat' dir='ltr'>al-</span> 
     </span>
    </p>
   </div>
   <div class='ocr_carea' id='block_1_49' title="bbox 256 3354 488 3411">
    <p class='ocr_par' dir='ltr' id='par_1_49' title="bbox 256 3354 488 3411">
     <span class='ocr_line' id='line_1_49' title="bbox 256 3354 488 3411; baseline -0.004 -1"><span class='ocrx_word' id='word_1_335' title='bbox 256 3354 425 3411; x_wconf 83' lang='lat' dir='ltr'>tario.</span> <span class='ocrx_word' id='word_1_336' title='bbox 458 3375 488 3405; x_wconf 82' lang='lat'><strong>»</strong></span> 
     </span>
    </p>
   </div>
   <div class='ocr_carea' id='block_1_50' title="bbox 324 3441 1906 3508">
    <p class='ocr_par' dir='ltr' id='par_1_50' title="bbox 324 3441 1906 3508">
     <span class='ocr_line' id='line_1_50' title="bbox 324 3441 1906 3508; baseline 0.006 -9"><span class='ocrx_word' id='word_1_337' title='bbox 324 3443 461 3499; x_wconf 77' lang='lat' dir='ltr'><strong>CAP.</strong></span> <span class='ocrx_word' id='word_1_338' title='bbox 491 3441 560 3497; x_wconf 85' lang='lat' dir='ltr'>V.</span> <span class='ocrx_word' id='word_1_339' title='bbox 594 3443 652 3499; x_wconf 90' lang='lat' dir='ltr'>Si</span> <span class='ocrx_word' id='word_1_340' title='bbox 707 3443 1049 3501; x_wconf 88' lang='lat' dir='ltr'>Teutfridus</span> <span class='ocrx_word' id='word_1_341' title='bbox 1106 3446 1408 3503; x_wconf 90' lang='lat' dir='ltr'>convictus</span> <span class='ocrx_word' id='word_1_342' title='bbox 1460 3447 1547 3504; x_wconf 91' lang='lat' dir='ltr'>vel</span> <span class='ocrx_word' id='word_1_343' title='bbox 1601 3450 1906 3508; x_wconf 83' lang='lat' dir='ltr'>confessus</span> 
     </span>
    </p>
   </div>
   <div class='ocr_carea' id='block_1_51' title="bbox 254 3531 1906 3610">
    <p class='ocr_par' dir='ltr' id='par_1_51' title="bbox 254 3531 1906 3610">
     <span class='ocr_line' id='line_1_51' title="bbox 254 3531 1906 3610; baseline 0.004 -22"><span class='ocrx_word' id='word_1_344' title='bbox 254 3531 447 3601; x_wconf 83' lang='lat' dir='ltr'>fuerit,</span> <span class='ocrx_word' id='word_1_345' title='bbox 472 3534 627 3606; x_wconf 91' lang='lat' dir='ltr'>quod</span> <span class='ocrx_word' id='word_1_346' title='bbox 650 3533 959 3590; x_wconf 87' lang='lat' dir='ltr'>manifeste</span> <span class='ocrx_word' id='word_1_347' title='bbox 996 3534 1084 3591; x_wconf 88' lang='lat' dir='ltr'>vel</span> <span class='ocrx_word' id='word_1_348' title='bbox 1116 3534 1417 3607; x_wconf 90' lang='lat' dir='ltr'>ingeniose</span> <span class='ocrx_word' id='word_1_349' title='bbox 1448 3537 1743 3610; x_wconf 79' lang='lat' dir='ltr'>proximos</span> <span class='ocrx_word' id='word_1_350' title='bbox 1767 3557 1906 3595; x_wconf 90' lang='lat' dir='ltr'>suos</span> 
     </span>
    </p>
   </div>
   <div class='ocr_carea' id='block_1_52' title="bbox 250 3621 1905 3702">
    <p class='ocr_par' dir='ltr' id='par_1_52' title="bbox 250 3621 1905 3702">
     <span class='ocr_line' id='line_1_52' title="bbox 250 3621 1905 3702; baseline 0.004 -24"><span class='ocrx_word' id='word_1_351' title='bbox 250 3621 311 3678; x_wconf 91' lang='lat' dir='ltr'>in</span> <span class='ocrx_word' id='word_1_352' title='bbox 332 3622 662 3695; x_wconf 89' lang='lat' dir='ltr'>perjurium</span> <span class='ocrx_word' id='word_1_353' title='bbox 684 3622 936 3692; x_wconf 88' lang='lat' dir='ltr'>induxit,</span> <span class='ocrx_word' id='word_1_354' title='bbox 964 3625 1270 3680; x_wconf 86' lang='lat' dir='ltr'>sciendum</span> <span class='ocrx_word' id='word_1_355' title='bbox 1293 3630 1401 3693; x_wconf 91' lang='lat' dir='ltr'>est,</span> <span class='ocrx_word' id='word_1_356' title='bbox 1427 3626 1564 3699; x_wconf 88' lang='lat' dir='ltr'>quia</span> <span class='ocrx_word' id='word_1_357' title='bbox 1592 3630 1679 3683; x_wconf 86' lang='lat' dir='ltr'>tot</span> <span class='ocrx_word' id='word_1_358' title='bbox 1709 3630 1905 3702; x_wconf 90' lang='lat' dir='ltr'>perju-</span> 
     </span>
    </p>
   </div>
   <div class='ocr_carea' id='block_1_53' title="bbox 250 3710 1904 3791">
    <p class='ocr_par' dir='ltr' id='par_1_53' title="bbox 250 3710 1904 3791">
     <span class='ocr_line' id='line_1_53' title="bbox 250 3710 1904 3791; baseline 0.005 -24"><span class='ocrx_word' id='word_1_359' title='bbox 250 3710 471 3768; x_wconf 88' lang='lat' dir='ltr'>riorum</span> <span class='ocrx_word' id='word_1_360' title='bbox 504 3728 639 3768; x_wconf 89' lang='lat' dir='ltr'>reus</span> <span class='ocrx_word' id='word_1_361' title='bbox 665 3716 774 3781; x_wconf 90' lang='lat' dir='ltr'>est,</span> <span class='ocrx_word' id='word_1_362' title='bbox 809 3718 952 3787; x_wconf 90' lang='lat' dir='ltr'>quot</span> <span class='ocrx_word' id='word_1_363' title='bbox 980 3714 1252 3770; x_wconf 89' lang='lat' dir='ltr'>homines</span> <span class='ocrx_word' id='word_1_364' title='bbox 1297 3714 1587 3773; x_wconf 87' lang='lat' dir='ltr'>malitiose</span> <span class='ocrx_word' id='word_1_365' title='bbox 1618 3717 1676 3773; x_wconf 91' lang='lat' dir='ltr'>in</span> <span class='ocrx_word' id='word_1_366' title='bbox 1709 3719 1904 3791; x_wconf 86' lang='lat' dir='ltr'>perju-</span> 
     </span>
    </p>
   </div>
   <div class='ocr_carea' id='block_1_54' title="bbox 250 3799 1902 3879">
    <p class='ocr_par' dir='ltr' id='par_1_54' title="bbox 250 3799 1902 3879">
     <span class='ocr_line' id='line_1_54' title="bbox 250 3799 1902 3879; baseline 0.004 -22"><span class='ocrx_word' id='word_1_367' title='bbox 250 3799 405 3857; x_wconf 89' lang='lat' dir='ltr'>rium</span> <span class='ocrx_word' id='word_1_368' title='bbox 427 3799 676 3871; x_wconf 85' lang='lat' dir='ltr'>induxit,</span> <span class='ocrx_word' id='word_1_369' title='bbox 699 3806 757 3857; x_wconf 91' lang='lat' dir='ltr'>et</span> <span class='ocrx_word' id='word_1_370' title='bbox 788 3802 983 3874; x_wconf 87' lang='lat' dir='ltr'>majus</span> <span class='ocrx_word' id='word_1_371' title='bbox 1018 3808 1321 3875; x_wconf 86' lang='lat' dir='ltr'>peccatum</span> <span class='ocrx_word' id='word_1_372' title='bbox 1351 3805 1485 3861; x_wconf 87' lang='lat' dir='ltr'>inde</span> <span class='ocrx_word' id='word_1_373' title='bbox 1516 3805 1613 3862; x_wconf 91' lang='lat' dir='ltr'>ille</span> <span class='ocrx_word' id='word_1_374' title='bbox 1643 3806 1768 3879; x_wconf 89' lang='lat' dir='ltr'>ipse</span> <span class='ocrx_word' id='word_1_375' title='bbox 1799 3808 1902 3863; x_wconf 86' lang='lat' dir='ltr'>ha-</span> 
     </span>
    </p>
   </div>
   <div class='ocr_carea' id='block_1_55' title="bbox 249 3888 1906 3969">
    <p class='ocr_par' dir='ltr' id='par_1_55' title="bbox 249 3888 1906 3969">
     <span class='ocr_line' id='line_1_55' title="bbox 249 3888 1906 3969; baseline 0.005 -24"><span class='ocrx_word' id='word_1_376' title='bbox 249 3888 349 3946; x_wconf 84' lang='lat' dir='ltr'>bet</span> <span class='ocrx_word' id='word_1_377' title='bbox 377 3907 557 3963; x_wconf 85' lang='lat' dir='ltr'>quam</span> <span class='ocrx_word' id='word_1_378' title='bbox 589 3889 670 3945; x_wconf 92' lang='lat' dir='ltr'>illi</span> <span class='ocrx_word' id='word_1_379' title='bbox 706 3892 807 3964; x_wconf 90' lang='lat' dir='ltr'>qui</span> <span class='ocrx_word' id='word_1_380' title='bbox 826 3909 929 3965; x_wconf 92' lang='lat' dir='ltr'>pro</span> <span class='ocrx_word' id='word_1_381' title='bbox 948 3909 1013 3948; x_wconf 93' lang='lat' dir='ltr'>eo</span> <span class='ocrx_word' id='word_1_382' title='bbox 1034 3892 1162 3965; x_wconf 90' lang='lat' dir='ltr'>ipso</span> <span class='ocrx_word' id='word_1_383' title='bbox 1190 3898 1430 3967; x_wconf 85' lang='lat' dir='ltr'>rogante</span> <span class='ocrx_word' id='word_1_384' title='bbox 1453 3895 1906 3969; x_wconf 85' lang='lat' dir='ltr'>juraverunt,si-</span> 
     </span>
    </p>
   </div>
   <div class='ocr_carea' id='block_1_56' title="bbox 250 3977 1899 4052">
    <p class='ocr_par' dir='ltr' id='par_1_56' title="bbox 250 3977 1899 4052">
     <span class='ocr_line' id='line_1_56' title="bbox 250 3977 1899 4052; baseline 0.004 -17"><span class='ocrx_word' id='word_1_385' title='bbox 250 3984 351 4035; x_wconf 89' lang='lat' dir='ltr'>cut</span> <span class='ocrx_word' id='word_1_386' title='bbox 370 3978 652 4036; x_wconf 88' lang='lat' dir='ltr'>Dominus</span> <span class='ocrx_word' id='word_1_387' title='bbox 672 3977 920 4052; x_wconf 90' lang='lat' dir='ltr'>loquens</span> <span class='ocrx_word' id='word_1_388' title='bbox 941 3981 1013 4035; x_wconf 89' lang='lat' dir='ltr'>ad</span> <span class='ocrx_word' id='word_1_389' title='bbox 1036 3980 1283 4037; x_wconf 90' lang='lat' dir='ltr'>Pilatum</span> <span class='ocrx_word' id='word_1_390' title='bbox 1306 3982 1899 4051; x_wconf 88' lang='lat' dir='ltr'>manifestat,dicens:</span> 
     </span>
    </p>
   </div>
   <div class='ocr_carea' id='block_1_57' title="bbox 249 4069 1898 4143">
    <p class='ocr_par' dir='ltr' id='par_1_57' title="bbox 249 4069 1898 4143">
     <span class='ocr_line' id='line_1_57' title="bbox 249 4069 1898 4143; baseline 0.004 -19"><span class='ocrx_word' id='word_1_391' title='bbox 249 4070 368 4143; x_wconf 82' lang='lat' dir='ltr'>Qui</span> <span class='ocrx_word' id='word_1_392' title='bbox 395 4069 623 4126; x_wconf 75' lang='lat' dir='ltr'>tradidit</span> <span class='ocrx_word' id='word_1_393' title='bbox 649 4086 736 4127; x_wconf 83' lang='lat' dir='ltr'>me</span> <span class='ocrx_word' id='word_1_394' title='bbox 764 4071 1075 4143; x_wconf 78' lang='lat' dir='ltr'>tibi,majus</span> <span class='ocrx_word' id='word_1_395' title='bbox 1100 4079 1379 4143; x_wconf 79' lang='lat' dir='ltr'>peccatum</span> <span class='ocrx_word' id='word_1_396' title='bbox 1408 4073 1898 4142; x_wconf 84' lang='lat' dir='ltr'>habet(Joan.x1x).</span> 
     </span>
    </p>
   </div>
   <div class='ocr_carea' id='block_1_58' title="bbox 246 4157 1903 4232">
    <p class='ocr_par' dir='ltr' id='par_1_58' title="bbox 246 4157 1903 4232">
     <span class='ocr_line' id='line_1_58' title="bbox 246 4157 1903 4232; baseline 0.004 -19"><span class='ocrx_word' id='word_1_397' title='bbox 246 4157 318 4214; x_wconf 88' lang='lat' dir='ltr'>Et</span> <span class='ocrx_word' id='word_1_398' title='bbox 336 4161 578 4214; x_wconf 86' lang='lat' dir='ltr'>sanctus</span> <span class='ocrx_word' id='word_1_399' title='bbox 609 4158 923 4232; x_wconf 89' lang='lat' dir='ltr'>Gregorius</span> <span class='ocrx_word' id='word_1_400' title='bbox 954 4159 1025 4215; x_wconf 90' lang='lat' dir='ltr'>de</span> <span class='ocrx_word' id='word_1_401' title='bbox 1055 4159 1398 4232; x_wconf 89' lang='lat' dir='ltr'>hujusmodi</span> <span class='ocrx_word' id='word_1_402' title='bbox 1429 4160 1489 4216; x_wconf 93' lang='lat' dir='ltr'>in</span> <span class='ocrx_word' id='word_1_403' title='bbox 1515 4162 1797 4219; x_wconf 89' lang='lat' dir='ltr'>Pastorali</span> <span class='ocrx_word' id='word_1_404' title='bbox 1820 4181 1903 4220; x_wconf 88' lang='lat' dir='ltr'>re-</span> 
     </span>
    </p>
   </div>
   <div class='ocr_carea' id='block_1_59' title="bbox 245 4246 1898 4326">
    <p class='ocr_par' dir='ltr' id='par_1_59' title="bbox 245 4246 1898 4326">
     <span class='ocr_line' id='line_1_59' title="bbox 245 4246 1898 4326; baseline 0.004 -25"><span class='ocrx_word' id='word_1_405' title='bbox 245 4246 388 4321; x_wconf 88' lang='lat' dir='ltr'>gula</span> <span class='ocrx_word' id='word_1_406' title='bbox 406 4248 571 4320; x_wconf 78' lang='lat' dir='ltr'>(part.</span> <span class='ocrx_word' id='word_1_407' title='bbox 588 4264 672 4317; x_wconf 80' lang='lat' dir='ltr'>III,</span> <span class='ocrx_word' id='word_1_408' title='bbox 690 4248 798 4321; x_wconf 72' lang='lat'>0.5)</span> <span class='ocrx_word' id='word_1_409' title='bbox 821 4248 991 4304; x_wconf 88' lang='lat' dir='ltr'>dicit:</span> <span class='ocrx_word' id='word_1_410' title='bbox 1016 4270 1045 4300; x_wconf 88' lang='lat'><strong><em>«</em></strong></span> <span class='ocrx_word' id='word_1_411' title='bbox 1061 4249 1219 4306; x_wconf 89' lang='lat' dir='ltr'>Scire</span> <span class='ocrx_word' id='word_1_412' title='bbox 1241 4250 1397 4306; x_wconf 86' lang='lat' dir='ltr'>enim</span> <span class='ocrx_word' id='word_1_413' title='bbox 1418 4250 1639 4321; x_wconf 85' lang='lat' dir='ltr'>praelati</span> <span class='ocrx_word' id='word_1_414' title='bbox 1663 4253 1898 4326; x_wconf 87' lang='lat' dir='ltr'>debent,</span> 
     </span>
    </p>
   </div>
   <div class='ocr_carea' id='block_1_60' title="bbox 246 4334 1898 4411">
    <p class='ocr_par' dir='ltr' id='par_1_60' title="bbox 246 4334 1898 4411">
     <span class='ocr_line' id='line_1_60' title="bbox 246 4334 1898 4411; baseline 0.006 -22"><span class='ocrx_word' id='word_1_415' title='bbox 246 4334 387 4408; x_wconf 89' lang='lat' dir='ltr'>quia</span> <span class='ocrx_word' id='word_1_416' title='bbox 415 4334 464 4391; x_wconf 92' lang='lat' dir='ltr'>si</span> <span class='ocrx_word' id='word_1_417' title='bbox 494 4353 765 4410; x_wconf 89' lang='lat' dir='ltr'>perversa</span> <span class='ocrx_word' id='word_1_418' title='bbox 794 4355 1056 4410; x_wconf 88' lang='lat' dir='ltr'>unquam</span> <span class='ocrx_word' id='word_1_419' title='bbox 1101 4343 1456 4411; x_wconf 90' lang='lat' dir='ltr'>perpetrant,</span> <span class='ocrx_word' id='word_1_420' title='bbox 1489 4343 1576 4395; x_wconf 89' lang='lat' dir='ltr'>tot</span> <span class='ocrx_word' id='word_1_421' title='bbox 1607 4342 1898 4399; x_wconf 88' lang='lat' dir='ltr'>mortibus</span> 
     </span>
    </p>
   </div>
   <div class='ocr_carea' id='block_1_61' title="bbox 245 4422 1897 4505">
    <p class='ocr_par' dir='ltr' id='par_1_61' title="bbox 245 4422 1897 4505">
     <span class='ocr_line' id='line_1_61' title="bbox 245 4422 1897 4505; baseline 0.004 -25"><span class='ocrx_word' id='word_1_422' title='bbox 245 4422 409 4497; x_wconf 89' lang='lat' dir='ltr'>digni</span> <span class='ocrx_word' id='word_1_423' title='bbox 431 4430 742 4499; x_wconf 89' lang='lat' dir='ltr'>sunt,quot</span> <span class='ocrx_word' id='word_1_424' title='bbox 758 4427 829 4482; x_wconf 89' lang='lat' dir='ltr'>ad</span> <span class='ocrx_word' id='word_1_425' title='bbox 844 4427 1111 4483; x_wconf 90' lang='lat' dir='ltr'>subditos</span> <span class='ocrx_word' id='word_1_426' title='bbox 1124 4445 1264 4484; x_wconf 88' lang='lat' dir='ltr'>suos</span> <span class='ocrx_word' id='word_1_427' title='bbox 1277 4427 1621 4501; x_wconf 90' lang='lat' dir='ltr'>perditionis</span> <span class='ocrx_word' id='word_1_428' title='bbox 1633 4431 1897 4505; x_wconf 84' lang='lat' dir='ltr'>exempla</span> 
     </span>
    </p>
   </div>
   <div class='ocr_carea' id='block_1_62' title="bbox 241 4513 1897 4585">
    <p class='ocr_par' dir='ltr' id='par_1_62' title="bbox 241 4513 1897 4585">
     <span class='ocr_line' id='line_1_62' title="bbox 241 4513 1897 4585; baseline 0.005 -18"><span class='ocrx_word' id='word_1_429' title='bbox 241 4513 678 4570; x_wconf 88' lang='lat' dir='ltr'>transmittunt.</span> <span class='ocrx_word' id='word_1_430' title='bbox 705 4515 869 4571; x_wconf 91' lang='lat' dir='ltr'>Unde</span> <span class='ocrx_word' id='word_1_431' title='bbox 894 4533 1131 4573; x_wconf 89' lang='lat' dir='ltr'>necesse</span> <span class='ocrx_word' id='word_1_432' title='bbox 1161 4520 1267 4585; x_wconf 89' lang='lat' dir='ltr'>est,</span> <span class='ocrx_word' id='word_1_433' title='bbox 1293 4520 1359 4572; x_wconf 90' lang='lat' dir='ltr'>ut</span> <span class='ocrx_word' id='word_1_434' title='bbox 1391 4520 1550 4573; x_wconf 89' lang='lat' dir='ltr'>tanto</span> <span class='ocrx_word' id='word_1_435' title='bbox 1580 4534 1643 4573; x_wconf 90' lang='lat' dir='ltr'>se</span> <span class='ocrx_word' id='word_1_436' title='bbox 1665 4519 1897 4576; x_wconf 90' lang='lat' dir='ltr'>cautius</span> 
     </span>
    </p>
   </div>
   <div class='ocr_carea' id='block_1_63' title="bbox 242 4599 1895 4679">
    <p class='ocr_par' dir='ltr' id='par_1_63' title="bbox 242 4599 1895 4679">
     <span class='ocr_line' id='line_1_63' title="bbox 242 4599 1895 4679; baseline 0.005 -23"><span class='ocrx_word' id='word_1_437' title='bbox 242 4618 278 4657; x_wconf 73' lang='grc' dir='ltr'>ι</span> <span class='ocrx_word' id='word_1_438' title='bbox 306 4599 483 4676; x_wconf 83' lang='lat' dir='ltr'>culpa</span> <span class='ocrx_word' id='word_1_439' title='bbox 512 4604 865 4672; x_wconf 86' lang='lat' dir='ltr'>custodiant,</span> <span class='ocrx_word' id='word_1_440' title='bbox 901 4610 1121 4678; x_wconf 86' lang='lat' dir='ltr'>quanto</span> <span class='ocrx_word' id='word_1_441' title='bbox 1172 4622 1275 4678; x_wconf 90' lang='lat' dir='ltr'>per</span> <span class='ocrx_word' id='word_1_442' title='bbox 1304 4621 1482 4678; x_wconf 89' lang='lat' dir='ltr'>prava</span> <span class='ocrx_word' id='word_1_443' title='bbox 1510 4624 1638 4679; x_wconf 66' lang='lat' dir='ltr'>qua;</span> <span class='ocrx_word' id='word_1_444' title='bbox 1671 4609 1895 4665; x_wconf 84' lang='lat' dir='ltr'>faciunt</span> 
     </span>
    </p>
   </div>
   <div class='ocr_carea' id='block_1_64' title="bbox 2011 2017 3668 2094">
    <p class='ocr_par' dir='ltr' id='par_1_64' title="bbox 2011 2017 3668 2094">
     <span class='ocr_line' id='line_1_64' title="bbox 2011 2017 3668 2094; baseline 0.003 -21"><span class='ocrx_word' id='word_1_445' title='bbox 2011 2019 2082 2074; x_wconf 90' lang='lat' dir='ltr'>ad</span> <span class='ocrx_word' id='word_1_446' title='bbox 2112 2018 2222 2073; x_wconf 92' lang='lat' dir='ltr'>hoc</span> <span class='ocrx_word' id='word_1_447' title='bbox 2253 2019 2606 2089; x_wconf 82' lang='lat' dir='ltr'>quandoque</span> <span class='ocrx_word' id='word_1_448' title='bbox 2647 2017 2869 2090; x_wconf 89' lang='lat' dir='ltr'>peccati</span> <span class='ocrx_word' id='word_1_449' title='bbox 2902 2034 3015 2074; x_wconf 93' lang='lat' dir='ltr'>usu</span> <span class='ocrx_word' id='word_1_450' title='bbox 3047 2019 3407 2091; x_wconf 89' lang='lat' dir='ltr'>perducitur,</span> <span class='ocrx_word' id='word_1_451' title='bbox 3442 2025 3508 2077; x_wconf 92' lang='lat' dir='ltr'>ut</span> <span class='ocrx_word' id='word_1_452' title='bbox 3539 2021 3668 2094; x_wconf 89' lang='lat' dir='ltr'>ipse</span> 
     </span>
    </p>
   </div>
   <div class='ocr_carea' id='block_1_65' title="bbox 2012 2105 3669 2181">
    <p class='ocr_par' dir='ltr' id='par_1_65' title="bbox 2012 2105 3669 2181">
     <span class='ocr_line' id='line_1_65' title="bbox 2012 2105 3669 2181; baseline 0.002 -18"><span class='ocrx_word' id='word_1_453' title='bbox 2012 2124 2244 2181; x_wconf 90' lang='lat' dir='ltr'>quoque</span> <span class='ocrx_word' id='word_1_454' title='bbox 2278 2106 2520 2163; x_wconf 90' lang='lat' dir='ltr'>rationis</span> <span class='ocrx_word' id='word_1_455' title='bbox 2549 2105 2774 2162; x_wconf 90' lang='lat' dir='ltr'>lumine</span> <span class='ocrx_word' id='word_1_456' title='bbox 2805 2106 3084 2179; x_wconf 87' lang='lat' dir='ltr'>privetur.</span> <span class='ocrx_word' id='word_1_457' title='bbox 3118 2107 3283 2164; x_wconf 84' lang='lat' dir='ltr'>Unde</span> <span class='ocrx_word' id='word_1_458' title='bbox 3312 2108 3669 2181; x_wconf 83' lang='lat' dir='ltr'>Babylonius</span> 
     </span>
    </p>
   </div>
   <div class='ocr_carea' id='block_1_66' title="bbox 2011 2193 3660 2268">
    <p class='ocr_par' dir='ltr' id='par_1_66' title="bbox 2011 2193 3660 2268">
     <span class='ocr_line' id='line_1_66' title="bbox 2011 2193 3660 2268; baseline 0.002 -16"><span class='ocrx_word' id='word_1_459' title='bbox 2011 2214 2128 2265; x_wconf 87' lang='lat' dir='ltr'>rex,</span> <span class='ocrx_word' id='word_1_460' title='bbox 2161 2195 2464 2252; x_wconf 89' lang='lat' dir='ltr'>exstinctis</span> <span class='ocrx_word' id='word_1_461' title='bbox 2512 2195 2677 2268; x_wconf 90' lang='lat' dir='ltr'>prius</span> <span class='ocrx_word' id='word_1_462' title='bbox 2728 2193 2887 2263; x_wconf 79' lang='lat' dir='ltr'>filiis,</span> <span class='ocrx_word' id='word_1_463' title='bbox 2921 2195 3214 2252; x_wconf 71' lang='lat' dir='ltr'>Sedechias</span> <span class='ocrx_word' id='word_1_464' title='bbox 3257 2196 3458 2254; x_wconf 91' lang='lat' dir='ltr'>oculos</span> <span class='ocrx_word' id='word_1_465' title='bbox 3485 2199 3660 2268; x_wconf 90' lang='lat' dir='ltr'>eruit,</span> 
     </span>
    </p>
   </div>
   <div class='ocr_carea' id='block_1_67' title="bbox 2013 2283 3672 2360">
    <p class='ocr_par' dir='ltr' id='par_1_67' title="bbox 2013 2283 3672 2360">
     <span class='ocr_line' id='line_1_67' title="bbox 2013 2283 3672 2360; baseline 0.002 -19"><span class='ocrx_word' id='word_1_466' title='bbox 2013 2285 2153 2359; x_wconf 87' lang='lat' dir='ltr'>quia</span> <span class='ocrx_word' id='word_1_467' title='bbox 2184 2284 2481 2357; x_wconf 88' lang='lat' dir='ltr'>malignus</span> <span class='ocrx_word' id='word_1_468' title='bbox 2513 2283 3110 2356; x_wconf 90' lang='lat' dir='ltr'>spiritus,subductis</span> <span class='ocrx_word' id='word_1_469' title='bbox 3136 2284 3299 2357; x_wconf 89' lang='lat' dir='ltr'>prius</span> <span class='ocrx_word' id='word_1_470' title='bbox 3333 2285 3504 2343; x_wconf 87' lang='lat' dir='ltr'>bonis</span> <span class='ocrx_word' id='word_1_471' title='bbox 3534 2304 3672 2360; x_wconf 90' lang='lat' dir='ltr'>ope-</span> 
     </span>
    </p>
   </div>
   <div class='ocr_carea' id='block_1_68' title="bbox 2014 2370 3671 2447">
    <p class='ocr_par' dir='ltr' id='par_1_68' title="bbox 2014 2370 3671 2447">
     <span class='ocr_line' id='line_1_68' title="bbox 2014 2370 3671 2447; baseline 0.001 -16"><span class='ocrx_word' id='word_1_472' title='bbox 2014 2375 2198 2444; x_wconf 85' lang='lat' dir='ltr'>ribus,</span> <span class='ocrx_word' id='word_1_473' title='bbox 2223 2377 2355 2447; x_wconf 89' lang='lat' dir='ltr'>post</span> <span class='ocrx_word' id='word_1_474' title='bbox 2374 2377 2430 2429; x_wconf 91' lang='lat' dir='ltr'>et</span> <span class='ocrx_word' id='word_1_475' title='bbox 2453 2372 2854 2446; x_wconf 83' lang='lat' dir='ltr'>intelligentiae</span> <span class='ocrx_word' id='word_1_476' title='bbox 2877 2370 3076 2428; x_wconf 89' lang='lat' dir='ltr'>lumen</span> <span class='ocrx_word' id='word_1_477' title='bbox 3108 2372 3283 2429; x_wconf 90' lang='lat' dir='ltr'>tollit.</span> <span class='ocrx_word' id='word_1_478' title='bbox 3318 2376 3480 2441; x_wconf 88' lang='lat' dir='ltr'>Quod</span> <span class='ocrx_word' id='word_1_479' title='bbox 3514 2380 3671 2434; x_wconf 90' lang='lat' dir='ltr'>recte</span> 
     </span>
    </p>
   </div>
   <div class='ocr_carea' id='block_1_69' title="bbox 2015 2460 3669 2540">
    <p class='ocr_par' dir='ltr' id='par_1_69' title="bbox 2015 2460 3669 2540">
     <span class='ocr_line' id='line_1_69' title="bbox 2015 2460 3669 2540; baseline 0.002 -19"><span class='ocrx_word' id='word_1_480' title='bbox 2015 2463 2331 2522; x_wconf 89' lang='lat' dir='ltr'>Sedechias</span> <span class='ocrx_word' id='word_1_481' title='bbox 2389 2462 2450 2517; x_wconf 91' lang='lat' dir='ltr'>in</span> <span class='ocrx_word' id='word_1_482' title='bbox 2511 2460 2797 2517; x_wconf 83' lang='lat' dir='ltr'>Reblatha</span> <span class='ocrx_word' id='word_1_483' title='bbox 2853 2460 3091 2533; x_wconf 90' lang='lat' dir='ltr'>patitur.</span> <span class='ocrx_word' id='word_1_484' title='bbox 3127 2461 3413 2520; x_wconf 82' lang='lat' dir='ltr'>Reblatha</span> <span class='ocrx_word' id='word_1_485' title='bbox 3452 2464 3669 2540; x_wconf 88' lang='lat' dir='ltr'>quippe</span> 
     </span>
    </p>
   </div>
   <div class='ocr_carea' id='block_1_70' title="bbox 2012 2550 3673 2626">
    <p class='ocr_par' dir='ltr' id='par_1_70' title="bbox 2012 2550 3673 2626">
     <span class='ocr_line' id='line_1_70' title="bbox 2012 2550 3673 2626; baseline 0.001 -17"><span class='ocrx_word' id='word_1_486' title='bbox 2012 2554 2190 2609; x_wconf 85' lang='lat' dir='ltr'>multa</span> <span class='ocrx_word' id='word_1_487' title='bbox 2218 2554 2337 2610; x_wconf 67' lang='lat' dir='ltr'>ha’c</span> <span class='ocrx_word' id='word_1_488' title='bbox 2364 2551 2805 2622; x_wconf 87' lang='lat' dir='ltr'>interpretatur.</span> <span class='ocrx_word' id='word_1_489' title='bbox 2834 2550 2897 2605; x_wconf 89' lang='lat' dir='ltr'>Ei</span> <span class='ocrx_word' id='word_1_490' title='bbox 2930 2550 3088 2605; x_wconf 90' lang='lat' dir='ltr'>enim</span> <span class='ocrx_word' id='word_1_491' title='bbox 3118 2552 3471 2626; x_wconf 91' lang='lat' dir='ltr'>quandoque</span> <span class='ocrx_word' id='word_1_492' title='bbox 3501 2557 3559 2611; x_wconf 93' lang='lat' dir='ltr'>et</span> <span class='ocrx_word' id='word_1_493' title='bbox 3585 2555 3673 2611; x_wconf 71' lang='lat' dir='ltr'>luo</span> 
     </span>
    </p>
   </div>
   <div class='ocr_carea' id='block_1_71' title="bbox 2016 2638 3670 2716">
    <p class='ocr_par' dir='ltr' id='par_1_71' title="bbox 2016 2638 3670 2716">
     <span class='ocr_line' id='line_1_71' title="bbox 2016 2638 3670 2716; baseline 0.001 -18"><span class='ocrx_word' id='word_1_494' title='bbox 2016 2660 2151 2698; x_wconf 91' lang='lat' dir='ltr'>men</span> <span class='ocrx_word' id='word_1_495' title='bbox 2183 2639 2428 2697; x_wconf 88' lang='lat' dir='ltr'>rationis</span> <span class='ocrx_word' id='word_1_496' title='bbox 2459 2638 2772 2704; x_wconf 87' lang='lat' dir='ltr'>clauditur,</span> <span class='ocrx_word' id='word_1_497' title='bbox 2803 2638 2905 2711; x_wconf 86' lang='lat' dir='ltr'>qui</span> <span class='ocrx_word' id='word_1_498' title='bbox 2937 2656 3113 2712; x_wconf 88' lang='lat' dir='ltr'>pravo</span> <span class='ocrx_word' id='word_1_499' title='bbox 3144 2657 3257 2696; x_wconf 91' lang='lat' dir='ltr'>usu</span> <span class='ocrx_word' id='word_1_500' title='bbox 3287 2657 3357 2697; x_wconf 88' lang='lat' dir='ltr'>ex</span> <span class='ocrx_word' id='word_1_501' title='bbox 3385 2641 3670 2716; x_wconf 87' lang='lat' dir='ltr'>iniquita-</span> 
     </span>
    </p>
   </div>
   <div class='ocr_carea' id='block_1_72' title="bbox 2014 2728 3669 2802">
    <p class='ocr_par' dir='ltr' id='par_1_72' title="bbox 2014 2728 3669 2802">
     <span class='ocr_line' id='line_1_72' title="bbox 2014 2728 3669 2802; baseline 0.001 -14"><span class='ocrx_word' id='word_1_502' title='bbox 2014 2731 2094 2788; x_wconf 90' lang='lat' dir='ltr'>tis</span> <span class='ocrx_word' id='word_1_503' title='bbox 2115 2748 2233 2787; x_wconf 77' lang='lat' dir='ltr'>suce</span> <span class='ocrx_word' id='word_1_504' title='bbox 2265 2728 2643 2785; x_wconf 91' lang='lat' dir='ltr'>multitudine</span> <span class='ocrx_word' id='word_1_505' title='bbox 2672 2732 2966 2801; x_wconf 88' lang='lat' dir='ltr'>gravatur.</span> <span class='ocrx_word' id='word_1_506' title='bbox 2994 2728 3124 2784; x_wconf 76' lang='lat' dir='ltr'>Haec</span> <span class='ocrx_word' id='word_1_507' title='bbox 3155 2728 3354 2786; x_wconf 91' lang='lat' dir='ltr'>omnia</span> <span class='ocrx_word' id='word_1_508' title='bbox 3377 2732 3541 2802; x_wconf 88' lang='lat' dir='ltr'>justo</span> <span class='ocrx_word' id='word_1_509' title='bbox 3567 2733 3669 2789; x_wconf 90' lang='lat' dir='ltr'>Dei</span> 
     </span>
    </p>
   </div>
   <div class='ocr_carea' id='block_1_73' title="bbox 2008 2817 3671 2893">
    <p class='ocr_par' dir='ltr' id='par_1_73' title="bbox 2008 2817 3671 2893">
     <span class='ocr_line' id='line_1_73' title="bbox 2008 2817 3671 2893; baseline 0.001 -17"><span class='ocrx_word' id='word_1_510' title='bbox 2008 2819 2235 2893; x_wconf 90' lang='lat' dir='ltr'>judicio</span> <span class='ocrx_word' id='word_1_511' title='bbox 2268 2819 2508 2892; x_wconf 90' lang='lat' dir='ltr'>patitur,</span> <span class='ocrx_word' id='word_1_512' title='bbox 2526 2817 2626 2890; x_wconf 92' lang='lat' dir='ltr'>qui</span> <span class='ocrx_word' id='word_1_513' title='bbox 2650 2818 3056 2888; x_wconf 88' lang='lat' dir='ltr'>juramentum</span> <span class='ocrx_word' id='word_1_514' title='bbox 3087 2817 3147 2872; x_wconf 92' lang='lat' dir='ltr'>in</span> <span class='ocrx_word' id='word_1_515' title='bbox 3177 2818 3417 2875; x_wconf 87' lang='lat' dir='ltr'>nomine</span> <span class='ocrx_word' id='word_1_516' title='bbox 3436 2819 3671 2889; x_wconf 73' lang='lat' dir='ltr'>Domini</span> 
     </span>
    </p>
   </div>
   <div class='ocr_carea' id='block_1_74' title="bbox 2018 2906 3669 2983">
    <p class='ocr_par' dir='ltr' id='par_1_74' title="bbox 2018 2906 3669 2983">
     <span class='ocr_line' id='line_1_74' title="bbox 2018 2906 3669 2983; baseline 0 -18"><span class='ocrx_word' id='word_1_517' title='bbox 2018 2908 2446 2983; x_wconf 60' lang='lat' dir='ltr'>praevaricatum</span> <span class='ocrx_word' id='word_1_518' title='bbox 2471 2907 2752 2980; x_wconf 89' lang='lat' dir='ltr'>quoniam</span> <span class='ocrx_word' id='word_1_519' title='bbox 2774 2906 2873 2979; x_wconf 92' lang='lat' dir='ltr'>qui</span> <span class='ocrx_word' id='word_1_520' title='bbox 2898 2906 3219 2963; x_wconf 90' lang='lat' dir='ltr'>contemnit</span> <span class='ocrx_word' id='word_1_521' title='bbox 3238 2908 3669 2980; x_wconf 86' lang='lat' dir='ltr'>juramentum,</span> 
     </span>
    </p>
   </div>
   <div class='ocr_carea' id='block_1_75' title="bbox 2019 2995 3673 3071">
    <p class='ocr_par' dir='ltr' id='par_1_75' title="bbox 2019 2995 3673 3071">
     <span class='ocr_line' id='line_1_75' title="bbox 2019 2995 3673 3071; baseline 0 -16"><span class='ocrx_word' id='word_1_522' title='bbox 2019 3004 2084 3055; x_wconf 92' lang='lat' dir='ltr'>ut</span> <span class='ocrx_word' id='word_1_523' title='bbox 2115 2999 2320 3053; x_wconf 88' lang='lat' dir='ltr'>beatus</span> <span class='ocrx_word' id='word_1_524' title='bbox 2377 2997 2520 3052; x_wconf 90' lang='lat' dir='ltr'>dicit</span> <span class='ocrx_word' id='word_1_525' title='bbox 2573 2996 2985 3067; x_wconf 83' lang='lat' dir='ltr'>Hieronymus,</span> <span class='ocrx_word' id='word_1_526' title='bbox 3019 2995 3216 3068; x_wconf 90' lang='lat' dir='ltr'>ipsum</span> <span class='ocrx_word' id='word_1_527' title='bbox 3275 2996 3523 3069; x_wconf 89' lang='lat' dir='ltr'>despicit</span> <span class='ocrx_word' id='word_1_528' title='bbox 3568 3015 3673 3071; x_wconf 90' lang='lat' dir='ltr'>per</span> 
     </span>
    </p>
   </div>
   <div class='ocr_carea' id='block_1_76' title="bbox 2019 3084 3669 3161">
    <p class='ocr_par' dir='ltr' id='par_1_76' title="bbox 2019 3084 3669 3161">
     <span class='ocr_line' id='line_1_76' title="bbox 2019 3084 3669 3161; baseline 0 -18"><span class='ocrx_word' id='word_1_529' title='bbox 2019 3104 2195 3161; x_wconf 89' lang='lat' dir='ltr'>quem</span> <span class='ocrx_word' id='word_1_530' title='bbox 2221 3086 2461 3158; x_wconf 91' lang='lat' dir='ltr'>juravit,</span> <span class='ocrx_word' id='word_1_531' title='bbox 2491 3084 2698 3157; x_wconf 91' lang='lat' dir='ltr'>illique</span> <span class='ocrx_word' id='word_1_532' title='bbox 2729 3084 2870 3141; x_wconf 85' lang='lat' dir='ltr'>facit</span> <span class='ocrx_word' id='word_1_533' title='bbox 2910 3084 3212 3157; x_wconf 89' lang='lat' dir='ltr'>injuriam,</span> <span class='ocrx_word' id='word_1_534' title='bbox 3244 3086 3415 3158; x_wconf 91' lang='lat' dir='ltr'>cujus</span> <span class='ocrx_word' id='word_1_535' title='bbox 3446 3087 3669 3144; x_wconf 89' lang='lat' dir='ltr'>nomini</span> 
     </span>
    </p>
   </div>
   <div class='ocr_carea' id='block_1_77' title="bbox 2020 3173 3667 3248">
    <p class='ocr_par' dir='ltr' id='par_1_77' title="bbox 2020 3173 3667 3248">
     <span class='ocr_line' id='line_1_77' title="bbox 2020 3173 3667 3248; baseline 0 -14"><span class='ocrx_word' id='word_1_536' title='bbox 2020 3176 2268 3234; x_wconf 90' lang='lat' dir='ltr'>credidit</span> <span class='ocrx_word' id='word_1_537' title='bbox 2324 3174 2713 3244; x_wconf 89' lang='lat' dir='ltr'>adversarius,</span> <span class='ocrx_word' id='word_1_538' title='bbox 2770 3175 2879 3230; x_wconf 93' lang='lat' dir='ltr'>hoc</span> <span class='ocrx_word' id='word_1_539' title='bbox 2939 3179 3046 3243; x_wconf 88' lang='lat' dir='ltr'>est,</span> <span class='ocrx_word' id='word_1_540' title='bbox 3102 3173 3199 3230; x_wconf 92' lang='lat' dir='ltr'>ille</span> <span class='ocrx_word' id='word_1_541' title='bbox 3256 3175 3349 3230; x_wconf 92' lang='lat' dir='ltr'>cui</span> <span class='ocrx_word' id='word_1_542' title='bbox 3401 3176 3667 3248; x_wconf 87' lang='lat' dir='ltr'>juratum</span> 
     </span>
    </p>
   </div>
   <div class='ocr_carea' id='block_1_78' title="bbox 2020 3263 3673 3337">
    <p class='ocr_par' dir='ltr' id='par_1_78' title="bbox 2020 3263 3673 3337">
     <span class='ocr_line' id='line_1_78' title="bbox 2020 3263 3673 3337; baseline 0.001 -15"><span class='ocrx_word' id='word_1_543' title='bbox 2020 3270 2108 3322; x_wconf 89' lang='lat' dir='ltr'>est</span> <span class='ocrx_word' id='word_1_544' title='bbox 2136 3266 2197 3321; x_wconf 91' lang='lat' dir='ltr'>in</span> <span class='ocrx_word' id='word_1_545' title='bbox 2230 3264 2468 3322; x_wconf 78' lang='lat' dir='ltr'>nomine</span> <span class='ocrx_word' id='word_1_546' title='bbox 2492 3265 2621 3336; x_wconf 88' lang='lat' dir='ltr'>ejus</span> <span class='ocrx_word' id='word_1_547' title='bbox 2651 3263 2748 3337; x_wconf 91' lang='lat' dir='ltr'>qui</span> <span class='ocrx_word' id='word_1_548' title='bbox 2783 3263 2928 3320; x_wconf 90' lang='lat' dir='ltr'>dicit</span> <span class='ocrx_word' id='word_1_549' title='bbox 2960 3279 2973 3318; x_wconf 72' lang='grc' dir='ltr'><strong>ε</strong></span> <span class='ocrx_word' id='word_1_550' title='bbox 3007 3264 3126 3319; x_wconf 83' lang='grc' dir='ltr'>Νοη</span> <span class='ocrx_word' id='word_1_551' title='bbox 3180 3265 3420 3337; x_wconf 75' lang='lat' dir='ltr'>accipias</span> <span class='ocrx_word' id='word_1_552' title='bbox 3473 3282 3673 3323; x_wconf 71' lang='lat' dir='ltr'>nomen</span> 
     </span>
    </p>
   </div>
   <div class='ocr_carea' id='block_1_79' title="bbox 1939 3338 3665 3426">
    <p class='ocr_par' dir='ltr' id='par_1_79' title="bbox 1939 3338 3665 3426">
     <span class='ocr_line' id='line_1_79' title="bbox 1939 3338 3665 3426; baseline 0 -13"><span class='ocrx_word' id='word_1_553' title='bbox 1939 3338 1983 3405; x_wconf 69' lang='grc' dir='ltr'>Ο</span> <span class='ocrx_word' id='word_1_554' title='bbox 2018 3358 2241 3413; x_wconf 85' lang='lat' dir='ltr'>Domini</span> <span class='ocrx_word' id='word_1_555' title='bbox 2269 3358 2368 3413; x_wconf 82' lang='lat' dir='ltr'>Dei</span> <span class='ocrx_word' id='word_1_556' title='bbox 2397 3356 2481 3411; x_wconf 84' lang='lat' dir='ltr'>tui</span> <span class='ocrx_word' id='word_1_557' title='bbox 2504 3357 2571 3410; x_wconf 76' lang='lat' dir='ltr'>in</span> <span class='ocrx_word' id='word_1_558' title='bbox 2599 3372 2825 3420; x_wconf 80' lang='lat' dir='ltr'>vanum,</span> <span class='ocrx_word' id='word_1_559' title='bbox 2856 3369 3033 3426; x_wconf 81' lang='lat' dir='ltr'>neque</span> <span class='ocrx_word' id='word_1_560' title='bbox 3058 3354 3274 3426; x_wconf 78' lang='lat' dir='ltr'>polluas</span> <span class='ocrx_word' id='word_1_561' title='bbox 3302 3354 3447 3410; x_wconf 79' lang='lat' dir='ltr'>illud</span> <span class='ocrx_word' id='word_1_562' title='bbox 3474 3356 3665 3424; x_wconf 70' lang='lat' dir='ltr'>(Exod.</span> 
     </span>
    </p>
   </div>
   <div class='ocr_carea' id='block_1_80' title="bbox 2014 3444 3672 3517">
    <p class='ocr_par' dir='ltr' id='par_1_80' title="bbox 2014 3444 3672 3517">
     <span class='ocr_line' id='line_1_80' title="bbox 2014 3444 3672 3517; baseline -0.001 -14"><span class='ocrx_word' id='word_1_563' title='bbox 2014 3450 2129 3516; x_wconf 84' lang='lat' dir='ltr'>xx).</span> <span class='ocrx_word' id='word_1_564' title='bbox 2162 3447 2234 3502; x_wconf 89' lang='lat' dir='ltr'>Et</span> <span class='ocrx_word' id='word_1_565' title='bbox 2265 3463 2278 3501; x_wconf 90' lang='lat'><strong>:</strong></span> <span class='ocrx_word' id='word_1_566' title='bbox 2315 3445 2514 3501; x_wconf 72' lang='lat' dir='ltr'>Reddas</span> <span class='ocrx_word' id='word_1_567' title='bbox 2543 3445 2772 3502; x_wconf 87' lang='lat' dir='ltr'>Domino</span> <span class='ocrx_word' id='word_1_568' title='bbox 2792 3445 3116 3516; x_wconf 72' lang='lat' dir='ltr'>juramento</span> <span class='ocrx_word' id='word_1_569' title='bbox 3143 3451 3238 3500; x_wconf 83' lang='lat' dir='ltr'>tua</span> <span class='ocrx_word' id='word_1_570' title='bbox 3267 3444 3469 3517; x_wconf 71' lang='lat' dir='ltr'>(Matth.</span> <span class='ocrx_word' id='word_1_571' title='bbox 3503 3448 3579 3513; x_wconf 93' lang='lat' dir='ltr'>v).</span> <span class='ocrx_word' id='word_1_572' title='bbox 3601 3445 3672 3501; x_wconf 91' lang='lat' dir='ltr'>Et</span> 
     </span>
    </p>
   </div>
   <div class='ocr_carea' id='block_1_81' title="bbox 2015 3530 3672 3609">
    <p class='ocr_par' dir='ltr' id='par_1_81' title="bbox 2015 3530 3672 3609">
     <span class='ocr_line' id='line_1_81' title="bbox 2015 3530 3672 3609; baseline -0.001 -18"><span class='ocrx_word' id='word_1_573' title='bbox 2015 3534 2281 3609; x_wconf 87' lang='lat' dir='ltr'>psalmus</span> <span class='ocrx_word' id='word_1_574' title='bbox 2314 3533 2473 3602; x_wconf 89' lang='lat' dir='ltr'>dicit,</span> <span class='ocrx_word' id='word_1_575' title='bbox 2509 3532 2680 3588; x_wconf 92' lang='lat' dir='ltr'>illum</span> <span class='ocrx_word' id='word_1_576' title='bbox 2742 3533 3006 3589; x_wconf 89' lang='lat' dir='ltr'>futurum</span> <span class='ocrx_word' id='word_1_577' title='bbox 3056 3531 3116 3588; x_wconf 93' lang='lat' dir='ltr'>in</span> <span class='ocrx_word' id='word_1_578' title='bbox 3158 3530 3284 3588; x_wconf 91' lang='lat' dir='ltr'>loco</span> <span class='ocrx_word' id='word_1_579' title='bbox 3316 3536 3543 3603; x_wconf 83' lang='lat' dir='ltr'>sancto,</span> <span class='ocrx_word' id='word_1_580' title='bbox 3576 3536 3672 3607; x_wconf 86' lang='lat' dir='ltr'>qui</span> 
     </span>
    </p>
   </div>
   <div class='ocr_carea' id='block_1_82' title="bbox 2004 3621 3253 3698">
    <p class='ocr_par' dir='ltr' id='par_1_82' title="bbox 2004 3621 3253 3698">
     <span class='ocr_line' id='line_1_82' title="bbox 2004 3621 3253 3698; baseline -0.003 -18"><span class='ocrx_word' id='word_1_581' title='bbox 2004 3626 2164 3698; x_wconf 86' lang='lat' dir='ltr'>jurat</span> <span class='ocrx_word' id='word_1_582' title='bbox 2188 3627 2442 3697; x_wconf 68' lang='lat' dir='ltr'>proximo</span> <span class='ocrx_word' id='word_1_583' title='bbox 2470 3632 2521 3680; x_wconf 87' lang='lat' dir='ltr'>et</span> <span class='ocrx_word' id='word_1_584' title='bbox 2547 3640 2659 3679; x_wconf 83' lang='lat' dir='ltr'>non</span> <span class='ocrx_word' id='word_1_585' title='bbox 2687 3623 2889 3698; x_wconf 74' lang='lat' dir='ltr'>decipit</span> <span class='ocrx_word' id='word_1_586' title='bbox 2915 3623 3083 3695; x_wconf 82' lang='lat' dir='ltr'>(Psal.</span> <span class='ocrx_word' id='word_1_587' title='bbox 3116 3621 3253 3698; x_wconf 69' lang='lat' dir='ltr'>xiv).</span> 
     </span>
    </p>
   </div>
   <div class='ocr_carea' id='block_1_83' title="bbox 2086 3696 3668 3783">
    <p class='ocr_par' dir='ltr' id='par_1_83' title="bbox 2086 3696 3668 3783">
     <span class='ocr_line' id='line_1_83' title="bbox 2086 3696 3668 3783; baseline -0.001 -13"><span class='ocrx_word' id='word_1_588' title='bbox 2086 3696 2223 3770; x_wconf 57' lang='lat' dir='ltr'>Car.</span> <span class='ocrx_word' id='word_1_589' title='bbox 2240 3713 2337 3769; x_wconf 89' lang='lat' dir='ltr'>Vl.</span> <span class='ocrx_word' id='word_1_590' title='bbox 2353 3714 2410 3769; x_wconf 93' lang='lat' dir='ltr'>Si</span> <span class='ocrx_word' id='word_1_591' title='bbox 2432 3717 2627 3769; x_wconf 85' lang='lat' dir='ltr'>autem</span> <span class='ocrx_word' id='word_1_592' title='bbox 2656 3696 2848 3767; x_wconf 83' lang='lat' dir='ltr'>dicere</span> <span class='ocrx_word' id='word_1_593' title='bbox 2871 3710 3139 3778; x_wconf 89' lang='lat' dir='ltr'>voluerit,</span> <span class='ocrx_word' id='word_1_594' title='bbox 3162 3696 3303 3783; x_wconf 81' lang='lat' dir='ltr'>quia</span> <span class='ocrx_word' id='word_1_595' title='bbox 3325 3711 3668 3768; x_wconf 87' lang='lat' dir='ltr'>necessitate</span> 
     </span>
    </p>
   </div>
   <div class='ocr_carea' id='block_1_84' title="bbox 2014 3798 3666 3872">
    <p class='ocr_par' dir='ltr' id='par_1_84' title="bbox 2014 3798 3666 3872">
     <span class='ocr_line' id='line_1_84' title="bbox 2014 3798 3666 3872; baseline -0.003 -11"><span class='ocrx_word' id='word_1_596' title='bbox 2014 3807 2251 3861; x_wconf 88' lang='lat' dir='ltr'>coactus</span> <span class='ocrx_word' id='word_1_597' title='bbox 2270 3801 2413 3857; x_wconf 89' lang='lat' dir='ltr'>illud</span> <span class='ocrx_word' id='word_1_598' title='bbox 2432 3802 2839 3872; x_wconf 88' lang='lat' dir='ltr'>juramentum</span> <span class='ocrx_word' id='word_1_599' title='bbox 2865 3800 3052 3856; x_wconf 88' lang='lat' dir='ltr'>facere</span> <span class='ocrx_word' id='word_1_600' title='bbox 3066 3798 3269 3870; x_wconf 89' lang='lat' dir='ltr'>jussit,</span> <span class='ocrx_word' id='word_1_601' title='bbox 3293 3800 3447 3871; x_wconf 93' lang='lat' dir='ltr'>quod</span> <span class='ocrx_word' id='word_1_602' title='bbox 3468 3804 3666 3856; x_wconf 90' lang='lat' dir='ltr'>tamen</span> 
     </span>
    </p>
   </div>
   <div class='ocr_carea' id='block_1_85' title="bbox 2014 3888 3662 3965">
    <p class='ocr_par' dir='ltr' id='par_1_85' title="bbox 2014 3888 3662 3965">
     <span class='ocr_line' id='line_1_85' title="bbox 2014 3888 3662 3965; baseline -0.003 -16"><span class='ocrx_word' id='word_1_603' title='bbox 2014 3909 2243 3949; x_wconf 85' lang='lat' dir='ltr'>servare</span> <span class='ocrx_word' id='word_1_604' title='bbox 2274 3891 2465 3965; x_wconf 91' lang='lat' dir='ltr'>potuit</span> <span class='ocrx_word' id='word_1_605' title='bbox 2495 3894 2553 3945; x_wconf 91' lang='lat' dir='ltr'>et</span> <span class='ocrx_word' id='word_1_606' title='bbox 2583 3890 2804 3957; x_wconf 91' lang='lat' dir='ltr'>debuit,</span> <span class='ocrx_word' id='word_1_607' title='bbox 2840 3894 2897 3945; x_wconf 90' lang='lat' dir='ltr'>et</span> <span class='ocrx_word' id='word_1_608' title='bbox 2943 3890 3071 3944; x_wconf 91' lang='lat' dir='ltr'>ideo</span> <span class='ocrx_word' id='word_1_609' title='bbox 3102 3905 3238 3944; x_wconf 90' lang='lat' dir='ltr'>reus</span> <span class='ocrx_word' id='word_1_610' title='bbox 3275 3888 3514 3960; x_wconf 87' lang='lat' dir='ltr'>perjurii</span> <span class='ocrx_word' id='word_1_611' title='bbox 3547 3905 3662 3944; x_wconf 91' lang='lat' dir='ltr'>non</span> 
     </span>
    </p>
   </div>
   <div class='ocr_carea' id='block_1_86' title="bbox 2011 3976 3663 4052">
    <p class='ocr_par' dir='ltr' id='par_1_86' title="bbox 2011 3976 3663 4052">
     <span class='ocr_line' id='line_1_86' title="bbox 2011 3976 3663 4052; baseline -0.003 -13"><span class='ocrx_word' id='word_1_612' title='bbox 2011 3987 2299 4049; x_wconf 89' lang='lat' dir='ltr'>teneatur,</span> <span class='ocrx_word' id='word_1_613' title='bbox 2335 3980 2538 4037; x_wconf 90' lang='lat' dir='ltr'>audiat</span> <span class='ocrx_word' id='word_1_614' title='bbox 2581 3979 2723 4052; x_wconf 92' lang='lat' dir='ltr'>quid</span> <span class='ocrx_word' id='word_1_615' title='bbox 2773 3983 3014 4034; x_wconf 87' lang='lat' dir='ltr'>sanctus</span> <span class='ocrx_word' id='word_1_616' title='bbox 3060 3976 3375 4051; x_wconf 89' lang='lat' dir='ltr'>Gregorius</span> <span class='ocrx_word' id='word_1_617' title='bbox 3405 3977 3562 4033; x_wconf 91' lang='lat' dir='ltr'>dicat</span> <span class='ocrx_word' id='word_1_618' title='bbox 3591 3978 3663 4034; x_wconf 90' lang='lat' dir='ltr'>de</span> 
     </span>
    </p>
   </div>
   <div class='ocr_carea' id='block_1_87' title="bbox 2010 4066 3662 4145">
    <p class='ocr_par' dir='ltr' id='par_1_87' title="bbox 2010 4066 3662 4145">
     <span class='ocr_line' id='line_1_87' title="bbox 2010 4066 3662 4145; baseline -0.004 -17"><span class='ocrx_word' id='word_1_619' title='bbox 2010 4073 2110 4129; x_wconf 94' lang='lat' dir='ltr'>illo</span> <span class='ocrx_word' id='word_1_620' title='bbox 2136 4071 2235 4145; x_wconf 89' lang='lat' dir='ltr'>qui</span> <span class='ocrx_word' id='word_1_621' title='bbox 2271 4072 2453 4143; x_wconf 88' lang='lat' dir='ltr'>jurat,</span> <span class='ocrx_word' id='word_1_622' title='bbox 2477 4068 2565 4125; x_wconf 91' lang='lat' dir='ltr'>vel</span> <span class='ocrx_word' id='word_1_623' title='bbox 2598 4067 3057 4125; x_wconf 86' lang='lat' dir='ltr'>anathematizat</span> <span class='ocrx_word' id='word_1_624' title='bbox 3087 4084 3100 4122; x_wconf 92' lang='lat'>:</span> <span class='ocrx_word' id='word_1_625' title='bbox 3149 4090 3178 4117; x_wconf 89' lang='grc'>‹‹</span> <span class='ocrx_word' id='word_1_626' title='bbox 3211 4066 3318 4133; x_wconf 89' lang='lat' dir='ltr'>Qui</span> <span class='ocrx_word' id='word_1_627' title='bbox 3344 4067 3547 4137; x_wconf 85' lang='lat' dir='ltr'>jurare</span> <span class='ocrx_word' id='word_1_628' title='bbox 3574 4066 3662 4122; x_wconf 83' lang='lat' dir='ltr'>vel</span> 
     </span>
    </p>
   </div>
   <div class='ocr_carea' id='block_1_88' title="bbox 2011 4154 3661 4228">
    <p class='ocr_par' dir='ltr' id='par_1_88' title="bbox 2011 4154 3661 4228">
     <span class='ocr_line' id='line_1_88' title="bbox 2011 4154 3661 4228; baseline -0.004 -10"><span class='ocrx_word' id='word_1_629' title='bbox 2011 4159 2503 4218; x_wconf 87' lang='lat' dir='ltr'>anathematizare</span> <span class='ocrx_word' id='word_1_630' title='bbox 2544 4158 2734 4227; x_wconf 90' lang='lat' dir='ltr'>debet,</span> <span class='ocrx_word' id='word_1_631' title='bbox 2768 4162 2825 4213; x_wconf 91' lang='lat' dir='ltr'>et</span> <span class='ocrx_word' id='word_1_632' title='bbox 2854 4157 3155 4213; x_wconf 88' lang='lat' dir='ltr'>blanditur</span> <span class='ocrx_word' id='word_1_633' title='bbox 3199 4156 3327 4224; x_wconf 92' lang='lat' dir='ltr'>tibi,</span> <span class='ocrx_word' id='word_1_634' title='bbox 3363 4154 3517 4228; x_wconf 88' lang='lat' dir='ltr'>quod</span> <span class='ocrx_word' id='word_1_635' title='bbox 3544 4172 3661 4212; x_wconf 90' lang='lat' dir='ltr'>non</span> 
     </span>
    </p>
   </div>
   <div class='ocr_carea' id='block_1_89' title="bbox 2008 4245 3659 4320">
    <p class='ocr_par' dir='ltr' id='par_1_89' title="bbox 2008 4245 3659 4320">
     <span class='ocr_line' id='line_1_89' title="bbox 2008 4245 3659 4320; baseline -0.004 -13"><span class='ocrx_word' id='word_1_636' title='bbox 2008 4254 2277 4307; x_wconf 88' lang='lat' dir='ltr'>teneatur</span> <span class='ocrx_word' id='word_1_637' title='bbox 2315 4266 2470 4315; x_wconf 90' lang='lat' dir='ltr'>reus,</span> <span class='ocrx_word' id='word_1_638' title='bbox 2495 4248 2547 4303; x_wconf 91' lang='lat' dir='ltr'>si</span> <span class='ocrx_word' id='word_1_639' title='bbox 2589 4246 2998 4320; x_wconf 82' lang='lat' dir='ltr'>praevaricatus</span> <span class='ocrx_word' id='word_1_640' title='bbox 3029 4245 3205 4302; x_wconf 89' lang='lat' dir='ltr'>fuerit</span> <span class='ocrx_word' id='word_1_641' title='bbox 3235 4246 3391 4318; x_wconf 90' lang='lat' dir='ltr'>quod</span> <span class='ocrx_word' id='word_1_642' title='bbox 3416 4246 3659 4318; x_wconf 89' lang='lat' dir='ltr'>juravit,</span> 
     </span>
    </p>
   </div>
   <div class='ocr_carea' id='block_1_90' title="bbox 2007 4333 3660 4409">
    <p class='ocr_par' dir='ltr' id='par_1_90' title="bbox 2007 4333 3660 4409">
     <span class='ocr_line' id='line_1_90' title="bbox 2007 4333 3660 4409; baseline -0.004 -12"><span class='ocrx_word' id='word_1_643' title='bbox 2007 4340 2092 4398; x_wconf 89' lang='lat' dir='ltr'>vel</span> <span class='ocrx_word' id='word_1_644' title='bbox 2127 4337 2656 4405; x_wconf 88' lang='lat' dir='ltr'>anathematizavit,</span> <span class='ocrx_word' id='word_1_645' title='bbox 2689 4336 2828 4409; x_wconf 91' lang='lat' dir='ltr'>quia</span> <span class='ocrx_word' id='word_1_646' title='bbox 2875 4336 3094 4392; x_wconf 90' lang='lat' dir='ltr'>invitus</span> <span class='ocrx_word' id='word_1_647' title='bbox 3138 4335 3249 4391; x_wconf 89' lang='lat' dir='ltr'>hoc</span> <span class='ocrx_word' id='word_1_648' title='bbox 3298 4335 3436 4408; x_wconf 88' lang='lat' dir='ltr'>egit,</span> <span class='ocrx_word' id='word_1_649' title='bbox 3468 4334 3517 4391; x_wconf 90' lang='lat' dir='ltr'>si</span> <span class='ocrx_word' id='word_1_650' title='bbox 3559 4333 3660 4408; x_wconf 90' lang='lat' dir='ltr'>qui</span> 
     </span>
    </p>
   </div>
   <div class='ocr_carea' id='block_1_91' title="bbox 2007 4423 3663 4502">
    <p class='ocr_par' dir='ltr' id='par_1_91' title="bbox 2007 4423 3663 4502">
     <span class='ocr_line' id='line_1_91' title="bbox 2007 4423 3663 4502; baseline -0.005 -15"><span class='ocrx_word' id='word_1_651' title='bbox 2007 4434 2147 4488; x_wconf 89' lang='lat' dir='ltr'>sunt</span> <span class='ocrx_word' id='word_1_652' title='bbox 2170 4429 2267 4502; x_wconf 91' lang='lat' dir='ltr'>qui</span> <span class='ocrx_word' id='word_1_653' title='bbox 2292 4428 2511 4496; x_wconf 89' lang='lat' dir='ltr'>dicant,</span> <span class='ocrx_word' id='word_1_654' title='bbox 2530 4427 2685 4499; x_wconf 90' lang='lat' dir='ltr'>quod</span> <span class='ocrx_word' id='word_1_655' title='bbox 2714 4424 3055 4499; x_wconf 90' lang='lat' dir='ltr'>compulsus</span> <span class='ocrx_word' id='word_1_656' title='bbox 3086 4423 3381 4497; x_wconf 89' lang='lat' dir='ltr'>quispiam</span> <span class='ocrx_word' id='word_1_657' title='bbox 3414 4424 3663 4481; x_wconf 89' lang='lat' dir='ltr'>necessi-</span> 
     </span>
    </p>
   </div>
   <div class='ocr_carea' id='block_1_92' title="bbox 2004 4513 3657 4577">
    <p class='ocr_par' dir='ltr' id='par_1_92' title="bbox 2004 4513 3657 4577">
     <span class='ocr_line' id='line_1_92' title="bbox 2004 4513 3657 4577; baseline -0.005 0"><span class='ocrx_word' id='word_1_658' title='bbox 2004 4525 2127 4577; x_wconf 89' lang='lat' dir='ltr'>tate</span> <span class='ocrx_word' id='word_1_659' title='bbox 2158 4519 2206 4576; x_wconf 92' lang='lat' dir='ltr'>si</span> <span class='ocrx_word' id='word_1_660' title='bbox 2237 4516 2813 4575; x_wconf 87' lang='lat' dir='ltr'>anathematizaverit</span> <span class='ocrx_word' id='word_1_661' title='bbox 2844 4514 3238 4572; x_wconf 91' lang='lat' dir='ltr'>anathematis</span> <span class='ocrx_word' id='word_1_662' title='bbox 3281 4513 3515 4570; x_wconf 89' lang='lat' dir='ltr'>vinculo</span> <span class='ocrx_word' id='word_1_663' title='bbox 3540 4531 3657 4571; x_wconf 92' lang='lat' dir='ltr'>non</span> 
     </span>
    </p>
   </div>
   <div class='ocr_carea' id='block_1_93' title="bbox 2004 4603 3659 4680">
    <p class='ocr_par' dir='ltr' id='par_1_93' title="bbox 2004 4603 3659 4680">
     <span class='ocr_line' id='line_1_93' title="bbox 2004 4603 3659 4680; baseline -0.004 -14"><span class='ocrx_word' id='word_1_664' title='bbox 2004 4609 2210 4676; x_wconf 85' lang='lat' dir='ltr'>teneri,</span> <span class='ocrx_word' id='word_1_665' title='bbox 2244 4606 2356 4680; x_wconf 90' lang='lat' dir='ltr'>ipsi</span> <span class='ocrx_word' id='word_1_666' title='bbox 2412 4605 2524 4663; x_wconf 90' lang='lat' dir='ltr'>sibi</span> <span class='ocrx_word' id='word_1_667' title='bbox 2581 4610 2761 4662; x_wconf 86' lang='lat' dir='ltr'>testes</span> <span class='ocrx_word' id='word_1_668' title='bbox 2811 4610 2951 4661; x_wconf 88' lang='lat' dir='ltr'>sunt</span> <span class='ocrx_word' id='word_1_669' title='bbox 2981 4605 3082 4677; x_wconf 91' lang='lat' dir='ltr'>qui</span> <span class='ocrx_word' id='word_1_670' title='bbox 3116 4604 3225 4660; x_wconf 91' lang='lat' dir='ltr'>hoc</span> <span class='ocrx_word' id='word_1_671' title='bbox 3257 4604 3483 4672; x_wconf 91' lang='lat' dir='ltr'>dicunt,</span> <span class='ocrx_word' id='word_1_672' title='bbox 3518 4603 3659 4677; x_wconf 89' lang='lat' dir='ltr'>quia</span> 
     </span>
    </p>
   </div>
   <div class='ocr_carea' id='block_1_94' title="bbox 240 4690 3655 4781">
    <p class='ocr_par' dir='ltr' id='par_1_94' title="bbox 240 4690 3655 4781">
     <span class='ocr_line' id='line_1_94' title="bbox 240 4690 3655 4781; baseline 0 -35"><span class='ocrx_word' id='word_1_673' title='bbox 240 4706 359 4747; x_wconf 91' lang='lat' dir='ltr'>non</span> <span class='ocrx_word' id='word_1_674' title='bbox 392 4690 501 4748; x_wconf 90' lang='lat' dir='ltr'>soli</span> <span class='ocrx_word' id='word_1_675' title='bbox 532 4693 884 4762; x_wconf 90' lang='lat' dir='ltr'>moriuntur,</span> <span class='ocrx_word' id='word_1_676' title='bbox 918 4695 1020 4751; x_wconf 89' lang='lat' dir='ltr'>sed</span> <span class='ocrx_word' id='word_1_677' title='bbox 1060 4694 1309 4750; x_wconf 91' lang='lat' dir='ltr'>aliorum</span> <span class='ocrx_word' id='word_1_678' title='bbox 1361 4694 1714 4766; x_wconf 89' lang='lat' dir='ltr'>animarum,</span> <span class='ocrx_word' id='word_1_679' title='bbox 1748 4715 1895 4771; x_wconf 90' lang='lat' dir='ltr'>quas</span> <span class='ocrx_word' id='word_1_680' title='bbox 1927 4714 1972 4781; x_wconf 71' lang='grc' dir='ltr'>Ι)</span> <span class='ocrx_word' id='word_1_681' title='bbox 2003 4696 2320 4756; x_wconf 85' lang='lat' dir='ltr'>Christiani</span> <span class='ocrx_word' id='word_1_682' title='bbox 2343 4714 2458 4752; x_wconf 93' lang='lat' dir='ltr'>non</span> <span class='ocrx_word' id='word_1_683' title='bbox 2480 4699 2637 4765; x_wconf 90' lang='lat' dir='ltr'>sunt,</span> <span class='ocrx_word' id='word_1_684' title='bbox 2664 4694 2764 4768; x_wconf 94' lang='lat' dir='ltr'>qui</span> <span class='ocrx_word' id='word_1_685' title='bbox 2796 4694 3115 4769; x_wconf 89' lang='lat' dir='ltr'>ligamenta</span> <span class='ocrx_word' id='word_1_686' title='bbox 3144 4697 3355 4750; x_wconf 69' lang='lat' dir='ltr'>sancta:</span> <span class='ocrx_word' id='word_1_687' title='bbox 3385 4692 3655 4748; x_wconf 75' lang='lat' dir='ltr'>Ecclesiae</span> 
     </span>
    </p>
   </div>
   <div class='ocr_carea' id='block_1_95' title="bbox 238 4779 1891 4861">
    <p class='ocr_par' dir='ltr' id='par_1_95' title="bbox 238 4779 1891 4861">
     <span class='ocr_line' id='line_1_95' title="bbox 238 4779 1891 4861; baseline 0.005 -26"><span class='ocrx_word' id='word_1_688' title='bbox 238 4779 435 4854; x_wconf 90' lang='lat' dir='ltr'>pravis</span> <span class='ocrx_word' id='word_1_689' title='bbox 457 4781 740 4855; x_wconf 87' lang='lat' dir='ltr'>exemplis</span> <span class='ocrx_word' id='word_1_690' title='bbox 759 4784 1193 4851; x_wconf 86' lang='lat' dir='ltr'>destruxerunt,</span> <span class='ocrx_word' id='word_1_691' title='bbox 1213 4784 1292 4840; x_wconf 88' lang='lat' dir='ltr'>rei</span> <span class='ocrx_word' id='word_1_692' title='bbox 1312 4788 1472 4840; x_wconf 87' lang='lat' dir='ltr'>sunt.</span> <span class='ocrx_word' id='word_1_693' title='bbox 1493 4808 1521 4837; x_wconf 87' lang='lat'>»</span> <span class='ocrx_word' id='word_1_694' title='bbox 1554 4786 1625 4841; x_wconf 91' lang='lat' dir='ltr'>Et</span> <span class='ocrx_word' id='word_1_695' title='bbox 1653 4787 1891 4861; x_wconf 89' lang='lat' dir='ltr'>presby-</span> 
     </span>
    </p>
   </div>
   <div class='ocr_carea' id='block_1_96' title="bbox 237 4870 1889 4946">
    <p class='ocr_par' dir='ltr' id='par_1_96' title="bbox 237 4870 1889 4946">
     <span class='ocr_line' id='line_1_96' title="bbox 237 4870 1889 4946; baseline 0.004 -21"><span class='ocrx_word' id='word_1_696' title='bbox 237 4870 349 4937; x_wconf 87' lang='lat' dir='ltr'>ter,</span> <span class='ocrx_word' id='word_1_697' title='bbox 372 4874 595 4942; x_wconf 87' lang='lat' dir='ltr'>quanto</span> <span class='ocrx_word' id='word_1_698' title='bbox 627 4874 811 4945; x_wconf 90' lang='lat' dir='ltr'>gradu</span> <span class='ocrx_word' id='word_1_699' title='bbox 844 4873 1107 4946; x_wconf 90' lang='lat' dir='ltr'>quolibet</span> <span class='ocrx_word' id='word_1_700' title='bbox 1126 4873 1459 4930; x_wconf 89' lang='lat' dir='ltr'>Christiano</span> <span class='ocrx_word' id='word_1_701' title='bbox 1478 4874 1626 4931; x_wconf 89' lang='lat' dir='ltr'>laico</span> <span class='ocrx_word' id='word_1_702' title='bbox 1658 4879 1746 4931; x_wconf 91' lang='lat' dir='ltr'>est</span> <span class='ocrx_word' id='word_1_703' title='bbox 1771 4876 1889 4933; x_wconf 87' lang='lat' dir='ltr'>cel-</span> 
     </span>
    </p>
   </div>
   <div class='ocr_carea' id='block_1_97' title="bbox 238 4956 1890 5038">
    <p class='ocr_par' dir='ltr' id='par_1_97' title="bbox 238 4956 1890 5038">
     <span class='ocr_line' id='line_1_97' title="bbox 238 4956 1890 5038; baseline 0.004 -23"><span class='ocrx_word' id='word_1_704' title='bbox 238 4956 378 5029; x_wconf 87' lang='lat' dir='ltr'>sior,</span> <span class='ocrx_word' id='word_1_705' title='bbox 413 4962 577 5017; x_wconf 89' lang='lat' dir='ltr'>tanto</span> <span class='ocrx_word' id='word_1_706' title='bbox 624 4960 801 5035; x_wconf 90' lang='lat' dir='ltr'>culpa</span> <span class='ocrx_word' id='word_1_707' title='bbox 849 4962 1008 5018; x_wconf 91' lang='lat' dir='ltr'>illius</span> <span class='ocrx_word' id='word_1_708' title='bbox 1038 4968 1129 5019; x_wconf 92' lang='lat' dir='ltr'>est</span> <span class='ocrx_word' id='word_1_709' title='bbox 1156 4962 1403 5036; x_wconf 89' lang='lat' dir='ltr'>gravior,</span> <span class='ocrx_word' id='word_1_710' title='bbox 1437 4968 1495 5019; x_wconf 92' lang='lat' dir='ltr'>et</span> <span class='ocrx_word' id='word_1_711' title='bbox 1524 4964 1624 5038; x_wconf 91' lang='lat' dir='ltr'>qui</span> <span class='ocrx_word' id='word_1_712' title='bbox 1653 4964 1890 5021; x_wconf 90' lang='lat' dir='ltr'>illorum</span> 
     </span>
    </p>
   </div>
   <div class='ocr_carea' id='block_1_98' title="bbox 238 5047 1891 5128">
    <p class='ocr_par' dir='ltr' id='par_1_98' title="bbox 238 5047 1891 5128">
     <span class='ocr_line' id='line_1_98' title="bbox 238 5047 1891 5128; baseline 0.006 -26"><span class='ocrx_word' id='word_1_713' title='bbox 238 5047 500 5121; x_wconf 86' lang='lat' dir='ltr'>perjurio</span> <span class='ocrx_word' id='word_1_714' title='bbox 528 5053 619 5105; x_wconf 89' lang='lat' dir='ltr'>est</span> <span class='ocrx_word' id='word_1_715' title='bbox 674 5050 1004 5126; x_wconf 88' lang='lat' dir='ltr'>colligatus,</span> <span class='ocrx_word' id='word_1_716' title='bbox 1037 5052 1097 5108; x_wconf 91' lang='lat' dir='ltr'>in</span> <span class='ocrx_word' id='word_1_717' title='bbox 1124 5051 1358 5110; x_wconf 89' lang='lat' dir='ltr'>illorum</span> <span class='ocrx_word' id='word_1_718' title='bbox 1386 5058 1476 5110; x_wconf 87' lang='lat' dir='ltr'>est</span> <span class='ocrx_word' id='word_1_719' title='bbox 1504 5055 1761 5128; x_wconf 91' lang='lat' dir='ltr'>perjurio</span> <span class='ocrx_word' id='word_1_720' title='bbox 1792 5072 1891 5111; x_wconf 82' lang='lat' dir='ltr'>ca-</span> 
     </span>
    </p>
   </div>
   <div class='ocr_carea' id='block_1_99' title="bbox 236 5140 1889 5219">
    <p class='ocr_par' dir='ltr' id='par_1_99' title="bbox 236 5140 1889 5219">
     <span class='ocr_line' id='line_1_99' title="bbox 236 5140 1889 5219; baseline 0.007 -28"><span class='ocrx_word' id='word_1_721' title='bbox 236 5140 396 5210; x_wconf 82' lang='lat' dir='ltr'>ptus,</span> <span class='ocrx_word' id='word_1_722' title='bbox 431 5155 498 5194; x_wconf 90' lang='lat' dir='ltr'>ac</span> <span class='ocrx_word' id='word_1_723' title='bbox 527 5156 632 5212; x_wconf 86' lang='lat' dir='ltr'>per</span> <span class='ocrx_word' id='word_1_724' title='bbox 661 5140 770 5197; x_wconf 92' lang='lat' dir='ltr'>hoc</span> <span class='ocrx_word' id='word_1_725' title='bbox 799 5142 1126 5198; x_wconf 90' lang='lat' dir='ltr'>secundum</span> <span class='ocrx_word' id='word_1_726' title='bbox 1170 5141 1493 5216; x_wconf 88' lang='lat' dir='ltr'>capitulum</span> <span class='ocrx_word' id='word_1_727' title='bbox 1538 5144 1889 5219; x_wconf 88' lang='lat' dir='ltr'>vigesimum</span> 
     </span>
    </p>
   </div>
   <div class='ocr_carea' id='block_1_100' title="bbox 236 5226 1889 5307">
    <p class='ocr_par' dir='ltr' id='par_1_100' title="bbox 236 5226 1889 5307">
     <span class='ocr_line' id='line_1_100' title="bbox 236 5226 1889 5307; baseline 0.006 -26"><span class='ocrx_word' id='word_1_728' title='bbox 236 5226 514 5299; x_wconf 89' lang='lat' dir='ltr'>quintum</span> <span class='ocrx_word' id='word_1_729' title='bbox 547 5230 1002 5303; x_wconf 88' lang='lat' dir='ltr'>apostolicorum</span> <span class='ocrx_word' id='word_1_730' title='bbox 1036 5249 1328 5288; x_wconf 90' lang='lat' dir='ltr'>canonum</span> <span class='ocrx_word' id='word_1_731' title='bbox 1360 5235 1432 5289; x_wconf 91' lang='lat' dir='ltr'>de</span> <span class='ocrx_word' id='word_1_732' title='bbox 1457 5235 1714 5307; x_wconf 86' lang='lat' dir='ltr'>perjurio</span> <span class='ocrx_word' id='word_1_733' title='bbox 1728 5235 1889 5307; x_wconf 88' lang='lat' dir='ltr'>judi-</span> 
     </span>
    </p>
   </div>
   <div class='ocr_carea' id='block_1_101' title="bbox 236 5314 1890 5393">
    <p class='ocr_par' dir='ltr' id='par_1_101' title="bbox 236 5314 1890 5393">
     <span class='ocr_line' id='line_1_101' title="bbox 236 5314 1890 5393; baseline 0.004 -22"><span class='ocrx_word' id='word_1_734' title='bbox 236 5314 486 5372; x_wconf 86' lang='lat' dir='ltr'>candus.</span> <span class='ocrx_word' id='word_1_735' title='bbox 500 5315 664 5375; x_wconf 86' lang='lat' dir='ltr'>Unde</span> <span class='ocrx_word' id='word_1_736' title='bbox 676 5324 916 5376; x_wconf 89' lang='lat' dir='ltr'>sanctus</span> <span class='ocrx_word' id='word_1_737' title='bbox 930 5320 1336 5393; x_wconf 79' lang='lat' dir='ltr'>Hieronymus,</span> <span class='ocrx_word' id='word_1_738' title='bbox 1351 5337 1644 5393; x_wconf 88' lang='lat' dir='ltr'>exponens</span> <span class='ocrx_word' id='word_1_739' title='bbox 1665 5325 1890 5378; x_wconf 85' lang='lat' dir='ltr'>senten-</span> 
     </span>
    </p>
   </div>
   <div class='ocr_carea' id='block_1_102' title="bbox 234 5402 1891 5483">
    <p class='ocr_par' dir='ltr' id='par_1_102' title="bbox 234 5402 1891 5483">
     <span class='ocr_line' id='line_1_102' title="bbox 234 5402 1891 5483; baseline 0.005 -23"><span class='ocrx_word' id='word_1_740' title='bbox 234 5402 381 5460; x_wconf 83' lang='lat' dir='ltr'>tiam</span> <span class='ocrx_word' id='word_1_741' title='bbox 394 5405 710 5463; x_wconf 87' lang='lat' dir='ltr'>Ezechielis</span> <span class='ocrx_word' id='word_1_742' title='bbox 732 5409 1024 5481; x_wconf 67' lang='lat' dir='ltr'>prophetae</span> <span class='ocrx_word' id='word_1_743' title='bbox 1039 5410 1108 5465; x_wconf 89' lang='lat' dir='ltr'>de</span> <span class='ocrx_word' id='word_1_744' title='bbox 1122 5409 1493 5482; x_wconf 77' lang='lat' dir='ltr'>praevaricato</span> <span class='ocrx_word' id='word_1_745' title='bbox 1505 5410 1843 5483; x_wconf 89' lang='lat' dir='ltr'>juramento</span> <span class='ocrx_word' id='word_1_746' title='bbox 1857 5429 1891 5468; x_wconf 79' lang='grc' dir='ltr'>ο.</span> 
     </span>
    </p>
   </div>
   <div class='ocr_carea' id='block_1_103' title="bbox 234 5492 1889 5570">
    <p class='ocr_par' dir='ltr' id='par_1_103' title="bbox 234 5492 1889 5570">
     <span class='ocr_line' id='line_1_103' title="bbox 234 5492 1889 5570; baseline 0.007 -23"><span class='ocrx_word' id='word_1_747' title='bbox 234 5492 520 5550; x_wconf 89' lang='lat' dir='ltr'>Sedechia</span> <span class='ocrx_word' id='word_1_748' title='bbox 550 5512 683 5570; x_wconf 90' lang='lat' dir='ltr'>rege</span> <span class='ocrx_word' id='word_1_749' title='bbox 735 5497 878 5553; x_wconf 90' lang='lat' dir='ltr'>dicit</span> <span class='ocrx_word' id='word_1_750' title='bbox 911 5515 923 5553; x_wconf 91' lang='lat'><strong>:</strong></span> <span class='ocrx_word' id='word_1_751' title='bbox 956 5499 1141 5554; x_wconf 90' lang='lat' dir='ltr'>Multo</span> <span class='ocrx_word' id='word_1_752' title='bbox 1174 5499 1328 5554; x_wconf 89' lang='lat' dir='ltr'>enim</span> <span class='ocrx_word' id='word_1_753' title='bbox 1364 5500 1590 5555; x_wconf 73' lang='lat' dir='ltr'>fidelior</span> <span class='ocrx_word' id='word_1_754' title='bbox 1615 5500 1889 5558; x_wconf 85' lang='lat' dir='ltr'>inventus</span> 
     </span>
    </p>
   </div>
   <div class='ocr_carea' id='block_1_104' title="bbox 232 5581 1886 5660">
    <p class='ocr_par' dir='ltr' id='par_1_104' title="bbox 232 5581 1886 5660">
     <span class='ocr_line' id='line_1_104' title="bbox 232 5581 1886 5660; baseline 0.007 -25"><span class='ocrx_word' id='word_1_755' title='bbox 232 5585 325 5637; x_wconf 89' lang='lat' dir='ltr'>est</span> <span class='ocrx_word' id='word_1_756' title='bbox 346 5581 444 5638; x_wconf 91' lang='lat' dir='ltr'>ille</span> <span class='ocrx_word' id='word_1_757' title='bbox 467 5584 567 5657; x_wconf 93' lang='lat' dir='ltr'>qui</span> <span class='ocrx_word' id='word_1_758' title='bbox 593 5592 830 5660; x_wconf 88' lang='lat' dir='ltr'>propter</span> <span class='ocrx_word' id='word_1_759' title='bbox 858 5604 1069 5643; x_wconf 90' lang='lat' dir='ltr'>nomen</span> <span class='ocrx_word' id='word_1_760' title='bbox 1094 5588 1195 5643; x_wconf 87' lang='lat' dir='ltr'>Dei</span> <span class='ocrx_word' id='word_1_761' title='bbox 1231 5588 1335 5643; x_wconf 87' lang='lat' dir='ltr'>tibi</span> <span class='ocrx_word' id='word_1_762' title='bbox 1369 5589 1613 5645; x_wconf 89' lang='lat' dir='ltr'>credidit</span> <span class='ocrx_word' id='word_1_763' title='bbox 1643 5594 1700 5646; x_wconf 88' lang='lat' dir='ltr'>et</span> <span class='ocrx_word' id='word_1_764' title='bbox 1720 5591 1886 5647; x_wconf 89' lang='lat' dir='ltr'>dece-</span> 
     </span>
    </p>
   </div>
   <div class='ocr_carea' id='block_1_105' title="bbox 230 5674 1886 5753">
    <p class='ocr_par' dir='ltr' id='par_1_105' title="bbox 230 5674 1886 5753">
     <span class='ocr_line' id='line_1_105' title="bbox 230 5674 1886 5753; baseline 0.005 -26"><span class='ocrx_word' id='word_1_765' title='bbox 230 5674 372 5745; x_wconf 88' lang='lat' dir='ltr'>ptus</span> <span class='ocrx_word' id='word_1_766' title='bbox 399 5677 509 5744; x_wconf 88' lang='lat' dir='ltr'>est,</span> <span class='ocrx_word' id='word_1_767' title='bbox 540 5678 597 5732; x_wconf 89' lang='lat' dir='ltr'>te</span> <span class='ocrx_word' id='word_1_768' title='bbox 628 5676 726 5750; x_wconf 90' lang='lat' dir='ltr'>qui</span> <span class='ocrx_word' id='word_1_769' title='bbox 761 5693 864 5750; x_wconf 90' lang='lat' dir='ltr'>per</span> <span class='ocrx_word' id='word_1_770' title='bbox 887 5678 1253 5734; x_wconf 90' lang='lat' dir='ltr'>occasionem</span> <span class='ocrx_word' id='word_1_771' title='bbox 1303 5678 1509 5734; x_wconf 70' lang='lat' dir='ltr'>divina:</span> <span class='ocrx_word' id='word_1_772' title='bbox 1561 5681 1886 5753; x_wconf 82' lang='lat' dir='ltr'>majestatis</span> 
     </span>
    </p>
   </div>
   <div class='ocr_carea' id='block_1_106' title="bbox 230 5759 1883 5841">
    <p class='ocr_par' dir='ltr' id='par_1_106' title="bbox 230 5759 1883 5841">
     <span class='ocr_line' id='line_1_106' title="bbox 230 5759 1883 5841; baseline 0.005 -24"><span class='ocrx_word' id='word_1_773' title='bbox 230 5759 390 5819; x_wconf 86' lang='lat' dir='ltr'>hosti</span> <span class='ocrx_word' id='word_1_774' title='bbox 440 5768 561 5835; x_wconf 92' lang='lat' dir='ltr'>tuo,</span> <span class='ocrx_word' id='word_1_775' title='bbox 595 5765 714 5826; x_wconf 90' lang='lat' dir='ltr'>imo</span> <span class='ocrx_word' id='word_1_776' title='bbox 769 5767 896 5841; x_wconf 89' lang='lat' dir='ltr'>jam</span> <span class='ocrx_word' id='word_1_777' title='bbox 957 5767 1166 5841; x_wconf 90' lang='lat' dir='ltr'>amico,</span> <span class='ocrx_word' id='word_1_778' title='bbox 1199 5767 1438 5826; x_wconf 89' lang='lat' dir='ltr'>molitus</span> <span class='ocrx_word' id='word_1_779' title='bbox 1495 5786 1559 5826; x_wconf 89' lang='lat' dir='ltr'>es</span> <span class='ocrx_word' id='word_1_780' title='bbox 1616 5768 1883 5827; x_wconf 88' lang='lat' dir='ltr'>insidias.</span> 
     </span>
    </p>
   </div>
   <div class='ocr_carea' id='block_1_107' title="bbox 2000 4781 3656 4854">
    <p class='ocr_par' dir='ltr' id='par_1_107' title="bbox 2000 4781 3656 4854">
     <span class='ocr_line' id='line_1_107' title="bbox 2000 4781 3656 4854; baseline -0.005 -10"><span class='ocrx_word' id='word_1_781' title='bbox 2000 4788 2168 4845; x_wconf 88' lang='lat' dir='ltr'>vanis</span> <span class='ocrx_word' id='word_1_782' title='bbox 2198 4803 2260 4842; x_wconf 91' lang='lat' dir='ltr'>se</span> <span class='ocrx_word' id='word_1_783' title='bbox 2281 4786 2576 4842; x_wconf 64' lang='lat' dir='ltr'>aestimant</span> <span class='ocrx_word' id='word_1_784' title='bbox 2605 4784 2912 4841; x_wconf 81' lang='lat' dir='ltr'>conatibus</span> <span class='ocrx_word' id='word_1_785' title='bbox 2943 4783 3183 4853; x_wconf 84' lang='lat' dir='ltr'>solvere,</span> <span class='ocrx_word' id='word_1_786' title='bbox 3209 4800 3275 4838; x_wconf 89' lang='lat' dir='ltr'>ac</span> <span class='ocrx_word' id='word_1_787' title='bbox 3297 4798 3400 4854; x_wconf 89' lang='lat' dir='ltr'>per</span> <span class='ocrx_word' id='word_1_788' title='bbox 3420 4781 3529 4837; x_wconf 92' lang='lat' dir='ltr'>hoc</span> <span class='ocrx_word' id='word_1_789' title='bbox 3550 4797 3656 4837; x_wconf 89' lang='lat' dir='ltr'>nec</span> 
     </span>
    </p>
   </div>
   <div class='ocr_carea' id='block_1_108' title="bbox 2001 4869 3654 4945">
    <p class='ocr_par' dir='ltr' id='par_1_108' title="bbox 2001 4869 3654 4945">
     <span class='ocr_line' id='line_1_108' title="bbox 2001 4869 3654 4945; baseline -0.006 -11"><span class='ocrx_word' id='word_1_790' title='bbox 2001 4874 2429 4934; x_wconf 82' lang='lat' dir='ltr'>absolutionem</span> <span class='ocrx_word' id='word_1_791' title='bbox 2463 4878 2675 4929; x_wconf 71' lang='lat' dir='ltr'>sanctae</span> <span class='ocrx_word' id='word_1_792' title='bbox 2706 4872 3181 4945; x_wconf 64' lang='lat' dir='ltr'>Ecclesiae,quam</span> <span class='ocrx_word' id='word_1_793' title='bbox 3211 4874 3449 4943; x_wconf 76' lang='lat' dir='ltr'>praestat</span> <span class='ocrx_word' id='word_1_794' title='bbox 3470 4869 3654 4925; x_wconf 81' lang='lat' dir='ltr'>fideli-</span> 
     </span>
    </p>
   </div>
   <div class='ocr_carea' id='block_1_109' title="bbox 1999 4958 3653 5037">
    <p class='ocr_par' dir='ltr' id='par_1_109' title="bbox 1999 4958 3653 5037">
     <span class='ocr_line' id='line_1_109' title="bbox 1999 4958 3653 5037; baseline -0.006 -13"><span class='ocrx_word' id='word_1_795' title='bbox 1999 4968 2112 5024; x_wconf 90' lang='lat' dir='ltr'>bus</span> <span class='ocrx_word' id='word_1_796' title='bbox 2133 4981 2328 5022; x_wconf 89' lang='lat' dir='ltr'>veram</span> <span class='ocrx_word' id='word_1_797' title='bbox 2361 4967 2589 5036; x_wconf 87' lang='lat' dir='ltr'>putant,</span> <span class='ocrx_word' id='word_1_798' title='bbox 2615 4963 2663 5019; x_wconf 90' lang='lat' dir='ltr'>si</span> <span class='ocrx_word' id='word_1_799' title='bbox 2689 4962 2975 5037; x_wconf 88' lang='lat' dir='ltr'>ligaturas</span> <span class='ocrx_word' id='word_1_800' title='bbox 3005 4962 3134 5033; x_wconf 91' lang='lat' dir='ltr'>ejus</span> <span class='ocrx_word' id='word_1_801' title='bbox 3152 4959 3343 5015; x_wconf 86' lang='lat' dir='ltr'>valere</span> <span class='ocrx_word' id='word_1_802' title='bbox 3362 4976 3478 5015; x_wconf 90' lang='lat' dir='ltr'>non</span> <span class='ocrx_word' id='word_1_803' title='bbox 3501 4958 3653 5016; x_wconf 68' lang='lat' dir='ltr'>msti-</span> 
     </span>
    </p>
   </div>
   <div class='ocr_carea' id='block_1_110' title="bbox 2002 5050 3650 5125">
    <p class='ocr_par' dir='ltr' id='par_1_110' title="bbox 2002 5050 3650 5125">
     <span class='ocr_line' id='line_1_110' title="bbox 2002 5050 3650 5125; baseline -0.005 -14"><span class='ocrx_word' id='word_1_804' title='bbox 2002 5058 2186 5111; x_wconf 89' lang='lat' dir='ltr'>mant.</span> <span class='ocrx_word' id='word_1_805' title='bbox 2220 5055 2435 5111; x_wconf 89' lang='lat' dir='ltr'>Contra</span> <span class='ocrx_word' id='word_1_806' title='bbox 2469 5070 2615 5125; x_wconf 91' lang='lat' dir='ltr'>quos</span> <span class='ocrx_word' id='word_1_807' title='bbox 2648 5051 2870 5108; x_wconf 91' lang='lat' dir='ltr'>diutius</span> <span class='ocrx_word' id='word_1_808' title='bbox 2917 5050 3344 5124; x_wconf 89' lang='lat' dir='ltr'>disputandum</span> <span class='ocrx_word' id='word_1_809' title='bbox 3391 5066 3509 5105; x_wconf 87' lang='lat' dir='ltr'>non</span> <span class='ocrx_word' id='word_1_810' title='bbox 3542 5052 3650 5117; x_wconf 88' lang='lat' dir='ltr'>est,</span> 
     </span>
    </p>
   </div>
   <div class='ocr_carea' id='block_1_111' title="bbox 2000 5138 3649 5218">
    <p class='ocr_par' dir='ltr' id='par_1_111' title="bbox 2000 5138 3649 5218">
     <span class='ocr_line' id='line_1_111' title="bbox 2000 5138 3649 5218; baseline -0.006 -17"><span class='ocrx_word' id='word_1_811' title='bbox 2000 5145 2141 5218; x_wconf 91' lang='lat' dir='ltr'>quia</span> <span class='ocrx_word' id='word_1_812' title='bbox 2160 5161 2263 5216; x_wconf 90' lang='lat' dir='ltr'>per</span> <span class='ocrx_word' id='word_1_813' title='bbox 2277 5142 2476 5200; x_wconf 85' lang='lat' dir='ltr'>omnia</span> <span class='ocrx_word' id='word_1_814' title='bbox 2491 5141 2784 5214; x_wconf 85' lang='lat' dir='ltr'>despicien</span> <span class='ocrx_word' id='word_1_815' title='bbox 2793 5141 2849 5196; x_wconf 90' lang='lat' dir='ltr'>di</span> <span class='ocrx_word' id='word_1_816' title='bbox 2868 5145 2922 5197; x_wconf 90' lang='lat' dir='ltr'>et</span> <span class='ocrx_word' id='word_1_817' title='bbox 2935 5138 3290 5196; x_wconf 88' lang='lat' dir='ltr'>anathemati</span> <span class='ocrx_word' id='word_1_818' title='bbox 3299 5139 3466 5195; x_wconf 86' lang='lat' dir='ltr'>zandi</span> <span class='ocrx_word' id='word_1_819' title='bbox 3491 5144 3649 5206; x_wconf 85' lang='lat' dir='ltr'>sunt,</span> 
     </span>
    </p>
   </div>
   <div class='ocr_carea' id='block_1_112' title="bbox 2000 5227 3651 5301">
    <p class='ocr_par' dir='ltr' id='par_1_112' title="bbox 2000 5227 3651 5301">
     <span class='ocr_line' id='line_1_112' title="bbox 2000 5227 3651 5301; baseline -0.005 -10"><span class='ocrx_word' id='word_1_820' title='bbox 2000 5239 2059 5291; x_wconf 91' lang='lat' dir='ltr'>et</span> <span class='ocrx_word' id='word_1_821' title='bbox 2073 5235 2229 5290; x_wconf 91' lang='lat' dir='ltr'>unde</span> <span class='ocrx_word' id='word_1_822' title='bbox 2247 5250 2309 5289; x_wconf 89' lang='lat' dir='ltr'>se</span> <span class='ocrx_word' id='word_1_823' title='bbox 2327 5231 2526 5288; x_wconf 89' lang='lat' dir='ltr'>fallere</span> <span class='ocrx_word' id='word_1_824' title='bbox 2541 5231 2844 5287; x_wconf 89' lang='lat' dir='ltr'>veritatem</span> <span class='ocrx_word' id='word_1_825' title='bbox 2869 5230 3137 5301; x_wconf 90' lang='lat' dir='ltr'>credunt,</span> <span class='ocrx_word' id='word_1_826' title='bbox 3160 5229 3297 5285; x_wconf 90' lang='lat' dir='ltr'>inde</span> <span class='ocrx_word' id='word_1_827' title='bbox 3312 5228 3370 5283; x_wconf 89' lang='lat' dir='ltr'>in</span> <span class='ocrx_word' id='word_1_828' title='bbox 3394 5227 3651 5301; x_wconf 80' lang='lat' dir='ltr'>peccatis</span> 
     </span>
    </p>
   </div>
   <div class='ocr_carea' id='block_1_113' title="bbox 2000 5321 3653 5394">
    <p class='ocr_par' dir='ltr' id='par_1_113' title="bbox 2000 5321 3653 5394">
     <span class='ocr_line' id='line_1_113' title="bbox 2000 5321 3653 5394; baseline -0.005 -13"><span class='ocrx_word' id='word_1_829' title='bbox 2000 5324 2125 5381; x_wconf 91' lang='lat' dir='ltr'>suis</span> <span class='ocrx_word' id='word_1_830' title='bbox 2153 5322 2437 5379; x_wconf 88' lang='lat' dir='ltr'>veraciter</span> <span class='ocrx_word' id='word_1_831' title='bbox 2465 5321 2744 5394; x_wconf 89' lang='lat' dir='ltr'>ligantur,</span> <span class='ocrx_word' id='word_1_832' title='bbox 2777 5337 2993 5392; x_wconf 87' lang='lat' dir='ltr'>eosque</span> <span class='ocrx_word' id='word_1_833' title='bbox 3022 5323 3080 5375; x_wconf 88' lang='lat' dir='ltr'>et</span> <span class='ocrx_word' id='word_1_834' title='bbox 3111 5334 3216 5391; x_wconf 88' lang='lat' dir='ltr'>ego</span> <span class='ocrx_word' id='word_1_835' title='bbox 3242 5322 3299 5374; x_wconf 90' lang='lat' dir='ltr'>et</span> <span class='ocrx_word' id='word_1_836' title='bbox 3328 5333 3533 5373; x_wconf 91' lang='lat' dir='ltr'>omnes</span> <span class='ocrx_word' id='word_1_837' title='bbox 3562 5332 3653 5372; x_wconf 89' lang='lat' dir='ltr'>ca-</span> 
     </span>
    </p>
   </div>
   <div class='ocr_carea' id='block_1_114' title="bbox 1998 5405 3651 5485">
    <p class='ocr_par' dir='ltr' id='par_1_114' title="bbox 1998 5405 3651 5485">
     <span class='ocr_line' id='line_1_114' title="bbox 1998 5405 3651 5485; baseline -0.005 -15"><span class='ocrx_word' id='word_1_838' title='bbox 1998 5413 2198 5472; x_wconf 90' lang='lat' dir='ltr'>tholici</span> <span class='ocrx_word' id='word_1_839' title='bbox 2234 5411 2514 5485; x_wconf 89' lang='lat' dir='ltr'>episcapi,</span> <span class='ocrx_word' id='word_1_840' title='bbox 2547 5415 2723 5483; x_wconf 88' lang='lat' dir='ltr'>atque</span> <span class='ocrx_word' id='word_1_841' title='bbox 2755 5408 3104 5465; x_wconf 83' lang='lat' dir='ltr'>universalis</span> <span class='ocrx_word' id='word_1_842' title='bbox 3133 5406 3393 5464; x_wconf 85' lang='lat' dir='ltr'>Ecclesia</span> <span class='ocrx_word' id='word_1_843' title='bbox 3411 5405 3651 5463; x_wconf 89' lang='lat' dir='ltr'>anathe-</span> 
     </span>
    </p>
   </div>
   <div class='ocr_carea' id='block_1_115' title="bbox 2000 5495 3650 5573">
    <p class='ocr_par' dir='ltr' id='par_1_115' title="bbox 2000 5495 3650 5573">
     <span class='ocr_line' id='line_1_115' title="bbox 2000 5495 3650 5573; baseline -0.006 -14"><span class='ocrx_word' id='word_1_844' title='bbox 2000 5504 2371 5571; x_wconf 79' lang='lat' dir='ltr'>matizamus,</span> <span class='ocrx_word' id='word_1_845' title='bbox 2394 5499 2531 5573; x_wconf 90' lang='lat' dir='ltr'>quia</span> <span class='ocrx_word' id='word_1_846' title='bbox 2550 5499 2774 5555; x_wconf 84' lang='lat' dir='ltr'>veritati</span> <span class='ocrx_word' id='word_1_847' title='bbox 2809 5497 3103 5554; x_wconf 84' lang='lat' dir='ltr'>contraria</span> <span class='ocrx_word' id='word_1_848' title='bbox 3120 5495 3404 5562; x_wconf 90' lang='lat' dir='ltr'>sentiunt,</span> <span class='ocrx_word' id='word_1_849' title='bbox 3427 5498 3483 5549; x_wconf 92' lang='lat' dir='ltr'>et</span> <span class='ocrx_word' id='word_1_850' title='bbox 3514 5511 3650 5550; x_wconf 90' lang='lat' dir='ltr'>con-</span> 
     </span>
    </p>
   </div>
   <div class='ocr_carea' id='block_1_116' title="bbox 1996 5591 2614 5662">
    <p class='ocr_par' dir='ltr' id='par_1_116' title="bbox 1996 5591 2614 5662">
     <span class='ocr_line' id='line_1_116' title="bbox 1996 5591 2614 5662; baseline -0.01 -14"><span class='ocrx_word' id='word_1_851' title='bbox 1996 5592 2175 5648; x_wconf 85' lang='lat' dir='ltr'>traria</span> <span class='ocrx_word' id='word_1_852' title='bbox 2206 5591 2548 5662; x_wconf 86' lang='lat' dir='ltr'>loquuntur.</span> <span class='ocrx_word' id='word_1_853' title='bbox 2587 5611 2614 5637; x_wconf 89' lang='grc'><strong>››</strong></span> 
     </span>
    </p>
   </div>
   <div class='ocr_carea' id='block_1_117' title="bbox 2069 5669 3648 5747">
    <p class='ocr_par' dir='ltr' id='par_1_117' title="bbox 2069 5669 3648 5747">
     <span class='ocr_line' id='line_1_117' title="bbox 2069 5669 3648 5747; baseline -0.005 -11"><span class='ocrx_word' id='word_1_854' title='bbox 2069 5680 2203 5736; x_wconf 68' lang='lat' dir='ltr'>CAP.</span> <span class='ocrx_word' id='word_1_855' title='bbox 2236 5677 2360 5733; x_wconf 84' lang='lat' dir='ltr'>VII.</span> <span class='ocrx_word' id='word_1_856' title='bbox 2396 5675 2455 5732; x_wconf 89' lang='lat' dir='ltr'>Si</span> <span class='ocrx_word' id='word_1_857' title='bbox 2488 5680 2683 5732; x_wconf 86' lang='lat' dir='ltr'>autem</span> <span class='ocrx_word' id='word_1_858' title='bbox 2740 5675 2967 5745; x_wconf 75' lang='lat' dir='ltr'>dixerit,</span> <span class='ocrx_word' id='word_1_859' title='bbox 3000 5674 3154 5747; x_wconf 87' lang='lat' dir='ltr'>quod</span> <span class='ocrx_word' id='word_1_860' title='bbox 3214 5671 3412 5745; x_wconf 87' lang='lat' dir='ltr'>plures</span> <span class='ocrx_word' id='word_1_861' title='bbox 3458 5669 3648 5736; x_wconf 83' lang='lat' dir='ltr'>solent</span> 
     </span>
    </p>
   </div>
   <div class='ocr_carea' id='block_1_118' title="bbox 1997 5760 3649 5841">
    <p class='ocr_par' dir='ltr' id='par_1_118' title="bbox 1997 5760 3649 5841">
     <span class='ocr_line' id='line_1_118' title="bbox 1997 5760 3649 5841; baseline -0.004 -14"><span class='ocrx_word' id='word_1_862' title='bbox 1997 5770 2206 5838; x_wconf 90' lang='lat' dir='ltr'>dicere,</span> <span class='ocrx_word' id='word_1_863' title='bbox 2242 5767 2381 5841; x_wconf 88' lang='lat' dir='ltr'>quia</span> <span class='ocrx_word' id='word_1_864' title='bbox 2412 5781 2515 5838; x_wconf 90' lang='lat' dir='ltr'>per</span> <span class='ocrx_word' id='word_1_865' title='bbox 2543 5764 2845 5840; x_wconf 87' lang='lat' dir='ltr'>ingenium</span> <span class='ocrx_word' id='word_1_866' title='bbox 2874 5765 3076 5837; x_wconf 88' lang='lat' dir='ltr'>jurare</span> <span class='ocrx_word' id='word_1_867' title='bbox 3097 5760 3299 5836; x_wconf 85' lang='lat' dir='ltr'>jussit,</span> <span class='ocrx_word' id='word_1_868' title='bbox 3333 5777 3451 5821; x_wconf 91' lang='lat' dir='ltr'>non</span> <span class='ocrx_word' id='word_1_869' title='bbox 3481 5765 3649 5837; x_wconf 86' lang='lat' dir='ltr'>putet</span> 
     </span>
    </p>
   </div>
  </div>
