4152 6534
492 401 649 467 1115

1267 397 1656 460 HINCMARI
1702 396 1948 458 RHEM.
1992 394 2356 458 ARGHIEP.
2403 393 2813 457 OPUSCULA
2854 392 3122 454 VAltIA.

3755 389 3934 453 1116

487 536 802 596 verbiarte
829 552 893 591 se
923 551 1094 608 posse
1125 531 1322 590 fallere
1371 531 1711 604 Dominum,
1743 530 1836 587 cui
1869 529 2016 586 nihil
2045 546 2141 586 oc-
2169 529 2228 598 Α
2256 529 2542 602 proximo,
2575 544 2753 600 quem
2783 531 2913 584 atra
2955 527 3156 583 fraude
3211 525 3409 584 fallere
3435 529 3650 599 putat,
3678 524 3936 582 dicente

487 625 715 684 cultum
746 629 854 690 est,
873 628 930 680 et
961 624 1061 696 qui
1093 640 1209 679 non
1242 626 1308 678 ut
1338 623 1494 694 jurat
1523 621 1658 693 quis
1687 619 2060 692 attendit,sed
2076 623 2140 674 ut

490 713 542 771 is
573 712 802 788 putavit
831 712 923 768 cui
948 713 1217 784 juratum
1249 715 1356 778 est,
1390 715 1447 766 et
1501 708 1749 782 proximi
1797 710 2138 781 juramento

491 802 760 860 credidit.
794 799 902 867 Qui
949 804 1146 856 autem
1207 817 1311 873 per
1338 799 1538 855 dolum
1560 799 1749 871 jnrat,
1777 802 1841 852 ut
1870 797 2140 853 catholici

487 893 754 950 doctores
776 890 1001 956 dicunt,
1028 889 1285 962 primum
1308 889 1422 945 Deo
1447 905 1582 944 reus
1601 892 1708 952 est,
1735 888 1903 959 cujus
1926 904 2138 942 nomen

487 985 692 1038 contra
721 983 1076 1053 prmeeptum
1109 977 1257 1052 legis
1287 977 1540 1034 assumit
1568 975 1628 1032 in
1657 993 1895 1044 vanum,
1929 975 2139 1033 deinde

2251 617 2582 684 Psalmista,
2617 617 2756 690 quia
2811 618 3072 674 lmzocens
3125 619 3383 672 manibus
3411 625 3464 673 et
3489 616 3702 674 mundo
3732 617 3932 686 corde,

2247 710 2346 781 qui
2373 725 2482 764 non
2504 708 2662 780 jurat
2693 710 2748 764 ιή
2780 708 2900 763 dolo
2917 708 3192 780 proximo,
3219 709 3446 778 accipiet
3478 706 3936 762 benedictionem

2247 799 2538 854 aDomino
2566 798 2743 866 (Psal.
2775 800 2962 865 XXIII).
2995 796 3102 852 Sed
3162 800 3222 851 et
3276 795 3388 852 sibi
3447 795 3561 869 ipsi
3612 813 3756 852 reus
3807 801 3931 862 est,

2251 888 2356 956 Qui
2402 888 2602 958 accipit
2651 888 2712 942 in
2759 902 2899 942 vano
2956 887 3204 942 animam
3256 901 3434 957 suam,
3466 885 3936 942 contradicente

2249 975 2562 1032 Psalmista
2591 975 2794 1049 (ibid).

2059 1321 2356 1390 XVII.

1170 1505 1310 1589 [)E
1372 1500 1834 1590 VISIONE
1895 1497 2490 1586 BERNOLDI
2553 1499 3219 1588 PltESBYTEltI

1329 1679 1519 1752 (Apud
1551 1679 1845 1748 eumdem,
1876 1694 1946 1735 ex
1974 1675 2170 1733 codice
2202 1675 2543 1732 monasterii
2577 1676 3058 1748 licrivallcnsis..)

555 1969 1294 2043 Hmcuanusepiseopusac
1309 1967 1496 2041 plebis
1509 1966 1609 2022 Dei
1623 1964 2138 2032 famulus,dileetis
2166 1967 2215 2032 B
2245 1966 2566 2024 eonfratres
2597 1966 2804 2034 nostri,
2835 1971 2901 2022 ut
2926 1967 3169 2038 adjuves
3199 1983 3328 2023 nos.
3353 1967 3422 2022 Et
3451 1983 3557 2039 ego
3588 1967 3880 2040 respondi
3903 1985 3918 2021 :

484 2059 764 2116 fratribus
783 2063 843 2116 et
861 2058 1152 2132 religiosis
1171 2057 1413 2124 viris,ad
1437 2072 1686 2129 quorum
1721 2056 1989 2114 notitiam
2015 2055 2138 2111 haec

483 2166 614 2224 quae
643 2152 974 2221 sequuntur
992 2146 1380 2220 pervenerint.

553 2236 888 2305 (Flodoard,
923 2237 1020 2292 lib.
1055 2253 1139 2302 ιιι,
1171 2253 1218 2290 c.
1252 2236 1286 2291 3
1309 2243 1362 2292 et
1390 2236 1501 2307 18.)
1534 2236 1731 2306 Nuper
1771 2233 1830 2288 in
1865 2233 2142 2306 parochia

485 2329 689 2382 nostra
707 2325 952 2397 quidam
974 2323 1120 2379 mihi
1137 2329 1311 2379 notus
1333 2323 1774 2390 homo,nomine
1795 2322 2138 2389 Bernoldus,

486 2414 844 2480 inﬁrmatus,
879 2417 937 2468 et
965 2417 1098 2486 post
1154 2413 1602 2478 confessionem,
1632 2417 1690 2467 et
1719 2410 2140 2468 reconciliatio-

486 2520 645 2570 nem,
665 2506 842 2572 atque
859 2500 1047 2560 sancti
1068 2500 1177 2556 olei
1198 2501 1558 2567 unctionem,
1577 2500 1904 2572 etcorporis
1927 2499 2140 2555 Christi

487 2609 556 2651 ac
588 2591 896 2666 sanguinis
919 2589 1416 2656 communionem,
1455 2589 1890 2661 ingravescente
1919 2587 2142 2644 valetu.

489 2681 626 2738 dine
672 2698 820 2756 pene
870 2696 1058 2754 usque
1104 2679 1178 2736 ad
1211 2683 1458 2735 mortem
1490 2679 1754 2752 pervenit
1785 2697 1799 2734 :
1833 2678 1914 2734 ita
1942 2684 2008 2734 ut
2041 2695 2144 2751 per

486 2775 741 2844 quatuor
757 2769 881 2828 dies
903 2786 1008 2826 nec
1031 2769 1228 2825 cibum
1243 2767 1330 2824 vel
1365 2773 1570 2840 potum
1602 2785 1832 2840 capere,
1847 2785 1950 2824 nec
1980 2766 2140 2840 loqui

485 2865 703 2933 posset,
729 2860 840 2916 nisi
862 2877 992 2916 raro
1023 2859 1262 2933 signum
1295 2859 1504 2924 facere,
1529 2861 1596 2912 ut
1613 2857 1664 2912 ci
1697 2873 1851 2928 aqua
1878 2857 2136 2913 daretur.

485 2951 703 3016 Quarta
730 2954 927 3006 autem
959 2948 1053 3004 die
1083 2948 1226 3004 hora
1256 2965 1411 3004 nona
1438 2947 1597 3002 velut
1621 2946 1909 3002 exanimis
1928 2946 2140 3017 jacuit,

485 3039 629 3095 adeo
652 3041 718 3094 ut
737 3055 853 3094 non
885 3042 1086 3111 posset
1115 3037 1173 3092 in
1206 3054 1272 3092 eo
1303 3036 1508 3092 sentiri
1534 3035 1780 3100 halitus,
1799 3035 1910 3090 nisi
1943 3052 2047 3106 per
2065 3033 2144 3090 vi-

485 3144 604 3199 ces,
636 3126 740 3200 qui
769 3143 1010 3182 manum
1045 3143 1216 3182 suam
1247 3126 1516 3182 mittebat
1541 3125 1614 3181 ad
1644 3143 1708 3181 os
1740 3123 2026 3192 illius,vel
2049 3141 2144 3179 su-

485 3233 590 3289 per
610 3219 816 3288 pectus
841 3217 992 3288 ejus,
1015 3215 1108 3270 vix
1139 3215 1431 3270 sentiebat
1459 3213 1520 3268 in
1547 3231 1614 3269 eo
1641 3213 1833 3268 adhuc
1865 3211 2138 3284 spiritum

2248 2057 2548 2120 Quomodo
2567 2074 2667 2112 vos
2683 2073 2925 2128 possum
2943 2056 3221 2126 adjuvare
3233 2056 3260 2110 Ὺ
3272 2055 3378 2122 Qui
3400 2057 3732 2129 respondit:
3749 2056 3923 2113 Vade

2249 2145 2322 2200 ad
2354 2145 2622 2200 homines
2654 2151 2888 2201 nostros
2919 2143 3161 2202 clericos
3191 2150 3249 2201 et
3279 2144 3706 2217 laieos,qn.ibus
3738 2146 3926 2203 bene-

2251 2234 2518 2302 fecimus,
2534 2240 2591 2290 et
2607 2235 2702 2290 die
2725 2233 2844 2290 illis
2866 2237 2930 2290 ut
2951 2251 3054 2306 pro
3075 2233 3247 2290 nobis
3269 2234 3487 2308 faciant
3503 2233 3922 2308 eleemosynas

2249 2328 2308 2380 et
2338 2323 2652 2394 orationes,
2685 2330 2743 2380 et
2773 2323 3092 2396 impetrent
3149 2341 3254 2397 pro
3286 2307 3454 2380 nobis
3482 2324 3676 2380 offerri
3709 2307 3924 2382 sacras

2251 2413 2597 2471 oblationes.
2623 2415 2694 2469 Et
2715 2431 2820 2486 ego
2842 2413 3144 2485 respondi,
3165 2412 3305 2484 quia
3326 2411 3520 2470 nescio
3546 2413 3644 2468 ubi
3670 2413 3922 2471 illorum

2249 2502 2520 2559 homines
2540 2508 2758 2559 essent.
2782 2504 2851 2559 Et
2872 2501 2969 2559 illc
3000 2502 3303 2574 respondit
3325 2519 3338 2558 :
3358 2502 3474 2558 Nos
3497 2502 3788 2568 dabimus
3809 2505 3923 2561 tibi

2251 2593 2555 2648 ductorem
2588 2593 2688 2664 qui
2729 2597 2784 2649 te
2814 2593 2887 2648 ad
2940 2591 3074 2648 illos
3123 2591 3320 2647 ducat.
3353 2593 3423 2648 Et
3445 2591 3736 2648 dederunt
3766 2594 3920 2650 mihi

2251 2699 2438 2738 unum
2471 2682 2794 2748 hominem,
2827 2681 2928 2753 qui
2960 2697 3054 2736 me
3086 2680 3403 2752 prazcessit,
3437 2686 3496 2738 et
3523 2681 3698 2736 duxit
3724 2699 3822 2738 me
3843 2684 3920 2738 ad

2251 2771 2577 2826 maximum
2601 2769 3016 2844 palatium,ubi
3029 2767 3344 2826 multitudo
3360 2769 3666 2827 hominum
3681 2787 3922 2827 eorum-

2251 2860 2384 2915 dem
2416 2859 2827 2932 episcOporum
2867 2862 3011 2924 erat,
3043 2862 3102 2914 et
3128 2858 3200 2913 de
3231 2856 3350 2915 illis
3378 2858 3670 2930 episcopis
3701 2859 3916 2931 loque-

2250 2948 2488 3016 bantur,
2523 2952 2581 3003 et
2612 2946 2968 3003 ambaseiavi
2998 2963 3066 3002 ex
3094 2945 3332 3003 illorum
3381 2952 3544 3019 parte
3571 2948 3732 3020 quod
3765 2947 3918 3004 mihi

2242 3039 2480 3110 jussum
2513 3038 2725 3093 fuerat.
2760 3036 2900 3092 Inde
2949 3053 3084 3091 cum
3113 3037 3356 3092 ductore
3387 3053 3515 3093 meo
3546 3036 3804 3104 rediens,
3840 3038 3914 3092 ad

2250 3126 2444 3182 locum
2468 3126 2564 3182 ubi
2589 3126 2698 3199 ipsi
2722 3130 2890 3182 erant
2910 3125 3164 3197 episcopi
3192 3125 3404 3192 reveni,
3423 3130 3480 3182 et
3499 3124 3672 3196 quasi
3691 3143 3764 3181 ea
3779 3128 3916 3198 jam

2252 3232 2378 3287 qua
2407 3214 2847 3287 postulaverant
2904 3232 3007 3286 pro
3055 3213 3200 3287 ipsis
3249 3215 3403 3269 facta
3435 3214 3706 3280 fuissent,
3740 3220 3918 3271 erant

485 3321 616 3379 esse
651 3321 664 3359 :
699 3305 879 3361 rubor
904 3309 1101 3360 tamen
1128 3303 1186 3358 in
1218 3302 1362 3358 facie
1391 3319 1644 3375 magnus
1674 3306 1819 3370 erat,
1854 3307 1910 3356 et
1939 3301 2024 3357 sic
2045 3302 2137 3373 ja-
2170 3335 2212 3400 Ο
2245 3305 2509 3376 joeunda
2560 3305 2722 3371 facie,
2767 3303 2936 3376 quasi
2998 3321 3032 3358 a
3079 3321 3225 3358 novo
3275 3302 3393 3359 rasi
3434 3308 3494 3358 et
3541 3303 3825 3371 balneati,
3859 3310 3920 3362 et

488 3395 611 3450 cuit
642 3409 828 3466 usque
859 3393 938 3449 ad
965 3392 1219 3448 mediam
1252 3396 1501 3447 noctem.
1527 3391 1690 3447 Circa
1718 3408 1852 3446 vero
1881 3391 2136 3446 mediam

488 3487 720 3540 noctem
739 3482 957 3554 apertis
978 3480 1184 3548 oculis,
1209 3480 1453 3536 viriliter
1473 3481 1635 3535 uxori
1658 3498 1776 3535 suae
1807 3498 1874 3535 ac
1897 3479 2144 3535 circum-

489 3571 789 3629 stantibus
819 3570 984 3635 dixit,
1009 3574 1074 3625 ut
1105 3569 1453 3642 quantocius
1485 3575 1806 3639 currerent,
1831 3575 1887 3624 et
1916 3569 2141 3624 confes-

487 3677 680 3719 sarem
727 3677 900 3716 suum
947 3658 1220 3714 velociter
1248 3659 1318 3713 ad
1353 3676 1416 3713 se
1448 3657 1642 3713 venire
1674 3663 1968 3731 rogarent,
2001 3658 2143 3730 quia

487 3749 601 3807 nisi
633 3749 748 3806 cito
777 3749 1018 3820 veniret,
1051 3747 1146 3803 ille
1175 3747 1363 3803 vivere
1402 3764 1517 3802 non
1553 3752 1768 3819 posset.
1803 3746 1999 3802 Accito
2031 3765 2140 3801 au-

485 3845 603 3897 tem
626 3839 1304 3912 presbytero,antequam
1327 3837 1385 3893 in
1408 3837 1772 3892 mansionem
1799 3836 1899 3892 ubi
1921 3835 2019 3891 ille
2043 3837 2140 3906 ja-

486 3930 653 3986 cebat
671 3929 975 4002 presbyter
1006 3926 1246 3992 veniret,
1270 3943 1406 3982 eum
1431 3925 1491 3980 in
1521 3926 1864 3982 exteriorem
1897 3927 2140 3980 domum

487 4017 745 4084 intravit,
770 4015 916 4073 dixit
944 4014 1044 4072 ille
1075 4015 1176 4088 qui
1201 4015 1438 4088 jacebat
1469 4015 1738 4070 inﬁrmus
1765 4033 1778 4070 :
1816 4015 2018 4070 Ponite
2047 4015 2141 4070 hic

487 4106 718 4173 sellam,
741 4105 880 4178 quia
909 4104 1209 4176 presbyter
1228 4105 1355 4177 jam
1389 4105 1629 4159 domum
1666 4103 1839 4158 istam
1873 4102 2138 4158 intrabit.

488 4195 680 4252 Isdem
701 4199 899 4249 autem
921 4193 1380 4266 presbyter,mox
1395 4197 1461 4248 ut
1483 4192 1702 4247 ostium
1725 4197 1815 4247 est
1837 4192 2142 4264 ingressus

485 4283 588 4339 ubi
619 4282 716 4338 ille
737 4282 991 4354 jacebat,
1026 4281 1310 4354 incipiens
1359 4298 1462 4354 pro
1515 4297 1581 4335 eo
1622 4281 1914 4336 orationes
1945 4281 2093 4336 dixit
2124 4298 2138 4336 :

486 4371 774 4430 Dominus
807 4371 1199 4442 vobiscum,et
1219 4371 1316 4427 ille
1342 4369 1499 4426 clara
1527 4387 1664 4426 voce
1699 4369 2038 4442 respondit:
2073 4371 2144 4426 Et

487 4479 623 4518 cum
641 4459 889 4534 spirituo
909 4461 1216 4517 tuo.Dictis
1236 4466 1429 4514 autem
1455 4458 1996 4525 orationibus,dixit
2019 4477 2142 4531 pre-

487 4551 718 4624 sbytero
741 4555 805 4606 ut
825 4550 1051 4606 sederet
1074 4566 1244 4605 secus
1267 4566 1402 4604 eum
1425 4566 1439 4618 ;
1463 4554 1522 4605 et
1546 4549 1628 4604 ait
1653 4549 1736 4604 illi
1761 4567 1773 4605 :
1798 4553 2029 4605 Attente
2051 4549 2140 4604 in-

485 4638 685 4713 tellige
704 4657 830 4712 quae
861 4639 968 4696 tibi
997 4638 1266 4694 dicturus
1322 4656 1478 4708 sum,
1511 4644 1575 4693 ut
1605 4638 1654 4694 si
1676 4655 1781 4712 ego
1811 4638 1869 4693 in
1902 4656 2141 4711 corpore

2252 3393 2550 3450 habebant
2575 3393 2738 3449 albas
2758 3391 3020 3460 vestitas,
3045 3395 3103 3448 et
3119 3392 3322 3462 stolas,
3342 3397 3401 3448 et
3430 3392 3696 3450 sandalia
3717 3393 3780 3449 in
3810 3410 3917 3465 pe-

2252 3481 2447 3547 dibus,
2472 3482 2735 3554 planetas
2766 3486 2964 3538 autem
2997 3498 3114 3538 non
3145 3481 3458 3537 habebant.
3480 3482 3551 3538 Et
3579 3480 3727 3538 dixit
3758 3483 3912 3538 mihi

2253 3572 2528 3644 praefatus
2562 3573 2680 3627 Ebo
2715 3587 2728 3627 :
2761 3571 2937 3626 Vides
2986 3575 3278 3642 quantum
3309 3588 3416 3626 nos
3446 3570 3747 3641 adjuvavit
3770 3577 3916 3628 tuus

2253 3661 2836 3732 missaticusﬂisque
2861 3660 3032 3715 modo
3066 3659 3243 3714 nimis
3275 3660 3489 3714 durum
3521 3662 3826 3716 custodem
3856 3668 3916 3717 et

2251 3749 2578 3806 custodiam
2601 3766 2834 3822 gravem
2863 3749 3016 3804 sicut
3034 3748 3232 3804 vidisti
3255 3748 3780 3818 babuimus,modo
3803 3750 3910 3806 ha-

2250 3839 2459 3895 bemus
2475 3839 2760 3894 domnum
2779 3837 3157 3894 Ambrosium
3179 3837 3568 3904 custodem,et
3589 3837 3778 3895 levem
3803 3857 3910 3895 cu-

2251 3926 2523 3982 stodiam.
2547 3927 2685 3982 Inde
2703 3927 2834 3984 veni
2861 3927 2918 3982 in
2943 3927 3260 3999 quemdam
3283 3926 3474 3982 locum
3503 3927 3909 3995 tenebrosum,

2252 4017 2325 4072 ad
2356 4035 2530 4090 quem
2562 4035 2632 4072 ex
2661 4015 2776 4072 alia
2823 4022 2988 4088 parte
3046 4015 3147 4072 lux
3177 4015 3586 4088 resplendebat
3615 4018 3688 4073 de
3716 4017 3909 4074 vicino

2251 4106 2376 4162 loco
2435 4107 2579 4162 satis
2637 4105 3022 4171 lucidissime,
3056 4112 3112 4160 et
3143 4104 3536 4177 pulcherrime
3593 4107 3821 4177 ﬂorido,
3852 4111 3914 4162 et

2250 4195 2558 4261 odorifero,
2593 4195 2666 4251 ad
2697 4196 2971 4251 eumdem
3017 4194 3211 4250 locum
3261 4194 3658 4250 tenebrosum.
3693 4196 3764 4251 Et
3790 4196 3907 4251 vidi

2252 4285 2331 4340 ibi
2343 4287 2540 4356 jacere
2562 4285 2844 4340 domuum
2881 4289 3149 4339 nostrum
3181 4281 3453 4339 Carolum
3483 4299 3678 4355 regem
3703 4283 3763 4338 in
3785 4283 3909 4340 luto

2250 4392 2320 4431 ex
2339 4373 2501 4430 sanie
2521 4372 2707 4446 ipsius
2730 4373 3082 4445 putrediuis,
3097 4377 3154 4428 et
3175 4371 3613 4428 manducabant
3628 4390 3767 4429 eum
3787 4389 3912 4429 ver-

2251 4481 2397 4530 mes,
2424 4468 2481 4519 et
2493 4463 2620 4534 jam
2643 4479 2877 4518 carnem
2901 4461 3062 4516 illius
3083 4461 3497 4518 manducatam
3517 4461 3835 4529 habebant,
3849 4467 3912 4520 et

2251 4570 2368 4608 non
2398 4557 2524 4608 erat
2555 4551 2613 4606 in
2645 4567 2884 4622 corpore
2917 4549 3104 4622 ipsius
3135 4548 3296 4605 aliud
3331 4549 3442 4605 nisi
3472 4550 3632 4606 nervi
3663 4556 3724 4606 et
3749 4567 3906 4608 ossa.

2251 4641 2358 4708 Qui
2382 4658 2596 4697 vocans
2618 4657 2712 4696 me
2731 4656 2800 4695 ex
2823 4639 3059 4695 nomine
3081 4656 3211 4695 meo
3241 4635 3392 4694 dixit
3415 4655 3428 4694 :
3453 4641 3644 4704 Quare
3674 4656 3768 4696 me
3791 4657 3903 4695 non

486 4745 735 4785 manens
781 4728 882 4785 illa
925 4727 1200 4784 nuntiare
1250 4744 1366 4782 non
1412 4731 1608 4800 potero
1641 4745 1768 4800 qua:
1802 4727 1946 4782 mihi
1967 4729 2142 4799 jussa
2170 4708 2218 4774 D
2249 4732 2530 4802 adjuvas?
2551 4729 2656 4785 Cui
2689 4728 3002 4802 respondi:
3039 4729 3302 4797 Domine,
3334 4728 3630 4800 quomodo
3651 4746 3754 4784 vos
3780 4745 3906 4801 pos-

487 4822 646 4886 sunt,
681 4823 744 4874 tu
775 4817 875 4873 illa
905 4815 1239 4874 annunties.
1271 4817 1341 4872 Et
1397 4816 1572 4888 cmpit
1625 4817 2141 4874 vehementissime

487 4907 708 4973 ﬂere,et
723 4924 858 4963 cum
881 4904 1242 4979 singultibus
1263 4904 1436 4960 dixit:
1460 4904 1683 4961 Ductus
1704 4905 1774 4960 de
1795 4905 1906 4959 isto
1927 4906 2139 4962 saeculo

487 4997 561 5052 ad
594 4995 751 5052 aliud
781 4993 1084 5060 saeculum,
1116 4993 1248 5048 veni
1277 4993 1336 5048 in
1368 4993 1681 5066 quemdam
1715 4993 1931 5060 locum,
1965 4999 2021 5048 et
2050 4993 2139 5049 in-

485 5084 617 5140 veni
648 5085 954 5157 episcopos
998 5082 1384 5155 quadraginta
1437 5086 1494 5137 et
1536 5099 1722 5137 unum
1758 5098 1771 5136 :
1809 5082 1962 5137 inter
1990 5101 2140 5155 quos

489 5173 620 5230 novi
643 5174 920 5240 Ebonem,
975 5171 1439 5244 Leopardellum,
1464 5175 1522 5225 et
1557 5171 1812 5236 rEneam,
1849 5189 2141 5242 pannosos

488 5268 546 5318 et
565 5262 924 5334 denigratos,
945 5260 1103 5316 velut
1125 5260 1173 5317 si
1198 5260 1442 5316 ustulati
1476 5259 1744 5326 fuissent,
1779 5265 1835 5316 et
1866 5262 2140 5333 squalen-

487 5356 598 5418 tes,
623 5350 775 5407 sieut
797 5355 854 5406 et
883 5350 1050 5416 alios,
1074 5356 1132 5405 et
1172 5368 1273 5422 per
1301 5349 1680 5417 vices-nimio
1713 5349 1924 5422 frigore
1954 5351 2139 5406 horri-

491 5440 688 5495 biliter
709 5457 841 5495 cum
865 5440 998 5494 ﬂetu
1024 5445 1081 5495 et
1103 5440 1350 5494 stridore
1372 5438 1636 5493 dentium
1659 5439 2062 5509 trcmulantes,
2086 5448 2142 5498 et

492 5545 595 5600 per
615 5529 768 5584 vices
807 5528 998 5584 calore
1030 5528 1211 5584 nimio
1243 5532 1579 5583 aestuantes.
1604 5529 1672 5583 Et
1693 5530 1812 5584 Eho
1830 5530 2140 5604 episcopus

492 5631 587 5671 me
615 5617 837 5672 vocavit
865 5633 933 5672 ex
955 5617 1192 5674 nomine
1217 5617 1418 5673 dicens
1443 5632 1456 5670 :
1490 5615 1636 5683 Quia
1666 5617 1770 5674 tibi
1803 5619 2041 5675 dabitur
2068 5621 2139 5676 li-

491 5704 682 5765 centia
710 5707 988 5764 redeundi
1017 5707 1088 5764 ad
1128 5723 1364 5780 corpus,
1391 5723 1700 5779 precamur
1731 5713 1784 5764 te
1815 5725 1920 5781 ego
1951 5714 2010 5765 et
2042 5711 2136 5767 isti

2251 4838 2384 4876 sum
2416 4818 2738 4891 adjuvare?
2768 4819 2841 4874 Et
2869 4817 2953 4873 ait
2984 4834 2996 4872 :
3034 4818 3257 4874 Prende
3301 4817 3462 4872 illam
3494 4822 3743 4889 petram,
3775 4835 3903 4890 qua:

2241 4911 2412 4981 juxta
2435 4913 2490 4964 te
2510 4913 2618 4975 est,
2644 4912 2701 4963 et
2720 4906 2940 4964 elevato
2971 4905 3181 4978 capite,
3205 4924 3354 4979 pone
3381 4905 3542 4962 illam
3575 4907 3686 4962 sub
3718 4907 3904 4979 capite

2250 5015 2379 5054 meo
2415 5016 2428 5054 :
2463 4999 2616 5054 sicut
2646 5001 2702 5052 et
2731 4996 2861 5052 feci.
2895 4995 2964 5050 Et
3013 4995 3162 5050 dixit
3206 4995 3352 5052 mihi
3383 5013 3395 5051 :
3433 4995 3590 5052 Vade
3623 4997 3696 5052 ad
3727 4996 3901 5052 Hinc-

2252 5104 2484 5142 marum
2515 5087 2876 5158 episcopum,
2899 5089 2957 5139 et
2978 5083 3072 5139 dic
3103 5084 3178 5150 ei,
3205 5085 3346 5156 quia
3377 5083 3537 5140 illius
3565 5089 3624 5141 et
3651 5085 3899 5142 aliorum

2252 5176 2513 5231 fidelium
2548 5191 2814 5231 meorum
2846 5175 3000 5229 bona
3029 5173 3276 5228 consilia
3305 5191 3422 5230 non
3451 5174 3746 5240 obaudivi,
3773 5173 3900 5230 ideo

2251 5265 2364 5321 ista
2387 5283 2513 5337 qua:
2545 5266 2725 5332 vides,
2751 5282 2852 5336 pro
2873 5262 3064 5335 culpis
3087 5263 3233 5318 meis
3264 5264 3547 5319 sustineo.
3581 5264 3652 5318 Et
3679 5262 3772 5318 die
3793 5262 3900 5329 illi,

2252 5355 2390 5428 quia
2422 5372 2654 5426 semper
2684 5356 2742 5409 in
2779 5352 2874 5407 illo
2906 5351 3184 5406 fiduciam
3216 5351 3416 5420 habui,
3443 5357 3508 5407 ut
3529 5369 3624 5406 me
3642 5352 3897 5423 adjuvet,

2251 5449 2543 5517 quatenus
2573 5444 2644 5497 de
2677 5442 2789 5497 ista
2819 5458 2990 5514 poma
3019 5441 3132 5496 sim
3161 5441 3463 5508 liberatus,
3489 5447 3547 5496 et
3577 5459 3679 5514 per
3697 5458 3899 5496 omnes

2251 5535 2350 5606 qui
2375 5533 2520 5589 mihi
2541 5533 2780 5588 fuerunt
2801 5530 3004 5586 ﬁdeles
3029 5547 3096 5586 ex
3119 5548 3250 5586 mea
3271 5536 3432 5604 parte
3457 5531 3710 5602 postulet
3726 5535 3792 5586 ut
3808 5545 3900 5585 me

2249 5625 2343 5696 adj
2355 5627 2551 5690 uvent,
2583 5621 2726 5694 quia
2749 5621 2798 5676 si
2829 5621 2968 5676 inde
2997 5624 3292 5676 certamen
3318 5620 3652 5686 habuerint,
3685 5618 3800 5676 cito
3829 5619 3901 5675 de

2250 5714 2366 5770 ista
2393 5728 2566 5787 pinna
2594 5727 2692 5767 ero
2723 5709 3026 5766 liberatus.
3060 5710 3130 5765 Et
3160 5709 3510 5782 interrogavi
3543 5707 3732 5775 illum,
3763 5707 3896 5780 quis
