4152 6536
269 455 426 521 1117

759 43 1933 72 ____________——-——-m

1247 459 1351 520 DE
1391 458 1707 522 VISIONE
1749 459 2142 523 BERNOLDI
2185 460 2704 524 PRESBYTER].

3524 464 3685 530 1118

267 591 436 649 locus
467 593 640 659 esset,
676 591 831 647 unde
879 590 980 647 illa
1025 590 1126 646 lux
1172 591 1601 664 resplendebat,
1631 597 1691 649 et
1719 597 1918 650 tantus
1945 594 2002 661 Α
2029 595 2142 651 ista
2161 591 2332 668 pmna
2364 594 2611 652 liberer:
2635 600 2694 668 et
2725 597 2827 652 uni
2858 597 3082 654 homini
3115 616 3245 656 meo
3276 599 3680 658 commendavi

269 682 415 739 odor
443 679 788 753 respirabat.
809 679 917 748 Qui
949 680 1094 736 dixit
1127 699 1138 737 :
1174 682 1522 738 Sanctorum
1551 687 1640 738 est
1669 683 1922 755 requies.

268 771 389 844 Ego
409 772 606 826 autem
627 767 828 824 volens
849 769 1090 842 propius
1117 771 1188 826 ad
1212 769 1378 825 illum
1401 770 1597 826 locum
1627 773 1920 841 accedere,

266 858 387 916 vidi
417 861 642 915 tantam
673 855 1018 926 claritatem,
1053 863 1110 914 et
1139 863 1365 915 tantam
1397 859 1766 928 suavitatem,
1800 865 1925 917 tan-

269 953 516 1021 tumque
545 947 835 1015 decorem,
869 952 1159 1020 quantum
1191 947 1454 1004 humana
1483 948 1688 1021 lingua
1733 949 1926 1006 dicere

271 1055 392 1094 non
430 1040 642 1110 potest.
667 1037 737 1091 Et
764 1035 880 1092 vidi
914 1035 995 1092 ibi
1027 1035 1465 1093 multitudinem
1495 1037 1804 1094 hominum
1837 1039 1924 1094 di-

269 1125 664 1185 versiordinis
685 1124 746 1180 in
771 1125 922 1181 albis
949 1125 1214 1182 vestibus
1245 1125 1748 1196 collaatantium,et
1769 1144 1923 1200 quaa-

273 1214 412 1270 dam
433 1211 641 1269 sedilia
657 1211 876 1284 lueida,
897 1212 957 1268 in
974 1211 1190 1286 quibus
1210 1213 1478 1270 homines
1499 1215 1690 1271 adhuc
1708 1233 1824 1272 non
1842 1233 1926 1272 se-

273 1301 736 1375 debant,quibus
755 1306 1080 1374 praeparata
1096 1303 1360 1358 erant.Et
1380 1303 1440 1358 in
1461 1303 1561 1360 illo
1585 1304 1790 1361 itinere
1804 1304 1924 1360 vidi

275 1391 595 1465 quamdam
608 1389 949 1459 Ecclesiam,
966 1407 1146 1463 quam
1159 1407 1294 1447 eum
1306 1391 1514 1448 intravi
1525 1393 1736 1460 ,inveni
1751 1393 1924 1450 Hinc-

275 1497 509 1538 marum
537 1479 878 1553 episcopum
909 1484 1306 1554 praeparatum
1337 1497 1473 1538 cum
1509 1481 1737 1538 clericis
1767 1499 1924 1539 reve-

275 1569 436 1628 stitis
457 1573 523 1626 ut
543 1567 787 1626 missam
811 1573 1093 1639 cantaret,
1119 1574 1175 1626 et
1197 1571 1314 1626 dixi
1334 1570 1419 1626 illi
1440 1571 1550 1628 hoc
1572 1573 1727 1644 quod
1759 1573 1924 1628 dom-

275 1677 390 1717 nus
418 1662 617 1715 noster
645 1657 886 1716 Carolus
939 1659 1259 1721 mandavit.
1293 1661 1364 1715 Et
1395 1661 1597 1717 statim
1629 1661 1821 1718 reveni
1852 1662 1925 1718 ad

272 1749 468 1806 locum
489 1747 590 1805 ubi
607 1748 862 1804 domnus
881 1747 1124 1804 Carolus
1146 1749 1435 1820 jacuerat,
1459 1754 1517 1806 et
1535 1750 1729 1806 inveni
1756 1751 1925 1808 illum

271 1838 335 1896 in
355 1837 480 1895 loco
497 1836 715 1904 lucido,
737 1841 794 1894 et
813 1854 1026 1894 sanum
1059 1854 1321 1910 corpore,
1355 1843 1412 1894 et
1442 1839 1719 1896 indutum
1749 1841 1926 1914 regiis

271 1927 556 2030 vestibus,
583 1932 640 2028 et
662 1925 810 2028 dixit
831 1927 978 2032 mihi
1005 1926 1222 2032 :‘Vides
1256 1929 1668 2032 quomodo‘me
1691 1931 1928 2001 adjuva-
1957 1967 2004 2032 Β

271 2019 356 2076 vit
373 2021 515 2074 tuus
537 2015 916 2073 missaticus?
938 2017 1077 2072 Inde
1095 2017 1226 2072 veni
1249 2019 1322 2072 ad
1354 2019 1671 2090 quamdam
1701 2024 1927 2091 petram

273 2107 558 2182 grandem
589 2109 646 2162 et
673 2105 1158 2174 altam,etinveni
1180 2105 1262 2162 ibi
1291 2107 1592 2164 hominem
1623 2109 1933 2165 unumim-

274 2195 609 2272 plautatum
639 2195 700 2251 in
731 2196 936 2252 eadem
986 2198 1151 2267 petra
1199 2213 1388 2268 usque
1417 2198 1489 2252 ad
1521 2197 1786 2254 ascellas.
1820 2199 1927 2265 Qui

273 2303 490 2342 vocans
520 2303 614 2342 me
647 2284 795 2340 dixit
829 2301 842 2338 :
871 2285 988 2357 Ego
1019 2303 1154 2340 sum
1189 2286 1355 2342 Jesse
1389 2303 1402 2341 :
1435 2287 1580 2342 vade
1611 2287 1685 2342 ad
1709 2287 1930 2344 amicos

278 2392 464 2444 meos,
487 2378 546 2430 et
575 2374 668 2428 die
701 2373 817 2429 illis
847 2377 911 2429 ut
942 2391 1036 2428 me
1065 2375 1362 2446 adjuvent,
1397 2380 1686 2446 quatenus
1717 2376 1788 2432 de
1820 2377 1932 2432 ista

278 2468 446 2538 petra
475 2463 588 2520 sim
620 2463 1001 2520 liberatus.Et
1021 2480 1126 2535 ego
1157 2465 1432 2536 respondi
1464 2481 1558 2520 me
1591 2465 1814 2521 nescire
1831 2465 1932 2522 ubi

277 2553 364 2610 illi
387 2552 656 2609 homines
675 2555 890 2608 essent.
915 2553 982 2606 Et
1003 2551 1098 2607 ille
1119 2552 1266 2606 dixit
1289 2569 1301 2608 :
1337 2553 1480 2608 Cum
1514 2553 1650 2609 hinc
1679 2571 1934 2626 perrexe-

279 2641 382 2712 ris,
415 2641 674 2698 invenies
705 2659 804 2697 eos
835 2640 894 2696 in
925 2641 1034 2697 via.
1069 2643 1139 2697 Et
1167 2640 1284 2696 vidi
1307 2643 1481 2713 juxta
1509 2643 1670 2698 illam
1704 2648 1930 2715 petram

281 2747 560 2804 magnam
591 2734 650 2786 et
681 2729 880 2801 altam,
915 2730 1268 2803 profundam
1311 2730 1547 2798 vallem,
1579 2735 1636 2787 et
1685 2736 1930 2803 puteum

279 2820 669 2888 teterrimum,
693 2823 751 2876 et
772 2837 986 2893 aquam
1011 2820 1239 2893 nigram
1265 2819 1438 2892 quasi
1454 2821 1552 2892 pix
1573 2824 1747 2890 esset,
1773 2825 1830 2876 et
1850 2821 1934 2876 in-

280 2908 569 2981 terrogavi
617 2907 785 2964 illum
837 2907 1138 2965 hominem
1167 2908 1269 2980 qui
1299 2926 1362 2964 se
1389 2909 1553 2966 Jesse
1584 2909 1930 2975 nominavit,

279 2997 422 3072 quid
454 3002 610 3054 esset
639 2997 733 3054 ille
763 3002 998 3070 puteus.
1019 2997 1125 3066 Qui
1157 2999 1496 3071 respondit:
1524 2999 1808 3072 Exspecta
1836 2999 1932 3055 hic

282 3103 517 3160 parum,
539 3091 598 3143 et
616 3091 682 3142 tu
704 3086 830 3159 ipse
849 3087 1074 3142 videbis
1105 3086 1246 3160 quid
1279 3087 1374 3143 sit.
1398 3087 1545 3142 Nam
1578 3105 1671 3144 me
1699 3093 1931 3146 tantum

282 3193 398 3231 non
419 3179 622 3248 gravat
637 3175 750 3231 ista
771 3193 943 3248 pmna
963 3193 1112 3243 mea,
1139 3193 1317 3248 quam
1341 3176 1623 3245 sustineo,
1644 3182 1932 3249 quantum

284 3263 462 3320 timor
476 3265 546 3320 de
567 3264 676 3320 hoc
707 3265 864 3337 quod
895 3263 1140 3320 videbis.
1165 3265 1234 3320 Et
1265 3265 1458 3321 subito
1487 3265 1726 3322 ﬂamma
1755 3270 1812 3322 et
1837 3267 1931 3322 fu-

2031 701 2242 739 aurum
2264 688 2320 739 et
2341 689 2648 757 argentum
2681 695 2901 752 meum,
2934 689 3088 760 quod
3115 705 3285 745 nemo
3303 690 3462 746 alius
3483 691 3684 764 sapuit

2031 773 2146 828 nisi
2177 789 2282 846 ego
2313 778 2369 830 et
2397 773 2514 841 ille,
2549 779 2606 830 et
2635 774 2827 831 adhuc
2857 793 2930 832 ne
2975 793 3157 832 unum
3209 777 3446 850 quidem
3500 780 3682 836 dena-

2030 861 2186 918 rium
2207 879 2311 934 pro
2332 879 2426 918 me
2446 863 2581 918 inde
2600 864 2854 920 donavit.
2879 866 2949 920 Et
2969 856 3161 922 visum
3193 871 3281 922 est
3300 868 3443 924 mibi
3469 873 3534 924 ut
3562 874 3680 926 sta-

2031 953 2139 1007 tim
2183 951 2428 1007 fuissem
2481 953 2637 1024 apud
2695 953 2964 1026 Vongum
3000 955 3060 1010 in
3093 955 3290 1024 malle,
3323 961 3382 1012 et
3409 957 3523 1012 dixi
3557 958 3682 1015 suis

2031 1039 2392 1109 hominibus,
2413 1045 2472 1096 et
2487 1041 2618 1096 aliis
2641 1041 2740 1114 qui
2767 1043 2848 1098 ibi
2871 1049 3059 1110 erant,
3083 1061 3212 1116 quae
3231 1044 3386 1100 mihi
3403 1045 3678 1118 injunxit.

2031 1131 2102 1186 Et
2121 1131 2322 1186 statim
2343 1129 2427 1185 fui
2453 1130 2513 1185 in
2536 1129 2744 1202 Spiritu
2770 1133 2840 1186 ad
2857 1131 3024 1188 illum
3055 1131 3250 1189 locum
3264 1134 3686 1192 ubiera-tOtha-

2033 1219 2177 1287 rius,
2201 1224 2258 1277 et
2277 1224 2403 1276 erat
2423 1219 2592 1292 quasi
2616 1236 2650 1275 a
2680 1237 2826 1276 novo
2860 1238 3032 1278 rasus
3063 1227 3120 1278 et
3147 1222 3478 1292 balneatus',
3498 1229 3558 1280 et
3586 1241 3684 1281 sa-

2033 1327 2146 1366 nus
2175 1325 2432 1382 corpore,
2465 1312 2524 1364 et
2555 1307 2704 1364 albis
2735 1309 3000 1366 vestibus
3028 1310 3292 1381 indutus,
3325 1317 3384 1370 et
3413 1313 3512 1370 ille
3539 1331 3686 1370 suus

2032 1403 2232 1455 custos
2260 1399 2446 1454 durus
2476 1397 2558 1453 ibi
2590 1414 2706 1453 non
2735 1401 2880 1453 erat.
2915 1398 3023 1464 Qui
3079 1399 3226 1456 dixit
3282 1401 3426 1457 mihi
3461 1419 3474 1458 :
3506 1403 3701 1460 Vides

2033 1492 2324 1560 quantum
2347 1503 2440 1542 me
2461 1487 2531 1542 ad
2529 1487 2553 1558 j
2564 1485 2757 1542 uvavit
2775 1491 2914 1545 tuus
2936 1487 3394 1546 missaticusiEt
3411 1489 3510 1546 ille
3521 1507 3688 1548 meus

2033 1577 2374 1648 eustosjam
2401 1577 2472 1632 de
2500 1593 2594 1632 me
2625 1580 2971 1649 potestatem
3003 1595 3118 1632 non
3151 1578 3345 1634 habet.
3365 1580 3436 1634 Et
3453 1583 3577 1636 erat
3607 1579 3688 1636 ibi

2034 1683 2188 1724 unus
2217 1665 2392 1722 homo
2421 1663 2588 1721 valde
2616 1664 2921 1735 honestus,
2941 1665 3042 1738 qui
3065 1665 3210 1722 dixit
3236 1667 3382 1724 mihi
3406 1683 3420 1722 :
3455 1670 3545 1725 Tu
3573 1669 3690 1726 ibis

2035 1757 2108 1812 de
2126 1755 2240 1812 isto
2273 1754 2483 1811 saeculo
2516 1755 2589 1810 ad
2623 1771 2856 1828 corpus,
2881 1760 2940 1811 et
2961 1757 3132 1812 stude
3162 1773 3266 1829 per
3289 1757 3689 1832 eleemosynas

2035 1849 2092 1901 et
2119 1843 2235 1900 alia
2264 1845 2418 1900 bona
2445 1860 2640 1916 opera,
2671 1848 2728 1900 et
2756 1861 2860 1916 per
2889 1844 3106 1900 bonam
3133 1845 3335 1915 vitam,
3365 1849 3431 1902 ut
3450 1847 3687 1919 quando

2035 1933 2151 1989 huc
2180 1931 2490 1999 reveneris,
2523 1933 2738 1989 bonam
2770 1933 3138 1990 mansionem
3169 1934 3410 1991 habeas.
3440 1935 3510 1990 Et
3540 1935 3688 1992 dixit

2039 2022 2184 2079 mihi
2225 2023 2480 2096 qualiter
2535 2039 2823 2094 pauperes
2855 2039 3178 2095 ,pascerem
3207 2027 3264 2079 et
3291 2023 3564 2080 vestirem
3595 2041 3688 2081 se-

2038 2113 2296 2168 cundum
2321 2128 2513 2168 meam
2535 2110 3005 2184 possibilitatem.
3021 2113 3090 2167 Et
3109 2111 3260 2167 alius
3282 2111 3456 2168 homo
3471 2112 3690 2169 rustica

2038 2201 2184 2257 faeie
2215 2205 2272 2257 et
2299 2205 2458 2256 torvo
2507 2200 2669 2256 vultu
2726 2204 2850 2255 erat
2895 2199 2997 2268 ibi,
3031 2199 3131 2272 qui
3171 2200 3357 2256 dixit:
3393 2201 3518 2258 Non
3549 2201 3688 2258 hinc

2038 2291 2166 2346 ibit.
2190 2291 2294 2346 Cui
2317 2289 2416 2346 ille
2445 2289 2619 2346 homo
2651 2290 2935 2345 honestus
2989 2289 3290 2361 respondit
3323 2307 3336 2344 :
3370 2291 3466 2346 Sic
3495 2289 3688 2358 faciet,

2039 2383 2096 2435 et
2122 2397 2222 2452 per
2252 2379 2693 2451 quatuordecim
2737 2395 2925 2434 annos
2973 2379 3166 2433 adhuc
3199 2378 3254 2434 iu
3286 2395 3527 2451 corpore
3557 2379 3687 2448 erit,

2039 2473 2098 2524 et
2113 2469 2250 2522 inde
2264 2468 2380 2523 huc
2401 2467 2608 2524 veniet.
2631 2467 2735 2522 Cui
2756 2465 2856 2522 ille
2881 2467 3140 2523 rusticus
3172 2467 3508 2540 respondit:
3534 2469 3690 2534 Quos

2039 2560 2103 2612 tu
2126 2555 2566 2628 quatuordeeim
2587 2572 2772 2612 annos
2795 2555 3076 2628 dicis,ego
3101 2556 3544 2628 quatuordecim
3565 2555 3692 2612 dies

2041 2647 2274 2712 faciam,
2305 2649 2363 2701 et
2392 2663 2508 2700 non
2538 2645 2689 2700 vivet
2709 2644 2966 2716 amplius
2998 2663 3186 2718 usque
3217 2645 3360 2700 dum
3389 2645 3504 2700 huc
3536 2662 3693 2702 reve-

2041 2735 2183 2791 niat.
2202 2735 2273 2789 Et
2290 2732 2388 2788 ille
2408 2733 2582 2788 homo
2604 2732 2890 2790 honestus
2919 2751 2932 2788 :
2957 2733 3052 2789 Sic
3083 2733 3195 2788 erit
3226 2733 3380 2789 sicut
3400 2751 3506 2807 ego
3533 2734 3688 2804 dico,

2041 2841 2154 2879 non
2186 2822 2338 2878 sicut
2363 2825 2448 2888 tu,
2481 2821 2622 2894 quia
2667 2837 2799 2877 ecce
2840 2820 2934 2876 hic
2980 2825 3070 2877 est
3115 2839 3262 2878 suus
3291 2822 3608 2878 advocatus
3635 2827 3694 2879 et

2042 2913 2372 2984 fidejussor,
2406 2915 2463 2966 et
2492 2912 2555 2965 tu
2588 2909 2703 2966 eris
2733 2909 2814 2964 ibi
2846 2926 3100 2966 mecum.
3133 2910 3345 2983 Sicque
3401 2910 3568 2983 petiit
3595 2927 3690 2968 sa-

2041 3019 2202 3057 cram
2223 2999 2852 3066 eommunionem.Qua
2871 3003 3128 3072 accepta,
3157 2999 3308 3055 bibit
3327 3001 3495 3073 quasi
3525 2999 3691 3056 dimi-

2041 3090 2206 3146 dium
2238 3094 2516 3161 staupum
2547 3089 2618 3144 de
2645 3089 2802 3156 vino,
2833 3091 2890 3144 et
2919 3088 3098 3144 dixit:
3135 3089 3304 3144 Modo
3337 3089 3692 3146 manducare

2041 3183 2296 3252 pessem,
2321 3177 2372 3234 si
2393 3177 2689 3232 haberem.
2715 3179 2784 3232 Et
2805 3177 2980 3234 datus
2999 3181 3090 3234 est
3111 3177 3194 3232 illi
3225 3177 3412 3247 cibus,
3435 3182 3495 3234 et
3523 3195 3691 3234 man-

2043 3267 2294 3336 ducavit,
2327 3271 2384 3323 et
2413 3267 2485 3322 ab
2536 3267 2672 3321 inde
2719 3265 3032 3323 convaluit.
3065 3267 3185 3340 Ego
3243 3283 3348 3339 per
3401 3267 3692 3339 quosdam

284 3373 419 3412 mus
439 3355 725 3427 processit
745 3355 816 3411 de
835 3355 963 3428 ipso
988 3359 1160 3428 puteo
1191 3354 1360 3427 quasi
1393 3373 1582 3428 usque
1604 3357 1676 3412 ad
1699 3357 1929 3413 cmlum.
1962 3339 2004 3406 (ἶ
2045 3357 2331 3430 divulgari
2384 3356 2506 3411 haec
2564 3355 2832 3426 audiens,
2863 3355 3005 3427 quia
3043 3339 3142 3411 ille
3173 3355 3462 3412 redivivus
3495 3356 3570 3412 ad
3600 3373 3693 3412 me

281 3445 354 3500 Et
397 3443 688 3500 residente
743 3444 983 3500 ﬂamma
1039 3443 1098 3498 in
1157 3449 1422 3516 puteum,
1456 3449 1515 3500 et
1557 3449 1934 3502 evanescente

283 3533 466 3602 fumo,
499 3535 667 3589 erant
708 3537 961 3606 quatuor
1017 3533 1332 3601 daemones,
1361 3533 1460 3605 qui
1493 3533 1934 3590 multitudinem

283 3621 640 3689 animarum,
673 3639 778 3694 per
806 3627 1061 3694 quatuor
1106 3625 1302 3694 partes
1333 3621 1574 3690 divisas,
1609 3640 1712 3694 per
1737 3623 1934 3696 ipsum

167 3741 176 3748 -
282 3715 526 3784 puteum
551 3710 858 3768 minabant
881 3728 1068 3783 usque
1090 3711 1162 3766 ad
1185 3712 1504 3784 quamdam
1528 3729 1742 3784 aquam
1756 3713 1934 3768 nimis

282 3799 746 3876 frigidissimam,
767 3799 922 3856 sicut
941 3799 1221 3856 animalia
1253 3800 1468 3856 minari
1488 3800 1679 3857 solent
1698 3806 1763 3856 ut
1792 3803 1932 3857 ada-

283 3893 554 3963 quentur.
587 3890 657 3945 Et
686 3888 832 3945 dixit
859 3889 986 3962 ipse
1029 3889 1194 3945 Jesse
1223 3906 1236 3944 :
1270 3889 1390 3946 Hoc
1419 3889 1682 3962 quotidie
1712 3890 1936 3945 faciunt

279 3977 380 4036 isti
415 3979 732 4047 daemones,
756 3983 815 4034 et
836 3978 1134 4035 sustinent
1162 3977 1285 4034 istae
1319 3979 1546 4034 miseras
1577 3979 1787 4034 animae
1816 3997 1936 4035 una

280 4067 406 4124 vice
427 4066 487 4124 in
523 4067 639 4138 die,
662 4085 768 4140 pro
800 4069 1018 4140 quibus
1049 4065 1198 4123 nulli
1231 4067 1556 4122 amicorum
1581 4067 1818 4124 illorum
1849 4067 1933 4124 la-

281 4157 512 4213 borant.
546 4137 694 4213 Nam
729 4137 991 4229 sila—aliqui
1044 4155 1412 4212 laborassent
1452 4174 1555 4229 pro
1585 4156 1724 4226 illis,
1757 4157 1933 4213 istam

283 4261 519 4318 poenam
567 4263 685 4302 non
735 4246 1129 4303 sustinerent.‘
1151 4245 1293 4301 Inde
1330 4247 1670 4318 procedens,
1706 4246 1935 4303 obviam

282 4333 464 4390 habui
521 4334 794 4393 homines
854 4335 1253 4408 colloquentes
1281 4335 1354 4391 de
1383 4336 1623 4408 praefato
1661 4337 1846 4403 Jesse,
1879 4341 1936 4393 et

282 4421 402 4479 dixi
423 4421 540 4480 illis
569 4441 697 4496 quas
727 4424 852 4498 ipse
881 4425 1048 4482 Jesse
1078 4425 1162 4480 eis
1186 4425 1502 4480 mandavit.
1527 4425 1668 4480 Inde
1693 4425 1840 4481 redii
1860 4427 1932 4481 ad

281 4511 582 4585 praefatam
617 4517 866 4586 petram,
899 4517 957 4569 et
985 4513 1179 4570 inveni
1207 4513 1406 4586 ipsum
1439 4511 1738 4569 hominem
1767 4513 1936 4571 indu-

280 4603 410 4658 tum
441 4600 592 4658 albis
621 4603 904 4671 vestibus,
937 4608 993 4658 et
1021 4603 1321 4659 sedentem
1371 4601 1430 4656 in
1481 4603 1620 4658 sede
1665 4603 1931 4659 honesta.

2042 3447 2236 3503 venire
2258 3464 2373 3501 non
2395 3445 2606 3518 potuit,
2633 3446 2941 3517 praefatum
2971 3445 3382 3518 presbyterum
3405 3445 3570 3501 bonae
3602 3446 3690 3501 in-

2039 3535 2374 3608 telligentiae
2405 3551 2472 3590 ac
2497 3535 2660 3590 bonae
2685 3533 2834 3606 vites,
2857 3533 2951 3590 cui
2976 3533 3097 3589 haec
3119 3533 3338 3601 retulit,
3363 3535 3435 3591 ad
3468 3551 3563 3591 me
3593 3551 3692 3592 ac-

2043 3625 2320 3681 cersitum
2353 3641 2481 3695 qua:
2511 3621 2729 3694 scripta
2757 3627 2898 3677 sunt
2924 3621 3072 3677 mihi
3102 3639 3170 3678 ex
3201 3622 3404 3678 ordine
3436 3623 3544 3678 feci
3564 3641 3694 3680 nar-

2043 3731 2191 3781 rare,
2223 3729 2358 3768 vera
2386 3711 2485 3767 illa
2507 3729 2634 3766 esse
2665 3711 2929 3779 credens,
2965 3711 3104 3783 quia
3150 3711 3514 3782 hujusmodi,
3545 3717 3604 3768 et
3632 3711 3693 3767 in

2043 3802 2191 3858 libro
2250 3799 2626 3873 Dialogorum
2681 3799 2867 3855 sancti
2925 3799 3206 3871 Gregorii,
3239 3804 3296 3855 et
3341 3799 3401 3854 in
3445 3799 3695 3856 historia

2039 3890 2386 3964 Anglorum,
2419 3892 2476 3944 et
2502 3887 2562 3943 in
2594 3887 2828 3960 scriptis
2877 3888 3065 3943 sancti
3123 3886 3402 3943 Bonifaeii
3433 3887 3692 3960 episcopi

2042 3984 2100 4036 et
2129 3977 2424 4051 martyris,
2459 3978 2560 4034 sed
2591 3981 2648 4032 et
2675 3981 2937 4049 tempore
2968 3976 3170 4032 domui
3201 3975 3478 4033 Ludovici
3506 3977 3691 4050 impe-

2043 4069 2254 4125 ratoris
2283 4071 2448 4124 aetate
2499 4070 2702 4122 nostra
2747 4065 2982 4121 cuidam
3011 4065 3234 4122 Witino
3264 4066 3388 4122 viro
3419 4065 3692 4139 religioso

2043 4157 2297 4214 revelata
2323 4155 2522 4229 relegi.
2556 4155 2739 4222 Unde,
2773 4155 2984 4211 fratres
3012 4154 3368 4224 charissimi,
3421 4155 3545 4212 haec
3601 4173 3690 4212 re-

2043 4248 2300 4322 legentes
2322 4263 2554 4318 semper
2573 4245 2766 4317 pavidi
2789 4261 3136 4317 semperque
3166 4244 3598 4317 suspeeti,dum
3630 4245 3691 4301 in

2044 4338 2154 4393 hoc
2207 4353 2446 4408 corpore
2502 4351 2730 4398 sumus,
2764 4334 2836 4390 de
2875 4333 3282 4390 mansionibus
3337 4352 3484 4408 quas
3535 4335 3692 4391 exuti

2043 4424 2384 4496 corporibus
2415 4421 2671 4478 habituri
2703 4437 2930 4489 sumus,
2954 4421 3298 4496 cogitantes,
3316 4423 3578 4480 remedia
3595 4441 3696 4480 no-

2045 4513 2135 4570 bis
2155 4531 2190 4569 a
2204 4513 2320 4568 Deo
2343 4511 2641 4568 insinuata
2664 4514 2838 4582 atque
2859 4508 3071 4566 collata
3091 4528 3207 4567 non
3229 4511 3622 4586 negligemus,
3637 4517 3696 4570 et

2043 4602 2392 4658 commissos
2423 4599 2613 4668 nobis,
2647 4615 2714 4655 ac
2743 4616 3126 4672 quoscunque
3155 4600 3318 4657 adire
3345 4601 3689 4673 poterimus,

282 4689 392 4758 Qui
422 4689 568 4746 mihi
597 4692 816 4748 multas
846 4691 1066 4767 gratias
1096 4690 1298 4746 retulit
1326 4691 1399 4746 de
1429 4691 1729 4749 missatico
1759 4709 1933 4764 quem
1964 4709 2011 4772 D
2043 4709 2160 4748 non
2191 4689 2483 4764 negligere
2512 4705 3014 4758 commoneamus,
3046 4688 3187 4762 quia
3231 4690 3317 4747 sic
3367 4707 3528 4746 mors
3555 4707 3692 4746 eum

282 4779 638 4852 iniunxerat.
665 4782 805 4838 Inde
835 4781 966 4838 veni
989 4783 1060 4837 ad
1083 4781 1402 4854 quemdam
1425 4779 1641 4850 locum,
1665 4785 1722 4836 et
1742 4781 1936 4837 inveni

281 4869 592 4926 0tharium
629 4871 926 4938 comitem,
961 4869 1206 4944 capillos
1236 4874 1294 4926 et
1323 4871 1566 4926 barbam
1600 4870 1935 4939 habentem,

282 4958 384 5015 sed
408 4962 466 5014 et
483 4962 674 5014 totum
699 4976 912 5032 corpus
933 4959 1172 5016 miseria
1191 4965 1250 5016 et
1269 4959 1540 5033 squalore
1560 4959 1846 5016 infectum
1878 4965 1938 5017 et

283 5047 541 5122 nigrum.
566 5047 673 5116 Qui
695 5066 758 5106 se
779 5051 1136 5106 abscondere
1164 5049 1349 5106 voluit
1370 5066 1442 5106 ne
1465 5049 1632 5104 illum
1654 5049 1933 5106 viderem.

283 5135 388 5192 Cui
410 5135 526 5192 dixi
550 5154 563 5194 :
593 5139 809 5196 Domne
829 5157 1048 5207 comes,
1071 5139 1210 5212 quid
1234 5139 1329 5196 hic
1351 5139 1494 5196 facis
1517 5139 1545 5196 ?
1565 5140 1673 5207 Qui
1705 5157 1939 5212 respon.

283 5225 408 5282 dit:
436 5225 676 5300 Propter
704 5245 836 5284 mea
865 5233 1104 5302 peccata
1131 5229 1228 5285 hic
1260 5247 1414 5299 sum,
1438 5234 1495 5286 et
1525 5229 1788 5286 sustineo
1810 5247 1936 5302 quae

282 5314 466 5372 vides.
491 5317 561 5372 Et
591 5317 702 5374 iste
731 5335 898 5376 meus
949 5322 1167 5387 custos,
1203 5319 1304 5390 qui
1334 5336 1428 5374 me
1457 5319 1728 5376 hortatus
1756 5324 1846 5376 est
1873 5320 1935 5375 in

281 5403 402 5460 vita
423 5421 554 5462 mea
573 5405 676 5462 illa
713 5407 870 5464 mala
899 5409 1088 5464 facere
1118 5425 1245 5480 quae
1273 5407 1407 5476 feci,
1439 5408 1631 5464 adhuc
1659 5408 1934 5464 hortaba-

283 5497 382 5549 tur
401 5497 467 5550 ut
485 5512 578 5550 me
617 5496 1036 5555 absconderem
1066 5515 1138 5553 ne
1167 5502 1232 5552 tu
1263 5514 1356 5552 me
1383 5497 1628 5553 videres.
1663 5499 1773 5553 Sed
1805 5515 1933 5570 pre-

283 5599 384 5639 cor
413 5587 470 5640 te
498 5583 558 5640 in
590 5602 789 5643 amore
814 5587 936 5655 Dei,
969 5588 1112 5662 vade
1143 5587 1213 5643 ad
1244 5601 1481 5643 uxorein
1526 5603 1739 5654 meam,
1774 5591 1831 5642 et
1860 5587 1934 5642 ad

283 5671 552 5730 homines
572 5679 630 5730 et
651 5675 872 5734 amicos
903 5693 1086 5744 meos,
1109 5681 1166 5732 et
1187 5675 1280 5732 die
1299 5673 1417 5731 illis
1439 5678 1505 5730 ut
1527 5692 1630 5746 pro
1671 5692 1764 5732 me
1785 5675 1932 5732 elee-

282 5777 560 5834 mosynas
589 5763 824 5835 faciant,
857 5769 916 5822 et
943 5765 1232 5822 orationes
1264 5764 1388 5821 ﬁeri
1419 5762 1739 5834 obtineant,
1763 5769 1831 5821 ut
1861 5766 1932 5822 de

2044 4779 2266 4838 venerit
2286 4777 2558 4845 vincitur,
2581 4777 2630 4834 si
2652 4782 2970 4850 antequam
3007 4779 3203 4836 veniat
3234 4797 3465 4852 semper
3481 4779 3690 4836 timea—

2045 4875 2162 4926 tur.
2187 4870 2293 4925 Pro
2341 4868 2556 4925 domno
2601 4885 2835 4941 quoque
2865 4872 3064 4924 nostro
3095 4869 3391 4941 quondam
3421 4884 3556 4940 rege
3582 4868 3690 4924 Ca-

2046 4959 2189 5028 rolo,
2241 4963 2305 5014 ut
2333 4958 2386 5014 ei
2415 4957 2702 5014 Dominus
2732 4960 2886 5014 bona
2913 4961 3128 5014 aeterna
3154 4957 3430 5025 conferat,
3467 4957 3690 5013 studio-

2047 5049 2281 5106 sissime
2313 5048 2714 5121 imploremus,
2749 5065 2854 5120 per
2907 5049 3078 5120 cujus
3137 5049 3482 5118 potestatem
3519 5047 3690 5103 nobis

2044 5139 2198 5195 bona
2217 5137 2562 5212 temporalia
2593 5137 2860 5194 contulit.
2886 5137 2948 5193 In
2970 5153 3086 5208 quo
3108 5152 3177 5191 ex
3195 5135 3305 5191 hac
3321 5134 3545 5191 visione
3572 5135 3690 5192 duo

2037 5227 2265 5300 judicia
2293 5227 2525 5284 Domini
2557 5227 2910 5300 perpendere
2939 5241 3258 5298 possumus
3287 5241 3300 5280 :
3331 5223 3600 5280 videlicet
3627 5230 3694 5280 ut

2045 5335 2181 5375 eum
2193 5317 2381 5390 pmnis
2397 5335 2546 5390 quas
2575 5315 2922 5383 sustinebat,
2941 5315 3118 5370 etiam
3131 5331 3199 5370 ex
3210 5314 3438 5387 objecta
3459 5317 3689 5370 sancto-

2045 5425 2176 5463 rum
2208 5407 2408 5480 requie
2439 5411 2503 5462 ut
2531 5406 2661 5462 lucc
2705 5403 3113 5477 resplendente
3141 5421 3176 5458 a
3203 5402 3394 5476 longe,
3425 5403 3528 5476 qui
3557 5419 3692 5474 pro-

2045 5496 2252 5553 mereri
2284 5497 2342 5551 in
2375 5513 2615 5566 corpore
2661 5495 2890 5566 positus
2940 5497 3166 5565 poterat
3193 5493 3526 5548 et'necdum
3559 5509 3692 5564 pro-

2043 5587 2278 5652 meruit,
2313 5584 2671 5642 conscientia
2705 5587 3071 5656 torqueretur
3103 5599 3117 5638 :
3151 5599 3445 5655 quemque
3497 5582 3696 5639 futura

2042 5693 2178 5748 spes
2209 5673 2641 5748 aliquantulum
2673 5673 2983 5741 refovebat,
3007 5671 3160 5728 sicut
3179 5677 3236 5728 et
3257 5689 3362 5728 nos
3385 5671 3696 5728 hortantur

2041 5765 2378 5838 Scriptura,
2401 5762 2569 5819 utsic
2603 5766 2842 5835 peccata
2872 5765 3072 5818 nostra
3101 5761 3462 5834 perturbent,
3487 5766 3690 5835 quate-
