4152 6518
503 397 662 466 1119

1273 393 1658 458 HINCMABI
1705 393 1950 456 RHEM.
1994 392 2364 456 ARCHIEP.
2410 390 2823 457 OPUSGULA
2862 392 3127 459 VARIA.

3762 394 3930 459 “3-3

501 548 616 590 nus
644 544 812 587 mens
836 527 896 586 in
927 526 1393 602 desperationem
1448 543 1564 583 non
1618 529 1880 600 proruet,
1911 525 1998 582 sic
2044 525 2146 582 Dei
2175 524 2232 594 Α
2255 523 2446 594 terito,
2481 541 2661 584 causa
2689 525 3056 584 certitudinis
3084 526 3240 610 dicta
3269 525 3542 604 legimus,
3565 532 3628 585 et
3655 526 3924 586 visiones

501 616 900 677 misericordia
929 633 1037 672 nos
1065 616 1334 681 refoveat,
1359 618 1425 670 ut
1454 612 1616 670 nullo
1645 614 1819 670 modo
1846 612 2144 686 negligen-

497 713 586 767 tes
616 707 839 766 reddat.
873 706 986 763 Sed
1038 708 1095 762 et
1136 721 1240 777 pro
1301 702 1578 759 fratribus
1635 701 1872 770 nostris,
1904 701 2005 774 qui
2038 719 2144 758 nos

497 815 633 856 cum
655 796 824 870 signo
844 795 978 851 ﬁdei
1011 795 1071 850 in
1103 793 1324 850 unitate
1356 797 1570 849 sanctae
1595 791 1863 848 Ecclesiae
1897 807 2144 864 praeces-

497 889 721 957 serunt,
743 883 1075 942 dilectionis
1095 882 1415 939 visceribus
1433 881 1660 938 Domini
1683 879 2142 938 misericordiam

496 977 902 1050 deprecemur,
935 977 1001 1029 ut
1031 973 1136 1046 p’ro
1167 971 1375 1028 solatio
1413 969 1532 1027 illis
1572 970 1836 1042 impenso
1887 970 2144 1026 fraterna

495 1082 604 1122 nos
620 1065 692 1121 ad
711 1062 959 1120 invicem
973 1061 1257 1118 cbaritate
1275 1059 1664 1127 consolemur,
1681 1059 1835 1115 sicut
1855 1059 2140 1134 scriptum

493 1154 602 1224 est,
631 1156 806 1227 frater
859 1153 1089 1224 fratrem
1141 1151 1367 1224 adjuvat
1408 1151 1589 1223 (Prov.
1619 1149 1802 1220 xvm),
1855 1152 1912 1204 et
1969 1148 2142 1204 ambo

493 1241 890 1300 consolentur.
924 1240 1013 1297 Illi
1053 1239 1291 1313 quidem
1324 1237 1424 1312 qui
1457 1255 1564 1294 nos
1593 1241 2038 1311 przeccsserunt,
2071 1237 2142 1294 de

492 1330 802 1390 charitatis
852 1329 1060 1387 solatio
1105 1328 1218 1385 sibi
1249 1345 1283 1384 a
1313 1326 1482 1384 nobis
1524 1326 1812 1401 impenso.
1847 1331 1904 1382 et
1934 1344 2041 1383 nos
2071 1327 2143 1384 de

496 1423 767 1478 fraternae
813 1417 1141 1475 dilectionis
1199 1416 1408 1474 merito
1437 1433 1474 1473 a
1501 1416 1618 1473 Deo
1648 1415 1817 1473 nobis
1848 1416 2143 1474 reddendo

491 1508 888 1568 consolemur.
921 1507 1208 1563 Caeterum
1267 1506 1422 1579 quod
1477 1505 1766 1562 redivivus
1823 1505 1918 1562 ille
1973 1506 2142 1573 dixit,

491 1598 782 1672 quosdam
813 1613 876 1653 se
907 1595 1071 1669 prius
1103 1595 1162 1650 in
1195 1596 1402 1667 poenis,
1435 1598 1494 1651 et
1524 1595 1950 1668 subscquentcr
1971 1595 2142 1668 quasi

489 1687 768 1746 liberatos
797 1685 1036 1754 vidisse,
1069 1683 1496 1757 intelligendun
1545 1685 1793 1754 aestimo,
1825 1683 1966 1758 quia
1995 1685 2044 1741 si
2076 1701 2146 1741 ea

489 1795 594 1851 pro
616 1775 735 1834 illis
765 1779 933 1850 gesta
963 1773 1181 1832 fuerint
1209 1791 1338 1846 quae
1366 1773 1682 1847 petierunt,
1713 1773 1980 1830 liberatio
2011 1774 2146 1830 sub-

489 1871 791 1939 sequatur,
825 1882 954 1938 quae
1014 1864 1382 1937 specietenus
1437 1863 1783 1919 ostenditur.
1818 1863 1964 1919 Nam
1995 1868 2054 1920 et
2082 1862 2142 1918 in

490 1953 814 2028 Scripturis
825 1969 978 2026 smpo
992 1954 1211 2023 futura,
1227 1951 1396 2026 quasi
1408 1952 1536 2025 jam
1558 1952 1712 2008 facta
1727 1955 1987 2026 tempore
2001 1969 2144 2026 prai-

2253 614 2670 688 prophetarum
2700 620 2758 672 et
2785 615 3032 677 aliorum
3063 622 3542 692 sanctorum,per
3570 618 3813 692 species
3841 619 3928 675 di-

2253 721 2452 760 versas
2482 709 2750 761 ostensas
2780 705 2963 762 fuisse
3002 706 3431 781 cognoscimus.
3464 707 3616 774 Quia
3642 708 3922 764 nondum

2253 793 2324 849 ad
2356 792 2465 848 hoc
2495 794 2869 866 pervenimus
2899 796 3055 868 quod
3089 795 3371 870 scriptum
3403 799 3513 866 est,
3541 796 3700 872 facie
3729 797 3804 852 ad
3829 799 3922 868 fa-

2251 884 2390 940 ciem
2417 884 2639 940 Domini
2681 885 2919 957 gloriam
2969 887 3310 958 speculantes
3339 889 3391 959 (Ι
3417 887 3540 943 Cor.
3573 891 3730 955 xm).
3767 887 3926 942 Non-

2253 971 2393 1028 dum
2426 973 2584 1030 enim
2617 978 2860 1047 apparet
2890 973 3031 1047 quid
3081 975 3304 1032 erimus
3336 992 3350 1031 :
3381 979 3440 1031 et
3467 974 3607 1031 licet
3639 977 3921 1031 nondum

2252 1067 2530 1134 appareat
2550 1063 2689 1136 quid
2718 1063 2959 1132 erimus,
2975 1080 3078 1136 spe
3109 1069 3306 1120 tamen
3335 1065 3476 1122 salvi
3499 1065 3638 1122 facti
3669 1083 3918 1122 sumus.

2249 1150 2466 1206 Verum
2496 1154 2636 1225 quia
2667 1169 2825 1208 mors
2855 1158 3014 1210 certa
3041 1157 3100 1210 et
3127 1153 3318 1210 exitus
3377 1155 3562 1211 nostri
3620 1155 3778 1211 hora
3817 1171 3922 1212 no-

2252 1239 2345 1296 bis
2375 1245 2464 1297 est
2488 1240 2730 1313 incerta,
2764 1241 3046 1298 debemus
3099 1241 3304 1299 sedula
3361 1247 3555 1300 mente
3601 1242 3922 1300 ruminare

2252 1329 2604 1385 sententiam
2627 1329 2777 1386 beati
2801 1329 3065 1402 Prosperi
3082 1329 3154 1385 de
3169 1329 3360 1386 verbis
3377 1330 3563 1388 sancti
3583 1331 3918 1407 Augustini

2252 1435 2321 1474 ex
2351 1418 2664 1491 Scriptura:
2695 1418 2928 1474 tramite
2974 1419 3340 1492 adnotatam,
3372 1437 3500 1493 quas
3530 1419 3615 1477 ita
3639 1438 3704 1478 se
3732 1421 3918 1478 habet

2252 1509 2394 1582 (cap.
2425 1511 2556 1577 20):
2592 1531 2618 1560 «
2647 1508 2888 1564 Peccata
2915 1506 3035 1564 sive
3065 1525 3262 1580 parva,
3285 1507 3406 1565 sive
3436 1525 3674 1582 magna,
3709 1510 3920 1584 impu-

2252 1596 2378 1652 nita
2397 1613 2525 1654 esse
2548 1615 2664 1652 non
2697 1602 2968 1670 possunt,
2994 1597 3135 1670 quia
3163 1601 3264 1656 aut
3294 1597 3532 1655 homine
3562 1599 3915 1673 pmnitente,

2253 1690 2357 1741 aut
2371 1685 2488 1742 Deo
2503 1686 2807 1759 judicante
2829 1686 3186 1760 plectuntur.
3211 1692 3412 1744 Cessat
3431 1693 3628 1744 autem
3651 1689 3920 1746 vindicta

2253 1775 2468 1844 divina,
2501 1775 2550 1831 si
2578 1776 2876 1832 conversio
2909 1781 3228 1848 praecurrat
3257 1776 3720 1834 bumana.Amat
3751 1779 3916 1835 enim

2252 1865 2408 1920 Deus
2455 1865 2870 1922 confitentibus
2913 1877 3170 1938 parcere,
3204 1871 3262 1923 et
3291 1883 3390 1923 eos
3422 1865 3522 1940 qui
3553 1866 3920 1941 semetipsos

2246 1953 2539 2025 judicant,
2574 1971 2688 2010 non
2711 1953 2996 2026 judicare.
3021 1976 3050 2006 »

2021 2242 2366 2310 XVIII.

1106 2409 1499 2472 HINCMARI
1544 2410 1967 2474 CONSILIUM
2014 2412 2118 2472 DE
2159 2412 2678 2474 PtENlTENTIA
2721 2414 3008 2476 PIPPlNl
3056 2415 3284 2478 REGIS

1361 2573 1554 2647 (Apud
1582 2573 1876 2641 eumdem,
1906 2590 1975 2630 ex
2004 2573 2201 2630 codice
2233 2575 2292 2632 S.
2327 2575 2621 2632 Laurentii
2655 2576 3037 2648 Leodiensis.)

553 2856 806 2913 Sanctus
854 2870 1007 2928 papa
1053 2851 1368 2926 Gregorius
1399 2851 1459 2908 in
1496 2850 1744 2908 decretis
1773 2852 1846 2908 ad
1890 2851 2136 2909 Felicem

487 2945 853 3005 Siciliensem
904 2943 1245 3016 episcopum
1305 2940 1579 2998 difﬁuivit
1626 2940 1827 2998 dicens
1883 2942 2004 3008 (lib.
2031 2959 2133 3008 xu,

484 3035 778 3110 epist.32):
817 3055 846 3084 «
867 3031 1208 3104 Progeniem
1239 3048 1410 3088 suam
1443 3047 1927 3103 unumquemque
1949 3030 2020 3086 de
2041 3030 2135 3088 his

488 3124 590 3200 qui
621 3122 872 3180 fideliter
898 3121 1109 3189 edocti,
1141 3125 1200 3178 et
1219 3121 1346 3192 jam
1376 3121 1608 3176 firmata
1665 3119 1859 3176 radice
1890 3118 2134 3192 plantati

486 3210 1201 3284 stantinconvulsi,usque
1217 3211 1291 3266 ad
1305 3210 1614 3282 septimam
1629 3209 1932 3266 observare
1945 3209 2136 3266 decer-

2245 2855 2495 2910 mortem
2539 2853 2770 2922 saltem,
2817 2855 3002 2913 solius
3058 2855 3466 2915 misericordia
3518 2857 3762 2925 intuitu,
3797 2875 3902 2932 per

2245 2943 2680 2999 communionis
2701 2944 2952 3016 gratiam
2965 2945 3898 3018 possitindulgentiasubveniri.»

2245 3030 2308 3086 In
2330 3029 2440 3086 hoc
2470 3030 2726 3104 capitulo
2757 3036 2876 3088 stat
2903 3033 3075 3089 modo
3107 3032 3412 3106 Pippinus,
3431 3039 3490 3090 et
3509 3033 3569 3089 in
3598 3032 3714 3089 alio
3743 3034 3900 3106 capi-

2242 3119 2366 3176 tulo
2394 3121 2548 3193 quod
2581 3121 2653 3176 de
2684 3119 2968 3193 apostatis
3008 3120 3162 3178 idem
3195 3120 3438 3178 Siricius
3469 3121 3723 3178 decrevit
3749 3123 3895 3195 (cap.

2241 3210 2296 3277 3)
2329 3224 2344 3264 :
2377 3232 2405 3260 α
2441 3207 2588 3276 Quia
2611 3225 2744 3266 vero
2769 3225 2926 3265 nunc
2955 3209 3097 3266 dicit
3133 3227 3196 3266 se
3225 3210 3506 3283 pcenitere
3533 3210 3605 3267 de
3637 3212 3897 3284 praeteri-

483 3305 686 3360 nimus
713 3301 1235 3376 generationem,et
1255 3297 1516 3372 quandiu
1548 3317 1610 3361 se
1638 3303 1999 3372 cognoscunt
2013 3299 2136 3354 al'ﬁ-
2163 3286 2207 3352 C
2245 3297 2322 3354 tis
2353 3297 2548 3365 malis,
2576 3298 2716 3371 quia
2755 3297 3023 3354 habitum
3053 3303 3111 3356 et
3139 3298 3562 3372 professionem
3591 3317 3765 3357 suam
3795 3301 3897 3357 de-

483 3392 669 3448 nitate
690 3388 1151 3464 prOpinquos,ad
1173 3388 1352 3461 hujus
1373 3387 1593 3461 copulae
1616 3404 1731 3444 non
1754 3388 2027 3444 accedere
2048 3403 2137 3443 so-

483 3479 784 3537 cietatem:
811 3493 917 3534 nec
938 3494 1092 3546 eam,
1112 3494 1292 3558 quam
1312 3477 1529 3550 aliquis
1547 3494 1615 3532 ex
1637 3475 1870 3549 prepria
1891 3492 2136 3532 consan-

483 3567 773 3643 guinitate
786 3567 915 3638 conj
926 3583 1095 3639 ugem
1110 3566 1429 3634 habuit,vel
1444 3564 1667 3638 aliquai
1677 3563 1857 3620 llicita
1870 3564 2136 3636 pollutio-

483 3675 556 3715 ne
570 3655 904 3723 maculavit,
929 3655 988 3710 in
1009 3655 1349 3728 conjugium
1373 3656 1584 3710 ducere
1612 3652 1712 3708 ulli
1729 3654 1982 3725 profecto
1998 3652 2135 3710 licet

481 3745 972 3813 Christianorum,
997 3743 1084 3801 vel
1107 3743 1323 3812 licebit,
1349 3742 1487 3816 quia
1505 3741 1977 3798 incestuosuscst
1998 3741 2133 3800 talis

481 3836 694 3902 coitus,
706 3838 764 3891 et
775 3832 1009 3891 abomin
1018 3833 1131 3890 abil
1142 3833 1191 3890 is
1209 3833 1346 3899 Deo,
1360 3837 1418 3888 et
1431 3830 1659 3888 cunctis
1671 3831 2132 3888 hominibhsln-

481 3929 785 3982 cestuosos
814 3940 949 3980 vero
971 3921 1134 3979 nullo
1156 3919 1414 3994 coniugii
1445 3920 1682 3978 nomine
1703 3921 2069 3994 deputandos
2099 3939 2134 3978 a

480 4012 705 4072 sanctis
736 4012 1006 4070 Patribus
1035 4011 1263 4068 dudum
1313 4015 1604 4067 statutum
1636 4027 1764 4066 esse
1795 4009 2065 4082 legimus.
2099 4033 2127 4062 ››

481 4104 551 4160 Et
579 4103 720 4158 item
753 4119 905 4174 papa
933 4099 1250 4172 Gregorius
1300 4098 1438 4155 hinc
1482 4099 1635 4154 inter
1665 4097 1780 4155 alia
1809 4099 1868 4154 in
1901 4100 2132 4156 decreto

481 4189 747 4266 synodali
766 4195 903 4246 ante
925 4188 1077 4245 beati
1099 4187 1252 4244 Petri
1271 4204 1485 4261 corpus
1516 4187 1789 4244 difﬁnivit
1817 4187 1928 4244 hoc
1957 4187 2131 4244 modo

480 4281 676 4354 (Greg.
711 4279 782 4348 II,
812 4296 940 4336 can.
962 4279 1020 4346 9)
1045 4293 1058 4333 :
1096 4298 1124 4330 α
1145 4277 1206 4334 Si
1237 4277 1370 4350 quis
1399 4278 1469 4334 de
1503 4277 1735 4350 propria
1765 4277 2129 4350 cognatione,

479 4374 540 4426 et
566 4385 743 4442 quam
777 4371 1062 4442 cognatus
1083 4365 1312 4434 habuit,
1345 4367 1575 4424 duxerit
1603 4367 1664 4423 in
1695 4384 1957 4434 uxorem,
1989 4384 2130 4423 ana-

480 4459 681 4516 thema
694 4457 792 4515 sit.
823 4458 894 4513 Et
914 4457 1343 4527 responderunt
1361 4474 1566 4514 omnes
1589 4455 1779 4524 tertio,
1807 4456 2132 4514 Anathema

480 4548 579 4604 sit.
613 4569 642 4598 ››
675 4548 746 4604 Et
804 4545 942 4602 hinc
993 4544 1143 4600 sacri
1201 4563 1455 4604 canones
1509 4547 1714 4602 dicunt
1752 4546 1922 4619 (conc.
1952 4547 2126 4619 Epau.

478 4654 602 4694 can.
635 4637 729 4704 30)
761 4653 775 4692 :
811 4658 840 4686 ‹‹
873 4633 954 4690 De
983 4633 1222 4690 incestis
1252 4635 1765 4728 conjunctionibus
1796 4635 1942 4692 nihil
1965 4653 2129 4709 pror-
2161 4663 2208 4728 Β

480 4743 585 4783 sus
607 4725 785 4782 venia:
805 4739 1193 4789 reservamus,
1216 4721 1331 4780 nisi
1351 4741 1484 4780 cum
1519 4724 1872 4781 adulterium
1895 4742 2130 4798 separa-

479 4815 638 4873 tione
673 4812 1028 4871 sanaverint.
1065 4813 1432 4870 lncestuosos
1477 4830 1612 4870 vero
1665 4813 1825 4871 nullo
1874 4814 2133 4887 conjugii

482 4905 719 4962 nomine
735 4903 1128 4977 deputandos,
1141 4918 1290 4976 quos
1309 4901 1486 4958 etiam
1508 4902 1815 4976 designare
1831 4905 2132 4960 funestum

480 5000 592 5051 est.
627 4995 779 5051 Sane
833 4992 1053 5066 quibus
1107 4991 1441 5063 conjunctio
1489 4991 1694 5048 illicita
1740 4993 2132 5061 interdicitur,

483 5083 788 5140 habebunt
817 5081 1059 5138 ineundi
1105 5080 1364 5137 melioris
1409 5081 1669 5154 conjugii
1715 5081 2067 5137 libertatem.
2105 5105 2132 5133 ››

555 5173 806 5230 Sanctus
865 5171 1110 5228 Siricius
1157 5170 1216 5226 in
1267 5171 1518 5227 decretis
1571 5170 1716 5237 suis,
1749 5171 1820 5226 de
1852 5172 2134 5244 apostatis

483 5261 789 5320 monachis
815 5264 956 5334 (cap.
987 5260 1044 5333 6)
1078 5277 1092 5316 :
1126 5283 1156 5311 ‹‹
1190 5259 1328 5324 Has,
1360 5259 1575 5332 inquit,
1607 5259 1934 5332 impudicas
1973 5262 2130 5317 dete-

480 5351 764 5424 stabilesq
773 5369 841 5408 ue
855 5368 1136 5424 personas
1148 5367 1182 5406 a
1195 5349 1684 5406 monasteriorum
1699 5355 1850 5406 cestu
1866 5351 2134 5409 ecclesia-

485 5457 737 5514 rumque
753 5439 1136 5496 conventibus
1165 5438 1556 5495 eliminandas
1585 5457 1711 5496 esse
1737 5442 2089 5497 mandamus
2113 5459 2126 5497 :

483 5533 778 5600 quatenus
811 5533 1048 5585 retrusa:
1083 5528 1139 5584 in
1187 5528 1312 5583 suis
1359 5527 1692 5600 ergastulis,
1727 5534 1957 5585 tantum
1989 5529 2129 5584 faci-

485 5634 598 5680 nus
629 5617 908 5675 continua
937 5617 1352 5674 lamentatione
1399 5617 1700 5685 deﬂentes,
1733 5617 2130 5692 puriﬁcatorio

484 5705 715 5792 poasint
768 5706 1150 5780 pwnitudinis
1195 5706 1330 5780 igne
1359 5707 1698 5782 decoquere,
1730 5711 1796 5763 ut
1825 5707 1910 5764 eis
1939 5707 2024 5764 vel
2057 5709 2128 5765 ad

2244 3387 2450 3453 seruit,
2482 3393 2540 3443 et
2576 3391 3010 3443 sacramentum
3036 3405 3152 3460 quo
3182 3405 3246 3445 se
3273 3389 3622 3445 constrinxit
3645 3389 3900 3463 graviter

2243 3475 2496 3548 violavit,
2519 3481 2577 3532 et
2597 3476 2738 3548 quia
2753 3493 2890 3533 cum
2921 3477 3166 3550 paganis
3195 3495 3258 3535 se
3279 3479 3563 3552 junxit,et
3591 3481 3738 3552 proli
3749 3485 3902 3536 tetur

2243 3582 2306 3622 se
2336 3565 2408 3622 ad
2441 3582 2610 3621 suam
2643 3566 3066 3638 professionem
3097 3571 3155 3622 et
3185 3567 3454 3623 habitum
3482 3566 3628 3624 velle
3657 3567 3854 3625 redire
3881 3587 3895 3624 :

2242 3654 2520 3726 quoniam
2541 3653 2700 3710 illius
2721 3671 2900 3712 causa
2918 3655 3180 3728 synodali
3194 3655 3546 3713 difﬁnitione
3558 3662 3736 3730 atque
3743 3658 3900 3730 judi-

2243 3744 2332 3800 eio
2355 3744 2586 3799 decreta
2617 3743 2744 3811 fuit,
2769 3743 2820 3800 si
2845 3749 3080 3816 tempus
3109 3749 3168 3800 et
3194 3744 3360 3802 locus
3389 3746 3773 3818 permitteret,
3801 3765 3898 3820 sy-

2242 3833 2438 3889 nodali
2453 3832 2678 3906 judicio
2701 3832 3004 3889 immutari
3025 3833 3326 3890 debuerat.
3341 3834 3509 3891 Nunc
3529 3837 3899 3909 autem,quia

2240 3922 2380 3979 huic
2386 3921 2704 3993 judicium,
2728 3926 2786 3978 et
2805 3921 2941 3978 hinc
2962 3939 3068 3979 nos
3097 3923 3440 3980 circumstat
3468 3922 3892 3994 miseﬁcbrdia,

2240 4011 2584 4084 projudicio
2606 4009 2870 4084 synodali
2893 4013 3193 4084 sequenda
3213 4013 3384 4068 nobis
3405 4017 3742 4086 suntquam
3759 4014 3894 4070 sede

2241 4099 2562 4172 apostolica
2587 4104 2644 4155 et
2673 4117 2776 4172 per
2805 4099 3108 4173 synodalia
3165 4099 3385 4172 iudicia
3434 4106 3577 4158 sunt
3617 4102 3890 4170 dimnita,

2239 4189 2470 4245 dicente
2527 4188 2697 4244 beato
2759 4189 2948 4245 Leone
2979 4190 3157 4262 (epist.
3187 4189 3260 4245 59
3284 4190 3355 4246 ad
3389 4189 3628 4262 Theod.),
3660 4189 3802 4263 quia
3829 4190 3890 4246 in

2239 4275 2652 4350 dispensandis
2672 4277 2773 4333 Dei
2795 4277 2967 4334 donis
2989 4295 3103 4335 non
3123 4279 3410 4336 debemus
3437 4296 3568 4336 esse
3595 4279 3889 4348 difﬁciles,

2240 4385 2346 4424 nec
2362 4366 2765 4424 accusantium
2782 4384 2844 4424 se
2860 4368 3114 4440 gemitus
3135 4367 3542 4442 laerymasque
3571 4368 3888 4443 negligere,

2238 4475 2374 4514 cum
2405 4457 2594 4530 ipsam
2623 4455 2944 4530 paenitendi
2974 4457 3339 4514 affectionem
3356 4475 3426 4514 ex
3448 4459 3549 4515 Dei
3579 4459 3892 4515 credamus

2239 4545 2622 4620 inspiratione
2650 4551 3015 4619 conceptam,
3047 4547 3277 4604 dicente
3305 4547 3617 4620 Apostolo:
3650 4548 3728 4605 Ne
3751 4551 3894 4619 forte

2239 4636 2328 4694 det
2387 4636 2506 4692 illis
2558 4637 2702 4692 Deus
2747 4636 3150 4708 paenitentiam,
3185 4645 3246 4692 ut
3273 4637 3598 4709 resipisamt
3622 4656 3658 4693 α
3685 4637 3896 4694 diaboli

2243 4727 2474 4798 laqueis,
2507 4742 2544 4780 a
2571 4741 2676 4797 quo
2703 4726 2852 4798 capti
2877 4733 3132 4782 tenentur
3152 4725 3225 4780 ad
3255 4727 3431 4797 ipsius
3457 4727 3792 4783 voluntatem
3817 4726 3896 4795 (Il

2246 4817 2381 4872 Tim.
2412 4815 2476 4885 1).
2503 4835 2532 4864 ››
2563 4814 2632 4869 Et
2659 4812 2800 4869 item
2829 4812 2985 4870 idem
3017 4814 3076 4869 in
3105 4814 3355 4870 decretis
3385 4813 3511 4871 suis
3538 4814 3682 4870 dicit
3707 4815 3888 4887 (epist.

2241 4905 2332 4971 95,
2365 4921 2492 4976 cap.
2529 4903 2617 4972 13)
2649 4919 2662 4959 :
2697 4925 2726 4954 «
2751 4903 3118 4976 Propositum
3151 4903 3446 4971 monachi,
3479 4904 3712 4978 proprio
3742 4904 3894 4960 arbi-

2242 4993 2354 5050 trio
2377 4998 2478 5049 aut
2500 4991 2800 5049 voluntate
2819 4997 3180 5065 susceptum,
3206 4992 3396 5049 deseri
3417 5009 3532 5050 non
3554 4997 3742 5069 potest
3761 4992 3894 5049 abs-

2242 5099 2357 5156 que
2385 5085 2644 5155 peccato.
2678 5081 2842 5148 Quod
2899 5081 3058 5137 enim
3108 5081 3242 5155 quis
3283 5082 3438 5139 vovit
3467 5083 3605 5151 Deo,
3637 5082 3808 5138 debet
3835 5080 3892 5138 ei

2243 5173 2504 5228 reddere.
2529 5170 2692 5227 Unde
2711 5169 2812 5244 qui
2834 5169 3036 5228 relicta
3056 5170 3486 5245 singularitatis
3507 5170 3886 5244 professione,

2241 5262 2313 5318 ad
2339 5260 2610 5316 militiam
2630 5259 2718 5316 vel
2741 5259 2978 5333 nuptias
2999 5260 3306 5317 devolutus
3326 5259 3693 5334 est,publicae
3714 5259 3893 5332 paeni-

2241 5351 2432 5408 tentiae
2465 5349 2863 5406 satisfactione
2893 5350 3237 5424 purgandus
3267 5355 3385 5406 est:
3420 5351 3562 5423 quia
3588 5349 3697 5406 etsi
3729 5350 3892 5405 inno-

2239 5457 2378 5496 cens
2409 5439 2639 5508 militia,
2672 5444 2730 5494 et
2760 5439 3073 5496 honestum
3119 5444 3311 5513 potest
3356 5457 3486 5497 esse
3523 5438 3884 5513 conjugium,

2241 5530 2582 5587 electionem
2613 5528 2924 5585 meliorum
2953 5529 3284 5586 deseruisse
3314 5529 3704 5603 transgressio
3724 5533 3832 5584 est.
3857 5551 3885 5577 ιι

2239 5621 2308 5677 Et
2329 5620 2466 5692 quia
2490 5619 2774 5692 Pippinus
2805 5636 2867 5675 se
2899 5619 3146 5692 paganis
3173 5618 3434 5686 sociavit,
3468 5636 3586 5691 qua
3615 5618 3888 5675 societate

2241 5708 2430 5767 multa
2451 5708 2606 5766 mala
2623 5707 2684 5764 in
2708 5707 3150 5765 Cbristianitate
3181 5709 3438 5781 profecta
3457 5713 3618 5777 sunt,
3640 5724 3885 5780 sequen-
