4152 6532
255 496 410 557 1121

1522 503 1623 564 DE
1667 503 1900 564 VlLLA
1945 502 2386 564 NOVILIACO.

3512 511 3668 574 “22

255 630 401 687 dum
431 634 523 686 est
551 630 624 685 de
652 648 718 687 eo
742 632 950 688 Leonis
970 633 1294 706 capitulum
1315 653 1432 709 quo
1452 636 1594 691 dicit
1614 639 1791 708 (epist.
1816 636 1908 703 95,
1939 638 1993 703 Α
2015 636 2292 707 judicium
2351 637 2538 707 (Joan.
2594 637 2672 709 ιι),
2725 643 2783 691 et
2839 640 2910 693 de
2964 639 3248 697 charitate
3305 643 3666 701 confratrum

256 735 309 774 c.
338 719 425 790 16)
451 736 502 774 :«
526 719 586 774 Si
607 720 867 778 convivio
898 722 1021 780 solo
1047 725 1378 797 gentilium,
1402 730 1460 782 et
1476 725 1626 782 escis
1649 725 1912 780 immola-

255 806 405 864 titiis
426 807 518 863 usi
550 813 710 878 sunt,
735 817 984 882 possunt
1006 814 1251 885 jejuniis
1271 819 1329 871 et
1355 831 1568 871 manus
1591 813 1912 887 impositio—

255 912 331 953 ne
362 897 620 971 purgari,
653 904 720 955 ut
749 900 1024 974 deinceps
1054 903 1127 958 ab
1167 903 1493 960 idolothitis
1525 904 1906 971 abstinentes,

258 991 695 1044 sacramentum
746 989 961 1046 Christi
1010 992 1240 1064 possint
1285 1009 1413 1049 esse
1462 992 1797 1066 participes.
1850 993 1910 1049 Si

258 1081 454 1133 autem
486 1077 644 1134 idola
687 1079 1095 1149 adoraverunt,
1121 1086 1224 1137 aut
1251 1082 1587 1139 homicidiis
1614 1082 1701 1139 vel
1732 1082 1910 1138 forni-

259 1164 588 1221 cationibus
619 1168 1001 1225 contaminati
1035 1174 1194 1239 sunt,
1221 1171 1291 1225 ad
1320 1171 1793 1228 communionem
1814 1189 1913 1228 eos

259 1252 374 1309 nisi
394 1269 498 1326 per
512 1255 914 1326 pcenitentiam
933 1257 1229 1330 publicam
1247 1276 1363 1315 non
1376 1264 1604 1332 oportet
1620 1260 1911 1316 admitti.»

261 1342 333 1398 Et
362 1342 577 1399 Niczeni
624 1360 879 1402 canones
908 1350 1053 1415 (can.
1086 1349 1172 1421 11)
1204 1349 1275 1404 de
1305 1348 1399 1404 his
1429 1348 1529 1422 qui
1576 1354 1783 1421 prmter
1812 1366 1912 1405 ne-

261 1431 595 1488 cessitatem
623 1434 981 1507 praevaricati
1013 1441 1174 1506 sunt,
1196 1437 1448 1510 qualiter
1475 1438 1796 1511 pceniteant
1825 1438 1913 1493 di-

261 1524 404 1576 cunt
446 1523 622 1594 (epist.
655 1522 745 1591 59,
775 1525 988 1597 Theod.)
1011 1525 1158 1592 Quia
1205 1543 1359 1595 vero,
1384 1532 1451 1582 ut
1493 1527 1711 1593 audivi,
1744 1544 1913 1599 para-

261 1608 369 1683 lysi
393 1612 540 1666 solet
562 1611 844 1686 Pippinus
871 1615 1116 1687 percuti,
1141 1616 1440 1688 sequenda
1460 1621 1549 1672 est
1568 1617 1639 1672 de
1663 1615 1764 1673 illo
1790 1634 1917 1673 sen-

260 1700 445 1755 tentia
475 1700 674 1774 magni
699 1702 926 1771 Leonis,
943 1720 1060 1776 qua
1091 1704 1233 1760 dicit
1254 1706 1323 1760 de
1343 1704 1435 1762 his
1452 1706 1551 1778 qui
1577 1705 1636 1760 in
1656 1711 1916 1777 tempore

260 1790 649 1858 necessitatis,
663 1797 722 1847 et
747 1792 805 1847 in
831 1793 1074 1866 periculi
1108 1794 1371 1867 urgentis
1391 1792 1691 1862 instantia,
1717 1795 1915 1866 praesi-

262 1878 427 1934 dium
450 1879 801 1951 poenitentiss
821 1887 878 1937 et
909 1899 1043 1938 mox
1064 1882 1554 1940 reconciliationis
1577 1883 1913 1955 implorant,

2018 729 2389 792 nostrorum,
2449 731 2508 780 et
2562 726 2634 781 de
2705 729 3050 784 auctoritate
3122 747 3425 787 sacrorum
3492 750 3668 790 cano-

2018 829 2163 867 num
2195 818 2250 867 et
2292 813 2637 885 pontiﬁcum
2688 814 3106 886 Romanorum,
3138 818 3534 876 exhortandus
3581 825 3672 878 est

2020 900 2331 973 Pippinus,
2391 906 2458 956 ut
2511 919 2721 973 puram
2782 904 3208 961 confessionem
3265 908 3338 963 de
3394 909 3670 965 omnibus

2018 988 2274 1061 peccatis
2320 990 2465 1058 suis,
2501 1006 2628 1063 qua:
2674 992 2746 1047 ab
2794 991 3035 1048 ineunte
3085 1000 3252 1051 tetate
3299 998 3668 1068 perpetravit,

2021 1084 2240 1134 secrete
2272 1077 2470 1146 faciat,
2502 1079 2642 1151 quia
2687 1080 2835 1137 forte
2882 1081 3023 1149 talia
3068 1088 3309 1154 peccata
3355 1085 3511 1155 fecit,
3543 1103 3671 1158 quas

2020 1171 2191 1240 turpe
2246 1171 2337 1224 est
2392 1169 2569 1223 etiam
2616 1167 2676 1223 in
2732 1169 3038 1241 publicum
3087 1171 3300 1241 dicere,
3333 1177 3392 1230 et
3444 1175 3515 1230 de
3563 1174 3673 1232 hoc

2022 1256 2177 1329 quod
2226 1273 2404 1312 suum
2452 1256 2723 1313 habitum
2754 1258 2983 1314 dimisit
3029 1266 3088 1316 et
3136 1278 3200 1317 se
3243 1263 3582 1335 perjuravit,
3615 1268 3675 1321 et

2023 1344 2164 1418 quia
2193 1362 2328 1400 cum
2360 1344 2605 1418 paganis
2655 1363 2716 1402 se
2755 1347 2978 1418 junxit,
3010 1348 3082 1404 de
3121 1366 3237 1421 qua
3283 1368 3394 1408 sua
3434 1353 3675 1425 conjun-

2023 1433 2212 1489 ctione
2243 1434 2432 1489 multa
2460 1433 2616 1492 mala
2646 1440 2786 1492 sunt
2815 1441 3166 1509 perpetrata,
3191 1456 3387 1496 coram
3417 1440 3677 1500 Ecclesia

2021 1519 2176 1577 inter
2202 1520 2436 1593 publice
2466 1523 2813 1595 pmnitentes
2842 1540 2905 1580 se
2934 1523 3390 1598 lacrymabiliter
3417 1533 3676 1600 accuset,

2023 1615 2080 1666 et
2109 1610 2516 1682 paenitentiam
2536 1616 2594 1667 et
2611 1611 3143 1670 reconciliationem
3166 1615 3474 1674 humiliter
3493 1622 3673 1691 petat,

2024 1703 2080 1753 et
2101 1700 2172 1753 de
2203 1699 2477 1755 omnibus
2504 1718 2637 1772 quae
2665 1701 2753 1757 vel
2783 1708 3002 1758 secrete
3030 1708 3336 1761 confessus
3367 1706 3562 1776 fuerit,
3583 1707 3675 1763 vel

2025 1788 2257 1861 publice
2287 1790 2663 1858 accusaverit,
2689 1807 2793 1863 per
2836 1809 3051 1848 manus
3080 1792 3516 1865 impositionem
3547 1796 3675 1870 epi-

2024 1877 2277 1950 scopalis
2307 1879 2673 1935 auctoritatis
2694 1880 2927 1952 publice
2946 1881 3372 1953 reconcilietur,
3395 1888 3453 1940 et
3472 1901 3673 1941 recon-

263 1984 369 2023 nec
399 1968 719 2025 satisfactio
768 1970 1176 2027 interdicenda
1221 1977 1331 2039 est,
1366 1988 1472 2027 nec
1519 1973 1915 2029 reconciliatio
1945 2007 1991 2073 Β
2026 1965 2594 2067 οἱιίιιῐυῆῐοηευνθοῐξὶ
2626 1966 3003 2073 .clel'icalemn
3018 1970 3285 2043 accipiat,
3317 1976 3374 2029 et
3403 1972 3673 2031 habitum

263 2057 620 2131 deneganda,
655 2059 795 2131 quia
836 2059 1251 2116 misericordiae
1301 2061 1400 2116 Dei
1449 2078 1555 2116 nec
1586 2078 1913 2123 mensuras

263 2162 579 2218 possumus
602 2164 837 2219 ponere,
852 2165 960 2204 nec
981 2154 1246 2221 tempora
1265 2150 1539 2218 diffinire,
1556 2152 1709 2222 apud
1735 2168 1911 2223 quem

263 2234 457 2290 nullas
489 2235 710 2307 patitur
743 2236 922 2292 veniae
964 2254 1159 2293 moras
1187 2255 1323 2293 vera
1351 2239 1658 2307 confessio,
1683 2240 1912 2296 dicente

262 2321 363 2378 Dei
394 2323 606 2395 spiritu
646 2341 750 2396 per
790 2325 1137 2398 prophetam
1171 2343 1183 2381 :
1221 2328 1356 2383 Cum
1401 2330 1753 2400 ingemueris,
1787 2337 1914 2385 tunc

260 2413 445 2468 salvus
471 2415 582 2469 eris
611 2415 741 2485 (lsa.
766 2418 945 2481 mu).
976 2416 1047 2470 Et
1075 2415 1289 2471 iterum
1324 2434 1336 2472 :
1373 2419 1524 2489 ()uia
1554 2418 1699 2489 apud
1731 2420 1912 2474 Domi~

260 2517 395 2556 nam
420 2503 802 2559 misericordia
831 2509 939 2570 est,
961 2512 1013 2560 et
1041 2507 1258 2577 copiosa
1285 2506 1432 2578 apud
1465 2523 1592 2562 eum
1621 2507 1913 2579 redemptio

262 2589 668 2664 (Psal.cxxm).
694 2613 723 2643 »
749 2593 820 2647 Et
867 2593 1244 2650 Innocentius
1295 2594 1439 2650 dixit
1487 2596 1661 2668 (eqist.
1702 2596 1774 2651 29
1811 2598 1911 2652 De-

260 2684 516 2748 cent.):«
538 2680 619 2737 De
662 2681 1101 2753 paenitentibus,
1128 2683 1229 2755 qui
1278 2684 1397 2739 sive
1438 2700 1508 2739 ex
1545 2684 1913 2757 gravioribus

261 2768 614 2833 commissis,
644 2770 763 2825 sive
791 2787 860 2826 ex
898 2770 1211 2828 levioribus
1242 2773 1644 2843 paenitentiam
1677 2779 1911 2846 gerunt,

263 2857 309 2914 si
357 2857 521 2913 nulla
568 2858 916 2915 interveniat
964 2861 1267 2932 aegritudo,
1311 2862 1518 2933 quinta
1577 2863 1720 2918 feria
1776 2870 1913 2918 ante

264 2946 486 3002 Pascha
513 2946 598 3002 eis
619 2948 1035 3004 remittendum
1068 2950 1341 3006 Romanae
1372 2949 1640 3006 Ecclesia:
1665 2969 1909 3008 consue-

261 3036 402 3091 tudo
432 3037 816 3092 demonstrat.
850 3038 1133 3094 Czsterum
1165 3039 1235 3094 de
1281 3040 1535 3112 pondere
1564 3040 1909 3097 aestimando

263 3124 625 3194 delictorum,
661 3127 983 3183 sacerdotis
1011 3133 1101 3183 est
1124 3128 1412 3200 judicare,
1444 3133 1509 3184 ut
1542 3131 1806 3186 attendat
1835 3131 1907 3186 ad

261 3213 683 3270 confessionem
707 3215 1061 3287 paenitentis,
1077 3195 1219 3272 el'ad
1236 3218 1408 3273 ﬂetus
1424 3222 1601 3289 atque
1620 3217 1909 3291 lacrymas

261 3302 623 3375 corrigentis,
647 3320 713 3359 ac
745 3308 874 3359 tum
898 3305 1107 3376 jubere
1129 3305 1366 3374 dimitti,
1390 3323 1525 3362 cum
1547 3306 1759 3362 viderit
1780 3325 1912 3363 con-

2024 2055 2412 2111 monasticum
2462 2056 2723 2129 recipiat,
2757 2063 2815 2114 et
2861 2059 3205 2131 proﬁteatur
3252 2078 3314 2117 se
3365 2062 3436 2118 de
3467 2066 3672 2120 caetero

2021 2160 2251 2199 servare
2273 2162 2398 2216 qua:
2420 2146 2637 2217 expetit
2655 2151 2714 2202 et
2738 2147 2986 2218 expedit,
3002 2154 3059 2203 et
3089 2149 3173 2204 sic
3196 2150 3672 2207 communionem

2021 2234 2171 2289 sacri
2205 2233 2405 2288 altaris
2436 2234 2697 2307 recipiat.
2724 2236 3154 2294 Reconciliatus
3194 2243 3390 2294 autem
3422 2240 3673 2313 benigne

2018 2326 2322 2390 tractetur,
2347 2328 2406 2378 et
2424 2323 2527 2379 tali
2557 2325 2682 2380 loco
2703 2326 2815 2381 sub
2845 2324 3026 2382 libero
3048 2327 3316 2383 custodia
3342 2328 3673 2384 misericor-

2021 2412 2171 2467 diter
2199 2413 2583 2480 custodiatur,
2617 2418 2682 2468 ut
2719 2416 2994 2471 custodes
3033 2416 3352 2473 monachos
3382 2433 3450 2473 ac
3489 2418 3674 2475 bonos

2021 2501 2333 2557 canonicos
2366 2501 2715 2574 habeat,qui
2752 2520 2887 2559 eum
2919 2503 3392 2573 exhortentur,et
3421 2523 3673 2578 quorum

2021 2589 2290 2645 doctrina
2309 2594 2368 2645 et
2387 2590 2651 2663 exemplo
2674 2592 2820 2647 bene
2841 2594 2912 2648 de
2936 2599 3143 2648 caetero
3162 2593 3349 2649 vivere
3369 2599 3427 2649 et
3447 2601 3674 2667 praeter-

2020 2677 2103 2732 ita
2147 2685 2383 2749 peccata
2427 2679 2703 2751 plangere
2733 2680 2941 2737 discat.
2976 2681 3045 2735 Et
3075 2698 3327 2753 quorum
3366 2683 3672 2755 providen-

2020 2767 2120 2833 tia,
2154 2773 2211 2822 et
2240 2767 2350 2823 loci
2382 2768 2786 2827 convenientia
2824 2769 2907 2823 ita
2936 2770 3321 2838 custodiatur,
3347 2777 3413 2827 ut
3442 2774 3515 2827 ad
3549 2773 3672 2845 pri-

2020 2857 2241 2911 stinum
2288 2857 2571 2911 vomitum
2621 2857 2808 2913 redire
2856 2864 3126 2930 nequeat,
3160 2859 3391 2914 etiamsi
3437 2860 3671 2917 diabolo

2018 2948 2301 3002 suadente
2333 2944 2596 3013 voluerit,
2620 2951 2677 3002 et
2702 2946 3019 3002 recidivum
3041 2947 3387 3004 scandalum
3411 2967 3516 3022 per
3534 2966 3669 3006 eum

2018 3033 2078 3088 in
2110 3039 2313 3089 sancta
2340 3034 2599 3091 Ecclesia
2627 3040 2685 3091 et
2704 3034 2765 3090 in
2788 3035 2900 3091 ista
2921 3035 3355 3094 Christianitate
3383 3039 3520 3094 oriri
3545 3056 3669 3096 non

2018 3123 2224 3195 possit.
2255 3123 2485 3197 Accipe,
2518 3125 2698 3181 frater
2725 3130 2783 3181 et
2813 3124 2940 3194 filii,
2978 3124 3154 3182 istam
3185 3125 3460 3196 rotulam,
3480 3129 3581 3184 sed
3613 3133 3672 3185 et

2018 3211 2179 3267 illam
2207 3213 2277 3267 de
2298 3213 2641 3285 cognatione
2661 3231 2777 3270 non
2809 3215 2938 3286 conj
2948 3216 3240 3288 ungenda,
3263 3220 3321 3272 et
3340 3221 3510 3288 porta
3535 3216 3669 3275 illas

2018 3302 2233 3376 domno
2264 3303 2407 3374 regi,
2432 3307 2489 3358 et
2518 3303 2709 3376 relege
2739 3319 2936 3359 coram
2975 3302 3096 3373 illo,
3119 3311 3178 3360 et
3206 3305 3277 3362 de
3306 3304 3424 3362 ista
3451 3306 3541 3362 fac
3573 3323 3669 3363 se-

258 3407 465 3465 gruam
495 3375 976 3449 satisfactionem,
1001 3395 1150 3450 Sane
1171 3397 1222 3451 si
1244 3394 1376 3468 quis
1410 3398 1468 3451 in
1499 3395 1907 3468 (egritudian
1940 3375 1983 3441 C
2018 3375 2278 3445 cundum
2309 3390 2469 3447 illius
2489 3375 2803 3448 consilium
2824 3397 2881 3448 et
2906 3393 3496 3465 commendationem,
3520 3396 3670 3452 etde

258 3482 547 3553 inciderit,
572 3487 748 3556 atque
778 3501 966 3556 usque
999 3485 1069 3539 ad
1099 3485 1566 3557 desperationem
1590 3487 1905 3557 devenerit,

257 3570 308 3625 ei
338 3574 427 3626 est
456 3576 590 3627 ante
617 3576 854 3644 tempus
886 3571 1119 3627 Paschsa
1160 3571 1566 3643 relaxandum,
1598 3591 1671 3629 ne
1701 3574 1772 3629 de
1804 3591 1908 3629 sa-

258 3659 388 3715 culo
411 3660 633 3733 absque
653 3661 1066 3717 communione
1087 3662 1368 3719 discedat.
1384 3684 1412 3713 »
1440 3663 1613 3718 Plura
1633 3668 1774 3719 sunt
1795 3663 1906 3720 alia

260 3764 386 3821 quis
418 3749 555 3804 hinc
584 3766 891 3821 possemus
923 3749 1214 3823 colligere,
1248 3751 1360 3807 nisi
1394 3750 1507 3807 ista
1538 3753 1908 3808 crederemus

256 3854 428 3910 posse
470 3839 759 3894 sufficere.
794 3839 958 3895 Unde
998 3844 1286 3910 quantum
1328 3840 1474 3896 mihi
1511 3841 1764 3913 videtur,
1790 3859 1906 3897 non

256 3926 644 4000 praejudicans
674 3928 938 4000 synodali
986 3928 1285 3983 sententia;
1318 3930 1389 3984 de
1429 3929 1671 4001 Pippino
1710 3932 1905 3986 decre-

254 4019 347 4083 ιω,
373 4016 474 4071 sed
507 4016 765 4071 confisus
795 4017 867 4071 de
905 4016 1006 4072 Dei
1050 4016 1468 4086 misericordia,
1493 4018 1593 4089 qui
1628 4035 1731 4091 per
1760 4036 1904 4090 apo-

253 4102 475 4158 stolum
523 4120 696 4159 suum
746 4105 887 4160 dicit
935 4121 947 4161 :
1004 4106 1067 4161 Ut
1118 4107 1483 4177 superexaltet
1524 4108 1908 4165 misericordia

2017 3479 2119 3535 illa
2147 3496 2278 3552 quae
2309 3480 2379 3535 de
2408 3482 2754 3553 cognatione
2775 3499 2892 3537 non
2914 3484 3327 3555 conjungenda
3356 3483 3464 3540 tibi
3494 3484 3672 3540 mitti-

2017 3572 2135 3636 tur,
2169 3586 2272 3641 per
2300 3570 2429 3640 ejus
2460 3568 2771 3626 consilium
2797 3575 2854 3627 et
2882 3572 3167 3627 auxilium
3197 3588 3439 3645 sequere
3470 3589 3670 3631 sacras

2017 3659 2395 3715 auctoritates
2443 3658 2547 3715 tibi
2598 3659 2871 3716 directas.
2905 3660 3274 3717 Providentia
3302 3663 3374 3718 de
3425 3663 3668 3735 Pippino

2018 3766 2132 3803 non
2160 3753 2250 3804 est
2281 3749 2648 3822 negligenda,
2681 3754 2739 3804 et
2768 3753 2834 3804 ut
2877 3750 3016 3805 certi
3057 3766 3123 3805 ac
3163 3750 3364 3806 fideles
3393 3753 3668 3808 custodes

2016 3838 2409 3893 adhibeantur
2429 3839 2575 3894 satis
2596 3843 2687 3894 est
2706 3840 3173 3910 procurandum:
3199 3856 3303 3895 nec
3326 3840 3666 3896 obliviscen-

2016 3927 2159 3982 dum
2190 3927 2330 3999 quid
2357 3928 2427 3983 de
2447 3944 2513 3982 eo
2539 3926 2597 3981 in
2633 3929 2988 3983 monasterio
3010 3929 3198 3983 sancti
3233 3928 3491 3984 Medardi
3522 3929 3667 3984 acci-

2016 4017 2120 4084 dit,
2156 4020 2214 4072 et
2243 4016 2386 4088 quid
2417 4018 2488 4073 de
2513 4016 2897 4072 Carlomanno
2929 4016 2988 4071 in
3014 4016 3255 4074 Corbeia
3284 4018 3493 4073 evenit.
3517 4018 3663 4073 Nam

2015 4108 2173 4180 quod
2207 4108 2424 4163 factum
2456 4111 2563 4177 est,
2588 4107 2781 4163 adhuc
2811 4107 2936 4163 ﬁeri
2967 4111 3178 4180 potest.

1822 4424 2088 4495 XIX.

1342 4576 1487 4662 DE
1550 4576 1886 4664 VlLLA
1943 4575 2580 4665 NOVILIACO

437 4721 789 4804 Sequuntur
814 4734 979 4804 gesta
1019 4725 1310 4805 quomodo
1340 4725 1586 4787 domnus
1615 4726 1981 4789 Hinc-murus
2010 4726 2216 4788 villam
2246 4727 2624 4789 Noviliacum
2664 4724 2830 4808 apud
2865 4727 3144 4791 damnum
3189 4729 3475 4794 Carolum

1077 4809 1485 4887 imperatorem
1511 4808 1706 4889 ﬁlium
1741 4808 2049 4870 Lmdoviri
2073 4810 2445 4889 imperatoris
2474 4809 2857 4889 impetram't.’

1178 4941 1366 5013 (Apud
1397 4941 1695 5011 eumdem,
1726 4958 1795 4998 ex
1821 4941 2154 5015 Appendice
2193 4940 2265 4996 ad
2297 4939 2736 5015 Flodoardum.)

319 5177 602 5237 Defuncto
642 5180 884 5254 Pippino
933 5199 1069 5256 rege
1116 5201 1217 5239 VIII
1261 5183 1554 5240 Kalendas
1601 5184 1801 5241 Octob.
1836 5184 1897 5241 in
1927 5190 1975 5254 D
2006 5183 2346 5240 infirmitate
2387 5201 2507 5257 qua
2533 5187 2591 5239 et
2638 5187 2908 5239 mortuus
2938 5185 3029 5238 est
3057 5182 3117 5238 in
3149 5180 3572 5252 Salmuntiaco,
3598 5188 3657 5241 et

244 5267 602 5324 monasterio
620 5268 805 5324 sancti
830 5269 1112 5342 Dionysii,
1130 5270 1231 5325 filii
1253 5273 1382 5342 ejus
1404 5271 1827 5329 Carlomannus
1845 5278 1903 5330 et
2010 5272 2403 5329 ante‘obitum
2426 5289 2602 5328 suum
2633 5288 2736 5344 per
2754 5275 3109 5343 preceptum
3131 5271 3301 5344 regis:
3324 5289 3442 5328 suae
3465 5278 3661 5331 aucto-

244 5353 508 5423 Carolus,
528 5358 851 5414 secundum
875 5358 1322 5431 dispositionem
1348 5360 1533 5432 patris
1553 5363 1667 5429 sui,
1691 5367 1748 5419 et
1770 5380 1902 5418 con-

2008 5361 2219 5430 ritatis,
2244 5361 2399 5434 quod
2425 5362 2733 5427 habemus,
2754 5364 3016 5431 tempore
3037 5359 3255 5433 Tilpini
3275 5361 3661 5435 archiepisco-

245 5441 447 5503 silium
470 5447 633 5519 regni
664 5446 1352 5520 primorum,diviserunt
1374 5448 1526 5505 inter
1557 5466 1620 5505 se
1651 5467 1897 5523 regnum
2007 5451 2087 5522 pi,
2112 5450 2355 5507 tradidit
2383 5449 2581 5506 villam
2613 5447 2974 5505 Noviliacum
3006 5466 3142 5505 cum
3175 5450 3452 5507 omnibus
3489 5451 3564 5507 ad
3593 5468 3658 5508 se

244 5536 576 5604 paternum,
600 5541 657 5592 et
687 5535 893 5593 elevati
937 5540 1079 5593 sunt
1113 5537 1175 5593 in
1214 5528 1380 5611 reges
1406 5555 1491 5593 «vn
1523 5538 1662 5595 Idus
1691 5539 1893 5596 Octob.

243 5621 669 5681 Carlomannus
694 5625 755 5681 in
779 5626 1136 5695 Suessionis,
1159 5631 1218 5683 et
1240 5625 1480 5683 Carolus
1502 5626 1561 5682 in
1593 5628 1893 5697 Noviomo,

243 5709 397 5768 sicut
424 5710 484 5767 in
513 5713 723 5770 Annali
754 5732 960 5789 regum
991 5715 1278 5789 scriptum
1309 5716 1619 5774 habemus.

313 5802 480 5859 Anno
496 5808 704 5878 quarto
721 5804 885 5879 regni
901 5805 995 5863 sui
1015 5804 1350 5865 inﬁrmatus
1367 5809 1457 5863 est
1467 5798 1893 5865 Carlomannus

2005 5538 2458 5612 pertinentibus,
2472 5555 2577 5610 pro
2598 5537 2806 5593 animae
2828 5554 2948 5593 suae
2971 5538 3226 5596 remedio
3247 5544 3304 5595 et
3322 5538 3447 5596 loco
3470 5538 3662 5613 sepul-

2003 5632 2171 5695 turae,
2196 5629 2267 5685 ad
2296 5626 2618 5685 Ecclesiam
2666 5625 3059 5691 Rhemensem
3098 5635 3314 5686 sanctae
3358 5629 3575 5699 Mariae,
3599 5634 3658 5688 et

2002 5717 2309 5775 basilicam
2326 5716 2513 5774 sancti
2530 5715 2800 5790 Remigii,
2818 5716 2879 5773 in
2899 5734 3017 5790 qua
3030 5723 3088 5774 et
3104 5718 3369 5792 sepultus
3387 5724 3496 5777 est.
3516 5723 3658 5779 Post

2005 5809 2176 5882 cuius
2206 5806 2453 5878 obitum,
2484 5804 2728 5868 Carolus
2775 5805 2956 5868 frater
2993 5808 3123 5882 eius
3150 5813 3473 5887 .precepto,
3495 5810 3681 5887 quod.
