4152 6508
514 449 668 510 1123

1289 447 1668 511 HINCMARI
1715 445 1936 510 RHEM
2008 447 2372 510 ARCHIEP.
2421 447 2832 513 OPUSCULA
2876 451 3144 514 VARIA.

3779 453 3940 516 “2|

509 580 816 648 habemus,
853 597 973 636 suae
1003 579 1367 638 auctoritatis
1395 580 1586 654 ipsam
1615 582 1992 639 traditionem
2023 598 2160 638 con-
2189 583 2246 650 Α
2273 599 2382 638 nas
2412 582 2824 640 defunctorum
2856 583 3128 654 retinent,
3149 589 3208 642 et
3245 585 3521 642 Ecclesiis
3552 587 3816 656 tradere,
3841 587 3941 644 de-

508 669 782 724 ﬁrmavit.

577 786 861 843 Defuncto
906 785 1136 859 Tilpino
1185 786 1620 861 archiepiscopo
1679 807 1832 844 anno
1879 787 2162 862 vigesimo

504 877 676 933 tertio
725 879 1040 950 postquam
1071 876 1496 933 Carlomannus
1535 878 1846 934 Rhemensi
1893 877 2161 934 Ecclesia:

504 965 704 1022 villam
723 963 1087 1022 Noviliacum
1110 965 1373 1042 tradidit,
1393 967 1580 1022 tenuit
1600 967 1854 1023 domnus
1877 984 1974 1023 rex
1995 967 2161 1023 Caro-

504 1053 600 1112 lus
630 1055 959 1111 Rhemense
1007 1054 1372 1129 episcopium
1421 1056 1479 1112 in
1531 1073 1638 1112 suo
1687 1057 2071 1124 dominicatu,
2104 1061 2162 1113 et

506 1143 667 1200 dedit
727 1143 922 1200 villam
982 1144 1344 1201 Noviliacum
1402 1145 1463 1201 in
1521 1145 1800 1202 beneﬁcio
1866 1146 2160 1202 Anschero

505 1233 855 1306 Saxoni,qui
879 1251 1065 1290 nonas
1086 1239 1142 1290 et
1161 1235 1422 1291 decimas
1453 1235 1523 1290 ad
1556 1241 1780 1308 partem
1813 1235 2160 1292 Rhemcnsis

502 1321 771 1378 Ecclesiae
797 1323 867 1378 de
898 1323 1027 1396 ipsa
1045 1323 1187 1379 villa
1217 1341 1407 1396 usque
1434 1324 1507 1380 ad
1548 1329 1796 1381 mortem
1829 1342 1998 1381 suam
2029 1341 2158 1398 per-

505 1411 696 1482 solvit,
716 1415 774 1468 et
819 1413 1092 1468 defuncto
1123 1413 1338 1469 domno
1369 1412 1594 1485 Carolo,
1618 1414 1719 1470 sed
1759 1417 1817 1470 et
1863 1414 1990 1488 ipso
2037 1417 2158 1470 An-

503 1500 710 1558 schero
759 1506 1072 1574 postquam
1131 1502 1557 1559 Carlomannus
1611 1503 1912 1576 praefatam
1956 1503 2158 1558 villam

503 1606 638 1646 cum
671 1591 830 1646 omni
863 1589 1195 1664 integritate
1235 1591 1549 1648 Rhemensi
1581 1591 1849 1648 Ecclesiae
1891 1592 2156 1660 tradidit,

501 1697 735 1753 semper
762 1680 892 1754 ipsa
920 1680 1178 1737 Ecclesia
1207 1680 1342 1737 inde
1370 1682 1736 1749 vestituram,
1762 1682 1916 1738 sicut
1948 1681 2157 1756 praedi-

500 1773 661 1826 ctum
693 1773 803 1837 est,
833 1787 935 1843 per
963 1787 1149 1826 annos
1179 1769 1424 1843 triginta
1453 1775 1678 1844 septem
1709 1771 1942 1826 habuit.

572 1893 708 1950 Post
737 1891 965 1948 obitum
1007 1893 1207 1949 domni
1239 1892 1450 1960 Caroli,
1483 1898 1542 1950 et
1579 1894 1852 1950 defuncto
1881 1893 2010 1967 ipso
2040 1896 2155 1950 An-

499 1981 727 2050 schero,
747 1982 1004 2038 domnus
1026 1983 1353 2038 Ludovicus
1373 1981 1694 2054 imperator
1709 1983 1945 2039 donavit
1966 1983 2157 2056 ipsam
2187 1961 2236 2029 B

497 2070 698 2127 villam
720 2069 1084 2126 Noviliacum
1105 2070 1330 2127 Donato
1349 2070 1408 2126 in
1434 2070 1850 2138 beneficio.0ui
1873 2071 2156 2142 Donatus,

499 2159 918 2216 interveniente
966 2159 1204 2231 Bigone,
1247 2176 1351 2232 per
1395 2159 1833 2231 subreptionem
1866 2161 2034 2233 quasi
2083 2161 2156 2216 de

501 2250 641 2304 fisco
674 2247 829 2319 regis
857 2251 1145 2320 quasdam
1178 2245 1439 2304 colonias
1469 2248 1542 2303 de
1575 2247 1704 2319 ipsa
1735 2247 1870 2303 villa
1902 2247 2156 2303 obtinuit

499 2338 559 2392 in
585 2336 994 2410 preprietatem
1019 2353 1122 2408 per
1142 2340 1494 2408 praeceptum
1519 2337 1718 2391 domui
1743 2335 2016 2392 Ludovici
2044 2336 2152 2391 im-

504 2425 788 2500 peratoris
813 2441 826 2480 :
850 2429 907 2480 et
935 2425 1169 2497 quando
1202 2424 1513 2481 Lotharius
1543 2425 1700 2481 filius
1722 2424 1923 2480 domni
1955 2425 2152 2480 Ludo-

497 2514 604 2570 vici
639 2512 1010 2585 imperatoris
1039 2513 1398 2570 Cahillouem
1428 2514 1664 2569 veniens
1695 2531 1821 2570 eam
1852 2531 2150 2586 expugna-

494 2605 598 2672 vit,
627 2605 883 2660 Donatus
915 2621 949 2659 a
976 2601 1113 2658 villa
1159 2620 1340 2676 supra
1386 2604 1734 2671 Matronam,
1766 2621 1892 2676 quae
1945 2604 2148 2659 Poma-

497 2694 621 2749 rius
642 2696 902 2763 vocatur,
925 2693 997 2748 ab
1031 2693 1380 2766 imperatore
1411 2693 1640 2759 defecit,
1665 2698 1722 2748 et
1749 2693 1832 2748 illi
1864 2693 2148 2750 mentitus

493 2783 566 2839 ad
589 2782 930 2839 Letharium
955 2782 1236 2856 confugit,
1261 2787 1318 2838 et
1355 2783 1619 2839 veniente
1660 2782 2149 2856 hostiliterim‘pe-

492 2876 685 2928 ratore
717 2871 1006 2928 Ludovico
1037 2873 1107 2928 ad
1137 2871 1337 2927 villam
1384 2889 1510 2944 quae
1564 2871 1858 2927 Calciacus
1908 2871 2141 2941 dicitur,

493 2960 804 3017 Lotharius
834 2961 908 3016 ad
947 2977 1083 3016 eum
1132 2979 1269 3017 cum
1319 2961 1446 3017 suis
1495 2961 1848 3016 constrictus
1877 2961 2054 3029 venit,
2087 2966 2144 3017 et

491 3055 928 3106 sacramentum
959 3050 1085 3123 ipse
1123 3055 1180 3106 et.
1209 3049 1300 3105 sui
1346 3050 1419 3105 ab
1449 3049 1798 3122 imperatore
1826 3052 2140 3123 quaesitum

487 3139 570 3195 illi
597 3140 967 3210 juraverunt.
993 3139 1150 3196 Inter
1179 3157 1329 3212 quos
1373 3144 1432 3195 et
1469 3139 1753 3208 Donatus,
1779 3141 1851 3196 de
1887 3139 2139 3196 inﬁdeli-

487 3233 605 3284 tate
634 3229 763 3300 ejus
809 3228 1245 3300 comprobalus,
1278 3227 1392 3300 ipsi
1441 3229 1777 3300 imperatori
1827 3229 2137 3302 quaesitum

2270 677 2595 739 morantur,
2613 673 2712 741 qui
2747 677 2812 728 ut
2841 673 3107 729 infideles
3129 675 3202 729 ab
3227 674 3486 731 Ecclesia
3511 675 3864 747 adjiciendi,
3887 679 3946 732 et

2271 761 2438 834 quasi
2469 766 2747 835 egentum
2779 767 3103 830 necatores,
3145 780 3250 819 nec
3289 765 3597 821 credentes
3632 764 3942 837 judicium

2270 850 2373 906 Dei
2405 849 2660 907 habendi
2699 851 3066 924 judicantur.
3097 853 3167 908 Et
3196 853 3452 909 reddidit
3489 859 3791 928 praecepto
3823 872 3946 912 sua

2270 940 2656 1008 auctoritatis,
2713 941 2871 1014 quod
2918 941 3224 1010 habemus,
3280 943 3598 1000 Rhemensi
3656 943 3942 1000 Ecclesia

2270 1027 2458 1100 ipsam
2505 1028 2705 1085 villam
2745 1045 2880 1085 cum
2929 1029 3206 1086 omnibus
3235 1031 3308 1086 ad
3361 1047 3423 1087 se
3469 1030 3940 1104 pertinentibus,

2270 1133 2449 1189 quam
2481 1122 2622 1172 tunc
2645 1119 2906 1174 Bernaus
2927 1123 3059 1192 post
3087 1119 3326 1175 fratrem
3347 1136 3521 1176 suum
3545 1120 3858 1178 Rothaum
3879 1121 3939 1177 in

2267 1206 2551 1263 beneﬁcio
2580 1206 2856 1264 habebat.

2341 1295 2546 1352 Postea
2580 1295 2842 1368 pervenit
2869 1297 2943 1354 ad
2971 1299 3102 1369 ejus
3151 1297 3444 1366 notitiam,
3475 1300 3633 1372 quod
3681 1299 3938 1374 quidam

2268 1384 2538 1441 homines
2571 1385 2640 1440 de
2671 1385 2802 1458 ipsa
2830 1385 2968 1442 villa
2996 1387 3310 1455 Noviliaco,
3335 1402 3438 1460 per
3457 1387 3936 1461 subreptionem,

2266 1477 2389 1530 tam
2419 1475 2576 1546 apud
2608 1478 2834 1548 patrem
2865 1492 3041 1532 suum
3070 1493 3247 1548 quam
3281 1480 3339 1532 et
3367 1478 3524 1550 apud
3557 1495 3719 1547 eum,
3749 1495 3848 1535 res
3880 1483 3938 1534 et

2268 1563 2565 1636 mancipia
2610 1563 2672 1619 in
2712 1565 3127 1638 proprietatem
3174 1566 3413 1622 obtenta
3454 1571 3745 1635 tenerent,
3783 1569 3936 1624 Lan-

2267 1653 2450 1708 drada
2481 1653 2703 1709 scilicet
2747 1670 2894 1709 uxor
2942 1655 3237 1727 quondam
3271 1654 3500 1724 Donati,
3531 1655 3934 1727 Guntherius,

2267 1741 2454 1814 Hugo,
2487 1746 2546 1798 et
2574 1741 2920 1810 Waltrudis,
2947 1747 3004 1798 et
3031 1742 3388 1817 Elampodus
3415 1743 3570 1801 ﬁlius
3601 1745 3761 1817 ejus,
3787 1745 3934 1804 Rot-

2266 1831 2490 1898 bertus,
2515 1835 2572 1886 et
2601 1831 2780 1898 Boso;
2805 1836 2863 1888 et
2892 1831 3055 1888 misit
3083 1849 3222 1888 suos
3254 1833 3471 1890 missos
3493 1834 3565 1889 ad
3589 1833 3701 1889 hoc
3735 1834 3933 1907 inqui-

2269 1921 2516 1976 rendum
2543 1937 2556 1975 :
2585 1925 2642 1974 et
2692 1920 3073 1992 inquisitione
3111 1921 3284 1989 facta,
3307 1927 3367 1976 et
3401 1920 3662 1989 veritate,
3685 1921 3846 1978 sicut
3875 1923 3930 1979 ei

2265 2010 2488 2066 dictum
2511 2010 2718 2078 fuerat,
2753 2010 3006 2077 inventa,
3033 2009 3311 2082 quoniam
3344 2011 3601 2083 przedicti
3633 2012 3707 2067 ad
3743 2013 3928 2070 ratio-

2265 2116 2400 2154 nem
2433 2116 2548 2154 non
2578 2102 2864 2154 venerunt
2911 2099 3063 2156 sicut
3092 2099 3319 2154 banniti
3369 2100 3622 2172 fuerunt,
3639 2101 3830 2173 jussit
3857 2107 3929 2158 ut

2264 2192 2554 2261 praecepta
2581 2186 2955 2244 Carlomanni
2980 2191 3036 2244 et
3061 2187 3272 2255 Caroli,
3295 2189 3398 2245 sed
3419 2193 3477 2245 et
3495 2205 3669 2246 suum
3702 2207 3926 2263 prece-

2262 2280 2452 2348 ptum,
2476 2293 2672 2332 coram
2705 2277 2830 2332 suis
2862 2276 3136 2334 ﬁdelibus
3164 2277 3223 2332 in
3264 2277 3518 2350 generali
3562 2277 3780 2351 placito
3812 2297 3926 2337 suo

2261 2367 2413 2438 apud
2439 2365 2755 2421 Duziacnm
2779 2365 2835 2420 in
2860 2365 3055 2421 causis
3086 2365 3364 2438 palatinis
3387 2366 3737 2440 legerentur.
3757 2369 3926 2426 Unde

2261 2453 2461 2510 ﬁdeles
2490 2455 2640 2526 ejus,
2675 2459 2796 2510 tam
2839 2453 3083 2511 comites
3113 2471 3294 2527 quam
3324 2461 3382 2512 et
3410 2455 3578 2512 Vassi
3610 2456 3922 2524 dominici,

2258 2559 2510 2613 quorum
2555 2543 2798 2599 nomina
2844 2543 3062 2616 scripta
3109 2543 3415 2613 habemus,
3467 2546 3568 2601 sed
3616 2550 3676 2602 et
3721 2533 3918 2602 cazteri

2257 2647 2463 2688 omnes
2485 2633 2586 2705 qui
2609 2633 2680 2687 ad
2691 2633 2946 2700 fuerunt,
2971 2632 3200 2688 relectis
3220 2634 3439 2690 eisdem
3474 2637 3808 2708 praeceptis,
3821 2639 3921 2709 ju-

2257 2720 2599 2776 dicaverunt
2631 2727 2697 2776 ut
2727 2721 3064 2794 quicunque
3087 2723 3159 2778 de
3189 2723 3363 2778 rebus
3391 2727 3448 2779 et
3479 2725 3796 2797 mancipiis
3825 2727 3913 2798 ip-

2255 2809 2380 2865 sius
2399 2810 2548 2865 villas
2570 2810 2868 2878 Noviliaci,
2888 2827 2991 2884 per
3009 2813 3415 2884 cujuscunque
3435 2814 3910 2886 praeceptumyel

2253 2915 2605 2971 quocunque
2655 2901 2850 2968 modo,
2905 2904 3038 2972 post
3082 2900 3456 2958 donationem
3506 2902 3907 2974 Carlomanni,

2251 3003 2368 3060 qua
2397 3005 2530 3044 cum
2565 2989 2844 3044 omnibus
2883 2989 3247 3062 appendiciis
3287 2990 3432 3058 suis,
3453 2991 3543 3048 vel
3575 3009 3713 3048 cum
3743 2994 3906 3050 omni

2249 3075 2602 3150 integritate,
2624 3077 2816 3150 ipsam
2837 3077 3036 3134 villam
3065 3078 3446 3147 Noviliacum,
3479 3079 3633 3137 sicut
3661 3086 3804 3138 tunc
3837 3083 3896 3138 in

2247 3165 2389 3220 ﬁsco
2411 3169 2554 3232 erat,
2571 3167 2642 3222 ad
2665 3166 2981 3223 Ecclesiam
3001 3167 3388 3224 Rhemensem
3412 3169 3672 3238 tradidit,
3689 3175 3747 3226 et
3766 3176 3901 3243 post

2246 3255 2750 3312 conﬁrmationem
2781 3257 2978 3312 fratris
3007 3257 3136 3328 ejus
3165 3257 3350 3313 Caroli
3391 3257 3450 3314 in
3481 3259 3896 3332 proprietatem

489 3317 1191 3422 “offuenf‘fnliumvni
1219 3322 1275 3372 et
1305 3318 1646 3417 comitatum
1677 3317 2136 3422 λξξνίξίυξλθηεθω
2167 3338 2210 3404 C
2247 3342 2502 3399 obtinuit
2531 3345 2578 3401 si
2612 3317 3132 3402 commutationem
3163 3317 3628 3405 ostenderc‘noii
3675 3355 3894 3422 posset,

489 3412 546 3462 et
575 3405 774 3462 villam
807 3405 1165 3462 Noviliacum
1187 3423 1322 3462 cum
1355 3407 1479 3463 suis
1510 3406 1872 3480 appendiciis
1894 3408 2139 3480 impera-

487 3499 580 3550 tor
608 3494 682 3550 ab
719 3511 785 3550 eo
831 3493 1096 3562 abstulit,
1121 3499 1177 3550 et
1204 3495 1438 3562 Athoni,
1471 3495 1570 3568 qui
1623 3497 1812 3552 fuerat
1859 3496 2136 3552 ostiarius

485 3581 674 3640 Caroli
721 3582 1114 3656 imperatoris,
1153 3585 1212 3638 in
1263 3584 1612 3641 beneficium
1658 3584 1838 3642 dedit.
1873 3585 2136 3641 Donatus

486 3675 682 3729 autem
712 3672 772 3727 in
799 3671 917 3728 vita
945 3671 1316 3746 imperatoris
1348 3674 1620 3731 Ludovici
1653 3691 1759 3730 nec
1791 3675 2134 3731 comitatum

484 3763 721 3834 recepit,
746 3779 850 3818 nec
895 3762 966 3819 de
1007 3763 1358 3836 proprietate
1409 3783 1517 3820 sua
1566 3763 1745 3820 ullam
1796 3763 2133 3820 firmitatem

481 3851 826 3925 promeruit.
861 3853 998 3909 Post
1028 3852 1255 3909 obitum
1289 3853 1488 3909 domni
1521 3853 1794 3909 Ludovici
1828 3853 2136 3925 imperato-

481 3940 584 4012 ris,
609 3940 793 3998 diviso
840 3959 1018 4013 regno
1051 3941 1202 3997 inter
1249 3943 1474 4009 fratres,
1499 3947 1557 3997 et
1595 3959 1736 4014 pace
1785 3942 1936 3998 facta
1983 3942 2137 3998 inter

480 4047 600 4099 eos,
623 4035 681 4086 et
711 4035 944 4086 mortuo
970 4031 1214 4100 Athone,
1239 4031 1401 4087 dedit
1421 4030 1660 4087 Carolus
1690 4031 1912 4087 Donato
1942 4031 2003 4086 in
2033 4032 2133 4088 be-

480 4119 756 4176 neﬁcium
802 4119 1182 4176 Noviliacum.
1217 4121 1497 4176 Processu
1551 4119 1801 4192 denique
1851 4119 2132 4192 temporis

479 4208 913 4264 commendavit
933 4209 1195 4266 Donatus
1229 4209 1416 4264 filium
1447 4227 1622 4264 suum
1647 4208 2010 4265 Gotselinum
2033 4209 2134 4264 Ca-

479 4296 603 4354 rolo
635 4296 754 4370 regi
779 4313 792 4352 :
817 4297 910 4354 cui
960 4297 1018 4354 in
1060 4297 1409 4355 beneficium
1457 4297 1619 4352 dedit
1657 4297 1896 4354 Carolus
1931 4297 2130 4354 villam

477 4385 838 4443 Noviliacum
862 4405 996 4444 cum
1023 4387 1386 4461 appendiciis
1409 4387 1553 4444 suis.
1578 4388 1796 4446 Deinde
1823 4389 2130 4445 Landrada

478 4493 625 4532 uxor
669 4476 899 4538 Donati,
930 4477 1033 4533 sed
1091 4481 1149 4532 et
1207 4477 1311 4532 ﬁlii
1371 4495 1594 4545 eorum,
1621 4482 1893 4551 pergente
1923 4477 2128 4534 Carolo

477 4581 612 4638 rege
639 4566 711 4622 ad
745 4565 1101 4622 obsidendos
1130 4565 1518 4634 Normannos,
1549 4567 1649 4640 qui
1677 4567 1738 4623 in
1771 4567 1969 4624 Insula
1998 4585 2126 4640 quae

477 4653 741 4712 Oscellus
769 4654 985 4711 dicitur
1027 4653 1381 4723 residebant,
1413 4672 1548 4712 cum
1590 4656 1722 4714 aliis
1770 4657 2124 4713 defecerunt.

475 4745 732 4810 Quorum
761 4745 1012 4801 honores
1043 4750 1100 4801 et
1137 4745 1520 4818 preprietates
1550 4764 1585 4803 a
1621 4747 1858 4803 Francis
1888 4749 2124 4819 auferri,

473 4838 532 4889 et
564 4834 623 4888 in
655 4835 864 4890 ﬁscum
899 4833 1082 4907 redigi
1103 4834 1382 4905 judicata:
1411 4841 1566 4890 sunt.
1593 4835 1754 4892 Unde
1778 4837 2128 4894 Landranda

473 4927 532 4978 et
563 4921 665 4976 ﬁlii
700 4923 829 4994 ejus
859 4927 1099 4979 eatenus
1139 4923 1542 4979 auctoritatem
1575 4924 1762 4980 Caroli
1808 4925 1960 4996 regis
2009 4944 2123 4983 non

473 5010 878 5067 obtinuerunt.
905 5011 984 5066 De
1015 5011 1229 5084 quibus
1261 5012 1434 5068 rebus
1466 5031 1620 5068 anno
1648 5013 1930 5085 vigesimo
1962 5016 2124 5089 regni

473 5099 566 5155 sui
588 5099 830 5157 Carolus
860 5099 1059 5156 villam
1085 5099 1344 5156 ﬁscalem
1374 5108 1662 5174 praecepto
1691 5119 1819 5175 suo,
1841 5105 1996 5174 quod
2027 5104 2125 5162 ha-

472 5188 700 5257 bemus,
726 5189 1040 5246 Orbaccnsi
1073 5191 1428 5246 monasterio
1458 5191 1638 5246 dedit.

541 5305 708 5359 Anno
741 5304 1041 5376 trigesimo
1073 5307 1331 5361 secundo
1366 5305 1528 5378 regni
1559 5306 1651 5361 sui
1682 5307 1839 5365 venit
1869 5311 2122 5368 domnus

472 5391 716 5448 Carolus
746 5410 847 5448 rex
875 5394 1166 5466 gloriosus
1196 5395 1254 5450 in
1288 5395 1595 5450 Basilicam
1633 5399 1816 5454 sancti
1851 5400 2122 5474 Remigii,

474 5480 576 5535 ubi
608 5483 842 5538 ostendi
871 5482 923 5538 ei
955 5483 1147 5540 locum
1182 5483 1436 5558 sepulcri
1465 5483 1836 5544 Carlomanni
1868 5489 2041 5562 regis,
2066 5497 2123 5547 et

475 5575 764 5641 praecepta
803 5571 992 5644 ipsius
1022 5573 1392 5630 Carlomanni
1421 5578 1478 5630 et
1508 5575 1693 5632 Caroli
1725 5578 1815 5634 avi
1867 5579 1938 5635 de
1985 5579 2123 5638 villa

473 5657 787 5730 Noviliaco,
820 5666 878 5717 et
903 5668 1170 5720 auctores
1201 5680 1500 5720 sacrorum
1532 5682 1846 5735 canonum,
1869 5669 2124 5740 qualiter

473 5747 758 5808 damnent
776 5751 1031 5826 Spiritus
1068 5752 1256 5813 sancti
1278 5753 1503 5827 judicio
1537 5771 1656 5826 eos,
1672 5755 1774 5832 qui
1805 5756 2119 5838 eleemosy-

2247 3431 2500 3504 qualiter
2549 3451 2642 3490 res
2672 3439 2728 3490 et
2759 3435 3052 3508 mancipia
3081 3437 3153 3492 de
3181 3436 3311 3509 ipsa
3339 3453 3475 3494 casa
3504 3438 3604 3495 Dei
3645 3439 3810 3510 juste
3842 3446 3900 3498 et

2245 3521 2668 3580 rationabiliter
2693 3529 3053 3580 commutata
3072 3525 3341 3593 fuissent,
3365 3526 3504 3600 quia
3525 3545 3640 3584 non
3661 3529 3734 3584 de
3757 3530 3897 3586 ﬁsco

2244 3611 2422 3684 regio,
2457 3613 2557 3668 sed
2589 3615 2661 3670 de
2703 3613 3114 3670 ecclesiasticis
3146 3615 3321 3672 rebus
3351 3621 3408 3672 et
3433 3617 3747 3692 mancipiis
3793 3636 3898 3692 per

2244 3701 2616 3758 donationem
2649 3703 2922 3771 obtinuit,
2954 3704 3094 3777 ipszs
3124 3722 3216 3760 res
3246 3709 3303 3760 et
3332 3706 3646 3778 mancipia,
3672 3724 3802 3780 qua:
3823 3709 3896 3765 de

2240 3789 2379 3845 villa
2409 3791 2699 3847 Noviliaco
2750 3793 2990 3849 obtenta
3049 3794 3304 3863 fuerunt,
3339 3795 3410 3850 ad
3457 3796 3648 3868 ipsam
3693 3813 3892 3854 casam

2246 3880 2342 3934 Dei
2389 3881 2854 3947 restituerentur,
2889 3883 3043 3938 sicut
3077 3883 3136 3938 in
3169 3887 3453 3957 praecepto
3503 3885 3893 3943 restitutionis

2240 3967 2426 4040 ipsius
2471 3969 2702 4025 Domini
2733 3969 2944 4038 Caroli,
2967 3973 3122 4044 quod
3153 3973 3461 4042 habemus,
3481 3973 3714 4047 plenius
3753 3993 3889 4032 con-

2239 4058 2478 4114 tinetur.

2313 4147 2422 4201 Sed
2456 4149 2691 4218 quando
2723 4149 2976 4206 domnus
3002 4151 3242 4207 Carolus
3268 4153 3508 4209 Romam
3537 4156 3806 4227 perrexit,
3829 4161 3890 4212 et

2239 4236 2494 4292 domnus
2525 4237 2852 4294 Ludovicus
2873 4241 3049 4296 frater
3066 4243 3196 4314 ejus
3218 4243 3288 4320 ad
3318 4242 3678 4300 Attiniacum
3707 4245 3885 4314 venit,

2237 4342 2342 4397 per
2369 4326 2656 4398 quosdam
2689 4344 2756 4382 ex
2787 4329 3004 4385 nostris
3033 4331 3189 4402 apud
3229 4332 3507 4388 domnam
3561 4333 3889 4390 Richildem

2238 4415 2524 4487 reginam,
2539 4420 2597 4472 et
2617 4417 2773 4488 apud
2795 4418 3077 4474 domuum
3101 4421 3456 4476 Ludovicum
3473 4422 3662 4478 ﬁlium
3683 4424 3891 4480 domui

2237 4503 2424 4560 Caroli
2455 4504 2629 4577 regis,
2653 4505 3035 4564 obtinuerunt
3063 4509 3272 4566 Donati
3303 4513 3362 4566 et
3407 4511 3726 4569 Landradaa
3757 4512 3892 4582 ﬁlii,

2237 4597 2302 4649 ut
2329 4593 2468 4650 villa
2495 4594 2854 4652 Noviliacum
2886 4614 3019 4652 cum
3051 4599 3176 4654 suis
3205 4599 3567 4672 appendiciis
3585 4601 3671 4658 eis
3700 4603 3894 4659 consi-

2235 4688 2534 4756 gnaretur,
2569 4701 2684 4741 non
2716 4686 3083 4743 attendentes
3115 4689 3274 4760 quia,
3310 4688 3463 4745 sicut
3503 4689 3565 4746 in
3611 4692 3891 4765 capitulis

2233 4775 2634 4845 Augustorum
2667 4775 2950 4848 scriptum
2993 4776 3260 4844 habetur,
3291 4777 3438 4834 tales
3468 4779 3540 4836 de
3573 4781 3730 4854 regis
3759 4799 3888 4854 pm-

2234 4863 2479 4935 prietate
2510 4869 2576 4919 ut
2603 4863 2868 4921 infideles
2899 4865 3208 4936 judicandi
3257 4873 3418 4938 sunt,
3452 4874 3511 4925 et
3557 4872 3886 4928 secundum

2234 4950 2390 5025 leges
2421 4953 2844 5010 ecclesiasticas
2868 4955 2939 5010 de
2969 4957 3143 5013 rebus
3173 4957 3585 5016 ecclesiasticis
3615 4960 3885 5035 sacrilegi

2222 5043 2588 5114 judicantur.

2304 5131 2590 5189 Reversus
2659 5137 2853 5189 autem
2931 5135 3186 5192 domnus
3254 5136 3497 5195 Carolus
3565 5139 3888 5212 imperator

2232 5219 2489 5276 Rhemos
2527 5221 2787 5290 veniens,
2820 5239 2954 5279 cum
3013 5224 3130 5280 tale
3185 5226 3406 5283 factum
3459 5229 3703 5296 audivit,
3736 5228 3881 5286 satis

2230 5310 2483 5384 graviter
2529 5311 2686 5380 tulit,
2720 5318 2777 5368 et
2831 5313 2995 5370 misit
3042 5332 3182 5372 suos
3227 5316 3464 5387 missos,
3499 5317 3602 5390 qui
3655 5318 3880 5375 scilicet

2231 5399 2448 5455 dictam
2513 5401 2709 5458 villam
2779 5402 3094 5461 Rhemensi
3157 5405 3426 5462 Ecclesia:
3484 5413 3542 5464 et
3603 5407 3879 5464 advocato

2231 5495 2431 5546 nostro
2463 5491 2866 5560 restituerunt,
2899 5493 3052 5551 sicut
3091 5493 3325 5568 plenius
3367 5497 3654 5570 scriptum
3699 5497 3878 5554 habe-

2231 5595 2383 5636 IDUS.
