4152 6508
245 435 405 497 uas
488 421 508 444 ‘
1459 421 1842 502 HINCMAR'I
1885 436 2455 507 JURAMENTUM.
3322 483 3328 494 ι
3499 448 3658 510 me

1847 686 2060 754 XX.

445 825 990 886 JUItAMENTUM
1024 825 1235 897 QUOD
1264 826 2426 970 HINGMARUgéNRTCIIéhElgESiCOPUS
2468 831 2730 894 EDERE
2757 832 3042 895 JUSSUS
3072 834 3219 896 EST
3245 837 3454 898 APUD

1113 1037 1306 1110 (Apud
1338 1037 1634 1094 Sirmond.
1667 1055 1734 1094 ex
1763 1039 1962 1096 codice
1991 1039 2324 1098 Belvacensi
2355 1046 2412 1098 et
2441 1043 2794 1118 Leodiensi.)

1841 1188 2055 1202 —n

317 1289 412 1346 Sic
442 1286 719 1361 promitto
749 1303 876 1360 ego,
909 1285 1046 1359 quia
1073 1274 1148 1342 de
1191 1287 1303 1342 isto
1353 1286 1447 1343 die
1492 1287 1550 1342 in
1587 1292 1760 1344 antea
1797 1288 1896 1345 isti
1922 1290 1979 1357 Α
2009 1307 2126 1346 non
2170 1291 2439 1348 convenit
2481 1291 2756 1366 Apostolo
2801 1293 3017 1350 dicenti
3051 1311 3064 1350 :
3096 1296 3214 1352 Non
3263 1297 3390 1370 plus
3441 1314 3651 1370 sapere,

243 1376 458 1435 seniori
489 1393 620 1432 meo
651 1375 915 1447 quandiu
945 1373 1140 1429 vixero
1174 1373 1384 1442 fidelis,
1421 1380 1478 1430 et
1509 1375 1807 1442 obediens,
1841 1379 1898 1432 et

243 1467 973 1539 adjutor,quantocunque
1005 1461 1138 1534 plus
1164 1467 1222 1519 et
1251 1463 1464 1519 melius
1496 1463 1681 1519 sciero
1713 1468 1772 1518 et
1801 1480 1897 1536 po-

241 1563 430 1621 tuero,
454 1560 511 1610 et
540 1551 782 1610 consilio
812 1557 870 1608 et
893 1551 1130 1618 auxilio,
1149 1553 1477 1608 secundum
1507 1568 1706 1608 meum
1729 1551 1897 1608 mini-

242 1646 488 1702 sterium
518 1643 580 1698 in
611 1641 888 1698 omnibus
919 1659 1036 1708 ero,
1063 1641 1283 1714 absque
1304 1641 1510 1698 fraude
1540 1646 1600 1697 et
1627 1641 1780 1698 malo
1811 1641 1896 1697 in-

242 1734 433 1808 genio,
457 1737 514 1790 et
535 1733 757 1804 absque
787 1731 911 1787 ulla
941 1730 1248 1786 dolositate
1295 1747 1397 1786 seu
1447 1730 1803 1802 deceptione,
1837 1734 1896 1788 et

241 1825 465 1896 absque
481 1825 745 1894 respectu
771 1821 1022 1892 alicujus
1043 1837 1324 1892 personae,
1347 1824 1405 1875 et
1435 1837 1623 1892 neque
1654 1838 1756 1893 per
1776 1837 1890 1888 me,

248 1929 437 1986 neque
469 1928 572 1984 per
616 1910 889 1974 missum,
923 1925 1111 1981 neque
1141 1924 1243 1980 per
1273 1907 1514 1974 litteras,
1551 1909 1652 1964 sed
1705 1925 1894 1981 nequc

240 2019 347 2078 per
372 2002 651 2059 emissam
677 1999 766 2056 vel
797 1999 1199 2055 intromissum
1251 2016 1584 2071 personam,
1615 1999 1701 2055 vel
1743 2017 1890 2072 quo-

241 2109 472 2166 cunque
503 2093 676 2148 modo
709 2108 774 2146 ac
806 2089 1252 2164 signiﬁcatione,
1277 2093 1481 2145 contra
1510 2107 1684 2146 suum
1715 2089 1894 2145 hono-

239 2186 456 2251 rem,et
487 2198 654 2239 suam
687 2197 752 2236 ac
785 2178 1052 2235 Ecclesiae
1084 2182 1258 2250 atque
1287 2177 1451 2250 regni
1481 2178 1567 2234 illi
1588 2177 1889 2234 commissi

236 2271 490 2344 quietem
512 2275 570 2327 et
587 2268 1078 2342 tranquillitatem
1097 2272 1272 2339 atque
1289 2266 1894 2336 soliditatem,maehi-

234 2361 406 2429 nabo,
439 2359 526 2416 vel
558 2357 920 2414 machinanti
970 2357 1368 2424 consentiam;
1403 2373 1592 2428 neque
1624 2373 1888 2428 unquam

232 2451 470 2524 aliquod
504 2446 848 2505 scandalum
876 2447 1136 2514 movebo,
1154 2447 1310 2518 quod
1335 2444 1494 2500 illius
1515 2443 1887 2518 praesentivel

234 2541 440 2596 futurae
472 2536 650 2594 saluti
677 2535 972 2592 contraria
999 2537 1088 2589 vel
1128 2534 1332 2590 nociva
1381 2550 1509 2590 esse
1554 2534 1758 2605 possit.
1793 2533 1888 2589 Sic

230 2646 324 2685 me
355 2629 508 2684 Deus
539 2627 792 2698 adjuvet,
827 2629 884 2680 et
912 2623 1034 2679 ista
1062 2628 1264 2679 sancta
1295 2621 1634 2694 patrocinia.

299 2717 589 2773 Hincmari
617 2717 677 2771 in.
708 2714 854 2770 idem
873 2713 1258 2784 juramentum
1287 2711 1810 2767 animadversiones.

2003 1395 2168 1452 quam
2195 1389 2399 1452 oportet
2425 1398 2634 1454 sapere,
2653 1381 2745 1438 sed
2789 1399 2977 1455 sapere
3007 1383 3076 1439 ad
3105 1385 3448 1441 sobrietatem
3475 1387 3650 1456 (Rom.

2002 1485 2102 1536 xu,
2131 1471 2239 1538 13),
2275 1469 2332 1524 id
2365 1475 2456 1526 est
2487 1471 2560 1526 ad
2593 1471 3064 1544 temperantiam.
3089 1473 3159 1528 Et
3188 1476 3430 1530 sanctus
3449 1473 3654 1532 Petrus

2001 1557 2383 1631 interroganti
2415 1575 2479 1616 se
2509 1559 2778 1630 Domino,
2809 1561 3013 1630 Diligis
3040 1579 3127 1617 me
3160 1563 3288 1633 plus
3316 1563 3443 1618 his?
3471 1564 3650 1634 (Joan.

2001 1647 2218 1718 xx1,16)
2241 1647 2342 1720 qui
2375 1647 2646 1704 meminit
2667 1649 3012 1705 imminente
3044 1650 3174 1722 ejus
3204 1651 3480 1724 passione
3517 1651 3653 1724 plus

2001 1734 2113 1790 sibi
2143 1737 2484 1792 constantia:
2511 1737 2784 1793 tribuisse
2807 1755 2986 1810 quam
3008 1737 3268 1808 haberet,
3293 1739 3522 1796 cautius
3544 1757 3654 1796 sua

1999 1823 2339 1881 infirmitate
2368 1826 2634 1882 eruditus
2660 1844 2776 1883 non
2809 1828 3130 1900 respondit,
3149 1827 3282 1901 plus
3303 1829 3398 1885 his
3418 1845 3550 1886 amo
3571 1833 3648 1900 te,

2000 1915 2100 1968 sed
2132 1914 2270 1986 quia
2301 1931 2433 1971 amo
2464 1919 2538 1971 te.
2573 1916 2808 1972 Rectius
2839 1916 3021 1990 igitur
3047 1917 3271 1974 dictum
3302 1921 3412 1986 est,
3445 1917 3652 1974 Secun-

1998 2004 2129 2059 dum
2154 2021 2337 2060 meum
2363 2006 2503 2062 scire
2532 2012 2583 2061 et
2606 2021 2781 2077 posse,
2815 2023 2992 2078 quam
3025 2023 3038 2062 :
3075 2007 3500 2080 Quantocunque
3523 2009 3651 2081 plus

1997 2100 2050 2148 et
2073 2093 2271 2148 melius
2293 2094 2463 2150 sciero
2493 2102 2544 2149 et
2565 2102 2808 2166 potuero.
2841 2095 3004 2161 Quod
3035 2100 3229 2152 autem
3259 2097 3516 2169 positum
3539 2099 3649 2168 est,

1996 2181 2223 2238 consilio
2251 2190 2302 2237 et
2329 2183 2546 2238 auxilio
2579 2181 2875 2255 superﬂue
2905 2183 3174 2240 additum
3197 2189 3304 2240 est.
3322 2185 3384 2240 In
3403 2201 3469 2242 eo
3491 2186 3650 2242 enim

1997 2270 2148 2342 quod
2184 2270 2324 2338 dixi,
2348 2269 2646 2326 secundum
2696 2288 2880 2327 meum
2925 2273 3087 2339 scire,
3120 2271 3456 2339 consilium,
3490 2277 3548 2329 et
3589 2273 3651 2329 in

1995 2375 2062 2414 eo
2085 2359 2239 2431 quod
2263 2359 2712 2426 dixi,secun(lum
2740 2377 2922 2416 meum
2941 2377 3112 2432 posse,
3141 2360 3428 2416 auxilium
3459 2361 3651 2417 conti-

1993 2452 2184 2503 netur.
2211 2447 2372 2513 Quod
2404 2447 2642 2520 scripsit
2671 2447 2864 2504 scriba
2892 2449 3122 2512 doctus.
3146 2449 3456 2506 Secundum
3469 2468 3654 2507 meum

1990 2538 2382 2604 ministerium,
2397 2539 2458 2592 in
2487 2539 2740 2592 omnibus
2769 2539 2979 2594 scilicet
3005 2539 3201 2610 fidelis,
3227 2548 3279 2596 et
3308 2540 3580 2608 obediens,
3599 2549 3652 2598 et

1995 2626 2211 2697 adjutor
2237 2642 2350 2696 ero,
2383 2629 2586 2681 contra
2617 2627 3105 2683 consuetudinem
3127 2629 3648 2702 juramenti,quod

1996 2713 2288 2786 principes
2318 2718 2374 2770 et
2403 2715 2627 2770 domini
2659 2715 2783 2770 suis
2815 2715 3101 2786 subjectis
3143 2721 3202 2772 et
3249 2717 3427 2772 etiam
3467 2717 3650 2774 servis

303 2805 465 2872 Quod
497 2805 556 2858 in
587 2803 698 2860 isto
721 2803 1058 2873 juramento
1081 2799 1345 2856 absolute
1369 2800 1625 2872 positum
1647 2805 1733 2855 est
1759 2817 1771 2854 :
1795 2801 1888 2855 Sic
1985 2803 2720 2876 jurarcjubentascripsit.
2747 2804 2911 2859 Sicut
2940 2805 3095 2860 enim
3129 2805 3434 2878 Scriptura
3455 2805 3598 2862 dicit
3629 2822 3645 2863 :

231 2897 486 2968 promitto
532 2909 649 2962 ego,
681 2891 938 2948 Jacobus
993 2889 1295 2962 apostolus
1353 2888 1700 2944 contradicit
1731 2906 1743 2944 :
1777 2889 1888 2958 Qui

233 2985 523 3054 ignoratis,
553 2981 848 3054 inquiens.
881 2979 1014 3052 quid
1041 2981 1113 3034 sit
1141 2980 1202 3034 in
1231 2979 1532 3034 crastinum
1562 2997 1581 3033 :
1609 2994 1708 3050 pro
1735 2995 1796 3034 eo
1826 2984 1890 3034 ut

233 3075 424 3130 dicatis
457 3089 472 3129 :
505 3071 568 3128 Si
599 3071 860 3127 Dominus
887 3069 1140 3134 voluerit,
1171 3068 1450 3140 faciamus
1476 3067 1574 3122 hoc
1617 3074 1720 3125 aut
1743 3065 1885 3122 illud

233 3167 378 3231 (Jac.
419 3179 497 3228 IV,
543 3159 652 3232 14).
695 3159 980 3214 Caeterum
1031 3155 1438 3212 rationabilius
1495 3154 1732 3222 dicitur,
1787 3155 1884 3211 isti

235 3250 593 3325 imperatori,
627 3265 806 3322 quam
835 3249 932 3303 isti
976 3247 1184 3302 seniori
1237 3261 1374 3314 meo,
1410 3244 1509 3318 qui
1557 3250 1648 3300 est
1681 3245 1887 3316 junior

233 3345 418 3406 aetate,
450 3340 586 3396 licet
615 3338 692 3394 sit
739 3335 1115 3393 excellentior
1159 3351 1421 3406 personae
1470 3333 1794 3400 nobilitate,
1829 3337 1886 3389 et

230 3429 530 3486 mundana
546 3425 777 3499 imperii
801 3429 1241 3498 potestate,non
1264 3428 1458 3479 autem
1483 3421 1633 3479 sacri
1659 3422 1884 3480 ordinis

229 3516 532 3589 dignitate,
567 3513 720 3570 sicut
750 3514 1116 3570 demonstrat
1147 3515 1388 3567 sanctus
1433 3511 1700 3568 Gelasius
1733 3529 1885 3584 papa

229 3605 492 3662 scribens
520 3603 593 3659 ad
640 3601 1019 3658 Anastasium
1067 3599 1481 3672 imperatorem
1531 3601 1708 3672 (epist.
1744 3601 1832 3672 11)
1866 3617 1880 3655 :

230 3717 258 3745 ‹‹
291 3694 417 3750 Duo
449 3697 606 3760 sunt,
641 3691 960 3764 imperator
1003 3691 1288 3762 Auguste,
1323 3689 1539 3760 quibus
1584 3687 1883 3761 principa-

229 3783 360 3840 liter
389 3783 567 3838 mund
580 3799 647 3837 us
676 3780 772 3836 hic
813 3778 1054 3853 regitur,
1089 3777 1404 3834 auctoritas
1435 3794 1602 3833 sacra
1641 3779 1882 3850 pontiﬁ-

230 3889 387 3941 cum,
418 3875 476 3927 et
504 3869 716 3942 regalis
747 3873 1026 3940 potestas.
1060 3868 1124 3922 In
1175 3866 1392 3938 quibus
1434 3869 1599 3922 tanto
1647 3867 1882 3940 gravius

231 3963 462 4036 pondus
491 3965 580 4016 est
608 3959 999 4024 sacerdotum,
1033 3960 1253 4030 quanto
1284 3957 1460 4010 etiam
1491 3971 1594 4026 pro
1616 3954 1761 4028 ipsis
1793 3972 1881 4012 re-

1991 2893 2110 2947 Non
2140 2899 2220 2947 est
2247 2893 2400 2947 homo
2433 2894 2490 2948 in
2528 2901 2674 2948 terra
2705 2895 2820 2965 qui‘
2843 2895 3017 2965 faciat
3063 2893 3282 2963 bonum,
3316 2903 3368 2950 et
3394 2911 3504 2951 non
3527 2911 3651 2967 pec-

1992 2989 2072 3035 cet
2092 2981 2265 3050 (Psal.
2298 2997 2419 3049 xm,
2471 2982 2520 3048 1,
2561 2981 2616 3054 3)
2650 2998 2664 3037 :
2697 2986 2754 3038 et
2809 2982 3064 3038 Jacobus
3121 2981 3265 3038 dicit
3297 3001 3310 3038 :
3346 2985 3410 3039 In
3453 2985 3647 3040 multis

1991 3072 2141 3125 enim
2169 3068 2492 3142 offendimus
2521 3087 2704 3126 omnes
2733 3071 2867 3143 (Jac.
2893 3089 2976 3140 In,
3007 3074 3086 3140 2),
3121 3088 3256 3127 cum
3287 3071 3505 3128 Christi
3534 3073 3646 3129 hoc

1993 3157 2148 3214 dicat
2169 3157 2482 3231 Apostolus
2515 3176 2528 3215 :
2561 3160 2628 3215 Et
2653 3160 2704 3214 si
2732 3161 2856 3230 quis
2886 3161 2944 3216 in
2973 3160 3134 3216 verba
3153 3170 3273 3216 non'
3291 3161 3538 3234 offendit,
3557 3161 3649 3218 hic

1988 3250 2259 3320 perfectus
2305 3255 2384 3304 est
2419 3249 2526 3302 vir.
2577 3247 2762 3317 (Ibid.)
2794 3247 2855 3303 Si
2912 3249 3060 3305 forte
3113 3249 3367 3306 domnus
3424 3254 3642 3320 noster,

1993 3338 2147 3408 quod
2171 3336 2342 3404 absit,
2377 3335 2751 3408 subreptione
2781 3335 2992 3410 aliquit
3013 3337 3260 3410 jusserit
3305 3337 3394 3394 vel
3440 3337 3644 3413 egerit,

1993 3426 2148 3498 quod
2182 3423 2498 3498 episcopali
2550 3424 2878 3482 ministerio
2926 3443 3043 3483 non
3094 3427 3418 3496 conveniat,
3451 3427 3648 3484 videre

1993 3515 2276 3570 debuerat
2305 3514 2400 3569 hic
2431 3513 2681 3586 scriptor
2711 3515 3154 3588 sagacissimus,
3189 3516 3239 3572 si
3281 3517 3562 3573 obediens
3589 3520 3648 3573 et

1993 3604 2228 3675 adjutor
2252 3603 2312 3658 in
2345 3603 2453 3658 hoc
2483 3602 2568 3658 illi
2619 3605 2930 3677 episcopus
2979 3622 3107 3662 esse
3157 3606 3384 3674 debeat,
3417 3607 3488 3662 Et
3525 3622 3643 3661 non

1993 3697 2132 3764 puto
2164 3697 2230 3748 ut
2249 3691 2409 3747 ullus
2431 3692 2606 3748 homo
2629 3691 2833 3765 sit,qui
2856 3692 3020 3748 alteri
3042 3694 3268 3750 homini
3285 3693 3344 3748 in
3368 3693 3645 3750 omnibus

1992 3781 2183 3837 ﬁdelis
2213 3785 2272 3837 et
2301 3781 2580 3837 obediens
2611 3785 2668 3836 et
2692 3782 2926 3854 adiutor
2973 3781 3220 3838 insimul
3263 3799 3392 3838 esse
3431 3781 3639 3854 possit.

1991 3869 2113 3925 Nisi
2138 3869 2282 3925 forte
2301 3868 2402 3924 illo
2423 3885 2632 3942 genere
2651 3869 2964 3926 locutionis
2985 3870 3137 3926 hanc
3175 3869 3336 3926 illius
3361 3871 3468 3926 viri
3486 3869 3643 3926 docti

1991 3958 2342 4016 sententiam
2364 3957 2782 4031 intelligamus,
2807 3975 2922 4032 quo
2954 3959 3094 4015 dicit
3118 3959 3433 4032 Apostolus
3465 3976 3478 4016 :
3511 3959 3644 4016 Sine

232 4051 405 4125 gibus
435 4048 742 4106 hominum
776 4047 834 4102 in
869 4045 1062 4102 divino
1109 4043 1393 4100 reddituri
1445 4049 1585 4100 sunt
1615 4044 1880 4101 examine
1909 4036 1953 4102 C
1991 4049 2398 4105 intermissione
2426 4056 2576 4104 orate
2607 4049 2657 4116 (Ι
2685 4049 2832 4117 Thes,
2869 4065 2953 4104 III.
2989 4049 3108 4118 17);
3141 4051 3199 4104 et
3231 4065 3244 4102 :
3278 4049 3339 4104 In
3389 4047 3642 4105 omnibus

232 4141 539 4196 rationem.
575 4160 603 4188 «
626 4137 710 4192 Ad
743 4137 803 4191 id
835 4136 994 4207 quod
1046 4133 1429 4207 subsequitur
1472 4133 1534 4188 in
1580 4133 1692 4190 hoc
1713 4135 1882 4204 jura-

232 4235 426 4286 mento
459 4246 474 4284 :
509 4227 776 4301 Ouandiu
803 4229 1011 4293 vixero,
1043 4225 1222 4297 ﬁdelis
1251 4231 1303 4280 et
1332 4223 1606 4294 obediens,
1637 4231 1687 4280 et
1718 4224 1881 4296 adju-

231 4328 316 4376 tor
344 4321 407 4374 in
456 4319 709 4374 omnibus
756 4331 870 4383 ero,
903 4319 1145 4370 sanctus
1195 4312 1465 4370 Gelasius
1512 4313 1776 4370 scribens
1805 4314 1880 4370 ad

228 4407 602 4464 Anastasium
634 4405 1046 4478 imperatorem
1078 4403 1220 4458 dicit
1248 4403 1426 4474 (epist.
1463 4403 1548 4474 11)
1583 4419 1596 4458 :
1633 4424 1661 4454 «
1692 4403 1876 4472 Nosti,

227 4497 308 4554 fili
329 4494 803 4562 clementissime,
821 4493 1104 4566 quoniam
1127 4491 1262 4547 licet
1283 4490 1597 4564 praesideas
1617 4492 1880 4549 humano

228 4586 425 4660 generi
455 4584 762 4658 dignitate,
797 4600 994 4638 rerum
1022 4586 1218 4637 tamen
1270 4581 1621 4654 praesulibus
1655 4581 1879 4638 divina-

226 4692 360 4732 rum
403 4675 644 4731 devotus
685 4671 834 4730 colla
867 4671 1188 4739 submittis,
1221 4675 1396 4742 atque
1440 4671 1512 4726 ab
1557 4670 1640 4726 eis
1671 4689 1880 4728 causas

226 4771 342 4822 tuae
373 4763 586 4820 salutis
609 4761 830 4834 expetis
863 4778 876 4818 :
911 4760 1166 4832 hincque
1197 4759 1502 4816 sumendis
1546 4759 1879 4816 coelestibus

228 4852 634 4920 sacramentis,
657 4850 859 4923 eisque
890 4854 958 4906 ut
983 4848 1264 4922 competit
1286 4849 1689 4920 disponendis,
1705 4849 1878 4906 subdi

225 4950 282 5000 te
311 4943 524 4999 debere
553 4940 859 5014 cognoscis
889 4938 1190 5012 religionis
1220 4939 1424 4994 ordine
1455 4939 1651 5010 potius
1699 4956 1877 5012 quam

228 5048 507 5106 praeesse;
529 5031 728 5104 itaque
747 5029 901 5085 inter
930 5029 1051 5084 haec
1089 5027 1326 5084 illorum
1359 5034 1413 5084 te
1445 5029 1696 5100 pendere
1717 5028 1878 5100 judi-

229 5121 337 5188 cio,
354 5138 470 5178 non
498 5119 634 5176 illos
655 5120 726 5175 ad
752 5123 919 5174 tuam
941 5117 1124 5191 redigi
1145 5116 1528 5173 voluntatem.
1551 5140 1578 5168 ››
1610 5118 1680 5173 Et
1705 5117 1878 5191 paulo

229 5214 362 5284 post
393 5227 407 5266 :
444 5231 474 5261 ‹‹
501 5211 622 5276 Quo
649 5225 748 5265 oro
779 5211 834 5263 te
864 5208 1072 5263 affectu
1103 5206 1188 5262 eis
1219 5208 1488 5263 convenit
1515 5207 1880 5280 obedire,qui

229 5298 614 5374 prorogandis
645 5315 747 5353 ven
757 5295 1077 5352 erabilibus
1098 5299 1238 5351 sunt
1257 5296 1525 5351 attributi
1548 5297 1882 5370 mysteriis?

229 5387 475 5446 Proinde
506 5386 660 5443 sicut
689 5402 806 5441 non
829 5383 1290 5478 leveAdiserimen
1331 5384 1622 5441 incumbit
1640 5386 1878 5458 pontiﬁ-
1908 5412 1954 5478 D

219 5477 396 5540 cibus
417 5475 651 5533 siluisse
669 5492 772 5548 pro
794 5473 1119 5530 divinitatis
1131 5474 1292 5530 cultu
1305 5475 1461 5546 quod
1485 5477 1780 5548 congruit:
1796 5476 1881 5532 ita

226 5567 342 5636 his,
375 5565 530 5638 quod
579 5565 752 5633 absit,
781 5581 897 5620 non
948 5563 1236 5620 mediocre
1285 5563 1611 5636 periculum
1642 5569 1752 5638 est,
1777 5565 1879 5638 qui

229 5673 364 5714 cum
387 5655 637 5712 debeant
658 5671 860 5728 parere
881 5653 1272 5726 despiciunt.»
1297 5655 1459 5720 Quod
1477 5653 1570 5711 hic
1593 5654 1877 5728 scriptum

229 5749 339 5820 est,
373 5751 788 5822 quantocunque
809 5743 938 5820 plus
984 5751 1038 5801 et
1079 5745 1276 5801 melius
1315 5745 1492 5802 sciero
1535 5753 1587 5802 et
1627 5754 1878 5821 potuero,

1989 4137 2342 4194 exhibeamus
2372 4137 2725 4208 nosmetipsos
2754 4136 2895 4192 sicut
2939 4137 3038 4192 Dei
3087 4137 3371 4192 ministros
3403 4137 3476 4206 (II
3516 4135 3638 4192 Cor.

1989 4244 2067 4293 v1,
2101 4226 2176 4300 4).
2199 4225 2272 4282 Ut
2299 4224 2568 4281 videlicet
2594 4225 2906 4298 cupiamus
2937 4241 3073 4281 eum
3103 4241 3172 4281 ea
3191 4225 3642 4298 semperjubere

1990 4321 2046 4373 et
2093 4332 2325 4388 semper
2371 4331 2562 4387 agere,
2586 4313 2804 4387 quibus
2863 4315 3182 4370 debeamus
3229 4318 3287 4370 et
3341 4314 3643 4372 valeamus

1989 4405 2244 4470 obedire,
2277 4407 2335 4460 et
2391 4403 2464 4460 ad
2511 4420 2650 4474 quae
2706 4401 2793 4458 illi
2847 4404 3166 4460 debeamus
3225 4407 3284 4460 et
3339 4402 3642 4460 valeamus

1989 4494 2245 4560 obedire,
2263 4497 2321 4549 et
2349 4493 2421 4548 ad
2454 4509 2581 4564 quae
2610 4491 2694 4546 illi
2725 4491 3046 4550 debeamus
3071 4497 3130 4548 et
3146 4491 3450 4550 valeamus
3471 4493 3642 4566 adju-
3715 4551 3718 4556 _

1987 4591 2143 4640 tores
2169 4599 2318 4638 esse.
2367 4582 2477 4638 Sed
2509 4585 2566 4637 et
2595 4582 2750 4654 quod
2801 4581 2962 4652 dicit,
3001 4583 3064 4640 Ut
3087 4585 3211 4645 sim.
3225 4583 3318 4640 illi
3363 4583 3562 4656 ﬁdelis,
3593 4590 3648 4640 et

1989 4674 2260 4740 obediens,
2311 4679 2363 4728 et
2419 4671 2636 4742 adiutor
2691 4673 2754 4728 in
2807 4674 3084 4742 omnibus,
3134 4671 3304 4730 aliter
3360 4672 3645 4730 intellexit

1986 4761 2299 4835 Apostolus
2326 4761 2397 4816 de
2423 4761 2685 4817 humana
2703 4761 3268 4835 possibilitate,quia
3296 4779 3412 4818 non
3443 4761 3644 4817 omnia

1988 4868 2306 4925 possumus
2326 4867 2550 4918 omnes,
2570 4851 2770 4908 dicens
2801 4856 2933 4924 post
2951 4854 3293 4908 enumerata
3311 4849 3638 4922 gratiarum

1987 4943 2144 4998 dona
2175 4957 2188 4996 :
2220 4940 2374 4996 Sicut
2399 4941 2698 5014 unicuique
2747 4943 2885 4998 Deus
2934 4942 3126 4998 divisit
3168 4955 3486 4996 mensuram
3512 4937 3643 5011 ﬁdei

1989 5032 2160 5104 (Rom.
2194 5044 2295 5097 xu,
2327 5029 2404 5098 3).
2456 5029 2525 5084 Et
2573 5029 2728 5102 quod
2777 5029 3006 5084 addidit
3035 5046 3054 5084 :
3082 5027 3292 5099 Absque
3337 5025 3559 5098 fraude,
3591 5033 3644 5082 et

1985 5121 2131 5176 malo
2164 5120 2408 5188 ingenio,
2440 5127 2492 5174 et
2520 5119 2720 5190 absque
2744 5119 2865 5174 ulla
2892 5117 3193 5184 dolositate,
3217 5116 3301 5172 vel
3329 5115 3642 5172 seductione

1986 5227 2083 5266 seu
2127 5209 2452 5282 deceptione,
2484 5217 2537 5264 et
2579 5210 2776 5280 absqae
2824 5215 3068 5280 respectu
3117 5205 3354 5278 alicujus
3391 5219 3642 5278 personat

1990 5299 2194 5374 (ibid),
2227 5299 2384 5371 quod
2414 5315 2484 5354 ex
2505 5297 2868 5356 abundantia
2896 5295 3056 5352 lividi
3087 5294 3281 5352 cordis
3311 5312 3409 5351 ore
3441 5311 3640 5368 super-

1991 5391 2106 5446 ﬂuo
2153 5388 2414 5462 protulit,
2445 5387 2750 5442 sinceritas
2799 5385 2991 5442 cordis
3040 5385 3154 5442 mei
3199 5382 3643 5458 comprehendit

1989 5479 2233 5536 dicens:
2265 5481 2364 5535 Isti
2406 5478 2731 5550 Imperatori
2780 5475 3078 5533 secundum
3139 5492 3324 5532 meum
3385 5476 3528 5532 scire
3589 5481 3644 5532 et

1983 5587 2158 5642 posse,
2178 5571 2345 5642 juxta
2371 5567 2746 5623 ministerium
2773 5583 2956 5622 meum
2983 5567 3161 5638 ﬁdelis
3185 5582 3296 5622 ero.
3330 5565 3488 5622 Inter
3528 5564 3640 5622 hoc

1987 5658 2146 5715 enim
2177 5671 2390 5712 nomen
2421 5654 2572 5726 quod
2597 5653 2814 5710 dicitur
2842 5655 3094 5728 adjutor,
3129 5658 3186 5711 et
3231 5654 3387 5728 quod
3422 5653 3642 5711 dicitur

1987 5747 2232 5816 nocitor,
2264 5743 2411 5800 nihil
2457 5746 2547 5802 est
2594 5743 2875 5802 medium.
2921 5742 3031 5815 Qui
3075 5743 3234 5802 enim
3283 5747 3374 5804 est
3423 5742 3638 5818 ﬁdelis,
