4152 6504
517 393 684 456 1127

1305 384 1688 448 HINCMARI
1735 383 1979 446 RHEM.
2028 379 2392 448 ARCHIEP.
2438 383 2838 448 LPUSCULA
2884 385 3152 449 VARIA.

3789 387 3952 450 ΗΕΒ

523 532 587 584 et
615 524 710 582 cui
738 522 928 581 ﬁdelis
951 525 1061 588 est,
1095 525 1382 595 quantum
1412 537 1483 576 ex
1521 518 1648 592 ipso
1696 523 1805 586 est,
1839 517 2042 590 utique
2091 521 2182 573 est
2207 517 2266 586 Α
2295 520 2442 574 vobis
2472 537 2492 575 :
2518 519 2636 576 Non
2655 520 2854 592 jurare
2881 522 3219 588 omnino,sit
3247 528 3426 578 autem
3443 536 3621 578 sermo
3643 528 3950 588 venenat,

528 617 762 689 adjutor
784 633 798 672 :
823 619 880 672 et
900 613 1000 686 qui
1024 615 1114 668 est
1134 608 1465 682 inﬁdelis,ei
1493 607 1583 664 cui
1605 611 1694 664 est
1712 606 2178 679 inﬁdelis,quan-

527 711 653 763 tum
674 723 743 763 ex
764 705 891 779 ipso
913 706 1021 771 est,
1038 701 1241 774 utique
1257 703 1344 756 est
1363 697 1604 755 nocitor.
1620 698 1690 752 Et
1717 696 1904 752 ﬁdelis
1925 695 2177 768 quisque

525 813 664 871 erga
684 813 820 852 eum
833 794 929 852 cui
951 792 1140 850 ﬁdelis
1151 789 1533 860 est,fraudem
1546 791 1604 844 et
1617 786 1837 844 malum
1850 784 2150 859 ingenium
2161 825 2175 852 ,

2283 615 2380 673 est,
2399 621 2683 676 non,non;
2714 609 2856 681 quod
2880 618 3062 666 autem
3087 611 3175 666 his
3203 609 3576 667 abundantius
3596 618 3702 676 est,
3734 628 3774 667 α
3803 610 3950 666 male

2285 704 2363 752 est
2387 696 2587 768 (Matth.
2621 715 2675 766 v,
2707 699 2820 770 37),
2856 698 2914 754 id
2944 703 3034 755 est
3061 699 3148 756 vel
3179 717 3214 756 a
3244 697 3397 756 malo
3427 699 3582 756 male
3610 705 3674 756 et
3705 699 3950 756 incaute

2275 785 2558 856 jurantis,
2589 785 2678 844 vel
2708 804 2742 844 a
2765 787 2920 844 malo
2951 787 3104 844 male
3132 793 3190 845 et
3217 789 3343 846 sine
3372 805 3552 846 causa
3590 789 3812 860 jurare
3863 805 3951 846 oo-

525 891 585 944 et
600 885 780 943 ullam
803 883 1196 952 dolositatem,
1213 879 1302 936 vel
1323 877 1744 945 seductionem,
1768 893 1870 932 seu
1893 872 2180 946 deceptio-
2285 873 2498 946 gentis,
2522 874 2673 932 sicut
2703 875 2976 933 catholici
3007 877 3271 934 doctores
3301 877 3524 934 dicunt.
3559 879 3632 934 Et
3679 879 3948 937 Jacobus

527 992 804 1048 nem,nec
833 971 1097 1042 consilio,
1117 985 1222 1026 nec
1253 967 1468 1025 auxilio
1499 983 1604 1040 pro
1635 968 1899 1038 respectu
1923 962 2176 1035 alicujus

527 1083 786 1140 persona:
808 1067 939 1136 aget
958 1060 1046 1117 vel
1066 1059 1159 1134 agi
1179 1056 1503 1115 consentiet
1529 1073 1544 1112 :
1571 1055 1725 1128 quod
1752 1053 1802 1111 si
1827 1053 2040 1120 fecerit,
2056 1068 2172 1108 non

527 1155 738 1224 ﬁdelis,
771 1154 872 1210 sed
904 1149 1158 1208 inﬁdelis
1187 1148 1319 1204 erit.
1338 1146 1502 1214 Quod
1532 1141 1934 1216 autem,quasi
1954 1140 2175 1197 oblitus

522 1245 626 1303 illa
654 1262 784 1318 qua:
821 1240 1204 1316 praemiserat,
1235 1234 1629 1310 superadjecit
1657 1251 1670 1290 :
1705 1234 1882 1305 Neque
1925 1248 2026 1304 per
2063 1247 2170 1300 me,

522 1351 697 1408 neque
721 1351 821 1406 per
848 1333 1098 1398 missum,
1129 1344 1302 1401 neque
1327 1343 1429 1400 per
1469 1325 1700 1392 litteras,
1731 1323 1826 1380 sed
1868 1338 2042 1395 neque
2073 1338 2176 1394 per

522 1426 783 1482 emissam
827 1422 910 1479 vel
956 1420 1330 1477 intromissum
1371 1431 1682 1489 personam,
1734 1413 1818 1470 vel
1855 1427 2175 1485 quocunque

523 1515 681 1571 modo
728 1528 794 1568 ac
857 1510 1276 1583 signiﬁcatione,
1337 1512 1523 1562 contra
1573 1520 1736 1560 suum
1799 1503 2076 1573 honorem,
2123 1508 2176 1557 et

520 1620 680 1660 suam
707 1618 774 1659 ac
797 1600 1056 1657 Ecclesia:
1083 1606 1244 1670 atque
1273 1596 1434 1665 regni
1477 1593 1570 1650 illi
1611 1593 1891 1649 commissi
1941 1591 2174 1663 quietem

519 1700 570 1750 et
599 1690 1060 1765 tranquillitatem
1107 1695 1265 1760 atque
1310 1683 1637 1740 soliditatem
1688 1679 2038 1748 machinabo,
2087 1679 2173 1735 vel

517 1782 865 1838 machinanti
891 1779 1242 1845 consentiam,
1279 1771 1744 1839 ridiculose,imo
1767 1769 1997 1837 misere,
2033 1767 2172 1841 quia

2285 963 2588 1036 apostolus
2619 965 2762 1021 dicit
2795 966 2968 1024 :Ante
2995 969 3204 1034 omnia,
3232 969 3434 1040 fratres
3459 969 3591 1036 mei,
3622 970 3813 1026 nolite
3849 970 3946 1042 ju-

2285 1069 2411 1108 rare
2439 1053 2792 1129 quodcunque
2809 1056 3193 1126 juramentum
3222 1058 3357 1128 (Jac.
3390 1075 3445 1127 v,
3481 1059 3589 1130 14).
3623 1059 3702 1115 Et
3751 1060 3946 1116 sancti

2284 1141 2482 1199 Patres
2498 1143 2712 1199 Niczeni
2734 1144 2965 1201 concilii
2980 1145 3286 1220 episcopos
3306 1147 3406 1220 qui
3423 1147 3684 1219 perﬁdiae
3707 1147 3946 1206 Ariana

2281 1237 2728 1301 consenserunt,
2745 1237 2804 1290 et
2823 1239 3063 1292 sanctus
3085 1236 3198 1291 Leo
3219 1252 3371 1310 papa
3390 1252 3457 1293 ac
3477 1238 3748 1311 synodus
3777 1238 3947 1295 Chal.

2283 1319 2628 1379 cedonensis
2659 1321 2964 1397 episcopos
3003 1325 3104 1398 qui
3147 1324 3520 1399 Eutychiana
3564 1326 3947 1400 perversitati

2282 1409 2634 1481 faverant,et
2665 1413 2723 1468 S.
2747 1412 3060 1486 Gregorius
3081 1413 3454 1472 Nestorianos
3475 1433 3510 1473 a
3527 1417 3763 1490 synodo
3789 1417 3943 1475 Con-

2282 1498 2803 1573 stantinopolitano.
2843 1502 3102 1575 abjectos
3145 1504 3504 1576 professione
3545 1522 3616 1562 ac
3663 1507 3936 1564 subscri-

2281 1589 2500 1662 ptione,
2533 1589 2621 1647 vel
2670 1591 2797 1648 sola
2843 1591 3224 1664 professione,
3251 1594 3380 1651 sine
3415 1596 3766 1668 juramento
3821 1597 3941 1654 alio

2281 1677 2536 1752 recipere
2567 1679 2627 1734 in
2657 1679 2783 1736 suis
2824 1679 3129 1738 ordinibus
3175 1682 3570 1741 decreverunt.
3598 1684 3940 1743 Presertim

2280 1784 2414 1824 cum
2433 1785 2686 1825 canones
2707 1769 2859 1827 sacri
2879 1771 3286 1844 decernant,ut
3302 1772 3349 1830 si
3377 1772 3512 1847 quis
3529 1781 3742 1831 contra
3763 1793 3940 1832 suam

517 1869 936 1928 amaritudinis
967 1867 1099 1925 felle
1129 1866 1362 1922 locutus
1388 1866 1497 1920 est.
1529 1859 1678 1930 Quid
1711 1864 1800 1916 est
1827 1858 1987 1916 enim
2027 1857 2169 1959 mis-
2200 1893 2250 1960 B
2281 1858 2702 1960 professionem
2733 1859 2820 1915 vel
2845 1859 3342 1960 subscriptio-nem
3372 1863 3594 1920 venerit
3621 1863 3686 1920 in
3709 1864 3938 1938 aliquo,

519 1978 645 2031 sus,
674 1959 787 2017 nisi
819 1959 1038 2015 emissa
1077 1956 1166 2013 vel
1215 1951 1557 2010 intromissa
1611 1949 1910 2024 persona?
1941 1951 1999 2004 et
2025 1946 2167 2021 quid
2200 1946 2248 1960 ⁶’
2281 1946 2406 2019 ipse
2429 1964 2491 2005 se
2522 1947 2741 2004 honore
2770 1948 3040 2021 privabit.
3059 1951 3127 2006 Et
3155 1949 3266 2024 piae
3288 1951 3582 2010 memoria
3612 1958 3788 2026 pater
3816 1972 3941 2014 ves-

519 2054 609 2108 est
636 2065 999 2122 quiscunque
1027 2043 1398 2120 signiﬁcatio,
1425 2041 1539 2098 nisi
1568 2044 1672 2097 aut
1718 2056 1822 2113 per
1846 2038 2043 2109 verba,
2067 2041 2170 2093 aut

517 2157 621 2214 per
647 2138 891 2205 litteras,
917 2135 1005 2192 vel
1053 2134 1166 2192 alio
1214 2132 1474 2207 quolibet
1522 2129 1733 2186 modo?
1765 2129 1833 2185 Et
1881 2125 2021 2202 quid
2079 2130 2170 2183 est

515 2232 720 2285 contra
747 2243 923 2283 suum
955 2225 1338 2292 bonorem,ac
1369 2220 1635 2278 Ecclesiae
1665 2224 1840 2291 atque
1870 2216 2033 2290 regni
2081 2214 2164 2270 illi

516 2316 816 2372 commissi
849 2315 1104 2388 quietem
1135 2329 1325 2386 agere,
1359 2310 1472 2366 nisi
1505 2308 1818 2365 inﬁdeliter
1859 2305 2068 2379 agere?
2099 2307 2167 2361 Et

515 2405 658 2478 quid
690 2410 778 2461 est
803 2404 993 2477 quies,
1017 2401 1131 2459 nisi
1153 2398 1590 2474 tranquillitas?
1615 2402 1671 2453 et
1701 2396 1840 2470 quid
1863 2399 1952 2452 est
1971 2393 2166 2451 solidi-

514 2499 626 2564 tas,
658 2493 771 2550 nisi
803 2490 1150 2549 sinceritas?
1179 2492 1250 2546 Et
1279 2489 1433 2562 quod
1467 2485 1630 2554 dixit,
1653 2490 1855 2543 contra
1884 2484 2028 2552 haec,
2049 2483 2164 2540 sci-

513 2582 648 2640 licet
667 2583 738 2639 ab
771 2581 869 2638 illo
891 2580 1216 2654 prmmissa,
1242 2596 1357 2634 non
1407 2572 1890 2643 machinabo,vel
1940 2572 2163 2630 machi-

513 2670 678 2730 nauti
692 2668 1257 2737 consentiam,nimis
1269 2666 1546 2724 stolidum
1562 2663 2158 2738 putavitepiscopum,

2277 2041 2365 2092 ter
2385 2038 2457 2094 ab
2489 2038 2799 2112 episcopis,
2827 2039 2926 2112 qui
2951 2039 3042 2096 vel
3069 2039 3379 2098 voluntarii
3409 2040 3497 2098 vel
3528 2042 3696 2100 inviti
3731 2043 3796 2101 in
3826 2062 3939 2102 sua

2276 2125 2600 2198 dejectione
2650 2130 3092 2198 consenserunt,
3127 2129 3227 2185 sed
3275 2145 3378 2186 nec
3423 2129 3495 2186 ab
3545 2129 3675 2203 ipso
3705 2131 3936 2198 Ebone,

2277 2214 2375 2287 qui
2403 2219 2606 2272 auctor
2635 2219 2692 2272 et
2721 2217 2985 2273 incentor
3031 2217 3217 2290 ipsius
3265 2218 3606 2291 dejectionis
3641 2220 3936 2278 duntaxat

2275 2303 2429 2360 inter
2475 2305 2778 2378 episcopos
2809 2305 2940 2376 fuit,
2971 2324 3087 2364 non
3117 2306 3277 2364 aliud
3321 2313 3784 2381 sacramentum,
3817 2310 3936 2369 nisi

2274 2391 2501 2450 libellos
2529 2393 2909 2466 professionis
2940 2412 2976 2451 a
2999 2413 3060 2452 se
3091 2395 3476 2471 subscriptos,
3495 2397 3656 2470 quod
3688 2414 3803 2472 ego
3835 2398 3936 2456 ha-

2274 2482 2380 2538 beo
2411 2483 2736 2555 requisivit,
2769 2489 2826 2541 et
2853 2503 2888 2541 a
2914 2502 3028 2552 me,
3059 2485 3159 2558 qui
3209 2490 3344 2542 ante
3389 2486 3826 2560 professionem
3874 2494 3936 2545 et

2272 2571 2788 2645 subscriptionem,
2820 2577 2877 2630 et
2927 2578 3060 2647 post
3105 2575 3525 2648 professionem
3555 2593 3624 2632 ac
3663 2577 3932 2634 subscri-

2271 2660 2554 2734 ptionem,
2585 2662 2850 2734 professa
2877 2666 2935 2718 et
2961 2663 3296 2738 subscripta
3323 2682 3427 2738 per
3453 2669 3652 2722 tantos
3681 2683 3876 2724 annos
3895 2685 3933 2724 ι

511 2760 612 2834 qui
643 2761 717 2817 ab
750 2760 898 2832 ipsis
926 2757 1236 2814 cunabulis
1264 2773 1450 2830 usque
1479 2755 1552 2811 ad
1597 2759 1956 2810 senectutem
1988 2768 2158 2808 suam
2262 2751 2571 2823 juventute
2602 2769 2788 2824 usque
2817 2753 2889 2808 ad
2922 2752 3075 2809 hanc
3107 2758 3468 2810 senectutem
3499 2755 3752 2824 servavi,
3772 2773 3931 2813 nunc

509 2866 710 2906 sacras
729 2847 956 2905 litteras
977 2847 1184 2904 didicit
1213 2863 1280 2902 ac
1311 2844 1525 2919 saepius
1557 2842 1716 2917 legit,
1752 2847 1816 2899 ut
1845 2860 1962 2898 non
1985 2841 2161 2897 sciret
2262 2841 2668 2912 juramentum
2702 2839 2861 2917 aliud
2892 2859 3006 2898 non
3058 2842 3358 2900 debuisset
3386 2843 3625 2916 requiri.
3649 2846 3762 2902 Sed
3812 2863 3931 2902 non

505 2938 850 3012 Apostolum
893 2937 1084 2994 dicere
1115 2953 1129 2991 :
1163 2937 1282 2993 Non
1321 2935 1502 2992 solum
1551 2936 1650 3006 qui
1675 2935 1911 3005 faciunt,
1941 2931 2034 2988 sed
2062 2933 2162 3004 qui
2269 2929 2487 2986 mirum
2509 2933 2616 3000 est,
2649 2931 2698 2986 si
2721 2948 2824 3004 per
2852 2930 3084 3005 bajulos
3116 2931 3365 3002 invidiae,
3389 2933 3529 3005 quia
3558 2933 3718 2990 sicut
3748 2935 3934 3010 scrip-

506 3030 850 3086 consentiunt
874 3027 1205 3100 facientibus
1227 3025 1388 3095 digni
1413 3032 1542 3080 sunt
1567 3030 1740 3079 morte
1768 3023 1941 3090 (Rom.
1972 3039 2012 3088 1,
2043 3021 2156 3094 32),
2267 3022 2434 3091 ptum
2467 3023 2576 3088 est,
2609 3019 2746 3076 Mors
2777 3022 3027 3078 introivit
3057 3023 3118 3078 in
3148 3023 3331 3079 orbem
3377 3030 3652 3079 terrarum
3684 3023 3844 3097 (Sap.
3867 3041 3934 3092 ιι,

506 3123 565 3177 et
589 3124 860 3176 sanctum
893 3117 1144 3173 Leonem
1163 3131 1398 3188 papam,
1419 3112 1558 3186 quia
1575 3111 1728 3169 sicut
1757 3109 1817 3167 in
1843 3109 2000 3167 mala
2029 3128 2160 3169 sua-
2265 3109 2377 3181 24),
2403 3107 2529 3165 sine
2559 3125 2738 3166 causa
2767 3109 3004 3167 animus
3033 3109 3415 3184 benignitatis
3443 3117 3647 3168 vestris
3675 3129 3941 3172 commo-

507 3207 670 3268 sioue
693 3205 1072 3279 delinquitur,
1086 3204 1170 3260 ita
1188 3209 1246 3260 et
1268 3204 1326 3259 in
1349 3202 1504 3259 mala
1541 3199 1923 3258 consensione
1952 3217 2156 3274 pecca-
2197 3267 2234 3279 Α
2273 3203 2371 3254 tus
2401 3214 2558 3255 nunc
2589 3216 2624 3256 a
2656 3216 2749 3256 me
2778 3199 3043 3273 requirit,
3074 3201 3228 3272 quod
3262 3218 3368 3258 nec
3415 3207 3582 3276 pater
3626 3207 3824 3260 vester
3869 3205 3932 3262 in

511 3267 710 3357 tur.Et
731 3267 1251 3352 sanctusGelasius
1267 3291 1724 3349 adAnastasium
1747 3290 2161 3364 imperatorem
2191 3267 2235 3336 C
2271 3289 2391 3344 vita
2419 3306 2548 3358 sua,
2581 3289 2682 3362 qui
2715 3288 2858 3346 mihi
2890 3307 2994 3362 per
3023 3295 3150 3347 octo
3194 3289 3424 3348 circiter
3469 3309 3657 3348 annos
3707 3297 3934 3351 secreta

510 3383 747 3456 scripsit
775 3385 950 3456 (epist.
979 3384 1064 3450 10)
1091 3399 1105 3438 :
1133 3379 1386 3454 Legibus
1423 3385 1576 3436 certe
1606 3377 1813 3435 vestris
1843 3377 2159 3434 criminum
2272 3396 2380 3435 sua
2411 3379 2816 3436 indubitanter
2863 3379 3131 3449 credidit,
3165 3380 3490 3454 requisivit,
3530 3399 3638 3439 nec
3681 3400 3790 3440 vos
3827 3401 3934 3457 per

510 3473 776 3530 conscios
808 3475 1294 3543 susceptorcsque
1343 3467 1819 3525 latrocinantium
1853 3485 1960 3541 par
1995 3467 2161 3540 judi-
2272 3467 2513 3540 triginta
2545 3472 2603 3524 et
2654 3485 2754 3524 sex
2801 3485 2989 3527 annos
3033 3468 3320 3526 hactenus
3373 3471 3710 3543 requisistis
3743 3490 3758 3529 :
3791 3489 3930 3530 cum

510 3563 736 3620 ciorum
757 3577 930 3635 paena
949 3557 1318 3632 constringit,
1344 3575 1449 3614 nec
1469 3573 1673 3630 expers
1711 3556 1985 3614 facinoris
2006 3557 2161 3614 aesti-

511 3655 727 3720 matur,
759 3651 860 3724 qui
890 3649 1028 3706 licet
1056 3648 1182 3722 ipse
1227 3667 1344 3705 non
1397 3647 1613 3717 fecerit,
1647 3647 1926 3704 facientes
1963 3651 2159 3703 tamen

509 3741 570 3802 in
601 3740 1062 3797 familiaritatem
1097 3739 1400 3812 fmdusquc
1424 3737 1725 3810 receperit.
1745 3737 1909 3794 Unde
1957 3754 2162 3794 omnes

509 3849 617 3888 nos
637 3835 988 3887 revertentes
1011 3831 1080 3886 ad
1104 3829 1492 3885 conscientias
1518 3833 1748 3882 nostras
1769 3827 2160 3884 obaudiamus

509 3920 824 3978 Dominum
885 3920 1218 3976 dicentem:
1252 3917 1469 3985 Medico,
1528 3935 1664 3972 cura
1717 3919 1950 3989 teipsum
2005 3919 2158 3985 (Luc.

508 4029 588 4081 ιν,
607 4012 721 4080 23).
754 4011 1017 4067 Tandem
1041 4009 1196 4082 quod
1235 4009 1294 4064 in
1341 4009 1455 4063 ﬁne
1487 4007 1705 4080 posuit,
1736 4007 1878 4080 quia
1903 4007 2160 4080 amplius

509 4101 666 4174 quod
697 4101 936 4157 adderet
967 4098 1227 4154 invenire
1277 4114 1394 4154 non
1425 4098 1616 4172 potuit
1647 4114 1661 4154 :
1695 4098 1874 4170 Neque
1915 4114 2161 4170 unquam

510 4189 733 4262 aliquod
759 4188 1084 4245 scandalum
1123 4189 1362 4257 movebo,
1394 4187 1536 4260 quod
1566 4188 1722 4244 illius
1762 4188 2032 4260 praesenti
2077 4187 2162 4243 vel

507 4282 722 4352 future
748 4279 918 4334 saluti
945 4280 1233 4336 cantraria
1278 4279 1363 4334 vel
1408 4279 1603 4335 nociva
1629 4295 1746 4335 esse
1782 4279 1977 4350 possit,
2009 4275 2162 4334 sicut

424 4393 440 4412 ι
510 4367 748 4426 dictatio
778 4373 868 4424 est
894 4368 1006 4425 arti
1027 4367 1341 4435 contraria,
1358 4366 1440 4424 ita
1460 4367 1753 4424 sententia
1773 4385 1808 4424 a
1827 4367 2050 4424 ratione
2071 4373 2162 4426 est
2198 4405 2210 4415 -

510 4455 724 4514 aliena.
759 4457 906 4514 Nam
939 4458 1094 4515 sicut
1121 4456 1438 4532 Apostolus
1468 4457 1630 4527 dicit,
1652 4458 1880 4516 Dilectio
1914 4459 2163 4531 proximi

509 4547 722 4604 malum
762 4563 872 4603 non
901 4556 1187 4619 operatur;
1217 4552 1295 4619 et,
1323 4547 1614 4604 Plenitudo
1653 4548 1792 4618 legis
1818 4556 1899 4605 est
1941 4547 2161 4606 dilectio

2271 3556 2558 3614 Dominus
2595 3557 2668 3613 ad
2698 3561 2998 3614 auctorem
3049 3557 3278 3614 invidiae
3310 3558 3381 3614 de
3408 3558 3565 3616 ﬁdeli
3600 3577 3772 3618 servo
3818 3578 3930 3619 suo

2269 3645 2379 3702 Job
2412 3646 2623 3702 dixerit
2655 3663 2669 3702 :
2706 3648 3055 3704 Commovisti
3107 3665 3194 3704 me
3252 3648 3508 3705 adversus
3536 3666 3667 3706 eum
3715 3653 3932 3722 frustra

2270 3735 2414 3808 (Job.
2449 3754 2510 3803 ιι,
2539 3736 2615 3809 3).
2649 3735 2720 3792 Et
2745 3735 2804 3791 in
2836 3737 3108 3808 paradiso
3138 3737 3210 3794 ad
3242 3754 3377 3794 eum
3435 3737 3582 3794 dixit
3615 3756 3628 3794 :
3670 3741 3746 3796 Tu
3787 3743 3930 3797 insi-

2269 3826 2509 3882 (tiaberis
2540 3828 2792 3882 calcaneo
2820 3829 2939 3900 ejus
2969 3828 3121 3898 (Gen.
3155 3844 3241 3896 ιιι,
3280 3829 3387 3900 15),
3423 3828 3478 3884 id
3512 3833 3604 3885 est
3644 3829 3926 3887 hominis.

2269 3915 2437 3972 Videt
2466 3916 2622 3972 enim
2657 3933 2850 3973 meum
2885 3917 3247 3986 calcaneum,
3277 3917 3334 3973 id
3366 3925 3457 3974 est
3504 3919 3685 3976 ﬁnem
3735 3923 3928 3993 proxi-

2271 4023 2456 4075 mum,
2484 4011 2542 4062 et
2573 4010 2757 4062 certat
2804 4005 2951 4063 illud
3002 4006 3290 4080 insidiari,
3323 4013 3389 4063 ut
3433 4009 3590 4081 quod
3641 4009 3926 4067 hactenus

2268 4093 2595 4151 voluntarie
2625 4113 2691 4152 ac
2721 4096 2946 4153 sincere
2969 4113 3109 4171 erga
3137 4113 3238 4153 vos
3267 4099 3510 4166 servavi,
3543 4099 3594 4154 si
3624 4117 3742 4156 non
3772 4105 3928 4173 poto-

2269 4183 2347 4239 rit
2376 4183 2741 4253 inﬁdelitate,
2768 4185 2986 4260 polleat
3015 4186 3160 4243 illud
3192 4204 3434 4245 rancore
3461 4189 3739 4246 tristitie.
3763 4190 3925 4258 Quod

2267 4272 2582 4348 Apostolus
2605 4274 2753 4331 bene
2783 4282 3091 4349 operantes
3117 4275 3176 4332 in
3206 4294 3380 4351 opere
3409 4296 3517 4335 suo
3547 4279 3800 4337 sollicite
3829 4297 3928 4338 ca-

2268 4379 2401 4420 vere
2431 4369 2790 4438 cpmmonet,
2804 4365 3006 4422 dicens
3031 4381 3044 4423 :
3071 4368 3134 4425 Ut
3161 4384 3274 4424 non
3292 4385 3362 4424 ex
3387 4369 3620 4426 tristitia
3639 4371 3725 4426 vel
3741 4387 3928 4428 neces-

2271 4455 2436 4512 sitate
2463 4457 2656 4525 agant,
2704 4457 2840 4528 quia
2885 4457 3122 4513 hilarem
3169 4456 3412 4516 datorem
3455 4459 3646 4530 diligit
3673 4463 3827 4517 Deus
3855 4461 3930 4530 (ll

2274 4543 2396 4602 Cor.
2431 4561 2508 4613 ιι,
2538 4545 2617 4617 7).
2649 4545 2720 4602 Et
2749 4545 2888 4602 item
2911 4545 3054 4603 dicit
3085 4564 3099 4603 :
3129 4548 3192 4606 Ut
3219 4564 3331 4605 non
3358 4550 3868 4606 circumvenimus-
3889 4568 3928 4608 ι

511 4637 685 4710 (Rom.
716 4650 841 4704 xui,
878 4637 1004 4707 10);
1035 4640 1111 4704 et,
1145 4635 1252 4704 Qui
1296 4635 1504 4706 diligit,
1558 4637 1728 4706 legem
1779 4637 2052 4708 implevit;
2083 4642 2158 4707 et,
2190 4646 2240 4714 ι)
2270 4635 2499 4693 Satana.
2549 4636 2669 4692 Non
2711 4637 2862 4692 enim
2909 4639 3224 4706 ignoramus
3271 4641 3505 4696 astutias
3549 4640 3668 4713 ejus
3695 4641 3772 4710 (ll
3800 4640 3922 4698 Cor.

509 4726 575 4784 Si
599 4725 740 4798 quod
767 4732 846 4782 est
874 4724 1032 4780 aliud
1056 4725 1393 4794 mandatum,
1413 4728 1473 4781 in
1501 4727 1599 4782 hoc
1619 4728 1777 4782 verba
1817 4727 2162 4785 instauratur

511 4817 683 4890 (Rom,
713 4833 836 4884 vm,
868 4815 924 4888 9)
960 4831 973 4870 :
1007 4813 1090 4870 ita
1115 4813 1314 4870 omnia
1361 4832 1487 4888 quae
1537 4820 1732 4872 mente
1761 4813 1989 4885 insana,
2023 4835 2163 4890 quo-

510 4906 667 4963 niam
691 4904 976 4963 charitate
996 4904 1511 4978 experte,scriptor
1547 4905 1655 4961 iste
1693 4905 2066 4978 conscripsit,
2097 4907 2158 4964 in

509 5005 577 5044 eo
600 4987 976 5045 continentur
1020 4986 1175 5059 quod
1207 4986 1428 5042 dictum
1462 4990 1553 5042 est
1581 5003 1595 5042 :
1627 4985 1935 5042 Secundum
1978 5005 2161 5045 meum

507 5081 650 5136 scire
676 5095 742 5134 ac
784 5093 962 5150 posse,
975 5077 1142 5151 juxta
1190 5078 1565 5133 ministerium
1610 5093 1793 5131 meum
1837 5077 2016 5149 ﬁdelis
2043 5097 2156 5153 ero,

2269 4744 2332 4795 ιι,
2355 4727 2462 4800 11).
2497 4727 2611 4782 lloc
2641 4725 2798 4782 enim
2831 4727 2988 4800 quod
3019 4727 3194 4784 modo
3219 4727 3590 4798 sentio,mihi
3627 4730 3758 4802 jam
3789 4735 3924 4786 ante

2269 4816 2467 4875 audivi
2513 4815 2873 4888 promissum
2922 4817 2995 4872 ab
3046 4816 3130 4873 eis
3171 4835 3348 4874 causa
3379 4818 3674 4887 vindicta,
3717 4826 3926 4877 contra

2268 4907 2423 4982 quod
2445 4906 2746 4962 vobiscum
2768 4905 2858 4980 egi
2881 4911 3039 4963 certa
3058 4907 3281 4964 ratione
3301 4911 3359 4964 ct
3377 4925 3545 4966 sacra
3555 4909 3922 4966 auctoritate.

2267 4999 2381 5055 Sed
2413 4997 2536 5054 scio
2563 4997 2658 5054 cui
2685 4996 2928 5066 credidi,
2947 5001 3005 5053 et
3033 5001 3230 5054 certus
3259 5015 3392 5054 sum
3423 4999 3566 5072 quia
3588 5004 3798 5072 potens
3831 5003 3926 5056 est

2266 5087 2602 5160 depositum
2655 5104 2854 5144 meum
2903 5104 3134 5144 servare
3181 5088 3241 5144 in
3299 5087 3471 5146 illum
3518 5089 3677 5146 diem
3713 5090 3922 5162 justus

507 5171 651 5226 sicut
679 5169 1122 5241 archiepiscopus
1147 5185 1247 5241 per
1277 5175 1483 5223 rectum
1513 5169 1831 5240 imperatori
1848 5168 2026 5239 ﬁdelis
2045 5187 2159 5228 esse
2257 5177 2465 5251 judex.

509 5257 679 5316 debet.
713 5257 998 5314 Dominus
1029 5257 1169 5314 dicit
1199 5257 1256 5313 in
1288 5255 1594 5329 Evangelio
1628 5273 1642 5312 :
1676 5257 1784 5330 Ego
1824 5267 2007 5316 autem
2036 5259 2158 5318 dico
