4152 6528
182 451 354 514 “99--

1442 447 1626 517 VI’PA
1671 453 1953 516 SANC'PI
2000 453 2330 517 REMIGII.

3435 454 3606 520 H30-

1761 755 2026 825 XXI.

1282 933 1554 1020 VITA
1614 932 2014 1020 SANCTI
2071 933 2511 1022 BEMIGII

1487 1100 1820 1151 ΒΗΕΜΟῌΟΜ
1856 1100 2313 1156 ARCHIEPISCOPI,

1016 1237 1269 1320 Scripta
1299 1237 1375 1299 ab
1407 1240 1765 1314 Hmcuno,
1794 1257 1957 1323 aque
1983 1235 2302 1301 Rhemensi
2329 1239 2791 1324 archiepiscopo.

1154 1399 1344 1472 (Apud
1377 1398 1638 1470 Surium,
1661 1401 1804 1456 Acta
1832 1397 2204 1469 Sanctorum,
2238 1401 2308 1457 15
2333 1400 2650 1474 Januarii.)

266 1683 640 1758 Hincmarus,
672 1684 911 1741 nomine
956 1702 1074 1742 non
1135 1685 1343 1742 merito
1403 1685 1734 1760 episcopus,
1787 1704 1852 1744 ac
1883 1690 1931 1755 B
1960 1687 2121 1744 fuere
2149 1686 2366 1744 divisae.
2391 1686 2477 1744 Illi
2523 1703 2754 1760 quoque
2783 1685 2976 1759 pauci,
3009 1685 3110 1759 qui
3156 1689 3323 1742 erant
3369 1683 3610 1753 residui,

198 1771 382 1848 plebis
395 1771 496 1830 Dei
518 1773 1030 1844 famulus,dilectis
1045 1775 1326 1831 fratribus
1339 1792 1403 1830 ac
1425 1775 1848 1832 comministris

201 1862 436 1931 nostris,
459 1863 639 1936 hujus
671 1867 885 1920 sancta:
919 1862 1267 1920 Rhemensis
1298 1864 1566 1920 Ecclesia:
1599 1864 1758 1920 ﬁliis.

269 1952 432 2009 Sicut
461 1970 495 2008 a
522 1951 784 2020 senibus,
805 1955 861 2008 et
883 1954 1010 2025 jam
1034 1953 1221 2009 aetatis
1243 1959 1524 2027 provectae
1545 1953 1684 2010 viris
1712 1952 1848 2010 reli-

198 2041 509 2115 giosis,qui
538 2041 608 2098 de
638 2044 898 2115 tempore
930 2039 1144 2116 Tilpini
1178 2042 1341 2099 urbis
1372 2043 1550 2114 hujus
1581 2040 1865 2116 praesulis

201 2131 391 2188 adhuc
415 2130 705 2200 vivebant,
741 2123 976 2206 quando
1009 2131 1067 2186 in‘
1099 2131 1398 2187 servitium
1432 2131 1604 2188 istius
1635 2136 1849 2188 sanctae

200 2219 488 2289 Ecclesiae,
509 2225 743 2276 auctore
774 2220 912 2291 Deo,
937 2220 1048 2276 fuit
1068 2219 1288 2277 electus
1313 2224 1488 2294 atque
1518 2224 1848 2294 provectus,

200 2315 257 2366 et
288 2312 491 2383 postea
510 2327 613 2383 per
635 2308 858 2382 aliquot
888 2327 1073 2366 annos
1095 2310 1382 2382 vixerunt,
1400 2310 1555 2366 ﬁdeli
1575 2310 1852 2366 relatione

201 2397 400 2470 didici,
431 2415 465 2456 a
495 2398 619 2453 suis
648 2397 973 2470 majoribus
1012 2399 1326 2455 audierunt
1364 2400 1608 2472 narrari,
1642 2416 1740 2455 eos
1768 2399 1853 2454 vi-

201 2487 356 2544 disse
384 2486 604 2543 librum
635 2487 902 2544 maximae
931 2488 1493 2562 quantitatis,manu
1524 2489 1856 2562 antiquaria

204 2576 509 2649 scriptum,
544 2577 614 2632 de
641 2581 776 2634 ortu
803 2581 859 2633 et
882 2568 1000 2633 vita
1028 2594 1092 2634 ac
1123 2577 1437 2635 virtutibus
1478 2582 1657 2650 atque
1692 2574 1863 2634 obitu

207 2661 359 2721 beati
386 2665 657 2740 Remigii,
681 2663 1040 2723 sanctissimi
1071 2665 1304 2741 patroni
1358 2666 1564 2723 nostri.
1600 2665 1709 2734 Qui
1745 2667 1856 2721 hac

207 2752 509 2812 occasione
530 2753 776 2827 deperiit
803 2772 816 2810 :
851 2755 1130 2828 quoniam
1162 2754 1445 2828 Algidius,
1467 2759 1600 2829 post
1619 2757 1854 2810 beatum

212 2841 540 2917 Remigium
561 2847 806 2916 quartus
838 2843 1010 2900 istius
1029 2843 1280 2900 civitatis
1312 2845 1860 2917 episcopus,quem-

211 2933 345 2988 dam
375 2932 565 2988 virum
595 2931 958 3006 religiosum,
991 2932 1377 2988 Fortunatum
1426 2933 1694 3003 nomine,
1733 2948 1857 2988 me-

210 3021 373 3077 tricis
401 3021 667 3077 versibus
699 3020 1128 3094 insignem,qui
1159 3039 1192 3077 a
1223 3020 1424 3077 multis
1445 3020 1781 3094 potentibus
1802 3025 1860 3076 et
1888 3063 1936 3128 B

211 3109 654 3166 honorabilibus
675 3109 900 3177 viris,in
923 3110 1017 3167 his
1049 3110 1286 3167 Gallicis
1316 3115 1373 3166 et
1401 3109 1647 3183 Belgicis
1671 3109 1857 3182 regio-

214 3199 387 3254 nibus
419 3215 522 3270 per
551 3197 778 3254 diversa
807 3198 936 3256 loca
965 3203 1107 3256 tunc
1145 3199 1272 3255 vitaz
1324 3216 1390 3254 ac
1435 3197 1690 3255 scientiae
1739 3215 1863 3256 suae

213 3288 422 3346 merito
451 3287 834 3356 invrtabatur,
859 3287 1025 3361 petiit
1053 3287 1124 3344 de
1155 3289 1359 3344 eodem
1390 3287 1860 3357 libro,cothurno

214 3375 508 3432 Gallicano
538 3377 989 3449 dictato,aperto
1021 3394 1288 3433 sermone
1328 3376 1524 3450 aliqua
1554 3374 1858 3445 miracula,

215 3482 342 3536 quze
370 3464 431 3520 in
461 3465 676 3538 populo
708 3466 1114 3534 recitarentur,
1147 3467 1408 3538 excipere
1434 3481 1445 3522 :
1473 3469 1766 3538 quatenus
1794 3481 1863 3521 ea

217 3553 340 3618 sine
373 3554 541 3610 taedio
573 3555 773 3610 audire
805 3558 861 3611 et
882 3561 1084 3611 mente.
1107 3556 1419 3611 recondere
1460 3559 1632 3627 atque
1664 3571 1766 3627 per
1795 3570 1865 3610 ea

217 3643 298 3699 ad
322 3660 581 3698 amorem
613 3647 671 3699 et
697 3643 978 3700 honorem
1010 3648 1185 3717 atque
1243 3643 1607 3700 devotionem
1657 3642 1758 3698 Dei
1806 3647 1864 3699 et

217 3731 413 3810 ipsius.
432 3731 899 3808 protectorissui,
925 3733 1085 3791 idem
1097 3733 1350 3806 populus
1371 3731 1605 3789 excitari
1625 3731 1862 3798 valeret,

219 3821 381 3888 Quod
411 3825 468 3876 et
496 3821 556 3876 in
589 3821 791 3876 eadem
823 3825 1188 3893 excerptione
1218 3822 1398 3877 lector
1430 3824 1626 3895 potest
1663 3820 1866 3874 adver-

218 3914 360 3978 tere,
377 3909 476 3965 ubi
507 3909 806 3982 scriptum.
827 3913 917 3965 est
941 3926 954 3965 :
979 3910 1334 3967 Studeamus
1351 3926 1538 3982 pauca
1557 3907 1863 3980 disserere,

218 3997 474 4071 plurima
521 3997 836 4072 praeterire.
864 3998 936 4052 Et
979 4015 1112 4055 cum
1164 3999 1293 4071 ipsa
1346 3998 1636 4069 excerptio
1693 3996 1868 4069 erepit

219 4087 463 4142 lectione
490 4087 548 4141 in
579 4085 794 4162 populo
827 4086 1204 4160 frequentari,
1239 4091 1296 4142 et
1323 4103 1357 4142 a
1386 4084 1597 4141 multis.
1633 4089 1870 4157 propter

217 4173 517 4230 brevitatis
543 4191 661 4230 suae
691 4172 1029 4229 facilitatem
1075 4173 1410 4244 transcribi,
1443 4173 1569 4245 ipse
1616 4188 1868 4246 magnus

221 4264 400 4320 codex
429 4259 474 4318 a'
497 4262 927 4336 negligentibus
958 4261 1352 4336 negligentius
1391 4262 1565 4334 ccepit
1612 4260 1814 4316 haberi
1852 4275 1872 4318 1

222 4369 412 4428 usque
442 4353 585 4406 dum
616 4351 804 4408 Caroli
826 4363 850 4392 ι
877 4351 1162 4425 principis
1183 4355 1466 4424 tempore,
1493 4351 1726 4424 quando
1747 4367 1874 4422 pro-

1958 1775 2151 1832 clerici
2183 1777 2412 1849 negotio
2445 1776 2663 1832 victum
2697 1775 3056 1850 quaerebant,
3079 1778 3136 1830 et
3166 1773 3616 1847 denarios,quos‘

1959 1865 2339 1921 mercimonio
2371 1865 2818 1939 conquirebant,
2845 1865 2904 1918 in
2962 1859 3179 1920 chartis
3223 1867 3282 1918 et
3324 1862 3613 1918 librorum‘

1959 1953 2114 2010 foliis
2147 1953 2443 2010 interdum
2475 1949 2982 2027 ligabant.Sicque
3003 1952 3279 2026 praefatur
3306 1949 3456 2008 liber
3475 1963 3612 2008 cum‘

1961 2043 2092 2100 aliis
2113 2043 2330 2116 partim
2348 2042 2642 2100 stillicidio
2657 2039 3256 2116 putrefactus,partim
3279 2029 3617 2098 asoricibus'

1960 2149 2254 2202 corrosus,
2289 2133 2502 2206 partim
2549 2131 2822 2189 foliorum
2856 2131 3214 2188 abscissione
3257 2127 3501 2202 divisus,
3551 2128 3613 2186 in

1963 2226 2196 2278 tantum
2229 2222 2492 2294 deperiit,
2518 2226 2582 2278 ut
2612 2239 2800 2294 pauca
2829 2225 2885 2277 et
2914 2220 3180 2294 dispersa
3200 2219 3335 2275 inde
3364 2214 3502 2275 folia
3532 2233 3614 2275 re-

1964 2315 2128 2384 perta
2149 2311 2383 2367 fuerint.
2399 2310 2546 2366 Cum
2567 2328 2700 2366 vero
2717 2313 2977 2382 tempore
2997 2304 3225 2381 Pippini
3272 2303 3445 2380 regis,
3470 2322 3614 2380 pra:-

1963 2399 2103 2455 dicti
2135 2399 2323 2456 Caroli
2356 2397 2638 2472 principis
2683 2399 2809 2467 ﬁlii,
2834 2397 3180 2454 revelatione
3220 2385 3457 2453 ostensa
3503 2390 3616 2458 Eur

1964 2489 2183 2558 cbario,
2216 2477 2654 2544 Aurelianensis
2686 2487 2936 2544 civitatis
2967 2486 3258 2560 episcopo,
3274 2486 3344 2542 de
3374 2485 3617 2542 damna-

1966 2577 2123 2634 tione
2154 2582 2371 2632 aeterna
2399 2576 2662 2648 ejusdem
2704 2574 2914 2644 Caroli,
2948 2575 3049 2649 qui
3099 2593 3192 2632 res
3239 2570 3619 2634 ecclesiarum

1968 2661 2391 2733 diviserat,fuit
2422 2682 2436 2721 :
2467 2665 2619 2722 idem
2658 2664 3132 2738 Pippinus,sicut
3159 2669 3215 2721 et
3244 2663 3495 2721 aliarum
3526 2669 3620 2720 ec—

1967 2754 2280 2811 clesiarum
2313 2753 2646 2828 episcopiis,
2666 2753 2802 2809 huic
2825 2743 3142 2810 Rhemensi
3174 2751 3468 2828 episcopia
3490 2769 3622 2826 par-

1966 2848 2086 2899 tem
2117 2843 2187 2899 de
2218 2843 2393 2899 rebus
2424 2841 2836 2899 ecclesiasticis
2861 2842 3133 2911 reddidit,
3149 2846 3205 2897 et
3234 2833 3535 2915 Tilpinum
3558 2830 3620 2895 in‘

1966 2932 2077 2988 hac
2109 2933 2252 2988 urbe
2275 2925 2632 2988 Rbemorum
2655 2931 2994 3006 episcopum
3016 2929 3274 2988 ordinari
3300 2929 3617 2987 consensit.

1969 3023 2086 3079 Hoc
2106 3022 2263 3079 enim
2287 3021 2346 3078 in
2368 3021 2477 3078 hac
2499 3021 2744 3079 ecclesia
2756 3021 3070 3079 Rbemensi
3094 3020 3409 3078 novissimo
3422 3011 3622 3077 saeculi

1966 3116 2227 3184 tempore
2265 3112 2338 3167 de
2375 3111 2523 3168 libro
2575 3114 2917 3181 memorato,
2951 3110 3052 3167 sed
3095 3115 3153 3167 et
3199 3107 3330 3170 aliis
3383 3107 3617 3178 accidit,

1968 3201 2124 3274 quod
2165 3201 2407 3274 antiquo
2466 3204 2729 3273 tempore
2771 3199 2843 3256 de
2890 3197 3244 3257 authenticis
3301 3189 3624 3280 scripturis

1967 3271 2229 3346 evenisse
2249 3271 2489 3345 sanctus
2509 3271 2764 3346 Joannes
2777 3288 3227 3362 Chrysostomus
3247 3287 3307 3344 in
3319 3271 3571 3348 Humilia
3585 3275 3626 3340 9

1970 3377 2263 3452 Evangelii
2297 3377 2621 3434 secundum
2655 3377 2996 3434 Matthaeum
3028 3379 3338 3446 memorat,
3370 3369 3580 3432 dicens"

1972 3466 2157 3522 Multa
2206 3465 2362 3522 enim
2412 3484 2480 3523 ex
2526 3466 2881 3540 propheticis
2929 3465 3151 3538 periere
3200 3455 3626 3532 monumentis,

1971 3557 2128 3629 quod
2160 3555 2230 3612 de
2257 3555 2505 3612 historia
2536 3555 3018 3631 Paralipomenon
3052 3556 3297 3629 probare
3345 3549 3636 3628 possibile

1972 3650 2079 3701 est.
2112 3645 2352 3701 Desides
2384 3645 2540 3701 enim
2572 3661 2706 3702 cum
2747 3648 2945 3701 essent
2995 3640 3203 3711 Judaei,
3236 3660 3342 3699 nec
3393 3636 3624 3698 desides

1974 3734 2167 3803 modo,
2189 3735 2292 3790 sed
2313 3737 2369 3790 et
2398 3731 2584 3807 impii,
2620 3733 2734 3790 alia
2762 3734 2997 3807 quidem
3030 3732 3404 3806 perdiderunt
3436 3727 3621 3803 negli-

1973 3826 2195 3894 genter,
2220 3821 2336 3877 alia
2356 3839 2486 3879 vero
2515 3826 2642 3877 tum
2664 3821 3073 3890 incenderunt,
3092 3825 3220 3876 tum
3242 3812 3627 3876 conciderunt

1974 3910 2234 3983 profane.
2253 3910 2323 3965 Et
2348 3910 2418 3965 de
2448 3909 2796 3982 profanitate
2830 3908 3067 3982 quidem
3093 3907 3510 3966 tali‘Jeremias
3541 3923 3624 3964 re-

1975 3999 2104 4054 fert.
2167 3999 2300 4072 (Jer.
2340 4001 2552 4068 xxxvx).
2589 3999 2665 4054 De
2705 3997 3062 4072 negligentia
3115 4013 3249 4053 vero
3302 3991 3364 4054 in
3414 3991 3622 4069 quarto
3728 4040 3733 4058 ε

1976 4087 2202 4160 Regum
2234 4086 2383 4142 libro
2414 4085 2665 4158 legimus
2688 4087 2776 4160 (IV
2803 4088 2930 4157 Reg.
2964 4086 3124 4160 xxu),
3151 4085 3442 4159 quomodo
3491 4088 3632 4157 p‘ost’

1977 4175 2231 4230 multum
2263 4173 2543 4248 temporis
2570 4174 2663 4230 vix
2683 4174 3120 4232 Deuteronomii
3147 4175 3225 4232 sit
3254 4173 3525 4231 volumen
3545 4184 3627 4232 re-

1978 4268 2229 4338 pertum,
2255 4264 2554 4320 defossum
2576 4264 2831 4336 quodam
2852 4265 2910 4319 in
2937 4263 3062 4320 loco
3081 4281 3147 4319 ac
3178 4280 3324 4336 pene
3346 4262 3623 4319 deletum.

1980 4353 2100 4409 Sed
2125 4357 2181 4408 et
2209 4353 2380 4426 plura
2409 4353 2479 4408 de
2528 4351 2847 4425 Scripturis
2899 4351 2959 4407 in
3007 4351 3133 4420 his,
3157 4369 3284 4424 quae
3313 4346 3625 4421 habemus,

220 4447 352 4515 pter
381 4440 734 4496 discordiam
761 4444 822 4495 et
846 4439 1278 4497 contentionem
1311 4440 1381 4495 de
1411 4439 1744 4512 principatu
1777 4439 1870 4494 in-
1901 4433 1945 4500 C
1984 4446 2308 4498 memorata
2327 4440 2868 4514 legimus,quaanon
2885 4440 3172 4498 habemus
3195 4459 3207 4498 :
3233 4440 3384 4497 sieut
3406 4428 3634 4498 etlibe'r

221 4535 310 4586 ter
353 4547 489 4586 eum
521 4533 578 4585 et
605 4529 1051 4603 Raganfrid'um,
1084 4533 1146 4584 et"
1188 4528 1515 4601 frequentia
1545 4545 1611 4584 ac
1660 4527 1875 4596 civilia,

223 4619 344 4676 imo
379 4617 693 4692 plusquam
717 4616 927 4686 civilia,
944 4617 1084 4691 quia
1103 4617 1385 4672 intestina
1403 4621 1458 4672 et
1479 4615 1870 4688 parricidalis,

222 4705 380 4763 bella
407 4707 467 4761 in
501 4705 860 4762 Germanicis
891 4710 948 4762 et
976 4704 1224 4779 Belgicis
1269 4721 1334 4761 ac
1374 4704 1610 4762 Gallicis
1641 4705 1874 4778 provin-

223 4794 331 4851 ciis
363 4793 568 4868 religio
601 4792 1065 4852 Christianitatis
1096 4811 1242 4867 pene
1271 4794 1383 4849 fuit
1412 4792 1628 4850 abolita
1659 4811 1673 4850 :
1708 4794 1790 4849 ita
1811 4796 1876 4849 ut

227 4879 519 4958 episcopis
550 4883 609 4939 iu
642 4883 846 4956 paucis
889 4882 1032 4938 lecis
1079 4882 1351 4950 residuis,
1373 4882 1669 4955 episcopia
1710 4881 1875 4938 laicis

225 4973 456 5041 donaia,
477 4977 533 5029 et
566 4990 668 5046 per
696 4989 794 5028 eos
824 4972 1000 5028 rebus
1032 4972 1218 5036 divisa
1246 4972 1574 5028 exstiterint
1600 4989 1612 5027 :
1640 4973 1780 5028 adeo
1812 4975 1878 5027 ut

231 5061 370 5118 Milo
402 5062 665 5134 quidam,
690 5066 937 5117 tonsura
970 5060 1236 5130 clericus,
1271 5061 1553 5130 moribus,
1587 5060 1790 5117 habitu
1821 5064 1879 5117 et

229 5156 363 5207 actu
414 5151 774 5224 irreligiosus
823 5149 1027 5218 laicus,
1062 5151 1355 5226 episcopia
1410 5150 1766 5206 Rhemorum
1813 5165 1878 5206 ac

233 5239 602 5298 Trevirorum
661 5257 956 5313 usurpans
1004 5240 1281 5309 insimul,
1333 5258 1436 5312 per
1491 5240 1880 5313 quadraginta

228 5329 463 5388 circiter
494 5346 680 5388 annos
711 5328 1198 5402 pessumd'ed‘erit.
1238 5331 1425 5401 cuius
1465 5327 1682 5384 infelici
1729 5333 1880 5384 tem-

233 5435 394 5491 pore,
430 5419 502 5475 de
554 5418 670 5475 ista
716 5417 1039 5475 Rbemensi'
1079 5417 1322 5476 ecclesia
1368 5436 1484 5474 non
1528 5418 1718 5474 solum
1751 5436 1880 5492 pre-

226 5508 387 5568 tiosa
413 5525 660 5584 quaeque
693 5507 891 5565 ablata
920 5507 1299 5575 fuerunt,sed.
1330 5511 1387 5564 et
1426 5503 1680 5572 ecclesiae
1707 5513 1882 5580 atque

227 5597 441 5654 domus
473 5596 886 5670 religiosorum
926 5597 1234 5656 destructis
1263 5601 1320 5654 et
1347 5613 1440 5654 res
1485 5597 1556 5653 ab
1588 5597 1882 5671 episcopio

307 5761 330 5789 ι
364 5749 638 5810 Carolum
671 5711 1013 5809 Martellum'
1039 5750 1199 5810 dicit.

555 5879 826 5944 PATROL.
872 5877 1104 5946 CXXV.

1981 4529 2307 4598 Justorum,
2341 4530 2441 4602 qui
2471 4534 2963 4587 commemoratur
2989 4530 3050 4586 in
3089 4529 3254 4588 libris
3302 4525 3528 4604 Regum
3560 4530 3634 4601 (ll

1982 4619 2108 4692 Reg.
2133 4619 2206 4692 1);
2240 4623 2298 4674 et
2327 4618 2481 4675 sicut
2510 4623 2598 4674 est
2628 4616 2775 4673 liber
2803 4613 3095 4676 Bellorum
3117 4618 3549 4692 Demini,cujus
3570 4617 3630 4675 in‘

1982 4707 2130 4763 libro
2182 4707 2572 4764 Numerorum
2625 4706 2846 4762 mentio
2901 4711 2989 4764 est
3037 4707 3222 4778 (Num.
3263 4710 3379 4777 xx).
3433 4706 3630 4779 Neque

1983 4794 2243 4852 carmina
2273 4793 2623 4865 Salomonis,
2661 4813 2851 4870 neque
2882 4795 3307 4870 disputationes
3360 4795 3488 4866 ejus
3535 4803 3630 4850 sa-

1983 4884 2379 4958 pientissimas
2410 4885 2480 4940 de
2511 4883 2802 4959 lignorum
2822 4890 3031 4942 natura
3051 4886 3483 4957 herbarumque
3513 4895 3632 4937 om-

1986 4971 2170 5040 nium,
2204 4972 2458 5044 itemque
2479 4973 2966 5052 jumentorum‘et
2995 4961 3634 5052 volucrum,rept'ilium'

1985 5065 2041 5116 et
2072 5061 2323 5133 piscium
2354 5062 2450 5134 (III
2479 5063 2602 5135 Reg.
2653 5065 2728 5132 ιν)
2762 5079 2774 5116 :
2804 5047 2904 5118 vel‘
2942 5062 3104 5134 quod”
3145 5061 3205 5115 in
3253 5059 3418 5115 libro-
3442 5047 3633 5115 Verba"

1985 5150 2214 5206 dierum
2244 5150 2458 5206 dicitur
2482 5169 2494 5207 :
2523 5153 2747 5224 Reliqua
2766 5167 2888 5207 vero
2907 5166 3130 5222 operum
3157 5150 3464 5206 Salomonis
3477 5149 3634 5220 prio-

1986 5257 2112 5296 rum
2141 5249 2192 5298 et
2220 5243 2660 5310 novissimorum,
2697 5243 2900 5312 scripta
2926 5247 3066 5295 sunt
3103 5243 3164 5296 in
3212 5240 3388 5296 verbis
3416 5239 3637 5295 Nathan‘

1982 5332 2283 5404 prophetar,
2298 5338 2348 5386 et
2376 5333 2436 5386 in
2467 5331 2626 5386 libris
2646 5329 2803 5386 Ahiaz
2830 5329 3103 5399 Silonitis,
3119 5321 3178 5386 in
3198 5331 3406 5386 visione
3429 5341 3637 5404 quoque

1990 5421 2136 5476 Addo
2210 5419 2466 5488 videntis,
2539 5426 2727 5475 contra
2805 5418 3088 5475 Jeroboam
3167 5419 3351 5492 ﬁlium
3422 5409 3638 5478 ΝαὺὶῑίῙί

1995 5509 2066 5580 (II
2092 5515 2228 5567 Par.
2263 5513 2361 5580 ιχ),
2403 5513 2459 5565 et
2507 5507 2695 5564 multa
2745 5506 3087 5580 hujusmodi
3141 5506 3459 5577 volumina,
3511 5509 3639 5581 qua

1990 5598 2211 5673 scripta
2241 5597 2478 5672 quidem
2508 5596 2692 5654 fuisse
2721 5597 3023 5671 probatur,
3047 5598 3149 5656 sed
3197 5589 3370 5655 hodie
3415 5593 3644 5655 constat

3245 5877 3324 5943 36
