4152 6536
539 431 716 494 1131⁷

1316 430 1704 492 HINCMAlll
1753 427 1995 490 illlEM.
2045 425 2412 489 ARCHIEP.
2457 426 2863 490 OPUSCULA
2907 425 3168 488 VARIA.

3797 431 3957 492 H32

538 581 654 619 non
683 579 832 619 esse.
866 561 1100 619 Vastata
1134 579 1390 635 namque
1421 579 1456 619 a
1484 560 1772 618 Chaldaeis
1799 560 2101 628 Judaea,ut
2122 557 2181 614 in
2209 561 2263 627 Α
2295 563 2536 616 sanctus
2570 559 2954 632 Hieronymus
2981 559 3125 616 dicit
3151 559 3211 616 in
3257 561 3462 618 ordine
3510 561 3802 635 digestos,
3837 580 3958 620 non

537 652 776 709 Patrum
804 651 1015 708 litteris
1045 649 1315 725 legimus,
1340 651 1519 708 etiam
1550 649 1922 717 bibliotheca,
1937 647 2188 721 antiqui~

534 745 633 798 tus
662 744 1033 815 congregata,
1058 739 1211 796 inter
1259 739 1404 797 alias
1447 739 1755 814 provincia:
1797 757 1936 812 opes
1983 736 2188 794 hostili

535 834 626 888 est
653 829 787 904 igne
807 833 1152 903 coasumpta
1173 848 1187 887 :
1211 846 1281 886 ex
1300 847 1419 903 qua
1437 829 1736 903 pauci,qui
1760 845 1917 884 nunc
1936 827 1996 882 in
2019 843 2186 885 sacra

537 920 840 993 Scriptura
859 918 1254 990 continentur,
1267 918 1402 975 libri
1425 919 1802 992 postmodum
1821 917 2014 974 Esdrae
2045 931 2186 988 pon-

534 1008 713 1066 tificis
737 1013 790 1065 et
822 1008 1116 1082 propheta
1147 1012 1289 1066 sunt
1318 1007 1609 1065 industria
1659 1005 1987 1064 restaurati.
2022 1006 2184 1062 Unde

537 1098 823 1172 scriptum
854 1102 944 1155 est
974 1099 1046 1156 de
1074 1115 1141 1154 eo
1175 1115 1188 1155 :
1222 1097 1472 1155 Ascendit
1497 1097 1694 1155 Esdras
1721 1097 1788 1153 de
1817 1097 2111 1168 Babylone,
2135 1101 2188 1150 et

535 1189 652 1261 ipse
677 1187 857 1244 scriba
883 1187 1042 1244 velox
1069 1189 1132 1244 in
1161 1189 1276 1258 lege
1303 1187 1476 1261 Moysi
1502 1189 1552 1256 (Ι
1577 1186 1702 1242 Esd.
1733 1188 1855 1256 vn).
1885 1184 2063 1241 Velox
2101 1184 2182 1240 vi-

535 1275 766 1345 delicet,
789 1276 931 1350 quia
953 1275 1343 1350 promptiores
1373 1275 1699 1332 litterarum
1733 1275 1970 1349 ﬁguras,
2004 1289 2183 1346 quam

533 1369 778 1424 eatenus
811 1365 1030 1422 Hebraei
1071 1365 1386 1434 habebant,
1419 1365 1718 1438 repererit.
1748 1365 1820 1420 Et
1846 1362 1908 1420 in
1937 1362 2187 1437 epistola

537 1453 691 1527 regis
712 1453 1021 1511 Persarum
1047 1475 1065 1510 :
1085 1455 1412 1512 Artaxerxes
1437 1471 1538 1512 rex
1565 1471 1755 1528 regum
1785 1453 1973 1512 Esdraz
1995 1455 2184 1527 jsacer-

537 1541 670 1612 doti,
701 1545 904 1601 εονίὁκ
931 1543 1066 1616 legi:
1089 1545 1192 1600 Dei
1215 1544 1340 1600 caeli
1357 1543 1687 1611 doctissimo,
1719 1543 1951 1598 salutem
1980 1541 2180 1616 (ibid.).

608 1633 732 1700 Quo
763 1636 966 1689 contra
985 1637 1042 1688 et
1071 1649 1200 1702 nos,
1235 1631 1440 1690 multis
1463 1631 1595 1688 aliis
1637 1631 1900 1704 perditis,
1921 1629 2092 1705 plura
2121 1629 2183 1688 in

536 1719 893 1794 quibusdam
915 1720 1180 1778 historiis
1201 1725 1258 1778 et
1276 1720 1523 1778 diversis
1545 1719 1856 1794 pitaciolis,
1881 1738 1946 1794 ac
1969 1719 2185 1776 usitata

535 1809 816 1868 relatione
845 1826 880 1866 a
915 1810 1380 1883 praecedentibus
1412 1811 1611 1866 relicta
1648 1808 1919 1884 posteris,
1951 1810 2023 1866 de
2052 1813 2183 1865 ortu

2295 646 2448 702 sicut
2469 647 2704 704 fuerunt
2723 648 2884 716 editi,
2903 648 3003 704 sed
3025 648 3180 705 sicut
3210 649 3282 706 ab
3312 649 3497 705 Esdra
3520 651 3779 708 diversis
3804 656 3956 707 tem-

2293 735 2536 808 poribus
2559 737 2794 793 fuerunt
2815 737 3472 796 inventi.Verumtamen
3485 740 3958 813 proutnotitiam

2293 829 2625 898 temporum
2647 826 2940 895 invenero,
2971 827 3061 884 vel
3089 827 3280 884 ordini
3308 833 3474 902 gesta
3502 846 3840 903 congruere
3869 831 3956 887 vi-

2293 915 2453 984 dero,
2467 932 2537 972 ea
2565 917 2827 990 digerere
2857 917 3203 989 procurabo.
3227 917 3291 973 In
3322 917 3416 974 his
3446 923 3644 976 autem
3668 937 3807 993 quae
3829 920 3958 977 des-

2293 1004 2374 1060 cri
2379 1004 2498 1076 ptis
2513 1004 2794 1062 virtutum
2809 1005 3108 1063 miraculis
3121 1023 3153 1062 a
3167 1007 3407 1064 Domino
3420 1008 3957 1081 perbeatissimum

2293 1097 2606 1165 patronum
2629 1099 2898 1150 nostrum
2927 1099 3166 1168 operata
3195 1099 3353 1164 sunt,
3373 1097 3446 1152 ad
3477 1096 3956 1156 exhortationem

2293 1179 2614 1256 legentium
2637 1182 2758 1239 sive
2786 1182 3175 1252 audientium,
3207 1199 3311 1256 pro
3340 1183 3576 1240 modulo
3608 1184 3956 1242 intellectus

2293 1269 2430 1340 mei,
2463 1271 2534 1327 de
2563 1271 2983 1328 catholicorum
3021 1271 3196 1330 dictis
3243 1272 3602 1347 subjungere
3643 1275 3908 1332 studebo
3939 1292 3954 1331 :

2292 1359 2536 1436 vestigia
2565 1361 2718 1418 beati
2746 1361 3027 1436 Gregorii,
3060 1361 3197 1418 licet
3231 1379 3346 1419 non
3391 1362 3636 1433 valeam,
3667 1365 3956 1438 prosequi

2294 1448 2643 1516 moliar.Qui
2671 1450 3006 1508 describens
3037 1455 3376 1507 sanctorum
3407 1456 3957 1527 actus.pravorum-

2295 1551 2408 1612 que
2437 1553 2631 1608 casus,
2661 1538 3060 1596 exhortatione
3089 1538 3224 1596 inde
3255 1546 3579 1614 assumpta,
3613 1544 3952 1600 secundum

2294 1626 2642 1700 sapientiam
2672 1627 2786 1684 sibi
2835 1645 2869 1684 a
2903 1628 3018 1685 Deo
3048 1628 3267 1699 datam,
3291 1629 3477 1686 multa
3523 1633 3872 1689 necessaria
3897 1639 3955 1690 et

2294 1715 2460 1774 utilia
2479 1717 2808 1791 legentibus
2837 1735 2903 1773 ac
2924 1717 3301 1776 audientibus
3329 1717 3702 1794 interposuit.
3725 1721 3950 1779 Verum

2291 1809 2350 1862 et
2379 1823 2496 1862 non
2516 1807 2588 1862 ab
2609 1823 2668 1863 re
2689 1822 2858 1880 agere
2880 1825 2913 1862 a
2929 1823 3226 1882 quoquam
3245 1807 3425 1864 videri
3449 1813 3613 1883 puto,
3627 1809 3678 1865 si
3699 1827 3796 1878 ea,
3820 1827 3950 1884 qua

535 1903 591 1956 et
609 1899 747 2000 vita,
771 1915 876 1956 seu
908 1897 1220 2000 virtutibus
1241 1902 1298 1956 et
1317 1899 1480 2000 obitu
1503 1899 1803 2000 domini‘et
1823 1897 2182 1999 sanctissimi
2216 1933 2264 2000 Β
2294 1895 2366 1952 de
2396 1899 2526 2000 ortu
2555 1899 2615 1996 et
2643 1899 2982 2000 actuatque
3011 1896 3174 2000 obitu
3209 1896 3445 2000 ‘domini
3485 1902 3550 2000 et
3597 1898 3839 1972 patroni
3863 1917 3950 2000 ,ω

533 1987 717 2062 patris
739 2005 804 2046 ac
827 1990 1171 2061 protectoris
1193 1987 1374 2044 nostri
1391 1988 1635 2062 Remigii
1659 1988 2102 2060 habemus,quae
2124 1987 2184 2042 in

533 2083 856 2135 memorata
875 2077 1240 2151 excerptione
1263 2095 1378 2134 non
1399 2077 1792 2134 continentur.
1820 2077 1982 2134 Unde
2013 2077 2186 2135 bonis

532 2167 744 2224 vestris
791 2167 1100 2224 desideriis
1132 2165 1372 2240 placuit,
1407 2170 1474 2222 ut
1505 2165 1605 2222 illa
1633 2183 1765 2223 mea
1811 2165 2062 2222 servitus
2110 2165 2183 2222 ad

531 2255 928 2329 ignorantium
941 2255 1494 2328 etsubsequentium
1519 2254 1788 2312 notitiam
1802 2255 1860 2310 in
1875 2272 2058 2310 unum
2073 2253 2186 2311 col-

533 2343 758 2420 ligeret.
783 2347 944 2413 Quod
975 2349 1031 2401 et
1045 2347 1170 2418 jam
1193 2345 1294 2401 diu
1318 2344 1736 2413 fecissem,nisi
1759 2361 1852 2400 me
1873 2361 2007 2417 spes
2035 2361 2186 2400 vana

535 2433 856 2501 deluderet,
879 2433 1236 2507 quibusdam
1265 2433 1620 2501 dicentibus,
1645 2433 1785 2506 quia
1813 2433 1871 2488 in
1904 2432 2022 2502 illo,
2047 2437 2103 2490 et
2122 2433 2182 2488 in

535 2521 636 2580 illo
657 2521 783 2579 loco
804 2539 1085 2596 magnum
1107 2522 1324 2578 librum
1348 2523 1420 2579 de
1439 2523 1773 2591 virtutibus,
1789 2522 1972 2578 ctvita
1994 2521 2182 2596 ipsius

535 2611 761 2668 domini
791 2616 848 2668 et
876 2611 1105 2686 patroni
1141 2615 1319 2669 nostri
1354 2610 1606 2685 reperire
1631 2610 1904 2668 valerem.
1937 2612 2023 2668 Ad
2055 2628 2181 2684 qua:

535 2699 799 2768 mittens,
831 2717 958 2772 qua:
991 2698 1135 2755 mihi
1167 2699 1459 2773 promissa
1484 2699 1739 2768 fuerunt,
1772 2697 2005 2772 penitus
2037 2697 2183 2755 falsa

532 2789 748 2846 inveni.
781 2789 947 2845 Nunc
978 2793 1199 2856 autem,
1230 2787 1556 2862 opitulante
1586 2787 1853 2856 Domino,
1888 2787 1986 2860 qui
2027 2787 2086 2844 in
2119 2804 2184 2845 se

531 2877 869 2950 conﬁdenti,
891 2881 950 2934 et
979 2894 1155 2951 opera
1181 2894 1310 2946 sua,
1329 2875 1431 2950 qui
1460 2876 1740 2932 mirabilis
1769 2879 1861 2933 est
1889 2880 1948 2932 et
1975 2875 2184 2949 glorio-

530 2985 634 3024 sus
663 2968 725 3023 in
753 2968 956 3024 sancti:
998 2967 1114 3024 suis
1142 2966 1314 3037 (Psal.
1361 2969 1554 3036 vau),
1582 2964 1794 3022 volenti
1842 2964 2003 3038 loqui
2047 2983 2180 3038 pro-

529 3054 713 3112 mittit
745 3073 758 3112 :
787 3056 970 3129 Aperi,
1017 3054 1314 3129 inquiens,
1343 3071 1400 3112 os
1449 3063 1622 3124 tuum,
1654 3061 1706 3111 et
1749 3071 1844 3127 ego
1874 3054 2181 3128 adimplebo

528 3143 672 3201 illud
700 3145 870 3215 (Psal.
904 3144 1106 3218 Lxxx);
1137 3143 1362 3201 meritis
1405 3141 1594 3216 ipsius
1641 3145 1996 3200 Francorum
2040 3161 2179 3217 apo-

527 3231 662 3290 stoli
688 3237 747 3291 et
777 3233 1030 3308 patroni,
1062 3233 1356 3306 vestrique
1387 3233 1628 3306 adjutus
1666 3232 2050 3303 orationibus,
2076 3249 2176 3307 ag-

2295 1984 2638 2058 protectoris
2676 1985 2860 2041 nostri
2893 1985 2953 2041 in
2984 1985 3282 2043 schedulis
3311 1989 3598 2044 vetustate
3628 2004 3816 2062 prope
3843 1989 3949 2045 de-

2293 2073 2426 2130 letis
2448 2074 2680 2130 inventa
2709 2079 2850 2131 sunt
2877 2092 3102 2148 reparo,
3115 2079 3172 2132 et
3202 2076 3273 2132 de
3303 2075 3518 2133 abditis
3548 2076 3621 2132 ad
3643 2076 3844 2134 lucem
3868 2095 3950 2135 re-

2293 2164 2482 2220 duco:
2517 2167 2573 2220 et
2603 2182 2690 2232 ea,
2725 2182 2853 2238 quae
2886 2170 3146 2222 veterum
3179 2167 3334 2222 certe
3365 2164 3643 2223 relatione
3672 2169 3946 2242 cognovi,

2293 2251 2504 2310 litteris
2527 2253 2936 2310 commendare
2967 2271 3211 2326 procuro
3245 2271 3258 2311 :
3294 2271 3428 2310 cum
3459 2253 3609 2312 sicut
3659 2257 3948 2328 prae-misi,

2293 2341 2482 2398 sancti
2513 2342 2708 2398 Esdrze
2759 2342 3052 2416 pontiﬁcis
3090 2342 3308 2411 studio,
3333 2360 3530 2401 sacras
3579 2343 3946 2418 Scripturas,

2292 2431 2520 2488 desidia
2537 2435 2592 2487 et
2609 2430 2957 2504 profanitate
2977 2431 3294 2505 impiorum
3307 2431 3642 2488 Judazorum
3667 2433 3946 2503 abolitas,

2292 2536 2608 2577 noscamus
2637 2521 2818 2576 fuisse
2846 2524 3225 2590 restauratas,
3245 2525 3304 2578 et
3331 2537 3444 2578 non
3472 2521 3665 2578 solum
3692 2540 3944 2598 evange-

2290 2609 2462 2666 licam
2495 2613 2551 2665 et
2579 2608 2961 2682 apostolicam
2993 2609 3301 2666 historiam
3339 2611 3411 2667 ab
3443 2610 3822 2685 evangelistis
3850 2630 3944 2668 sa-

2290 2699 2619 2755 cratissime
2649 2699 2968 2772 conditam,
2981 2699 3082 2756 sed
3113 2703 3170 2756 et
3191 2699 3579 2774 plurlmorum
3597 2705 3942 2759 sanctorum

2289 2793 2455 2862 gesta
2485 2785 2772 2862 plurimos
2801 2787 3070 2844 Ecclesiae
3119 2788 3454 2862 magistros,
3485 2789 3557 2845 ad
3593 2787 3942 2849 instructio-

2291 2893 2425 2932 nem
2449 2876 2789 2944 multorum,
2803 2881 2862 2932 et
2881 2875 3057 2933 etiam
3083 2875 3583 2952 historiographos
3602 2895 3826 2952 agones
3841 2898 3942 2937 se-

2288 2965 2598 3033 cularium,
2631 2965 2702 3021 ad
2732 2969 3100 3038 posterorum
3131 2966 3474 3022 memoriam
3515 2967 3939 3042 descripsisse;

2287 3053 2536 3128 gentiles
2568 3071 2802 3128 quoque
2831 3059 3032 3128 poetas
3057 3072 3166 3112 sua
3195 3057 3522 3129 fragmenta
3562 3057 3940 3131 grandisonis

2287 3159 2567 3218 pompare
2596 3143 2788 3200 modis
2818 3143 3117 3201 studuisse
3145 3143 3433 3218 legamus.

2359 3234 2410 3288 1.
2448 3233 2580 3290 Post
2608 3233 2926 3289 vindictam
2957 3233 3265 3302 scelerum,
3297 3251 3425 3306 quae
3455 3235 3608 3290 facta
3637 3241 3732 3292 est
3758 3252 3796 3292 a
3826 3236 3937 3294 Deo

524 3322 760 3396 grediar
777 3303 914 3396 quae
963 3322 1061 3379 diu
1105 3303 1386 3392 distuli,a
1416 3303 1888 3396 progenitoribus
1936 3327 1994 3379 et
2040 3303 2173 3380 ortu
2206 3303 2249 3371 C
2287 3321 2447 3378 mino
2495 3323 2649 3378 caede
2693 3321 3035 3390 Galliarum,
3077 3303 3466 3396 prosequente
3510 3323 3936 3382 Wandalorum

522 3407 652 3484 ejus
683 3411 990 3485 incipiens,
1003 3415 1062 3469 et
1091 3410 1176 3469 sic
1206 3415 1325 3468 tam
1355 3429 1442 3478 ea,
1469 3429 1598 3484 quae
1627 3411 1686 3466 in
1708 3411 1972 3468 historiis
1993 3429 2028 3468 a
2047 3429 2170 3469 ma-

517 3499 754 3574 joribus
784 3499 977 3569 editis,
1009 3501 1081 3557 de
1111 3499 1210 3558 illo
1242 3501 1456 3570 inveni,
1489 3517 1667 3573 quam
1699 3505 1757 3556 et
1805 3499 1924 3570 illa,
1949 3517 2076 3573 quae
2109 3501 2166 3556 in

525 3587 773 3647 diversis
803 3588 1102 3646 schedulis
1121 3589 1389 3664 dispersa
1417 3589 1600 3662 reperi
1625 3607 1638 3644 :
1663 3605 1864 3646 verum
1894 3593 1950 3646 et
1980 3589 2080 3646 illa
2109 3590 2167 3646 in

523 3675 706 3734 series
734 3678 1160 3752 digerens,quaa
1180 3677 1420 3751 vulgata
1448 3677 1726 3734 relatione
1749 3677 1966 3752 percipi
1991 3695 2005 3734 :
2031 3678 2171 3752 quia

524 3765 680 3822 haud
712 3765 884 3841 longe
915 3772 1050 3824 ante
1075 3783 1181 3822 nos
1200 3765 1424 3822 dictum
1448 3770 1556 3834 est,
1571 3771 1627 3823 et
1653 3766 1831 3823 etiam
1857 3767 1914 3822 in
1948 3769 2169 3826 sanctis

525 3855 974 3930 Scripturis,sed
996 3860 1055 3912 et
1076 3855 1134 3911 in
1159 3853 1490 3928 evangelica
1501 3855 1738 3912 veritate
1759 3857 2118 3930 comperitur
2149 3875 2163 3914 :

521 3963 657 4004 vera
675 3949 766 4002 est
801 3944 892 4002 lex
921 3943 1201 4014 historiae,
1225 3942 1570 4017 simpliciter
1585 3963 1676 4015 ea,
1691 3962 1838 4019 quae,
1856 3945 2014 4002 fama
2041 3945 2164 4002 vul-

518 4037 715 4109 gante,
747 4032 1122 4108 colliguntur,
1169 4033 1240 4090 ad
1300 4033 1745 4090 instructionem
1804 4035 2166 4108 posteritatis

518 4123 732 4191 litteris
760 4122 1190 4180 commendare.
1226 4123 1288 4181 In
1321 4125 1538 4198 quibus
1569 4123 1844 4180 omnibus
1888 4123 2164 4182 lectorem

518 4212 826 4270 diversitas
853 4211 988 4285 styli
1015 4229 1124 4270 nen
1159 4214 1478 4287 perturbet,
1511 4213 1790 4285 quoniam
1821 4231 1908 4283 ea,
1941 4231 2069 4288 quae
2093 4217 2166 4273 de

519 4301 784 4358 historiis
813 4302 1104 4374 majorum
1134 4319 1457 4370 assumam,
1482 4305 1540 4356 et
1569 4318 1800 4374 ea,quze
1823 4302 1883 4358 in
1903 4304 2165 4378 antiquis

519 4388 816 4448 schedulis
847 4389 1154 4464 reperiam,
1185 4390 1270 4446 ita
1298 4394 1364 4445 ut
1396 4389 1629 4446 inventa
1659 4391 1892 4465 fuerint,
1924 4407 2161 4466 ponam.

477 4511 490 4524 ι
593 4475 698 4534 Illa
726 4493 880 4546 vero,
909 4495 1039 4552 quea
1069 4467 1137 4534 ei
1167 4477 1427 4550 antiquis
1457 4477 1693 4552 vulgata
1724 4480 2003 4539 relatione
2035 4499 2163 4555 per-

517 4565 736 4640 cepi,et
763 4583 890 4638 quas
921 4567 995 4624 ad
1017 4566 1466 4624 instructionem
1487 4566 1806 4641 legentium
1817 4569 1906 4628 vel
1927 4571 2167 4629 audien-

2281 3409 3131 3481 crudelitate,misericordiam
3181 3410 3309 3467 coeli
3365 3410 3936 3472 distillaruntzcum

2281 3501 2354 3556 ad
2387 3499 2793 3574 mitigandam,
2817 3499 3010 3574 gentis
3041 3500 3396 3556 Francorum
3428 3500 3740 3560 barbarica
3787 3505 3936 3560 fero-

2279 3589 2454 3645 citate
2484 3592 2989 3661 superventuram,
3023 3587 3228 3644 divinze
3259 3588 3789 3648 animadversionis
3809 3610 3936 3666 pro-

2279 3682 2409 3751 pter
2425 3676 2763 3750 iniquitates
2784 3679 3218 3750 perseverantes
3235 3677 3775 3749 ultionem,mundo
3797 3699 3938 3755 ρω-

2279 3765 2466 3822 sulem
2500 3783 2534 3822 a
2563 3767 2678 3823 Deo
2709 3765 3557 3841 praedestinatum,Remigium
3590 3769 3930 3842 pontiﬁcem

2277 3856 2386 3912 hoc
2417 3855 2618 3913 ordine
2648 3854 3038 3929 protulerunt.

2347 3945 2418 4001 ll.
2451 3945 2588 4001 Erat
2602 3945 2842 4018 quidam
2862 3943 3303 4016 venerabilis,ac
3323 3944 3541 4020 dignus
3564 3946 3928 4020 professione

2273 4039 2332 4090 et
2363 4033 2948 4103 nomine,Montanus
2969 4033 3316 4104 monachus,
3351 4034 3410 4090 in
3443 4035 3775 4094 reclusione
3795 4038 3930 4094 soli-

2273 4123 2484 4180 tariam
2513 4123 2693 4179 vitam
2724 4123 2966 4192 ducens,
2983 4123 3250 4196 jejuniis,
3264 4123 3500 4198 vigiliis,
3525 4130 3702 4198 atque
3723 4128 3932 4184 oratio-

2274 4211 2452 4268 nibus
2472 4210 2744 4268 continue
2765 4228 3002 4281 vacans,
3019 4228 3244 4270 necnon
3275 4217 3618 4270 casterarum
3641 4214 3926 4272 virtutum

2274 4300 2609 4375 insignibus
2629 4300 2773 4357 adeo
2806 4299 3098 4357 divinitati
3141 4319 3203 4358 se
3233 4303 3767 4360 commendabilem
3799 4305 3926 4361 red-

2276 4390 2440 4458 dens,
2471 4394 2538 4447 ut
2565 4389 2846 4464 angelicis
2879 4407 3031 4464 saepe
3063 4390 3353 4447 frueretur
3380 4389 3681 4465 alloquiis,
3715 4397 3774 4449 et
3817 4392 3932 4449 fre-

2277 4483 2528 4554 quenter
2555 4479 2892 4536 cmlestibus
2925 4478 3251 4536 visionibus
3280 4496 3346 4536 ac
3367 4478 3819 4538 revelationibus
3849 4483 3935 4538 in-

2272 4568 2642 4626 teresset.ls'
2667 4585 2802 4643 ergo
2833 4585 2967 4625 cum
2989 4567 3229 4642 pervigil
3261 4569 3321 4624 in
3358 4569 3621 4626 oratione
3651 4587 3758 4643 pro
3788 4587 3932 4644 pace

517 4653 666 4714 tium
692 4654 1028 4742 addam,vel
1052 4672 1254 4711 eorum
1275 4656 1468 4723 verba,
1485 4657 1555 4713 de
1575 4675 1827 4730 quorum
1848 4659 2023 4717 dictis
2042 4677 2168 4717 mu-
2197 4677 2244 4742 ι)
2275 4661 2488 4714 sanctae
2516 4655 2806 4727 Ecclesiae,
2832 4675 2961 4731 quin
2990 4655 3196 4714 multis
3227 4674 3295 4714 ac
3325 4657 3570 4715 diversis
3591 4658 3929 4716 afﬂictioni-

513 4745 746 4813 tuabor,
762 4739 975 4820 ponere
996 4745 1435 4818 procurabo,vel
1457 4763 1586 4802 meo
1607 4765 1876 4806 sermone
1896 4749 2124 4808 dictabe
2146 4768 2161 4807 :

512 4835 714 4894 volens
745 4834 1029 4908 quiddam
1069 4833 1249 4890 debiti
1298 4833 1412 4890 mei
1441 4835 1708 4908 obsequii
1739 4837 1797 4893 in
1829 4837 2021 4908 laude,
2047 4856 2164 4912 qua

513 4942 630 4982 non
660 4924 904 4998 indiget,
936 4923 1253 4994 offerendo,
1284 4921 1396 4997 ipsi
1429 4925 1781 4981 benefactori
1829 4943 1959 4983 meo
1996 4929 2161 4984 retri-

512 5013 691 5071 buere
721 5029 827 5087 pro
857 5012 1133 5069 omnibus
1164 5030 1293 5086 quae
1321 5011 1566 5087 indigno
1589 5013 1731 5069 mihi
1757 5015 1940 5086 gratis
1965 5016 2162 5089 potius

513 5103 938 5175 tribuit,quam
966 5100 1191 5157 meritis
1223 5101 1359 5158 ullis
1389 5103 1677 5158 retribuit.
1703 5101 1964 5176 Denique
1993 5105 2051 5161 in
2069 5107 2163 5164 de-

511 5191 934 5266 scriptionibus
959 5189 1244 5247 virtutum
1272 5192 1401 5264 ejus
1431 5192 1849 5265 ordinem,quo
1870 5209 1973 5265 per
1993 5193 2160 5252 illum

509 5298 610 5342 cas
639 5279 925 5338 Dominus
946 5279 1224 5354 dignatus
1251 5286 1340 5338 est
1369 5279 1620 5354 operari,
1650 5297 1879 5338 servare
1909 5300 2024 5340 non
2056 5301 2160 5358 po-

509 5375 635 5429 tero
666 5387 681 5427 :
716 5369 818 5428 sed
867 5369 1020 5425 sicut
1067 5386 1167 5427 eas
1217 5369 1303 5426 vel
1333 5370 1552 5443 scripto
1583 5369 1671 5426 vel
1703 5371 1906 5428 auditu
1937 5371 2156 5446 accepi,

509 5457 862 5516 describam.
879 5457 975 5515 Sic
995 5458 1174 5529 enim,
1189 5459 1348 5516 salvo
1373 5459 1578 5516 altiore
1598 5459 1949 5534 prophetica
1970 5460 2159 5535 inspi-

508 5547 753 5606 rationis
783 5563 1026 5605 munere
1054 5547 1250 5605 divino
1273 5546 1464 5605 allatae
1495 5549 1792 5624 mysterio,
1811 5555 1870 5608 et
1898 5549 2159 5624 psalmos

575 5746 601 5778 ⁸
627 5735 771 5797 Vide
800 5735 1107 5798 Flodoard.
1140 5753 1270 5814 cap.
1305 5737 1391 5812 10,
1424 5736 1528 5796 lib.
1558 5755 1600 5812 ι,
1634 5737 1840 5798 hisior.
1877 5736 2190 5802 Rhemens.

2273 4749 2385 4805 bus
2415 4747 2570 4820 apud
2593 4746 2914 4804 Galliarum
2936 4752 2996 4804 et
3017 4746 3382 4821 Belgicarum
3403 4747 3736 4821 provincias
3758 4765 3928 4805 vexa-

2273 4837 2466 4906 batur,
2482 4836 2582 4893 Dei
2607 4837 3025 4910 omnipotentis
3058 4835 3432 4894 clementiam
3463 4836 3776 4895 indefessis
3801 4855 3930 4912 pne-

2272 4927 2440 4984 cibus
2469 4931 2750 4996 exoraret,
2774 4931 2944 4984 nocte
2972 4927 3227 5000 quadam
3249 4926 3384 5000 plus
3405 4926 3574 4985 solito
3598 4929 3925 4986 orationem

2270 5015 2588 5089 protelans,
2621 5034 2809 5090 usque
2837 5014 2989 5074 lucis
3017 5005 3431 5090 ct‘epusculum
3460 5016 3520 5072 in
3564 5017 3925 5092 contempla-

2270 5104 2427 5162 tione
2457 5106 2801 5178 permansit.
2826 5105 2934 5173 Qui
2963 5123 3120 5178 cum,
3135 5105 3484 5164 lassitudine
3512 5124 3580 5163 ac
3610 5106 3926 5180 fragilitate

2270 5194 2465 5250 carnis
2486 5192 2890 5268 compellente,
2906 5192 3212 5267 paululum
3233 5195 3498 5251 membra
3519 5195 3712 5268 sopori
3731 5195 3923 5251 dedis-

2272 5286 2379 5350 set,
2411 5282 2605 5340 subito
2635 5300 2738 5357 per
2767 5282 3025 5339 divinam
3056 5284 3306 5358 gratiam
3338 5283 3679 5357 angelorum
3725 5282 3923 5340 choris

2269 5377 2327 5428 et
2341 5371 2674 5430 animarum
2695 5373 3450 5441 ccetibus,beatissimorum
3473 5373 3780 5430 hominum
3789 5373 3920 5445 jam

2268 5477 2405 5519 cum
2429 5465 2541 5518 Deo
2562 5462 2956 5536 regnantium,
2974 5465 3033 5518 et
3049 5460 3550 5519 immortalitatem
3574 5461 3769 5519 adhuc
3788 5477 3920 5517 cor-

2267 5567 2477 5627 porum
2507 5550 2992 5626 exspectantium,
3016 5550 3320 5626 spiritibus
3348 5550 3635 5622 interfuit,
3656 5556 3716 5610 et
3753 5549 3920 5608 fami-
