4074 6504
187 489 351 554 Μιιῦ

1461 491 1644 555 VITA
1687 487 1966 555 SANCTI
2013 487 2340 553 REMIGII.

3451 483 3608 551 1146

191 623 419 682 sionem
449 639 620 680 suam
649 622 934 680 Dominus
964 628 1164 681 noster
1181 623 1354 682 Jesus
1379 625 1644 683 Christus
1677 623 1846 682 nobis
1875 627 1928 694 Α
1955 625 2244 682 deductus
2275 639 2306 680 e
2335 621 2498 693 caelo,
2524 639 2629 680 nec
2655 623 2979 680 secundum
3011 632 3246 680 carnem
3276 627 3508 681 creatus
3537 636 3606 680 ex

190 713 390 786 palam
421 713 494 768 de
524 712 691 768 Patre
720 713 1096 770 annuntiabit
1128 731 1142 770 :
1176 715 1318 787 quia
1360 732 1462 786 per
1498 716 1846 788 patefactam

189 808 335 860 tunc
364 803 695 875 majestatis
728 811 847 858 Suae
890 804 1165 876 speciem,
1199 809 1255 859 et
1284 806 1577 876 quomodo
1608 806 1732 876 ipse
1762 804 1847 877 gi-

192 893 397 966 gnenti
429 908 545 948 non
577 892 772 964 impar
818 891 1061 959 oriatur,
1092 897 1150 949 et
1195 894 1489 965 quomodo
1541 895 1848 967 utriusque

195 981 452 1055 Spiritus
470 980 704 1054 utrique
716 982 1020 1038 coaeternis
1033 984 1622 1054 procedat,ostendet.
1641 986 1850 1057 Aperte

195 1083 455 1143 namque
469 1073 610 1126 tunc
623 1071 958 1128 videbimus
974 1073 1268 1144 quomodo
1291 1073 1420 1140 hoc,
1437 1074 1591 1145 quod
1610 1073 1848 1129 oriende

195 1165 306 1232 est,
321 1161 372 1217 ei
400 1161 471 1217 de
491 1175 608 1234 quo
639 1161 847 1228 oritur,
871 1162 1238 1234 subsequens
1259 1177 1373 1217 non
1406 1169 1495 1219 est
1517 1180 1530 1219 :
1555 1164 1849 1236 quomodo

193 1248 270 1319 is,
294 1248 396 1322 qui
427 1249 800 1323 processione
828 1251 1190 1324 producitur,
1215 1268 1249 1307 a
1275 1253 1705 1324 proferentibus
1732 1266 1849 1308 non

196 1339 456 1413 pluitur.
501 1340 714 1412 Aperte
760 1344 902 1395 tunc
946 1340 1277 1396 videbimus
1324 1342 1615 1413 quomodo
1665 1355 1851 1398 unum

198 1427 634 1485 iudivisibiliter
651 1427 764 1485 tria
791 1433 952 1494 sunt,
965 1434 1024 1484 et
1043 1428 1476 1487 indivisibiliter
1505 1431 1618 1486 tria
1641 1449 1848 1486 unum.

195 1517 517 1572 Credamus
543 1517 727 1590 igitur
753 1523 812 1572 et
842 1518 1227 1574 contiteamur
1245 1524 1510 1575 sanctam
1541 1525 1600 1574 et
1629 1520 1855 1592 insepa-

195 1603 445 1662 rabilem
472 1606 842 1675 Trinitatem,
868 1607 1117 1674 Patrem,
1141 1612 1199 1662 et
1237 1603 1449 1664 Filium
1479 1613 1539 1664 et
1567 1607 1851 1681 Spiritum

195 1699 495 1761 sanetum,
524 1699 870 1752 maternam
921 1700 980 1751 et
1026 1696 1589 1754 consubstantialem
1635 1715 1701 1754 ac
1751 1713 1853 1755 co-

197 1781 481 1856 squaiem
514 1783 754 1840 sibimet
792 1799 942 1853 esse,
976 1785 1155 1840 unius
1184 1785 1528 1856 divinitatis,
1562 1789 1848 1856 essentia,

197 1873 654 1946 omnipotentia,
689 1871 908 1946 gloriae,
941 1873 1390 1946 magnitudinis,
1438 1877 1767 1949 majestatis
1797 1880 1855 1933 et

197 1961 485 2066 quidquid
513 1963 586 2017 ad
613 1979 695 2030 se,
720 1962 780 2018 id
805 1966 916 2030 est,
936 1962 1406 2066 subitantialiter
1435 1965 1686 2021 dicitur:
1714 1966 1854 2021 rcla-
1885 2003 1932 2066 Β

198 2051 315 2108 ἥγε
343 2055 540 2107 autem
571 2055 692 2108 tres
730 2069 1012 2125 personas
1045 2052 1272 2108 Patrem
1303 2058 1359 2109 et
1394 2054 1600 2109 Filium
1633 2060 1691 2110 et
1721 2055 1852 2128 Spi-

200 2139 380 2196 ritum
399 2144 690 2209 sanctum,
705 2145 763 2196 et
779 2141 935 2213 quod
961 2141 1372 2214 inseparabilis
1394 2148 1614 2199 natura:
1632 2143 1849 2214 unitas,

201 2246 318 2286 non
349 2229 540 2302 possit
556 2231 914 2303 separabiles
942 2231 1158 2288 habere
1184 2249 1484 2304 personas.
1511 2235 1674 2300 Quod
1706 2240 1763 2290 et
1791 2235 1852 2290 in

200 2318 312 2376 hoc
341 2318 689 2387 ostenditur,
716 2337 994 2392 personas
1025 2335 1141 2376 non
1173 2336 1345 2393 posse
1367 2321 1543 2378 dividi
1577 2323 1636 2378 in
1660 2324 1853 2379 Trini-

201 2411 340 2475 tate,
373 2407 512 2480 quia
549 2408 868 2480 cujuslibet
916 2425 1177 2482 personae
1228 2426 1462 2478 nomen,
1498 2427 1729 2484 semper
1780 2413 1853 2468 ad

200 2494 444 2553 alteram
475 2496 713 2570 respicit
737 2513 1069 2570 personam.
1094 2498 1154 2555 Si
1188 2499 1416 2556 Patrem
1448 2500 1616 2568 dicis,
1642 2501 1853 2558 Filium

201 2575 484 2642 ostendis.
519 2586 579 2641 Si
617 2585 824 2641 Filium
872 2586 1164 2653 nominas,
1199 2587 1428 2644 Patrem
1459 2589 1758 2662 pradicas.
1794 2590 1854 2646 Si

201 2674 485 2747 Spiritum
517 2679 788 2731 sanctum
821 2675 1103 2748 appellas,
1135 2677 1322 2732 Patris
1353 2683 1410 2733 et
1432 2679 1557 2734 Filii
1585 2695 1712 2736 esse
1734 2679 1857 2751 Spi-

202 2762 382 2819 ritum
412 2779 650 2820 necesse
681 2769 770 2820 est
801 2763 1118 2837 intelligas.
1151 2767 1220 2820 Et
1263 2766 1373 2822 hoc
1403 2767 1748 2840 regulariter
1779 2767 1858 2824 sit

205 2853 705 2926 tenendum,quod
727 2853 928 2910 omnia
949 2858 1174 2910 naturae
1196 2856 1547 2923 nomina,vel
1566 2858 1853 2925 essentia),

202 2944 360 2998 sicut
379 2940 439 2996 in
457 2957 576 2998 una
596 2957 846 3014 persona
865 2941 1264 3016 singulariter,
1281 2943 1364 2999 sic
1386 2945 1561 3000 etiam
1583 2945 1642 3000 in
1665 2946 1857 3002 tribus

204 3045 439 3102 semper
467 3029 754 3104 singulari
804 3046 1050 3086 numero
1078 3030 1156 3086 sit
1205 3032 1539 3101 dicendum,
1567 3039 1623 3089 et
1652 3034 1710 3089 in
1741 3035 1856 3090 Deo

205 3117 354 3174 nihil
377 3120 698 3176 secundum
723 3120 993 3176 accidens
1014 3120 1091 3175 sit
1113 3119 1452 3192 dicendum,
1469 3122 1608 3195 quia
1627 3122 1773 3178 nihil
1797 3123 1857 3178 in

203 3223 278 3265 eo
298 3208 582 3266 mutabile
602 3213 709 3266 est.
729 3210 799 3266 Et
818 3209 1011 3282 qualis
1042 3225 1109 3266 ac
1130 3215 1390 3283 quantus
1411 3213 1488 3268 sit
1510 3213 1696 3285 Pater,
1722 3212 1859 3269 talis

205 3313 274 3356 ac
303 3302 512 3354 tantus
536 3297 612 3354 sit
643 3297 847 3366 Filius,
870 3298 1008 3354 talis
1027 3315 1094 3354 ac
1124 3303 1326 3356 tantus
1349 3300 1426 3356 sit
1447 3301 1703 3374 Spiritus
1725 3318 1859 3358 san-

1957 715 2459 771 nihilo.Eamdem
2502 712 2732 787 generis
2771 714 2830 768 in
2851 713 3025 770 Verbi
3065 714 3368 769 divinitate
3407 723 3604 787 perso-

1957 821 2114 872 nam,
2141 808 2198 859 et
2220 807 2424 859 tenens
2445 819 2818 859 communem
2843 804 3011 859 nobis
3037 803 3096 858 in
3121 813 3359 875 corpore
3379 803 3605 858 anima-

1956 908 2071 965 que
2092 897 2384 948 naturam.
2405 891 2527 947 Non
2553 893 2708 948 enim
2735 895 2890 949 esset
2919 892 3013 948 Dei
3044 892 3472 964 hominumque
3493 903 3609 947 me-

1957 982 2166 1049 diator,
2185 981 2299 1038 nisi
2325 981 2480 1037 idem
2505 981 2680 1050 Deus,
2709 981 2982 1054 idemque
3003 981 3178 1038 homo
3202 981 3260 1036 in
3285 985 3530 1052 utroque
3550 984 3609 1036 et

1958 1089 2114 1128 unus
2145 1075 2299 1128 esset
2328 1076 2384 1126 et
2412 1073 2804 1137 verus.Quam
2835 1070 3102 1126 servilem
3134 1071 3402 1136 formam,
3430 1086 3464 1125 a
3485 1067 3609 1126 solo

1960 1161 2104 1219 Filio
2126 1161 2226 1218 Dei
2249 1164 2606 1232 susceptam,
2633 1164 2756 1215 tota
2775 1165 2978 1216 sancta
2998 1160 3275 1226 Trinitas,
3300 1160 3470 1230 cujus
3491 1175 3611 1214 una

1959 1255 2048 1307 est
2075 1251 2348 1306 voluntas
2385 1254 2441 1304 et
2471 1248 2747 1321 Operatio,
2771 1249 2829 1303 in
2863 1254 3028 1305 utero
3060 1249 3326 1322 gloriosa:
3357 1266 3423 1305 ac
3453 1265 3608 1306 sem-

1959 1357 2062 1413 per
2079 1339 2340 1413 Virginis
2380 1339 2574 1394 Maria
2613 1338 2770 1408 fecit,
2793 1338 2947 1394 sicut
2985 1337 3396 1410 evangelizavit
3433 1337 3485 1393 ei
3518 1346 3609 1394 ar-

1960 1429 2282 1502 cbangelus
2306 1446 2319 1484 :
2343 1430 2584 1501 Spiritus
2603 1437 2843 1496 sanctus,
2867 1427 3162 1500 inquiens,
3189 1429 3531 1499 superveniet
3550 1428 3611 1482 in

1961 1529 2030 1588 te,
2059 1529 2111 1576 et
2138 1521 2314 1575 virtus
2344 1519 2617 1574 Altissimi
2661 1517 3007 1573 obrumbabit
3051 1517 3171 1572 tibi.
3205 1516 3431 1588 Ideoque
3471 1516 3614 1588 quod

1959 1617 2214 1666 nascetur
2241 1623 2311 1664 ex
2339 1616 2388 1664 te
2415 1609 2694 1673 Sanctum,
2725 1607 3005 1662 vocabitur
3033 1607 3210 1662 Filius
3239 1607 3340 1661 Dei
3361 1609 3514 1676 (Luc.
3545 1607 3608 1674 ι).

1961 1701 2096 1766 Quae
2128 1702 2249 1754 tota
2279 1701 2482 1755 sancta
2511 1695 2788 1764 Trinitas,
2813 1695 3033 1751 scilicet
3061 1695 3216 1751 Deus
3248 1695 3434 1760 Pater,
3459 1696 3610 1750 nun-

1960 1786 2269 1861 cupatione
2314 1785 2599 1843 Altissimi
2654 1785 3025 1860 designatus;
3057 1789 3116 1841 et
3162 1784 3292 1855 ejus
3337 1784 3523 1840 virtus
3554 1787 3613 1840 et

1961 1876 2267 1950 sapientia,
2321 1889 2449 1948 quae
2509 1875 2814 1932 aediﬁcavit
2861 1873 2975 1931 sibi
3022 1874 3263 1930 domum
3294 1873 3473 1946 (Prov.
3507 1873 3608 1942 ιχ),

1961 1966 2301 2040 unigenitus
2328 1965 2592 2021 videlicet
2623 1964 2806 2022 Filius
2843 1965 2970 2036 ipse
3007 1967 3210 2020 auctor
3239 1962 3452 2035 operis,
3486 1962 3612 2034 ipse

1962 2071 2110 2128 opus
2141 2055 2416 2122 auctoris,
2450 2058 2796 2126 cooperante
2838 2051 3059 2126 Spiritu
3099 2055 3320 2120 sancto,
3344 2051 3611 2124 ejusdem

1962 2143 2278 2201 Salvatoris
2311 2143 2494 2199 nostri
2525 2142 2976 2210 humanitatem,
2999 2157 3210 2213 corpus
3241 2140 3520 2196 nimirum
3554 2143 3614 2197 et

1962 2234 2242 2300 animum,
2270 2233 2531 2290 condidit
2561 2233 2619 2287 in
2648 2233 2972 2289 visceribus
3001 2231 3280 2304 Virginis,
3303 2241 3431 2303 qua:
3463 2229 3616 2286 facta

1962 2327 2052 2378 est
2082 2321 2296 2377 ancilla
2322 2321 2580 2378 hominis
2609 2338 2712 2394 per
2735 2320 3121 2388 divinitatem,
3145 2324 3202 2375 et
3231 2323 3422 2374 mater
3439 2317 3615 2374 Verbi

1964 2429 2067 2484 per
2096 2427 2353 2467 carnem.
2387 2411 2513 2466 Non
2573 2415 2770 2466 autem
2830 2409 2994 2482 prius
3036 2409 3096 2463 in
3149 2412 3311 2463 utero
3357 2405 3617 2480 Virginis

1964 2517 2097 2556 caro
2137 2504 2420 2572 concepta
2466 2503 2574 2568 est,
2609 2504 2665 2554 et
2712 2498 3088 2570 postmodum
3137 2496 3413 2552 divinitas
3458 2496 3618 2551 venit

1963 2589 2024 2644 in
2073 2605 2329 2654 carnem,
2365 2590 2465 2644 sed
2524 2605 2660 2644 mox
2710 2587 2966 2644 Verbum
3025 2586 3183 2643 venit
3237 2586 3297 2641 in
3356 2589 3614 2657 uterum,

1965 2697 2100 2734 mox
2125 2679 2383 2734 Verbum
2425 2682 2650 2734 servata
2697 2678 2942 2750 propriae
2990 2676 3228 2732 veritate
3275 2679 3496 2731 natura:
3526 2674 3615 2731 fa-

1965 2773 2126 2824 ctum
2156 2772 2245 2823 est
2293 2784 2448 2823 caro.
2482 2769 2551 2822 Et
2597 2768 2890 2840 perfectus
2920 2766 3117 2836 homo,
3150 2765 3208 2820 id
3256 2769 3344 2820 est
3375 2764 3433 2820 in
3464 2763 3616 2820 veri-

1965 2861 2083 2912 tate
2113 2857 2306 2912 carnis
2335 2862 2394 2912 et
2437 2857 2646 2912 animai
2685 2855 3008 2921 rationalis,
3042 2859 3217 2910 natus
3247 2857 3337 2910 est
3367 2869 3470 2926 per
3498 2857 3617 2909 ute-

1966 2964 2119 3002 rum.
2142 2945 2402 3018 Virginis
2435 2945 2614 3002 Filius
2645 2945 2767 3010 Dei,
2791 2948 3006 3000 unctus
3036 2943 3161 3000 oleo
3191 2942 3419 3009 laetitia},
3444 2941 3501 2997 id
3527 2946 3617 2998 est

1966 3039 2023 3091 et
2053 3036 2204 3091 dono
2235 3035 2479 3108 Spiritus
2511 3034 2719 3102 sancti,
2745 3049 2860 3106 prae
2890 3029 3260 3089 consortibus
3291 3032 3415 3088 suis
3439 3033 3612 3100 (Psal.

1967 3126 2138 3198 XLIV),
2163 3125 2386 3181 scilicet
2415 3142 2530 3196 prae
2559 3122 2781 3179 caeteris
2811 3121 3170 3178 hominibus.
3195 3121 3312 3176 Nee
3332 3119 3496 3192 prius
3519 3119 3616 3175 ho-

1969 3213 2159 3269 mines
2188 3217 2520 3285 peccatores
2552 3210 2860 3279 efﬁcimur,
2884 3214 2941 3266 et
2967 3211 3346 3282 postmodum
3374 3225 3476 3281 per
3505 3223 3616 3264 un-

1971 3301 2222 3359 ctionem
2254 3302 2440 3358 sancti
2474 3299 2727 3373 Spiritus
2758 3300 3234 3357 sanctiﬁcamur:
3263 3299 3389 3372 ipse
3419 3302 3615 3356 autem

205 3391 336 3444 ctus
361 3403 374 3442 :
402 3402 506 3442 nec
537 3386 774 3458 aliquod
805 3387 1000 3459 majus
1046 3387 1146 3455 sit,
1168 3393 1285 3444 tres
1318 3373 1507 3446 simul
1527 3390 1694 3446 dictae
1722 3409 1857 3465 per-
1889 3373 1934 3440 (ἶ
1970 3392 2227 3448 existens
2255 3392 2411 3448 Deus
2441 3393 2572 3446 ante
2604 3389 2836 3456 saecula,
2864 3405 2965 3462 per
3001 3388 3286 3462 Spiritum
3319 3392 3614 3456 sanctum,

205 3475 384 3542 sonas,
408 3490 587 3548 quam
617 3475 864 3549 singulae
895 3493 1130 3549 quoque
1160 3491 1420 3550 personae
1449 3495 1460 3535 :
1487 3480 1626 3552 quia
1656 3481 1860 3537 eadem

205 3563 550 3639 magnitudo
579 3570 669 3621 est
698 3565 758 3620 in
793 3581 1146 3639 unaquaque
1187 3583 1438 3640 persona
1477 3569 1656 3626 semel
1683 3569 1860 3642 dicta,

204 3671 332 3728 qua:
362 3659 452 3711 est
479 3653 539 3710 in
569 3654 760 3710 tribus
793 3656 1060 3726 personis
1093 3656 1270 3712 simul
1302 3658 1643 3714 nominatis.

275 3741 416 3798 XIX.
441 3743 568 3799 Una
589 3759 722 3799 vero
751 3747 985 3798 tantum
1017 3759 1086 3800 ex
1114 3746 1319 3801 eadem
1351 3752 1556 3802 sancta
1575 3746 1860 3804 Trinitate

205 3845 454 3905 persona
473 3832 624 3904 Filii,
643 3847 748 3905 per
767 3849 941 3904 quem
964 3835 1165 3889 omnia
1181 3834 1335 3891 facta
1357 3839 1860 3909 s-unt,operatione

206 3921 460 3994 Spiritus
491 3922 680 3978 sancti
708 3939 776 3978 ex
804 3922 1183 3979 immaculata
1204 3941 1377 3980 carne
1409 3932 1696 3998 perpetua:
1728 3928 1859 3984 Vir-

207 4011 364 4085 ginis
395 4011 588 4067 Mariis
620 4016 830 4068 nostra:
861 4012 1056 4068 carnis
1086 4013 1505 4081 substantiam,
1535 4016 1857 4073 animatam

206 4103 426 4157 nostris
443 4104 665 4157 naturis
685 4100 884 4156 anima
905 4100 1175 4157 rationali
1197 4107 1256 4158 et
1275 4102 1754 4174 intellectuali,de
1777 4107 1862 4162 in-

205 4186 742 4261 connprehensibili,
758 4189 1180 4246 nobis-virtutis
1191 4207 1310 4247 suae
1327 4207 1518 4265 opere,
1531 4197 1722 4250 totum
1755 4196 1862 4250 sci-

205 4276 344 4334 licet
362 4276 682 4348 hominem,
697 4283 764 4333 ut
783 4283 972 4334 totum
987 4279 1241 4336 salvaret
1261 4280 1858 4357 hominem,assump-

205 4363 288 4422 sit
308 4364 367 4421 in
385 4367 607 4423 unitate
626 4383 886 4440 persona:
903 4367 1223 4425 divinitatis
1245 4382 1385 4426 suae.
1404 4369 1687 4430 Nativitas
1703 4374 1858 4432 enim

205 4451 440 4513 Domini
458 4457 785 4513 secundum
805 4468 1062 4527 carnem,
1078 4459 1346 4531 quamVis
1364 4459 1576 4517 habent
1592 4464 1859 4534 quaedam

205 4544 462 4618 propria,
479 4545 696 4618 quibus
717 4545 989 4602 humanae
1007 4547 1360 4605 conditionis
1381 4549 1548 4606 initia
1567 4556 1863 4609 transcen-

205 4629 315 4699 dit,
339 4631 462 4690 sive
473 4635 634 4707 quod
657 4633 820 4691 solus
851 4636 924 4691 ab
957 4635 1233 4692 inviolata
1251 4635 1487 4711 Virgine
1508 4639 1634 4696 sine
1655 4656 1863 4698 concu-

1967 3481 2029 3536 i'n
2052 3485 2217 3537 utero
2237 3480 2496 3554 Virginis
2522 3480 2698 3536 homo
2719 3483 3035 3552 conceptus
3056 3482 3144 3534 est
3167 3477 3226 3532 in
3249 3477 3364 3534 fine
3385 3476 3620 3534 saeculo-

1970 3581 2124 3626 rum.
2141 3570 2225 3626 lbi
2245 3571 2317 3626 ab
2337 3571 2539 3626 eodem
2559 3569 2782 3642 Spiritu
2799 3572 3014 3624 unctus
3032 3571 3140 3635 est,
3157 3566 3257 3622 ubi
3278 3568 3616 3639 conceptus,
3711 3617 3714 3620 .

1971 3677 2077 3716 nec
2109 3663 2242 3716 ante
2272 3664 2586 3730 conceptus
2615 3662 2672 3714 et
2702 3659 3078 3730 postmodum
3112 3660 3326 3712 unctus
3356 3659 3444 3711 est
3469 3672 3482 3709 :
3517 3655 3619 3712 sed

1969 3750 2076 3805 hoc
2101 3749 2296 3822 ipsum
2319 3749 2386 3803 de
2409 3748 2628 3820 Spiritu
2661 3751 2862 3802 sancto
2885 3751 2940 3802 et
2961 3761 3133 3801 carne
3153 3744 3412 3818 Virginis
3433 3743 3622 3800 conci-

1969 3838 2049 3910 pi,
2075 3856 2106 3894 a
2129 3837 2345 3910 Spiritu
2371 3841 2573 3892 sancto
2595 3835 2736 3908 ungi
2757 3835 2909 3891 fecit.
2937 3833 2999 3890 In
3025 3851 3140 3906 quo
3163 3831 3517 3905 complacuit
3538 3833 3620 3887 in-

1968 3927 2252 3993 habitare,
2279 3939 2512 3982 omnem
2544 3923 2966 3998 plenitudinem
2993 3921 3314 3978 divinitatis
3343 3929 3618 3994 corpora-

1968 4017 2104 4072 liter
2131 4017 2268 4086 (σοι.
2293 4017 2377 4086 ιι),
2404 4015 2463 4070 id
2511 4019 2599 4070 est
2647 4009 3148 4069 substantialiter:
3185 4011 3324 4084 quia
3359 4010 3616 4066 VerbUm

1969 4122 2072 4180 per
2092 4104 2578 4179 omnipotentiam
2601 4101 2981 4170 suam,v'o'luit
3001 4101 3160 4156 hunc
3182 4100 3501 4173 perfectum
3521 4099 3620 4155 ho-

1970 4194 2189 4251 minem
2213 4211 2388 4267 quem
2419 4191 2764 4264 assumpsit,
2783 4191 2892 4248 hec
2912 4190 3037 4247 fieri
3060 4205 3129 4247 ex
3157 4195 3437 4262 tempore,
3460 4189 3618 4262 quod

1969 4283 2094 4358 ipse
2126 4299 2356 4356 semper
2380 4283 2491 4338 fuit
2518 4282 2642 4338 sine
2673 4285 2955 4354 tempore,
2976 4279 3034 4336 id
3065 4284 3174 4345 est,
3199 4277 3502 4352 proprium
3535 4277 3621 4334 Fi-

1969 4361 2115 4430 lium
2148 4373 2286 4430 Dei?
2317 4377 2526 4428 utnon
2557 4371 2787 4444 possint
2817 4371 2929 4426 dici
2973 4371 3088 4425 duo
3140 4368 3269 4424 Filii
3319 4367 3440 4436 Dei,
3467 4367 3619 4424 alius

1970 4467 2106 4519 ante
2125 4465 2388 4534 tempora
2407 4461 2733 4533 genitus,et
2755 4459 2905 4515 alius
2938 4459 3127 4514 factus
3147 4467 3216 4514 ex
3243 4461 3526 4530 tempore,
3547 4474 3620 4513 ne

1971 4552 2338 4626 quaternitas
2353 4550 2531 4623 (quod
2558 4549 2754 4618 absit),
2779 4566 2883 4621 pro
2916 4547 3314 4604 incarnatione
3345 4547 3532 4620 ipsius
3558 4545 3619 4602 in

1970 4645 2173 4699 sancta
2193 4640 2479 4697 Trinitate
2510 4639 2740 4695 dicatur
2763 4654 2776 4693 :
2802 4638 3083 4710 quoniam
3106 4637 3281 4707 Deus,
3304 4634 3407 4694 Dei
3439 4633 3618 4693 Filius

205 4720 496 4812 placentia
529 4726 617 4779 est
638 4728 956 4798 conceptus
995 4729 1059 4781 et?
1081 4729 1274 4793 natus,
1299 4726 1418 4784 sive
1447 4730 1608 4801 quod
1633 4730 1748 4787 ista
1769 4732 1856 4786 vi-
1890 4747 1937 4812 D
1967 4732 2291 4788 humanam
2320 4728 2644 4802 assumpsit
2695 4733 2990 4797 naturam,
3025 4745 3140 4784 non
3197 4739 3503 4801 personam
3559 4724 3616 4780 in

206 4811 473 4868 secribus
501 4813 829 4870 matrisiest
853 4813 1068 4882 editus,
1098 4819 1168 4870 ut
1189 4815 1516 4874 lieoainditas
1545 4825 1777 4891 pareret
1801 4826 1859 4877 et

204 4897 521 4974 virginitas
543 4907 915 4975 permaneret
938 4920 953 4960 :
977 4915 1093 4960 "non
1141 4903 1384 4961 alterius
1413 4911 1607 4964 tamen
1639 4915 1859 4966 naturai

207 4993 336 5047 erat
362 4990 494 5061 ejus
521 5007 676 5058 caro,
699 5005 879 5064 quam
911 4997 1111 5049 nostra
1137 4997 1245 5061 est,
1268 5003 1373 5051 nec
1406 4995 1521 5052 alia
1551 4995 1655 5066 illi,
1681 5013 1858 5071 quam

207 5079 432 5136 ueteris
463 5080 824 5148 hominibus,
856 5082 1056 5138 anima
1097 5087 1188 5140 est
1233 5083 1522 5157 inspirata
1550 5086 1858 5161 principio,

207 5165 341 5242 qua
386 5168 709 5238 excelleret,
735 5187 852 5226 non
883 5170 1214 5228 diversitate
1259 5174 1508 5247 generis,
1531 5177 1631 5232 sed
1683 5177 1860 5233 subli-

209 5258 415 5316 usitate
441 5259 702 5316 virtutis.
734 5259 890 5316 Nihil
921 5261 1078 5316 enim
1109 5262 1302 5318 carnis
1332 5281 1450 5319 suae
1480 5266 1735 5324 habebat
1764 5270 1862 5324 ad-

208 5361 466 5418 versum,
485 5348 910 5406 nec'di‘seordla
938 5350 1361 5408 desideriorum
1392 5353 1669 5426 gignebat
1701 5373 1858 5414 com-

210 5438 1020 5512 pugnautiam'voluntatum.
1051 5440 1270 5496 Sensus
1301 5444 1560 5515 corporei
1589 5444 1861 5518 vigebant

209 5527 341 5584 sine
369 5527 494 5602 lege
522 5528 765 5600 peccati,
790 5533 846 5583 et
874 5529 1086 5585 veritas
1117 5530 1487 5587 ail'ectionum
1520 5534 1630 5590 sub
1656 5535 1857 5592 mode-

211 5616 440 5674 ramine
466 5617 712 5674 Deitatis
759 5623 817 5673 et
867 5619 1102 5690 mentis,
1135 5635 1239 5674 nec
1287 5621 1622 5677 tentahatur
1667 5623 1862 5681 illece-

214 5705 360 5773 bris;
382 5722 488 5763 nm
514 5707 757 5763 cedebat
796 5700 1253 5779 injuriis.Verus
1269 5708 1444 5766 homo
1484 5728 1618 5768 vero
1659 5715 1861 5772 unitus

215 5795 600 5866 σκωφθεςύ
647 5791 1341 5852 secundum-existenth
1391 5797 1554 5869 prius
1603 5801 1860 5860 animam

1969 4826 2241 4879 etemam
2275 4818 2601 4891 suscipiens
2632 4825 2943 4891 personam
2965 4815 3308 4881 divinitatis,
3332 4819 3554 4894 temper
3575 4831 3616 4868 ι-

1968 4909 2083 4967 lem
2122 4907 2512 4966 humanitatis
2559 4908 2974 4965 substantiam.
3007 4907 3189 4962 Homo
3237 4903 3508 4960 transivit
3555 4899 3615 4958 in

1968 4997 2176 5072 Deum,
2201 5016 2316 5056 non
2349 4997 2719 5055 vertibilitate
2751 5001 2991 5063 natura},
3017 4993 3118 5051 sed
3150 4995 3385 5066 propter
3409 4990 3614 5047 divinae

1968 5089 2256 5145 unitatem
2306 5105 2586 5162 personae.
2611 5089 2758 5144 Nam
2800 5087 2952 5143 sicut
2996 5083 3054 5139 in
3088 5085 3290 5140 sancta
3331 5079 3616 5137 Trinitate

1967 5177 2084 5236 alia
2102 5184 2192 5235 est
2214 5195 2461 5250 persona
2481 5178 2686 5246 Patris,
2704 5176 2817 5232 alia
2838 5173 2987 5242 Filii,
3004 5173 3120 5230 alia
3135 5171 3387 5245 Spiritus
3403 5171 3612 5239 sancti,

1968 5270 2070 5324 sed
2101 5281 2216 5325 non
2250 5267 2409 5325 aliud
2431 5272 2521 5324 est
2553 5265 2914 5336 Pater,aliud
2950 5263 3146 5331 Filius,
3172 5261 3332 5318 aliud
3364 5260 3616 5333 Spiritus

1969 5363 2210 5415 sanctus
2234 5375 2247 5413 :
2274 5358 2435 5414 itain
2458 5355 2558 5412 Dei
2588 5356 2729 5412 Filio
2760 5353 3006 5411 Domino
3035 5353 3234 5409 nostro
3255 5351 3400 5426 Jesu
3417 5347 3614 5429 Chris-

1968 5449 2047 5517 to,
2073 5443 2231 5503 aliud
2271 5451 2360 5502 est
2398 5445 2691 5512 divinitas,
2727 5442 2885 5499 aliud
2930 5443 3148 5510 anima,
3183 5431 3614 5512 aliud'corpu's;

1970 5538 2071 5592 sed
2103 5555 2217 5592 non
2240 5535 2353 5591 alia
2375 5539 2462 5590 est
2484 5549 2732 5605 persona
2752 5529 3166 5598 divinitatis,et
3197 5527 3311 5584 alia
3341 5523 3615 5583 humani-

1968 5626 2127 5693 tatis,
2143 5625 2242 5682 sed
2267 5623 2740 5694 una,eademque
2762 5637 3030 5694 persona.
3046 5621 3182 5676 Ideo
3207 5636 3322 5675 non
3343 5619 3481 5674 sunt
3500 5618 3616 5673 duo

1969 5713 2204 5781 Christi,
2229 5731 2333 5769 nec
2380 5711 2676 5781 dquilii,
2705 5713 2806 5768 sed
2855 5728 3009 5768 unus
3039 5709 3327 5778 Christus,
3362 5713 3418 5767 et
3461 5723 3616 5766 unus
3695 5703 3702 5710 ’

1973 5803 2174 5876 Filius,
2207 5804 2361 5861 Deus
2410 5805 2467 5859 et
2515 5801 2711 5870 homo,
2737 5802 2908 5877 juxta
2953 5798 3391 5874 evangelistam,
3422 5801 3617 5875 plenus
