4074 6512
501 449 658 514 H47

1230 406 1662 512 'mnemm
1708 447 1955 512 ausu.
1995 447 2365 514 ascmsp.
2412 449 2826 542 OPUSCULA
2867 448 3128 512 νΑιιιΑ.

3740 447 3938 510 ,1148

497 581 683 652 gratia
705 581 884 652 (Joau.
907 582 948 650 1)
975 597 990 638 :
1013 580 1151 656 quia
1181 579 1482 656 plenitudo
1511 580 1918 652 humanitatis,
1952 579 2150 638 anima
2178 581 2230 650 Α
2261 581 2450 640 Patris
2478 587 2762 641 venturus
2782 583 3052 657 judicare
3097 581 3257 640 vivos
3303 585 3363 640 et
3408 585 3706 640 mortuos.
3742 581 3934 648 Quid-

499 674 558 727 et
579 687 809 743 corpus,
834 675 1144 745 assumpta
1165 676 1258 729 est
1273 671 1333 728 in
1355 671 1544 729 Verbo
1564 673 1625 728 in
1646 672 1871 728 unitate
1895 687 2156 745 personas

501 776 622 816 suae
652 759 998 819 divinitatis.
1021 763 1228 819 Plenus
1256 764 1500 831 veritate,
1534 761 1674 835 quia
1701 761 1758 817 in
1795 760 2157 834 plenitudine

493 849 889 907 humanitatis
919 850 1214 907 inhabitat
1255 850 1560 924 plenitudo
1589 850 1914 907 divinitatis
1941 867 1956 906 :
1979 866 2155 922 quem

503 938 676 997 beata
701 940 880 1014 Virgo
916 941 1120 1010 Maria,
1142 939 1305 998 salva
1351 940 1684 1013 integritate
1731 940 1824 998 sui
1875 941 2157 1013 corporis,

471 1027 689 1086 .Deum
728 1033 786 1086 et
827 1029 1150 1099 hominem,
1183 1029 1428 1086 unicum
1478 1028 1668 1085 ﬁlium
1718 1029 1919 1097 edidit,
1952 1046 2157 1102 quem-

501 1117 824 1176 admodum
883 1118 1044 1176 salva
1096 1118 1428 1192 virginitate
1485 1119 1778 1192 concepit,
1839 1123 2156 1175 creatorem

501 1221 818 1279 corporum
840 1211 898 1264 et
917 1208 1252 1264 animarum
1273 1206 1690 1276 humanarum,
1716 1223 1842 1280 qua:
1861 1207 1933 1262 ab
1954 1206 2158 1262 eodem

503 1294 713 1368 opiﬁce
745 1313 852 1354 suo
900 1297 1019 1354 Deo
1071 1296 1541 1370 incorporantur,
1574 1299 1632 1352 et
1658 1293 2002 1368 priusquam
2035 1295 2160 1352 suis

504 1381 872 1457 inspirentur
901 1385 1266 1458 corporibus,
1300 1403 1416 1442 non
1457 1385 1715 1442 fuerunt.
1743 1385 1854 1441 Sed
1891 1383 2030 1458 quia
2059 1401 2162 1457 per

506 1472 683 1545 primi
713 1473 974 1532 hominis
1003 1474 1562 1549 praevaricationem,
1583 1479 1706 1530 tota
1730 1472 1974 1530 humani
1995 1490 2163 1547 gene-

477 1621 482 1628 _
504 1561 588 1619 ris
619 1579 878 1638 propago
906 1569 995 1621 est
1015 1565 1220 1622 vitiata
1249 1581 1420 1622 nemo
1451 1568 1644 1639 potest
1665 1581 1700 1620 a
1720 1563 2054 1620 conditione
2072 1579 2164 1619 ve-

503 1649 644 1708 teris
675 1649 934 1709 hominis
963 1651 1201 1710 liberari
1221 1652 1336 1710 nisi
1369 1669 1472 1726 per
1501 1657 1938 1710 sacramentum
1969 1651 2160 1725 bapti-

503 1739 715 1796 smatis
742 1739 980 1810 Christi,
1015 1741 1073 1796 in
1104 1757 1222 1814 quo
1272 1741 1434 1798 nulla
1465 1745 1555 1798 est
1603 1740 1879 1799 discretio
1927 1746 2161 1798 renato-

503 1844 633 1884 rum
671 1844 684 1886 :
716 1829 860 1902 quia
895 1847 1045 1904 quos
1096 1834 1200 1887 aut
1245 1847 1421 1887 sexus
1469 1830 1531 1886 in
1581 1847 1841 1903 corpore,
1873 1833 1978 1886 aut
2022 1833 2164 1886 sitas

502 1917 784 1976 discernit
811 1919 871 1975 in
903 1923 1185 1993 tempore,
1207 1937 1415 1977 omnes
1455 1918 1516 1976 in
1546 1936 1726 1976 unam
1776 1919 1929 1993 parit
1975 1918 2166 1993 gratia

502 2012 692 2065 mater
720 2008 1054 2077 infantiam,
1076 2008 1308 2066 dicente
1326 2007 1603 2083 Apostolo
1630 2026 1643 2064 :
1669 2011 1997 2082 Quicunque
2015 2008 2167 2064 enim

509 2097 571 2152 in
602 2097 824 2156 Christo
853 2099 1124 2170 baptizati
1149 2100 1298 2167 estis,
1321 2099 1598 2156 Christum
1639 2099 1920 2155 induistis.
1943 2099 2064 2155 Non
2089 2101 2168 2154 est

503 2185 730 2244 Iudaeus
757 2194 810 2244 et
839 2186 1094 2257 Graecus;
1123 2205 1236 2246 nou
1276 2196 1356 2245 est
1403 2204 1590 2244 servus
1635 2203 1810 2261 neque
1837 2188 1978 2244 liber
2005 2205 2025 2242 :
2054 2203 2163 2243 non

501 2281 583 2330 est
611 2277 894 2332 masculus
919 2293 1093 2350 neque
1134 2279 1348 2350 femina
1376 2296 1397 2334 :
1427 2294 1614 2336 mnes
1658 2278 1809 2334 enim
1854 2293 1946 2333 vos
1990 2293 2167 2332 unum

503 2363 632 2420 estis
675 2365 738 2420 in
778 2364 995 2424 Christo
1031 2368 1158 2424 Jcsu
1197 2366 1336 2438 (Gal.
1365 2369 1474 2436 ιιι).
1517 2366 1700 2439 Cujus
1737 2365 2166 2422 humanitatem

504 2449 567 2506 in
617 2451 783 2510 nulla
839 2454 1194 2528 proprietate
1237 2473 1504 2529 operum,
1537 2473 1666 2528 qum
1715 2458 1958 2511 naturas
2004 2455 2066 2510 in
2097 2471 2164 2511 eo

505 2539 900 2616 distinguunt,
935 2543 1214 2602 divinitas
1242 2544 1540 2614 disseruit,
1569 2549 1881 2617 postquam
1910 2559 2040 2600 eam
2071 2561 2164 2599 as-

507 2631 785 2704 sumpsit,
819 2649 926 2689 nec
959 2632 1018 2689 in
1048 2632 1177 2706 ipsa
1210 2633 1386 2690 etiam
1417 2633 1710 2708 passione,
1739 2633 2008 2706 quamvis
2038 2632 2167 2707 ipsa

505 2717 784 2778 divinitas
818 2720 1209 2796 impassibilis
1239 2739 1475 2797 semper
1501 2722 1563 2780 in
1593 2739 1705 2779 sua
1733 2726 2041 2797 permanet
2069 2738 2170 2779 na‘

507 2811 663 2864 tura.

575 2897 692 2958 ΧΧ.
712 2899 786 2956 Et
811 2900 1092 2973 quoniam
1117 2901 1376 2960 Joannes
1401 2901 1667 2975 Baptista
1696 2900 1886 2958 eidem
1915 2900 2165 2957 Domino

505 2991 709 3045 nostro
737 2989 880 3046 Jesu
911 2989 1144 3048 Christo
1182 2989 1562 3064 singulariter
1608 3007 1675 3046 ac
1728 2989 1856 3047 sine
1886 3005 2167 3046 mensura

504 3075 704 3134 datam
728 3077 985 3151 Spiritus
1017 3078 1348 3153 largitatem
1380 3079 1547 3147 dixit,
1581 3079 1641 3136 in
1671 3095 1788 3152 quo
1820 3076 2014 3134 omnis
2043 3076 2162 3150 ple-

505 3166 714 3224 nitudo
744 3166 1072 3226 divinitatis
1100 3169 1328 3226 habitat
1349 3168 1521 3241 (Joan.
1548 3167 1656 3240 ιιι),
1680 3168 1854 3240 cujus
1882 3166 2080 3223 anima
2107 3168 2166 3222 et

503 3271 640 3313 caro
662 3272 798 3313 cum
815 3257 1006 3315 Verbo
1038 3275 1193 3315 unus
1223 3262 1313 3315 est
1341 3257 1628 3324 Christus,
1650 3259 1708 3314 et
1747 3255 1959 3314 unicus
1982 3255 2160 3322 ﬁlius,

2264 671 2408 744 quid
2437 672 2596 730 enim
2636 673 2695 729 in
2728 673 2958 730 Christo
3004 674 3222 730 factum
3251 689 3380 729 esse
3425 671 3668 746 legitur,
3702 671 3788 729 ab
3819 687 3938 727 uno

2266 761 2518 830 Christo,
2541 766 2599 818 et
2636 763 2708 818 ab
2738 779 2857 819 uno
2888 761 2990 819 Dei
3020 761 3166 820 Filio
3213 767 3443 836 gestum
3489 766 3602 819 est.
3639 761 3774 817 Hoc
3803 777 3938 818 vero

2266 850 2652 924 personaliter
2678 855 2838 907 totus
2857 850 3129 908 Christus
3149 851 3428 924 dignatus
3457 855 3550 907 est
3574 866 3786 924 agere.
3814 849 3940 921 Ipse

2268 939 2484 1013 quippe
2505 956 2648 996 suas
2676 941 2980 1014 passiones
3008 939 3305 997 invenitur
3327 944 3625 1013 operatus,
3651 939 3766 1012 qui
3789 937 3940 996 nihil

2267 1029 2494 1097 habuit,
2509 1030 2665 1102 quod
2709 1033 3008 1102 pateretur
3033 1029 3271 1087 invitus.
3294 1029 3476 1102 Cujus
3511 1030 3726 1085 anima
3760 1033 3942 1085 tanta:

2269 1117 2598 1175 sanctitatis
2627 1123 2683 1174 et
2713 1119 3150 1190 iustiﬁcationis
3177 1123 3286 1186 est,
3302 1123 3367 1175 ut
3385 1135 3592 1176 omnes
3621 1118 3690 1174 in
3725 1133 3800 1175 se
3825 1135 3942 1174 ore

2269 1205 2535 1263 dentium
2565 1207 2798 1280 animae,
2823 1225 2926 1281 per
2951 1225 3082 1264 eam
3122 1208 3476 1266 sanctiﬁcari
3515 1213 3576 1265 et
3603 1206 3942 1280 justiﬁcari

2269 1300 2509 1368 queant.
2533 1297 2604 1353 Et
2635 1313 2768 1353 caro
2799 1300 2974 1353 tantas
3013 1297 3316 1354 munditiis
3357 1301 3416 1354 et
3451 1295 3756 1356 libertatis
3786 1301 3884 1353 est
3909 1312 3942 1351 ε

2271 1389 2528 1458 peccato,
2553 1389 2618 1442 ut
2637 1400 2844 1444 omnes
2863 1385 2924 1444 in
2943 1403 3009 1444 se
3027 1385 3451 1444 conﬁdentium
3473 1402 3714 1453 carnes,
3737 1385 3942 1442 divina

2269 1473 2331 1530 in
2360 1490 2428 1530 eo
2458 1479 2736 1548 operante
2763 1475 2971 1548 gratia,
3005 1475 3242 1549 purgari
3273 1480 3330 1532 et
3363 1475 3602 1532 liberari
3643 1473 3936 1548 possint:

2237 1562 2411 1636 .quia
2439 1563 2684 1636 sanguis
2723 1563 2826 1636 qui
2857 1563 2930 1620 de
2967 1563 3170 1620 eadem
3225 1579 3402 1621 carne
3457 1563 3664 1620 lancea

2233 1651 2574 1708 .vulnerata
2622 1651 2868 1710 ﬂuxerat
2916 1653 3254 1724 (Joau.x1x),
3279 1650 3530 1725 pretium
3576 1657 3674 1710 est
3725 1651 3942 1709 saluis

2271 1740 2564 1798 humanas.
2586 1742 2692 1798 Per
2709 1743 2882 1814 cujus
2901 1743 3248 1800 effusionem
3271 1743 3558 1800 exstincta
3575 1747 3672 1800 est
3691 1743 3942 1800 ﬂamma

2272 1829 2374 1888 illa
2405 1830 2661 1904 paradisi
2691 1832 2981 1902 custodia,
3013 1837 3072 1890 et
3097 1832 3192 1889 via
3219 1831 3495 1890 ﬁdelibus
3523 1833 3939 1907 npertaestod

2273 1919 2501 1994 lignum
2535 1919 2685 1993 vitae,
2717 1923 2872 1994 quod
2907 1921 3239 1995 plantatum
3288 1925 3379 1980 est
3425 1937 3594 1980 secus
3639 1923 3942 1979 decursus

2274 2027 2562 2082 aquarum
2592 2010 2909 2067 viventium
2941 2013 3115 2080 (Psal.
3147 2015 3210 2080 1).
3233 2011 3416 2085 Cujus
3443 2011 3590 2084 ligni
3619 2011 3942 2084 sapientis-

2275 2097 2462 2156 simus
2517 2099 2814 2167 Salomon,
2848 2117 2984 2158 cum
3032 2101 3105 2157 de
3153 2100 3328 2158 laude
3379 2099 3682 2173 sapientia
3747 2099 3938 2156 multa

2275 2187 2540 2254 dixisset,
2575 2189 2912 2245 recordatus
2953 2194 3062 2258 est,
3105 2189 3187 2246 ita
3232 2189 3434 2247 dicens
3464 2206 3480 2245 :
3509 2190 3722 2246 Beatus
3752 2189 3934 2259 hanc,

2273 2279 2374 2349 qui
2401 2279 2612 2334 invenit
2636 2279 2969 2351 sapientiam
2993 2286 3046 2336 et
3070 2279 3164 2334 cui
3189 2279 3376 2350 afﬂuit
3413 2276 3714 2350 prudntia
3741 2283 3933 2347 (ΡΜ.

2274 2365 2378 2438 ιιι).
2403 2367 2474 2422 Et
2503 2365 2680 2439 paulo
2711 2370 2848 2440 post
2876 2383 2890 2421 :
2926 2368 3040 2426 γεω
3066 2369 3183 2441 ejus
3223 2369 3336 2426 vim
3359 2367 3630 2440 pulchrae,
3661 2375 3720 2423 et
3751 2384 3938 2425 ama

2273 2455 2487 2512 semitae
2515 2455 2631 2526 ejus
2653 2456 2904 2527 paci/ica?
2932 2454 3117 2527 (Prov.
3141 2458 3246 2523 ιιι).
3271 2453 3520 2529 Lignum
3549 2455 3683 2512 vita
3715 2461 3818 2512 est
3845 2455 3936 2512 his

2275 2541 2376 2614 qui
2399 2541 2889 2615 apprehenderint
2907 2547 3124 2613 eam,et
3138 2542 3239 2616 qui
3257 2544 3512 2600 tenuerit
3529 2537 3932 2612 eam,l')eatus.

2275 2632 2457 2698 Quem
2489 2631 2712 2688 scilicet
2731 2631 3030 2690 Christum
3064 2633 3160 2689 Dei
3183 2631 3453 2690 virtutem
3481 2638 3540 2689 ct
3565 2632 3672 2689 Dei
3691 2635 3934 2706 sapien-

2273 2719 2416 2776 tiam
2437 2721 2642 2778 videns
2661 2721 2920 2780 Joannes
2944 2721 3210 2796 Baptista
3235 2727 3292 2779 et
3321 2739 3648 2795 prncursor
3665 2740 3825 2780 suus
3841 2739 3932 2779 ve-

2273 2808 2533 2871 nientem
2555 2811 2628 2867 ad
2647 2826 2730 2878 se,
2755 2810 3008 2884 populis,
3022 2810 3240 2884 quibus
3263 2811 3367 2868 diu
3385 2810 3554 2868 illum
3576 2813 3934 2885 praedicave-

2274 2904 2382 2967 rat,
2397 2899 2582 2972 digito
2603 2899 3045 2968 demonstravit,
3063 2899 3264 2958 dicens
3283 2917 3298 2957 :
3321 2901 3454 2958 Ecce
3470 2918 3652 2970 agnus
3671 2902 3799 2968 Dei,
3819 2917 3936 2958 sane

2271 2991 2372 3062 qui
2397 2990 2541 3046 tollit
2587 2997 2809 3062 peccata
2850 2989 3050 3046 mundi
3075 2991 3256 3059 (Joau.
3284 2990 3344 3062 1).
3371 2991 3516 3047 Ecce
3561 3007 3759 3064 agnus
3809 2990 3931 3055 Dei,

2271 3095 2405 3135 ecce
2432 3077 2734 3146 innocens,
2761 3081 2820 3134 et
2848 3078 2921 3134 ab
2950 3078 3110 3135 omni
3139 3083 3373 3152 peccato
3405 3078 3696 3135 immunis
3727 3084 3932 3152 utpote

2273 3165 2372 3240 qui
2395 3183 2460 3224 os
2480 3165 2720 3240 quidem
2743 3167 2814 3224 de
2835 3166 3070 3224 ossibus
3089 3168 3298 3235 Adam,
3320 3171 3377 3223 et
3401 3183 3636 3225 carnem
3659 3169 3734 3225 de
3755 3185 3933 3226 carne

2269 3255 2593 3322 Adam,sed
2615 3253 2839 3312 nullam
2862 3255 3182 3328 peccatrice
3214 3258 3285 3313 de
3320 3273 3492 3314 carne
3523 3257 3706 3314 traxit
3733 3274 3934 3316 ωιαιο

503 3343 708 3400 anima
734 3345 866 3418 ejus
897 3346 1129 3419 plenam
1153 3347 1212 3402 in
1235 3364 1298 3404 se
1319 3345 1641 3403 divinitatis
1673 3343 1882 3401 habuit
1909 3361 2160 3417 semper,
2189 3328 2236 3396 C
2270 3343 2389 3400 lam
2419 3343 2625 3416 culpae.
2648 3345 2792 3401 Ecce
2833 3344 2933 3417 qui
2983 3343 3133 3401 tollit
3179 3349 3486 3418 peccatum
3533 3347 3769 3416 mundi,
3799 3364 3932 3404 ecce

505 3437 564 3489 et
590 3433 771 3492 habet
797 3435 1088 3504 notitiam,
1113 3453 1250 3494 cum
1277 3454 1398 3510 qua
1445 3434 1795 3493 naturaliter
1823 3451 1941 3490 una
1969 3431 2161 3490 credi-

507 3525 606 3578 tur
623 3522 840 3582 habere
867 3541 1202 3598 personam.
1222 3526 1351 3600 Ipse
1379 3529 1470 3582 est
1488 3524 1647 3580 enim
1678 3523 1781 3601 qui
1812 3523 1912 3579 dat
1941 3521 2160 3580 sanctis

508 3610 814 3684 Spiritum,
851 3613 976 3687 ipse
1013 3620 1102 3672 est
1149 3615 1250 3688 qui
1298 3613 1512 3686 accipit
1543 3630 1558 3669 :
1593 3611 1836 3685 mqualis
1883 3610 2038 3668 Patri
2069 3628 2160 3668 se-

506 3700 769 3758 cundum
791 3701 1181 3771 divinitatem,
1205 3703 1398 3759 minor
1419 3703 1587 3760 Patre
1608 3701 1934 3758 secundum
1957 3701 2164 3756 huma-

507 3789 773 3848 nitatem.
795 3793 867 3849 Et
887 3791 1028 3865 quia
1047 3797 1256 3866 potens
1282 3796 1372 3849 est
1394 3793 1467 3849 ad
1490 3808 1829 3848 mensuram
1851 3791 2010 3858 dare,
2033 3788 2162 3846 ideo

507 3896 623 3936 non
654 3880 858 3937 debuit
887 3882 958 3938 ad
991 3898 1332 3938 mensuram
1372 3880 1652 3954 accipere.
1685 3881 1749 3937 In
1790 3879 1976 3936 forma
2005 3879 2162 3935 enim

506 3968 609 4025 Dei
633 3985 900 4037 manens,
921 3969 1208 4043 Spiritum
1231 3969 1332 4026 dat
1357 3986 1370 4026 :
1398 3971 1646 4027 formam
1679 3968 1824 4026 servi
1847 3967 2160 4040 accipiens,

507 4056 796 4132 Spiritum
825 4058 1071 4131 accepit.
1097 4059 1296 4132 Ipsum
1328 4059 1695 4132 enim,quem
1720 4058 1791 4114 ad
1823 4073 2163 4113 mensuram

507 4146 630 4215 dat,
653 4149 846 4202 totum
879 4147 1121 4220 accepit.
1156 4148 1316 4207 Idem
1357 4148 1630 4206 sacerdos
1681 4150 1739 4203 et
1783 4146 2160 4214 sacriﬁcium,

506 4233 750 4292 veniens
771 4235 843 4291 ad
868 4253 976 4293 nos
997 4237 1204 4294 otierre
1228 4255 1332 4311 pro
1364 4236 1554 4306 nobis,
1573 4237 1728 4311 quod
1749 4235 2074 4308 assumpsit
2095 4251 2165 4291 ex

511 4322 704 4392 nobis,
745 4327 812 4381 ut
841 4325 1097 4384 auferret
1117 4345 1151 4384 a
1179 4327 1348 4384 nobis
1370 4327 1526 4400 quod
1559 4326 1777 4383 invenit
1806 4325 1866 4381 in
1891 4324 2080 4394 nobis,
2105 4325 2164 4380 id

508 4415 600 4468 est
629 4417 955 4484 peccatum,
989 4414 1276 4473 mediator
1321 4414 1422 4472 Dei
1471 4417 1532 4472 et
1577 4414 1908 4486 hominum,
1939 4413 2164 4470 habens

511 4517 647 4557 cum
675 4501 845 4560 Patre
887 4505 1156 4562 eamdem
1188 4503 1512 4561 divinitatis
1554 4507 1846 4572 naturam,
1869 4507 1928 4560 et
1955 4503 2164 4559 huma-

509 4588 713 4646 nitatis
735 4593 1002 4650 eamdem
1024 4609 1160 4650 cum
1194 4597 1380 4650 matre
1401 4593 1820 4651 substantiam.
1845 4592 2078 4649 Habens
2098 4608 2166 4648 ex

509 4677 679 4770 nobis
711 4697 902 4770 usque
928 4681 1001 4737 ad
1026 4685 1297 4770 mortem,
1323 4685 1535 4739 nostris
1555 4681 1890 4755 iniquitatis
1910 4698 2164 4754 poenam,
2197 4705 2243 4770 Ι)

507 4767 733 4827 habens
763 4769 1307 4828 incommutabilem
1357 4771 1429 4828 de
1482 4772 1598 4828 Deo
1640 4771 1807 4830 Patre
1845 4771 2163 4844 justitiam.

510 4857 750 4932 Propter
771 4863 1032 4916 nostram
1055 4858 1428 4933 iniquitatem
1447 4859 1847 4934 temporaliter
1871 4865 2158 4930 mortuus,

509 4950 748 5022 propter
767 4946 1067 5021 justitiam
1099 4965 1290 5020 suam,
1323 4953 1382 5006 et
1410 4947 1536 5023 ipse
1575 4966 1809 5022 semper
1835 4948 2018 5006 vivus.
2051 4949 2160 5017 Qui

509 5035 796 5094 Dominus
826 5041 884 5093 et
925 5053 1024 5094 rex
1071 5037 1268 5113 gloria:
1291 5039 1462 5110 (Psal.
1495 5043 1654 5108 nm)
1687 5039 2002 5096 cruciﬁxus
2049 5043 2160 5108 est,

509 5143 578 5182 ex
607 5125 948 5184 inﬁrmitate
979 5131 1200 5197 nostra,
1215 5129 1316 5186 sed
1346 5128 1486 5186 vivit
1507 5146 1577 5186 ex
1604 5127 1820 5184 virtute
1848 5145 1974 5183 sua.
2002 5129 2162 5186 Idem

510 5215 667 5274 Deus
695 5215 796 5289 qui
830 5215 889 5272 in
923 5233 1096 5275 cruce
1125 5218 1300 5276 homo
1330 5219 1523 5275 factus
1561 5217 1856 5291 pependit,
1879 5220 1938 5272 et
1975 5218 2034 5273 in
2071 5234 2160 5276 se-

513 5304 716 5380 pulcro
744 5304 902 5361 idem
925 5305 1079 5364 Deus
1100 5306 1274 5366 homo
1293 5309 1486 5364 factus
1508 5305 1694 5378 jacuit
1719 5322 1732 5360 :
1758 5305 1860 5362 sed
1889 5303 1950 5360 in
1973 5303 2165 5378 sepul-

510 5411 608 5452 cro
639 5395 966 5452 secundum
1007 5396 1192 5453 solam
1233 5414 1467 5454 carnem
1499 5396 1654 5452 idem
1687 5395 1840 5451 Deus
1862 5394 2071 5467 jacuit,
2103 5398 2162 5450 et

513 5482 570 5538 in
603 5481 898 5540 infernum
938 5487 1266 5542 secundum
1309 5485 1494 5542 solam
1544 5485 1803 5542 animam
1835 5484 2160 5552 descendit,

512 5575 570 5628 et
598 5575 914 5631 resurrexit
942 5575 1112 5632 tertia
1159 5575 1252 5632 die
1299 5593 1509 5632 carne:
1540 5575 1680 5647 quia
1709 5578 2011 5648 peccatum
2043 5590 2159 5630 non

514 5660 669 5727 fecit,
691 5679 728 5719 a
755 5681 872 5738 quo
901 5669 1232 5740 resurgeret
1261 5665 1460 5722 anima
1484 5667 1535 5736 (ι
1553 5663 1674 5721 Cor.
1699 5667 1814 5733 xv).
1848 5661 1976 5735 Ipse
2006 5661 2161 5720 Deus

515 5755 572 5808 et
601 5750 776 5810 homo
823 5755 1090 5812 ascendit
1126 5755 1188 5812 in
1217 5754 1450 5822 ccelum,
1482 5758 1539 5812 et
1565 5753 1728 5811 sedet
1776 5751 1849 5808 ad
1898 5751 2160 5809 dextram

2269 3431 2372 3506 qui
2391 3433 2595 3506 justus
2624 3432 2776 3490 inter
2803 3437 3157 3506 peccatores,
3180 3433 3342 3491 mitis
3371 3434 3526 3491 inter
3551 3435 3797 3510 impios,
3819 3436 3926 3493 hoc

2269 3526 2380 3591 est,
2394 3521 2564 3594 quasi
2597 3538 2787 3596 agnus
2818 3522 2972 3578 inter
2998 3521 3170 3596 lupos
3198 3539 3487 3596 apparens
3516 3523 3700 3582 etiam
3731 3542 3929 3599 ponet

2271 3615 2427 3668 tores
2456 3615 2515 3666 et
2543 3611 2757 3684 impios
2778 3610 3148 3683 justiﬁcandi
3179 3613 3354 3670 habet
3383 3617 3759 3686 potestatem.

2340 3699 2479 3756 XXI.
2504 3701 2803 3766 Quomodo
2825 3707 3023 3756 autem
3044 3706 3348 3774 peccatum
3380 3701 3590 3760 mundi
3610 3702 3926 3777 tollanuo

2271 3788 2474 3846 ordine
2493 3789 2786 3861 justiﬁcet
2817 3787 3049 3861 impios,
3075 3790 3375 3864 apostolus
3409 3791 3615 3850 Petrus
3645 3793 3926 3850 ostendit.

2271 3877 2373 3952 qui
2403 3878 2485 3934 ait
2509 3894 2525 3933 :
2546 3878 2666 3934 Non
2685 3878 3135 3951 comptibilibus
3155 3888 3374 3952 argento
3393 3880 3477 3937 vel
3504 3897 3650 3937 auro
3667 3881 3928 3954 redanpt:

2271 3969 2401 4024 estis
2427 3967 2494 4024 de
2523 3985 2667 4023 vana
2685 3975 2864 4024 vestra
2879 3971 3292 4026 conversatione
3307 3978 3560 4042 paterna:
3587 3970 3928 4034 ιωάἰιὶαιιές,

2273 4057 2372 4112 sed
2405 4055 2657 4129 prclioso
2687 4057 3178 4130 sanguine,quasi
3210 4058 3348 4130 agni
3392 4057 3846 4117 incontaminati
3873 4065 3930 4116 et

2271 4144 2638 4202 immaculati
2663 4145 2804 4202 Jcsu
2837 4145 3051 4202 Christi
3070 4147 3119 4219 (Ι
3139 4149 3286 4203 Petr.
3312 4147 3374 4220 1).
3395 4148 3467 4204 Et
3496 4147 3558 4204 in
3577 4147 3928 4222 Apocalypsi

2271 4233 2528 4292 Joannes
2558 4233 2860 4308 apostolus
2889 4251 2903 4290 :
2936 4237 3051 4309 Qui
3078 4235 3278 4294 dilexit
3316 4253 3437 4304 nos,
3471 4237 3690 4310 inquit,
3713 4247 3767 4296 et
3795 4239 3934 4294 ma

2271 4341 2368 4382 nos
2402 4343 2437 4380 a
2459 4326 2698 4397 peccatis
2727 4325 2929 4382 nostris
2971 4325 3029 4380 in
3077 4327 3350 4396 sanguine
3375 4343 3474 4383 suo
3505 4327 3692 4400 (Apoc.
3717 4329 3780 4399 1).
3803 4327 3927 4384 Non

2274 4413 2468 4470 solum
2483 4417 2681 4470 autem
2703 4411 2843 4468 lavit
2866 4429 2973 4470 nos
2995 4431 3029 4469 a
3049 4413 3302 4486 peccatis
3319 4414 3539 4471 nostris
3559 4414 3621 4471 in
3641 4414 3928 4490 sanguine

2273 4520 2402 4571 suo,
2432 4502 2666 4576 quando
2706 4502 3055 4576 sanguinem
3098 4519 3276 4560 suum
3313 4504 3475 4560 dedit
3515 4503 3576 4560 in
3620 4521 3798 4562 cruce
3827 4521 3928 4578 pro

2273 4592 2466 4659 nobis,
2488 4590 2574 4648 vel
2607 4591 2843 4664 quando
2881 4589 3131 4664 quisque
3169 4596 3440 4649 nostrum
3479 4593 3542 4650 in
3579 4593 3926 4667 mysterium

2273 4683 2656 4738 sacrosancta
2685 4680 2980 4754 passionis
2999 4679 3161 4738 illius
3187 4681 3466 4754 baptismi
3487 4682 3660 4755 aquis
3688 4682 3926 4740 ablutus

2275 4775 2617 4828 estzverum
2646 4769 2824 4826 etiam
2854 4770 3115 4844 quotidie
3145 4769 3298 4828 tollit
3325 4775 3564 4844 peccata
3590 4771 3825 4839 mundi,
3845 4772 3925 4828 la-

2270 4863 2482 4933 vatque
2501 4876 2608 4916 nos
2629 4877 2665 4916 a
2678 4859 2933 4932 peccatis
2953 4859 3169 4918 nostris
3180 4859 3538 4933 quotidianis
3559 4859 3618 4918 in
3638 4861 3924 4936 sanguine

2272 4966 2402 5018 suo,
2418 4966 2552 5006 cum
2583 4949 2848 5021 ejusdem
2885 4948 3068 5006 beatae
3100 4948 3392 5022 passionis
3413 4950 3486 5008 ad
3505 4950 3690 5008 altare
3709 4967 3926 5008 memo-

2272 5038 2362 5094 ria
2391 5037 2728 5111 replicatur,
2741 5055 2874 5095 cum
2909 5036 3081 5111 panis
3110 5044 3170 5096 et
3196 5038 3315 5096 vini
3342 5044 3630 5107 creatura,
3651 5039 3714 5096 in
3737 5056 3925 5098 sacra-

2271 5133 2538 5185 mentum
2571 5129 2767 5186 carnis
2795 5133 2852 5186 et
2881 5128 3190 5202 sanguinis
3233 5129 3338 5197 eis,
3373 5128 3652 5186 ineﬂ‘abili
3679 5129 3924 5202 spiritus

2271 5217 2735 5275 sanctiﬁcatione
2754 5218 3135 5287 transfertur;
3156 5218 3358 5291 sicque
3373 5235 3588 5291 corpus
3603 5223 3664 5274 et
3677 5219 3922 5292 sanguis
3981 5255 3989 5264 .

2271 5305 2452 5374 illius,
2485 5324 2601 5364 non
2633 5305 2960 5363 inﬁdelium
2994 5307 3266 5365 manibus
3298 5308 3372 5363 ad
3401 5307 3720 5381 perniciem
3751 5324 3918 5365 suam

2271 5395 2539 5452 funditur
2566 5401 2624 5452 et
2652 5395 2958 5463 occiditur,
2999 5397 3100 5452 sed
3142 5395 3404 5453 ﬁdelium
3431 5413 3530 5453 ore
3573 5396 3834 5454 sumitur
3859 5397 3917 5453 in

2270 5485 2732 5557 salutem.Cujus
2750 5489 2903 5542 recte
2919 5485 3169 5559 ﬁguram
3188 5501 3376 5558 agnus
3400 5485 3458 5541 in
3483 5485 3606 5560 lege
3626 5485 3918 5559 paschalis

2269 5575 2545 5644 ostendit,
2559 5575 2661 5648 qui
2684 5574 2864 5631 semel
2895 5573 3179 5647 populum
3199 5575 3272 5630 de
3288 5575 3621 5648 Egyptians
3644 5576 3918 5632 servitute

2266 5663 2544 5733 liberans,
2577 5663 2637 5720 in
2697 5662 3037 5722 memoriam
3068 5663 3333 5736 ejusdem
3393 5663 3760 5722 liberationis
3817 5679 3918 5738 per

2268 5769 2473 5811 omnes
2503 5770 2690 5810 annos
2734 5751 3135 5810 immolatione
3173 5769 3282 5812 sua
3327 5752 3608 5826 populum
3641 5754 3910 5811 eumdem
