4074 6506
161 485 318 548 1149

1439 491 1628 555 νΙΤΑ
1672 491 1950 555 SANCTI
1997 495 2324 559 REMIGII.

3408 504 3562 566 1150

158 619 522 713 sanctificare
553 617 779 713 solebat
806 620 998 713 (Exod.
1031 621 1150 695 xu),
1183 621 1365 680 donec
1418 623 1639 680 veniret
1678 625 1802 698 ipse
1831 625 1884 692 Α
1911 626 2065 684 beati
2087 628 2302 686 Nicasii
2323 629 2486 688 urbis
2509 630 2689 705 hujus
2710 633 3002 705 pontiﬁcis
3023 639 3080 692 et
3101 637 3374 710 martyris
3397 638 3555 713 (nam

158 710 253 766 cui
275 709 411 765 talis
430 709 624 766 hostia
648 709 1052 767 testimonium
1084 713 1282 768 dabat.
1307 713 1668 786 Oblatusque
1700 716 1803 770 Pa-

157 799 230 855 tri
254 817 357 873 pro
378 799 548 856 nobis
569 799 626 855 in
650 800 904 856 hostiam
937 803 1290 874 odoremque
1320 803 1644 871 suavitatis,
1681 822 1805 877 my-

158 888 403 946 sterium
435 906 554 945 sua
611 889 924 962 passionis,
957 892 1152 948 oblato
1183 909 1354 966 agno,
1388 892 1447 948 in
1480 899 1804 950 creaturam

158 979 329 1052 panis
357 977 594 1051 vinique
623 981 984 1052 transferret,
1018 983 1290 1038 sacerdos
1321 983 1511 1039 factus
1550 983 1608 1038 in
1641 988 1804 1040 aeter-

159 1085 326 1134 num,
351 1069 676 1124 secundum
699 1069 964 1126 ordinem
988 1069 1541 1145 Melchisedech,qui
1563 1090 1666 1145 per
1682 1090 1808 1146 pro-

155 1157 354 1230 prium
385 1157 732 1229 sanguinem
763 1157 943 1214 semel
975 1159 1231 1215 introivit
1251 1160 1310 1216 in
1343 1167 1566 1229 sancta,
1593 1168 1808 1218 aeterna

155 1247 557 1318 redemptione
587 1246 822 1305 inventa
851 1250 1033 1315 (Hebr.
1066 1266 1104 1304 v
1129 1257 1182 1306 et
1208 1253 1308 1318 v1).
1343 1251 1491 1317 Quia
1547 1251 1805 1308 Verbum

156 1336 314 1410 quod
336 1339 461 1392 erat
482 1335 540 1392 in
563 1336 848 1409 principio
874 1337 1028 1395 Deus
1048 1340 1204 1412 apud
1229 1344 1427 1409 Deum,
1453 1341 1621 1398 cibus
1653 1358 1804 1397 sem-

156 1425 422 1498 piternus
434 1430 772 1482 sanctorum
785 1427 1313 1502 angelorum,unde
1324 1430 1526 1486 vivunt
1539 1447 1804 1502 supernas

153 1514 424 1582 virtutes,
447 1531 581 1571 caro
605 1516 822 1570 factum
846 1521 952 1584 est,
980 1517 1037 1572 id
1061 1524 1150 1574 est
1169 1519 1324 1575 idem
1349 1520 1503 1576 Deus
1525 1520 1802 1586 Verbum,

156 1604 316 1676 quod
336 1607 461 1659 erat
481 1605 637 1676 apud
663 1605 1050 1671 Deum,homo
1068 1608 1258 1663 factus
1278 1613 1384 1676 est,
1409 1609 1562 1665 sicut
1581 1609 1805 1666 dictum

155 1697 266 1762 est,
295 1697 353 1748 et
373 1709 603 1766 semper
629 1694 986 1751 credendum
1017 1700 1194 1770 atque
1221 1697 1537 1754 dicendum
1566 1701 1805 1766 est.Quo

155 1786 393 1839 auctore
419 1785 476 1839 et
504 1783 890 1856 redemptore,
924 1802 1080 1841 nunc
1111 1786 1170 1841 in
1225 1787 1369 1843 coelo
1423 1786 1625 1843 vivunt
1674 1789 1804 1845 cibo

155 1870 514 1945 sempiterno
546 1872 852 1929 beatorum
901 1873 1166 1945 spiritus,
1201 1892 1267 1931 ac
1299 1881 1580 1950 perpetuo
1611 1879 1804 1934 omnis

153 1960 309 2017 vivet
364 1959 623 2017 Ecclesia
672 1966 1029 2019 sanctorum.
1065 1965 1135 2020 Et
1163 1981 1270 2021 nos
1300 1983 1435 2021 vera
1472 1967 1600 2038 ejus
1631 1984 1803 2022 carne

134 2050 230 2106 vde
250 2067 420 2106 cruce
439 2050 757 2122 pascimur,
783 2055 839 2107 et
870 2053 1155 2125 sanguine
1183 2070 1316 2110 vero
1345 2071 1412 2110 ac
1440 2055 1586 2124 vivo,
1604 2057 1703 2128 qui
1735 2058 1806 2113 de

154 2138 337 2196 latere
365 2140 493 2212 ejus
523 2140 581 2196 in
613 2157 784 2197 cruce
812 2142 1093 2211 manavit,
1124 2145 1541 2217 potamur:qui
1565 2147 1809 2202 mandu-

155 2233 325 2286 catus
353 2233 412 2284 et
442 2233 699 2303 potatus,
731 2230 955 2303 integer
992 2238 1322 2304 perseverat
1365 2238 1422 2290 et
1449 2235 1634 2303 vivus,
1669 2236 1808 2308 quia

157 2318 412 2374 surrexit
439 2318 686 2376 occisus.
720 2321 790 2376 Et
820 2319 880 2376 in
923 2321 1034 2377 hac
1089 2323 1336 2395 mystica
1395 2323 1808 2380 distributione

157 2406 486 2480 spiritualis
504 2408 932 2478 alimoniae,boc
948 2409 1417 2483 impartitur,hoc
1437 2413 1719 2482 sumitur;
1744 2419 1810 2469 ut

157 2496 515 2569 accipientes
541 2498 821 2554 virtutem
846 2499 1099 2557 caelestis
1129 2501 1267 2568 cibi,
1297 2501 1356 2557 in
1388 2520 1624 2559 carnem
1656 2505 1806 2575 ejus,

159 2586 409 2658 quiearo
429 2591 628 2643 nostra
649 2589 836 2644 factus
857 2593 967 2656 est,
988 2594 1378 2659 transeamus,
1399 2593 1526 2648 etin
1541 2611 1656 2666 quo
1671 2611 1808 2649 cru-

158 2676 337 2743 cifixi,
370 2675 462 2732 cui
493 2679 862 2745 commortui,
896 2683 954 2734 et
983 2680 1331 2753 consepulti,
1355 2686 1412 2738 et
1439 2683 1807 2738 conresusci-

160 2765 292 2833 tati,
324 2765 518 2838 ipsum
550 2783 654 2839 per
697 2767 895 2823 omnia
950 2785 1123 2825 carne
1155 2775 1212 2825 et
1242 2771 1452 2843 spiritu
1485 2777 1805 2846 gestemus.

157 2855 307 2912 Nam
336 2853 507 2912 aliter
533 2855 594 2912 in
627 2861 831 2913 sancta
858 2858 1269 2932 Ecclesia,quae
1302 2877 1516 2933 corpus
1543 2862 1672 2934 ejus
1697 2865 1804 2930 est,

156 2961 266 3000 nec
286 2949 413 3001 rata
440 2947 784 3014 sacerdotia,
808 2963 913 3003 nec
934 2965 1070 3005 vera
1100 2953 1240 3005 sunt
1270 2950 1575 3019 sacrificia,
1601 2950 1715 3007 nisi
1747 2951 1805 3006 in

157 3037 371 3090 nostrae
420 3034 773 3108 proprietate
823 3041 1064 3106 naturae,
1089 3055 1261 3094 verus
1292 3056 1398 3095 nos
1429 3041 1686 3112 pontifex
1717 3057 1804 3096 re-

154 3121 444 3191 conciliet,
459 3127 697 3180 etverus
723 3125 1086 3182 immaculati
1101 3127 1235 3200 agni
1251 3129 1492 3201 sanguis
1505 3129 1803 3186 emundet.

153 3211 265 3280 Qui
290 3211 424 3269 licet
444 3211 503 3269 in
528 3213 713 3270 Patris
735 3215 968 3271 dextera
989 3217 1066 3272 sit
1095 3218 1468 3286 constitutus,
1505 3217 1564 3272 in
1599 3219 1802 3274 eadem

151 3305 353 3358 tamen
375 3319 569 3374 carne,
588 3320 762 3376 quam
787 3305 1112 3378 assumpsit
1128 3323 1196 3362 ex
1215 3306 1805 3380 Virgine,sacramen-

154 3393 285 3446 tum
334 3389 766 3464 propitiationis
821 3396 1160 3466 exsequitur
1215 3395 1442 3453 dicente
1485 3397 1799 3469 Apostolo:

153 3478 406 3536 Christus
433 3484 612 3549 Jesus,
647 3483 744 3555 qui
789 3492 1037 3540 mortuus
1077 3493 1174 3551 est,
1208 3487 1317 3542 imo
1359 3487 1457 3558 qui
1484 3495 1535 3542 et
1561 3504 1805 3544 resurre-

151 3569 262 3636 xit,
293 3571 391 3642 qui
415 3578 497 3627 est
522 3571 584 3626 in
612 3569 836 3628 dextera
861 3574 981 3639 Dei,
1015 3576 1114 3646 qui
1152 3576 1316 3631 etiam
1371 3577 1682 3648 interpellat
1703 3594 1804 3650 pro

152 3657 316 3713 nobis
345 3657 517 3729 (Rom.
545 3663 688 3726 vm).

229 3745 398 3802 XXII.
422 3747 612 3818 Hujus
643 3748 692 3802 si
724 3748 962 3821 quidem
1019 3750 1208 3823 gratia
1259 3752 1530 3824 repletos,
1564 3757 1622 3808 et
1648 3753 1708 3808 in
1738 3769 1806 3809 ea

155 3851 347 3907 usque
377 3835 449 3890 ad
479 3852 782 3892 excessum
830 3838 958 3894 vitae
1002 3845 1458 3912 perseverantes,
1491 3859 1805 3913 poscamus

156 3941 268 3981 nos
286 3923 459 3981 istius
481 3924 666 3982 Patris
687 3926 872 3983 nostri
895 3928 1122 3984 meritis
1145 3946 1210 3985 ac
1231 3929 1503 4002 precibus
1525 3930 1808 4002 multipli-

154 4014 299 4081 cari,
333 4030 368 4070 a
396 4013 592 4070 fructu
642 4015 942 4085 frumenti,
975 4021 1034 4073 et
1081 4015 1200 4072 vini
1247 4023 1304 4074 et
1333 4017 1443 4074 olei
1474 4019 1595 4087 Dei,
1629 4019 1686 4076 id
1717 4024 1805 4076 est

153 4103 424 4160 doctrina
469 4108 688 4173 sancta,
725 4105 1014 4178 sapientia
1057 4123 1334 4179 superna,
1365 4107 1572 4163 divinae
1603 4109 1802 4182 gratiae

153 4192 578 4263 misericordia,
614 4197 679 4250 ut
708 4194 976 4251 inebriati
1009 4197 1082 4252 ab
1114 4197 1379 4252 ubertate
1408 4197 1622 4254 domus
1653 4200 1800 4271 ejus,

153 4299 222 4339 ac
241 4279 617 4354 pinguedine,
649 4283 917 4340 videlicet
943 4284 1132 4358 gratia
1161 4286 1346 4342 sancti
1381 4286 1654 4359 Spiritus,
1690 4306 1806 4361 qua

153 4369 413 4444 repletur
432 4370 722 4429 catholica
742 4373 1153 4447 Eeclesia,quse
1175 4379 1265 4432 est
1285 4377 1496 4433 domus
1515 4383 1572 4434 et
1593 4395 1805 4452 corpus

153 4461 286 4533 ejus
317 4461 562 4517 ﬂumina
591 4462 661 4518 de
680 4467 880 4520 ventre
911 4469 1108 4520 nostro
1141 4465 1326 4520 fluant
1356 4482 1519 4538 aqua:
1549 4467 1708 4534 vivae,
1735 4469 1805 4524 de

155 4547 454 4607 mentibus
485 4549 710 4607 scilicet
738 4551 954 4608 nostris
984 4552 1318 4625 spirituales
1347 4554 1645 4623 doctrinae,
1679 4574 1804 4628 quae

155 4641 299 4696 sunt
326 4638 533 4696 animae
562 4639 714 4696 vita:
736 4645 793 4697 et
821 4658 970 4714 quos
999 4659 1102 4715 per
1127 4641 1487 4715 baptismum
1521 4645 1592 4700 ab
1625 4647 1808 4702 omni-

1915 716 1993 775 ibi
2019 721 2550 792 tunc-morabatur)
2595 739 2656 778 se
2704 726 3064 796 prostravit:
3098 730 3154 782 et
3203 745 3451 802 surgens
3491 729 3563 786 ab

1917 810 2197 880 oratione,
2227 813 2556 884 suspiciens
2605 814 2664 869 in
2705 815 2937 882 ccelum,
2971 815 3256 890 ingemuit
3285 823 3342 875 et
3371 820 3515 875 dixit
3547 837 3560 875 :

1916 900 2091 969 Deus,
2111 901 2266 956 Deus
2284 917 2469 970 meus,
2490 903 2689 960 adesto
2711 904 2834 960 voci
2859 923 3019 961 meae.
3043 906 3111 961 Et
3131 907 3359 963 concito
3388 925 3562 964 cursu

1917 1005 2019 1061 per
2037 991 2420 1062 gradus,ante
2443 991 2632 1064 ipsam
2665 993 2970 1050 ecclesiam
2995 994 3178 1068 petris
3208 997 3565 1069 compositos

1915 1094 2208 1150 egressus,
2235 1079 2526 1135 civitatem
2551 1082 2739 1153 petiit.
2770 1084 2832 1138 In
2855 1083 3071 1155 quibus
3095 1084 3369 1157 petris,ac
3393 1087 3440 1141 si
3466 1104 3564 1142 su-

1916 1184 2019 1240 per
2042 1168 2214 1225 molle
2237 1169 2428 1225 lutum
2450 1169 2738 1242 impressa
2759 1173 2806 1243 ej
2818 1190 2885 1228 us
2908 1173 3145 1228 fuerunt
3165 1175 3563 1248 vestigia,quze

1915 1257 2204 1331 hodieque
2235 1259 2314 1314 ibi
2349 1260 2419 1315 ad
2454 1262 2796 1316 memoriam
2829 1261 3007 1317 divini
3041 1263 3307 1320 miraculi
3331 1266 3566 1321 demon-

1915 1351 2196 1403 strantur.
2229 1349 2298 1403 Et
2321 1347 2404 1404 sic
2436 1349 2606 1406 celeri
2654 1349 2955 1407 velocitate
2987 1354 3263 1422 cucurrit,
3296 1358 3469 1427 atque
3503 1372 3565 1411 se

1913 1435 2035 1509 igni
2067 1439 2341 1509 opposuit
2375 1455 2388 1494 :
2423 1439 2742 1512 statimque
2774 1445 2838 1496 ut
2868 1445 3106 1497 extensa
3134 1443 3336 1498 dextra
3365 1447 3568 1499 contra

1865 1565 1869 1567 -
1915 1525 2273 1598 ignem,cum
2297 1528 2657 1584 invocatione
2673 1529 2886 1586 Christi
2911 1531 3166 1586 nominis
3188 1531 3422 1604 signum
3438 1549 3566 1588 sane

1915 1619 2020 1670 ctae
2051 1616 2242 1672 erucis
2273 1618 2428 1686 fecit,
2462 1622 2650 1674 totum
2682 1618 2828 1674 illud
2861 1619 3398 1689 incendium,velut
3429 1639 3568 1694 quo-

1914 1706 2052 1760 dam
2083 1710 2246 1761 reatu
2277 1707 2531 1779 cognito,
2563 1707 2747 1763 fracta
2776 1712 2833 1762 et
2863 1709 3117 1777 concisa,
3149 1714 3323 1782 atque
3346 1710 3404 1765 in
3437 1727 3566 1767 sese

1915 1793 2088 1850 relisa
2113 1794 2344 1864 virtute,
2379 1795 2554 1869 coepit
2611 1801 2744 1854 ante
2787 1796 2893 1852 viri
2938 1797 3039 1854 Dei
3071 1798 3442 1870 praesentiam
3473 1800 3563 1855 fu-

1912 1899 2068 1955 gere.
2101 1884 2264 1950 Quod
2311 1884 2400 1940 vir
2444 1884 2545 1940 Dei
2587 1901 2818 1958 semper
2858 1886 3297 1958 insequebatur,
3330 1892 3386 1956 et
3413 1887 3565 1944 inter

1835 1995 1882 2060 Β
1915 1972 2132 2045 ignem,
2164 1977 2222 2030 et
2252 1991 2341 2041 ea,
2374 1991 2499 2046 qua:
2531 1975 2723 2030 adhuc
2745 1979 2912 2031 erant
2936 1976 3190 2043 residua,
3224 1993 3358 2032 cum
3392 1975 3563 2050 signo

1838 3365 1876 3392 η

1834 3399 1878 3433 υ

1916 2066 2130 2117 sanctae
2161 2063 2351 2119 crucis
2383 2067 2439 2118 et
2468 2063 2832 2119 invocatione
2871 2064 3083 2120 Christi
3119 2081 3180 2120 se
3211 2065 3560 2137 opponebat.

1916 2151 2128 2223 Sicque
2140 2155 2325 2207 totu'm
2341 2153 2714 2207 flammarum
2727 2152 3129 2225 globum,ante
3142 2169 3203 2208 se
3220 2152 3563 2224 fugientem,

1919 2257 2021 2313 per
2049 2245 2346 2314 patentem
2380 2246 2607 2313 portam
2623 2241 2729 2313 (sic
2750 2241 2906 2298 enim
2931 2246 3073 2297 tunc
3102 2241 3382 2312 temporis
3401 2258 3566 2297 voca-

1916 2329 2108 2398 batur,
2142 2327 2282 2400 quia
2311 2329 2497 2400 portis
2543 2327 2675 2384 aliis
2716 2327 2933 2384 clausis
2978 2330 3050 2384 ob
3083 2328 3337 2384 civitatis
3368 2333 3568 2384 custo-

1917 2416 2216 2488 diam,pro
2246 2416 2582 2471 exeuntium
2613 2420 2670 2471 et
2700 2416 3120 2472 introeuntium
3152 2416 3568 2474 commoditate

1918 2504 1978 2560 in
2011 2503 2104 2562 die
2133 2505 2390 2578 patebat)
2419 2503 2616 2560 divina
2647 2505 2907 2576 potentia
2935 2504 3241 2576 expulit,et
3265 2504 3381 2560 alia
3398 2510 3568 2578 porta

1917 2594 1990 2650 ad
2013 2594 2122 2649 hoc
2147 2593 2405 2650 ofﬁcium
2436 2596 2736 2666 deputata,
2761 2595 3060 2666 prmfatam
3082 2599 3310 2666 portam
3333 2592 3564 2666 clausit,

1917 2687 1974 2740 et
1995 2687 2060 2738 ut
2080 2699 2383 2754 nunquam
2409 2684 2479 2738 ab
2504 2683 2700 2754 aliquo
2721 2681 3208 2754 aperiretur,cum
3233 2681 3568 2738 intermina-

1917 2773 2075 2828 tione
2100 2771 2391 2840 vindictae,
2425 2771 2526 2844 qui
2559 2771 2723 2826 illam
2757 2776 3138 2844 praesumeret
3167 2771 3411 2843 aperire,
3437 2789 3565 2843 pro-

1915 2861 2110 2917 hibuit
2143 2879 2156 2916 :
2191 2861 2342 2917 sicut
2370 2866 2428 2917 et
2456 2861 2633 2918 Josue
2678 2861 3032 2932 imprecatus
3063 2863 3152 2915 est
3183 2858 3462 2915 ultionem
3494 2859 3564 2915 de

1915 2967 1981 3007 eo
2011 2950 2108 3021 qui
2142 2967 2343 3008 muros
2371 2950 2624 3018 Jericbo,
2658 2949 2758 3005 Dei
2803 2949 3015 3005 virtute
3062 2949 3337 3021 dejectos,
3371 2949 3563 3005 denuo

1915 3044 2270 3096 restauraret
2290 3041 2419 3109 (Jos.
2444 3042 2541 3108 vn).
2569 3040 2705 3095 Post
2727 3039 3014 3111 quosdam
3034 3055 3167 3094 vero
3193 3054 3398 3106 annos,
3423 3037 3563 3094 civis

1913 3129 2156 3202 quidam
2184 3130 2421 3185 nomine
2454 3129 2780 3196 Fercintus,
2805 3144 2974 3183 secus
3003 3125 3161 3182 illam
3186 3131 3414 3199 portam
3446 3144 3562 3183 ma-

1912 3222 2392 3290 nens,pertusum
2419 3217 2477 3273 in
2501 3217 2775 3289 maceria,
2791 3233 2907 3288 qua
2926 3217 3130 3272 eadem
3151 3220 3319 3288 porta
3337 3217 3566 3272 obstru-

1915 3313 2011 3364 cta
2041 3309 2248 3375 fuerat,
2281 3307 2434 3378 fecit,
2469 3323 2571 3380 per
2599 3323 2773 3380 quem
2807 3307 3012 3361 limum
3043 3323 3162 3362 sua:
3194 3305 3371 3361 cortis
3390 3304 3561 3376 ejice-

1915 3401 2022 3454 ret.
2058 3399 2239 3464 Quem
2299 3414 2433 3453 mox
2481 3401 2646 3453 tanta
2688 3399 2776 3452 est
2814 3395 3070 3451 vindicta
3099 3398 3319 3462 secuta,
3352 3397 3418 3448 ut
3446 3411 3563 3450 non

1913 3487 2233 3558 homo,non
2255 3502 2433 3559 pecus
2456 3485 2620 3542 clade
2641 3483 3081 3558 superveniente
3103 3484 3161 3539 in
3175 3484 3378 3540 eadem
3390 3484 3564 3539 domo

1914 3576 2278 3634 remanserit.
2309 3577 2370 3631 In
2389 3593 2505 3648 quo
2528 3573 2811 3630 miraculo
2834 3573 3110 3630 omnibus
3130 3571 3318 3645 gratia
3341 3571 3436 3628 Dei
3466 3572 3564 3627 de-

1914 3664 2173 3733 claravit,
2218 3664 2371 3736 quod
2401 3662 2488 3718 vir
2518 3663 2617 3718 Dei
2648 3662 2856 3735 plenus
2887 3662 3020 3732 ﬁde,
3054 3659 3187 3733 plus
3218 3659 3352 3732 igne
3385 3658 3564 3714 divini

1913 3753 2132 3809 amoris
2163 3751 2470 3823 coluit,qui
2494 3752 2772 3807 saevitiam
2803 3755 2979 3806 tanta:
3013 3747 3432 3821 indignationis
3451 3765 3565 3803 me-

1914 3843 2044 3898 ritis
2073 3840 2293 3898 sanctis
2342 3840 2466 3896 suis
2514 3840 2704 3905 evicit,
2737 3839 2957 3910 expulit
2985 3843 3042 3893 et
3070 3837 3366 3893 exstinxit.
3401 3837 3465 3892 In
3497 3853 3562 3892 eo

1913 3931 2308 4004 enim,quiain
2323 3929 2588 3986 silicibus
2599 3929 2728 4000 ejus
2743 3929 2976 3983 fuerunt
2991 3925 3279 3998 impressa
3298 3924 3559 3998 vestigia,

1912 4025 1970 4077 et
1989 4020 2142 4077 beati
2174 4019 2323 4076 Petri
2347 4020 2406 4074 in
2429 4018 2716 4074 elemento
2738 4016 3000 4073 instabili
3019 4015 3173 4072 soliti
3195 4033 3434 4089 gressus
3439 4015 3564 4087 jus-

1914 4110 2077 4166 sione
2109 4107 2338 4166 Domini
2371 4107 2738 4175 exstiterunt,
2768 4106 2904 4162 licet
2951 4105 3176 4161 diverso
3223 4105 3416 4171 modo,
3446 4121 3563 4160 non

1913 4204 2110 4256 tamen
2159 4199 2389 4254 diversa
2436 4198 2548 4252 fide
2579 4213 2643 4252 ac
2673 4196 2882 4269 gratia,
2915 4195 3315 4268 operationem
3346 4193 3564 4249 Christi

1913 4287 2484 4362 conspicimus.Nam
2506 4290 2562 4342 et
2581 4285 2640 4340 in
2671 4285 2822 4342 veris
2853 4283 3115 4341 historiis
3145 4283 3566 4356 legimus,quia

1914 4379 1974 4434 in
2007 4383 2208 4434 sancta
2238 4376 2469 4432 civitate
2497 4374 2824 4431 Jerusalem
2857 4376 3122 4429 servatur
3145 4371 3295 4444 lapis
3325 4371 3567 4428 durissi-

1915 4465 2138 4534 mus,in
2163 4480 2278 4536 quo
2303 4465 2706 4518 monstrantur
2735 4461 2830 4533 pia
2862 4459 3268 4534 Redemptoris
3298 4459 3562 4534 vestigia,

1913 4554 2150 4627 quando
2172 4558 2307 4608 ante
2331 4550 2580 4607 Pilatum
2594 4549 2856 4622 judicem
2871 4549 3232 4622 stetit,cujus
3251 4549 3411 4606 cordi
3425 4567 3563 4606 saxo

1915 4641 2157 4708 duriori,
2190 4639 2558 4713 exigentibus
2591 4639 2946 4713 eulpis,ejus
2972 4639 3151 4698 verba
3178 4639 3439 4714 imprimi
3472 4657 3564 4695 ne-

157 4729 272 4786 bus
303 4728 606 4785 mandavit
635 4731 910 4787 sordibus
941 4735 1334 4805 peccatorum,
1368 4749 1471 4804 per
1519 4731 1810 4807 lacrymas
1842 4739 1886 4804 D
1917 4734 2248 4807 quiverunt.

157 4819 514 4894 poenitentiae
546 4837 580 4876 a
607 4822 836 4878 cunctis
882 4821 1114 4878 ablutos
1171 4822 1550 4892 facinoribus,
1586 4824 1646 4880 in
1675 4826 1805 4881 vita;

1985 4822 2172 4880 XXIV.
2207 4822 2278 4877 Et
2307 4819 2574 4877 silicibus
2620 4819 2928 4894 impressis
2974 4818 3235 4892 vestigiis
3288 4817 3435 4874 servi
3468 4817 3560 4871 sui

155 4915 461 4968 conservet
488 4910 798 4980 munditia,
832 4916 889 4968 et
919 4913 992 4968 ad
1022 4911 1202 4968 vitam
1242 4913 1496 4969 mundos
1526 4915 1807 4986 perducat
1917 4910 2187 4984 Remigii,
2221 4914 2422 4966 contra
2451 4907 2740 4964 malitiam
2773 4907 3199 4978 diaboli,cujus
3229 4903 3560 4960 membrum

156 5003 457 5057 aeternam.

225 5088 422 5146 XXIII.
445 5090 552 5155 Qui
573 5089 820 5146 humani
851 5092 1082 5164 generis
1113 5091 1482 5149 adversarius
1511 5110 1626 5150 non
1658 5093 1806 5152 desi-

155 5177 262 5237 stit
275 5179 581 5236 ostendere
612 5181 873 5236 nocendo
905 5179 1290 5254 malignitatis
1315 5200 1432 5240 suae
1462 5183 1803 5256 potentiam,

156 5269 524 5326 immissione
547 5287 654 5326 sua
674 5270 1054 5343 surgentibus
1077 5270 1272 5326 subito
1294 5273 1666 5328 ﬂammarum
1681 5272 1803 5346 glo-

156 5359 426 5427 bis,banc
438 5359 730 5416 civitatem
744 5360 1101 5416 Rhemorum
1116 5361 1512 5417 succendit.Et
1524 5361 1706 5418 nimia
1715 5379 1807 5418 va-

158 5449 408 5507 statione
428 5449 650 5516 oborta,
666 5450 793 5521 jam
829 5454 1054 5522 partem
1084 5450 1202 5505 fere
1226 5449 1458 5504 tertiam
1481 5450 1691 5506 favillis
1716 5467 1807 5506 ex-

159 5539 478 5606 stantibus,
518 5538 908 5594 conerematio
963 5542 1197 5611 peracta
1254 5544 1718 5610 consumpserat,
1749 5544 1806 5594 et

161 5628 317 5701 quod
339 5627 639 5684 residuum
661 5627 1022 5696 erat,victrix
1043 5629 1282 5684 flamma
1302 5627 1805 5699 lambebat.Cujus

161 5718 241 5774 rei
256 5716 501 5774 nuntius
522 5733 657 5773 cum
680 5716 752 5772 ad
773 5715 1100 5774 beatissimi
1122 5717 1370 5791 Remigii
1391 5715 1672 5773 antistitis
1684 5733 1807 5790 per-

160 5807 414 5866 venisset
462 5806 749 5877 auditum,
779 5805 932 5862 illico
988 5805 1061 5863 ad
1109 5807 1429 5864 orationem
1471 5805 1530 5862 in
1563 5805 1806 5864 basilica

1919 5001 2136 5059 Pilatus
2155 4997 3020 5072 exstitit,pugnaturi,dignatus
3039 4999 3126 5051 est
3137 4995 3557 5060 demonstrare,

1914 5090 2054 5164 quia
2073 5089 2234 5146 dedit
2252 5089 2324 5158 ei,
2348 5089 2502 5145 sicut
2523 5086 2830 5160 discipulis
2860 5084 2984 5141 suis
3012 5083 3072 5139 in
3101 5081 3294 5138 carnis
3315 5097 3562 5154 praesen-

1913 5180 1997 5236 tia
2013 5179 2254 5247 dixerat,
2272 5181 2617 5251 potestatem
2649 5173 2910 5231 calcandi
2932 5188 3109 5244 super
3127 5187 3360 5226 omnem
3386 5169 3561 5224 virtu-

1913 5273 2032 5325 tem
2063 5267 2286 5324 inimiei
2317 5270 2467 5337 (Luc.
2500 5269 2578 5335 x).
2611 5264 2826 5320 Verum
2861 5266 2917 5318 et
2944 5262 3004 5316 in
3037 5261 3146 5317 hoc
3189 5261 3340 5314 facto
3371 5257 3562 5331 gratia

1914 5375 2032 5414 suae
2053 5357 2322 5431 potentiae
2343 5355 2526 5412 voluit
2545 5356 2964 5420 demonstrare,
2979 5367 3157 5424 quam
3181 5347 3418 5422 pretiosi
3441 5346 3561 5403 sint

1913 5449 2091 5520 pedes
2112 5443 2630 5519 evangelizantium
2646 5437 3394 5515 pacem,evangelizantium
3407 5437 3562 5492 bona

1915 5539 2043 5610 (Isa.
2069 5540 2186 5606 LII),
2212 5553 2314 5609 per
2333 5550 2507 5606 quem
2539 5532 2835 5587 auferebat
2857 5548 2890 5585 a
2910 5529 3074 5585 duris
3099 5529 3290 5596 corde,
3316 5531 3371 5582 et
3391 5524 3558 5582 abla-

1915 5631 2083 5682 turus
2113 5629 2236 5681 erat
2265 5625 2335 5680 ab
2369 5619 2707 5677 infidelibus
2747 5619 2982 5675 Francis
3012 5618 3188 5674 corda
3216 5617 3468 5688 lapidea,
3502 5621 3560 5672 et

1914 5715 2092 5771 dabat
2121 5710 2516 5787 pertinacibus
2560 5713 2736 5782 atque
2780 5709 3026 5764 daturus
3072 5711 3198 5763 erat
3223 5705 3557 5763 infidelibus

1915 5805 2090 5861 corda
2121 5801 2340 5871 mollia,
2363 5801 2434 5857 ad
2469 5798 2800 5871 recipienda
2830 5797 3007 5854 divini
3043 5796 3198 5853 verbi
3231 5797 3559 5866 semina,ut
