4074 6524
540 414 689 479 1151

1318 423 1699 487 HINGMARI
1746 424 1991 488 ΗΕΘΜ.
2037 422 2399 487 ARCHIEP.
2446 422 2856 488 OPUSCULA
2897 422 3160 486 VARIA.

530 566 642 627 per
668 548 1010 624 patientiam
1058 553 1339 612 referrent
1386 556 1639 614 fructum
1673 556 1733 614 in
1762 560 2027 630 tempore
2051 574 2180 615 suo.
2212 557 2263 626 Α
2293 555 2445 613 hanc
2505 555 2865 613 Rbemorum
2935 554 3223 612 civitatem
3282 553 3441 613 adire
3500 558 3851 629 cceperuu‘t.
3906 557 3967 613 lt

528 630 648 697 Sed
671 638 729 697 et
746 648 850 714 per
869 659 932 699 se
954 630 1259 713 Dominus,
1285 645 1384 719 qui
1420 647 1709 719 perforato
1736 648 1794 704 in
1817 664 1988 704 cruce
2008 647 2187 704 latere

537 726 647 786 suo
667 724 973 788 aedificavit
993 722 1335 803 Ecclesiam,
1361 736 1720 809 profundens
1738 754 1952 809 aquam
1974 741 2031 793 et
2061 754 2190 794 san-

524 818 802 892 guinem,
834 812 1051 894 quibus
1079 823 1280 880 eadem
1330 824 1589 884 Ecclesia
1620 824 1847 883 lavacro
1880 827 2105 899 rigatur
2132 831 2190 884 et

536 906 748 997 peculo
783 926 796 965 :
831 914 887 966 et
917 928 1022 984 per
1051 912 1207 969 hunc
1239 930 1473 971 servum
1506 932 1703 987 suum,
1736 916 1830 972 cui
1871 917 2187 990 regendam

541 996 709 1054 suam
733 999 1029 1056 commisit
1049 996 1388 1071 Ecclesiam,
1413 1003 1719 1078 impressis
1737 1005 1795 1061 in
1820 1010 1982 1078 petra
2009 1005 2187 1061 vesti-

540 1082 675 1160 giis,
707 1089 942 1160 quando
988 1088 1320 1148 robustiora
1355 1094 1513 1149 saxis
1543 1093 1805 1167 vestigia,
1837 1099 1895 1151 et
1925 1094 2191 1150 molliora

539 1172 804 1251 vestigiis
819 1196 957 1236 saxa
972 1184 1211 1237 ostensa
1231 1184 1794 1250 sunt,demonstrare
1815 1183 2192 1256 singulariter

539 1262 743 1347 voluit,
769 1268 923 1341 quod
945 1270 1018 1325 de
1038 1271 1241 1327 eadem
1271 1271 1529 1329 Ecclesia
1549 1289 1651 1345 per
1676 1273 1909 1346 Moysen
1942 1273 2194 1347 figurata

542 1346 837 1413 locutione
859 1358 1160 1430 praedixit:
1194 1362 1420 1417 Ferrum
1446 1370 1498 1418 et
1525 1380 1598 1419 ws
1627 1346 2047 1420 calceamentum
2074 1366 2193 1436 ejus

545 1440 719 1516 (Deut.
751 1447 972 1521 xxxm).
1006 1448 1476 1507 Calceamentum
1536 1451 1753 1525 quippe
1800 1452 1858 1507 in
1891 1453 2195 1526 Scriptura

546 1529 770 1602 sancta,
790 1538 1092 1595 munimen
1115 1540 1545 1612 praedicationis
1576 1542 2042 1615 accipitur,sicut
2059 1542 2195 1599 scri-

544 1622 714 1698 ptum
745 1629 834 1681 est
865 1641 879 1681 :
909 1626 1149 1684 Calceazi
1194 1629 1354 1701 pedes
1384 1632 1441 1687 in
1468 1631 1864 1705 praedicatione
1909 1633 2196 1704 Evangelii

537 1710 695 1805 pacis
723 1712 933 1787 (Ephes.
964 1716 1041 1789 v1)
1098 1718 1242 1785 Quia
1290 1736 1426 1794 ergo
1474 1738 1577 1793 per
1607 1722 1825 1778 ferrum
1854 1722 2061 1793 virtus,
2092 1739 2197 1795 per

545 1820 623 1859 (es
654 1807 853 1861 autem
904 1807 1336 1878 perseverantia
1382 1809 1750 1882 exprimitur,
1782 1810 2002 1867 ferrum
2035 1815 2092 1867 et
2116 1829 2195 1868 aes

545 1882 1006 1997 calceamenth
1033 1897 1185 2002 ‘ejus
1229 1897 1461 1968 dicitur,
1494 1899 1638 1955 dum
1673 1901 2003 1973 praedicatio
2034 1900 2194 1958 illius
2224 1935 2273 2002 B

545 1977 818 2039 acumine
875 1983 1054 2043 simul
1110 1987 1445 2044 constantia
1496 1989 1782 2046 munitur.
1816 1990 1922 2047 Per
1975 1991 2195 2049 ferrum

545 2062 727 2141 enim,
774 2072 930 2129 m'ala
981 2074 1351 2132 adversantia
1405 2082 1707 2151 penetrat;
1738 2097 1841 2153 per
1867 2098 1945 2136 iss
1975 2083 2193 2149 autem,

546 2156 701 2243 bona
721 2179 851 2237 quae
871 2165 1194 2237 proposuit,
1213 2165 1627 2241 longanimiter
1648 2169 1929 2226 servat.In
1951 2186 2019 2227 eo
2038 2171 2196 2243 quod

549 2242 702 2307 inter
731 2251 947 2324 ignem,
979 2257 1036 2310 et
1065 2254 1139 2309 ab
1168 2254 1439 2315 incendio
1469 2258 1721 2315 necdum
1768 2262 1960 2315 tactus
2009 2242 2196 2331 stans,

548 2355 684 2396 cum
706 2338 874 2414 signo
896 2342 1088 2399 crucis
1107 2348 1167 2400 et
1189 2342 1551 2403 invocatione
1575 2345 1789 2403 Christi
1811 2346 2067 2404 nominis
2087 2347 2197 2404 iste

546 2427 637 2513 vir
666 2433 927 2513 sanctus,
961 2431 1061 2505 qui
1093 2449 1229 2488 cum
1264 2433 1389 2491 suis
1419 2433 1679 2508 collegiis
1709 2436 1901 2493 dicere
1951 2442 2193 2510 poterat,

534 2512 762 2601 ﬁnisti
813 2517 983 2575 bonus
1039 2518 1176 2575 odor
1227 2536 1418 2577 sumus
1471 2524 1578 2578 Deo
1607 2523 1679 2593 (11
1706 2525 1825 2579 Cor.
1856 2526 1921 2593 ιι)
1949 2523 2009 2579 in
2037 2524 2197 2580 omni

544 2586 699 2689 loco,
722 2608 1130 2681 se'transgredi
1161 2608 1429 2665 ﬂammas
1459 2586 1777 2683 prohibuit,
1811 2586 1911 2669 Dei
1943 2613 2197 2669 miracu-

550 2692 675 2752 lum
706 2694 819 2751 l‘uit
847 2702 1345 2770 repraesentatum,
1369 2702 1605 2773 quando
1625 2704 1814 2758 Aaron
1847 2702 2201 2775 pontifex,ut

551 2782 702 2841 i-ram
723 2785 955 2842 Domini
975 2787 1253 2861 placaret,
1268 2790 1635 2848 thuribulum
1659 2809 1794 2849 cum
1819 2792 2201 2851 incensoodo—

551 2873 725 2958 nitere
745 2876 1021 2950 sumpsit,
1043 2881 1218 2951 atque
1250 2878 1403 2935 inter
1436 2885 1702 2939 mortuos
1720 2886 1777 2938 et
1796 2881 2053 2939 viventes
2082 2887 2198 2939 ste-

550 2962 621 3019 tit
641 2965 825 3034 (Num.
848 2967 984 3035 xw).
1008 2967 1192 3040 Cujus
1213 2969 1442 3026 meritis
1462 2975 1521 3027 et
1540 2970 1814 3043 precibus
1833 2972 2200 3045 postulemus

552 3052 611 3110 in
629 3054 801 3112 nobis
819 3055 1112 3129 exstingui
1128 3057 1399 3116 ﬂammas
1417 3058 1944 3134 vitiorum,nosque
1966 3060 2199 3118 liberari

552 3143 628 3199 ab
656 3141 791 3218 igne
820 3150 1100 3218 perpetuo
1150 3146 1608 3205 intolerabilium
1641 3154 2085 3206 tormentorum.
2119 3150 2200 3205 De

551 3232 802 3306 eo,quod
815 3234 1091 3307 praefatus
1102 3235 1474 3308 civis,contra
1492 3238 1737 3295 vetitum
1761 3239 1911 3295 beati
1926 3239 2197 3313 Remigii,

554 3322 709 3394 quod
741 3321 839 3379 ille
868 3322 1181 3395 clauserat,
1214 3325 1439 3399 aperire
1470 3327 1865 3401 praesumpsit,
1891 3332 1950 3386 et
1977 3308 2200 3385 ultione
2234 3308 2277 3375 (ἶ

556 3426 673 3465 non
694 3411 883 3468 caruit
907 3427 921 3468 ε
946 3429 1054 3470 nos
1084 3431 1319 3488 quoque
1348 3416 1833 3487 pertimescamus
1863 3421 2202 3475 sanctorum

555 3496 733 3554 verba
751 3501 810 3554 et
828 3502 1245 3574 prmceptiones
1266 3504 1683 3577 parvipendere
1706 3523 1719 3561 :
1752 3506 1893 3579 quia
1912 3505 2029 3562 Deo
2053 3506 2111 3561 in
2141 3524 2204 3563 se

557 3584 853 3661 loquente,
872 3588 1001 3647 sine
1022 3591 1417 3650 mutabilitate
1449 3600 1751 3652 manentes
1772 3596 2095 3652 sententias
2115 3612 2206 3652 ex-

556 3676 761 3751 primit
788 3695 989 3736 eorum
1022 3697 1235 3753 sermo,
1269 3681 1366 3755 qui
1402 3684 1634 3741 transit.

627 3766 791 3822 XXV.
823 3770 1098 3836 Quaedam
1156 3770 1351 3844 puella
1396 3773 1471 3829 ab
1500 3774 1643 3830 urbe
1673 3773 1884 3831 Tolosa
1914 3774 2205 3847 praeclaris

556 3856 1354 3926 ortauatalibus,abinfantia
1373 3862 1615 3936 maligni
1632 3864 1876 3935 spiritus
1898 3866 2209 3920 tenebatur

557 3945 862 4003 obsidione
892 3949 1141 4021 captiva.
1174 3952 1360 4017 Quam
1389 3967 1524 4008 cum
1556 3956 1753 4009 tenero
1784 3969 1981 4009 amore
2012 3951 2210 4026 dilige-

559 4038 689 4090 rent
708 4034 959 4108 piissimi
983 4038 1376 4111 genitores,ad
1399 4042 1585 4099 sancti
1612 4041 1760 4098 Petri
1783 4041 2117 4114 sspulcrum
2146 4040 2209 4097 in

560 4123 885 4180 Romanam
908 4126 1113 4183 urbem
1134 4144 1269 4185 cum
1286 4129 1543 4202 plurima
1558 4131 1935 4187 multitudine
1955 4131 2213 4187 etmulta

562 4210 1195 4273 devotioneduxerunt.
1216 4217 1278 4273 In
1303 4218 1513 4275 iisdem
1537 4236 1790 4292 namque
1807 4220 2076 4292 partibus
2087 4225 2212 4277 erat

561 4302 704 4356 tunc
723 4300 813 4356 vir
830 4301 960 4358 vitae
982 4306 1600 4380 memorabilis,gratia
1620 4312 1678 4365 et
1699 4309 1936 4364 nomine
1967 4309 2210 4366 Benedi-

562 4393 692 4445 ctus
713 4402 755 4458 ι,
789 4389 1062 4463 plurimis
1093 4394 1381 4469 eﬂ‘ulgens
1410 4396 1744 4454 virtutibus.
1778 4398 1962 4470 Cujus
1993 4399 2212 4454 famam

562 4477 867 4536 audientes
897 4480 1086 4555 ipsius
1114 4484 1321 4557 puellae
1374 4490 1668 4558 parentes,
1701 4488 1774 4543 ad
1806 4487 2078 4544 eumdem
2110 4487 2210 4544 Dei

565 4585 799 4626 servum
831 4570 994 4628 illam
1021 4574 1440 4645 perduxerunt.
1474 4577 1585 4644 Qui
1641 4576 1845 4634 multis
1884 4578 2129 4649 jejuniis
2157 4580 2216 4633 et

2295 647 2574 718 quoniam
2606 646 2762 719 apud
2806 644 3105 702 Alaricum
3152 662 3346 718 regem
3394 645 3742 703 Gothorum
3777 644 3885 718 qui
3914 646 3964 702 in

2296 736 2585 793 Tolosana
2614 736 2846 793 civitate
2899 736 3098 792 sedem
3157 740 3328 791 suam
3386 734 3733 802 constituit,
3764 742 3829 791 et
3862 751 3968 790 una

2296 841 2433 882 cum
2457 842 2635 899 regno
2666 825 2905 883 Gothico
2936 841 3209 898 magnam
3240 829 3465 897 partem
3492 824 3843 881 Galliarum
3867 824 3965 879 sibi

2297 915 2572 982 obtinuit,
2604 915 2859 988 prmditas
2908 914 3113 988 puellas
3146 919 3415 987 parentes
3454 914 3633 972 valde
3667 914 3965 975 honorati,

2298 1020 2365 1060 ac
2397 1003 2735 1072 familiares,
2783 1007 2859 1074 et,
2914 1008 2981 1060 ut
3029 1005 3343 1071 ferebatur,
3404 1006 3583 1061 carne
3644 1004 3963 1077 pmpinqui

2299 1094 2430 1160 eius
2458 1098 2644 1161 erant,
2674 1111 2810 1150 cum
2865 1092 3078 1149 litteris
3129 1096 3194 1149 ac
3237 1092 3445 1166 legatis
3482 1092 3689 1166 ipsius
3721 1092 3809 1148 ad
3840 1090 3965 1148 hu-

2299 1186 2426 1238 tum
2460 1182 2791 1256 Remigium
2824 1198 2928 1255 pro
2956 1182 3370 1238 emundatione
3389 1182 3729 1254 smpedictc
3764 1180 3966 1254 pasti!

2299 1273 2374 1331 ab
2404 1272 2647 1345 antiquo
2697 1271 2883 1340 hoste,
2916 1271 2977 1327 in
3036 1271 3189 1328 hanc
3244 1271 3473 1339 urbem,
3525 1270 3703 1327 illam
3772 1286 3965 1326 meum

2300 1362 2553 1418 vinctam
2585 1361 2962 1426 adducentes,
2994 1365 3297 1428 venerunt,
3328 1365 3396 1416 ut
3423 1359 3650 1415 Christi
3696 1375 3815 1433 per
3840 1375 3967 1416 eum

2300 1450 2575 1507 virtutem
2607 1454 2993 1523 agnoscerent
3022 1450 3080 1505 in
3114 1450 3458 1523 purgatione
3496 1447 3759 1517 sobolis,
3798 1448 3965 1521 quin

2302 1539 2676 1614 praescierant
2741 1537 3106 1596 confessione
3161 1537 3427 1594 latronis.
3482 1538 3711 1594 Battus
3774 1542 3967 1594 eum

2304 1629 2605 1703 Remigius
2653 1640 2788 1685 cum
2837 1626 3118 1684 diuturna
3172 1626 3557 1684 reluctatione
3584 1643 3654 1683 se
3689 1642 3819 1683 non
3852 1641 3969 1683 eme

2302 1719 2375 1775 ad
2400 1722 2630 1774 tantum
2653 1734 2803 1790 opus
2823 1716 3070 1790 digunm
3117 1721 3420 1784 assereret,
3450 1719 3510 1772 et
3537 1720 3847 1773 mnstret:
3874 1732 3966 1788 ps-

2302 1808 2511 1864 tientia
2530 1811 2901 1879 repugnaret,
2926 1805 3198 1879 precibus
3221 1809 3311 1863 est
3334 1804 3533 1878 populi
3567 1804 3969 1879 supplicantis

2303 1896 2546 1963 evictus,
2573 1900 2637 1953 ut
2663 1896 2985 1952 orationem
3012 1912 3116 1968 pro
3143 1912 3213 1952 ea
3236 1895 3521 1963 funderet,
3556 1896 3619 1951 et
3647 1898 3965 1966 parentum

2304 1985 2578 2059 lacrymis
2621 1983 2970 2041 condoleret.
3003 1985 3170 2040 Tunc
3225 1983 3450 2040 meritis
3506 1982 3967 2040 sanctitatis»-

2306 2081 2523 2144 matus,
2554 2073 2715 2130 verbi
2764 2071 3038 2149 praecepit
3080 2073 3346 2146 imperio,
3376 2076 3441 2129 ut
3469 2071 3725 2146 iniquus
3760 2071 3965 2145 praedo,

2306 2179 2411 2236 per
2431 2163 2585 2237 quod
2609 2163 2912 2236 ingressus
2935 2162 3143 2231 fuerat,
3175 2161 3517 2230 discederet,
3539 2165 3602 2218 et
3627 2161 3865 2217 Christi
3894 2160 3967 2216 ςι-

2307 2248 2528 2309 mulam
2564 2251 2865 2308 relaxarot.
2897 2251 3099 2323 Itaque
3129 2268 3267 2307 cum
3300 2250 3483 2307 nimio
3510 2250 3755 2308 vomitu
3788 2254 3850 2307 et
3876 2250 3965 2305 ob-

2307 2359 2502 2399 scmno
2525 2342 2723 2397 fartors
2746 2357 2848 2413 per
2867 2356 2954 2407 os,
2978 2357 3095 2413 quo
3122 2339 3380 2409 intravit,
3403 2354 3685 2412 egressus
3716 2345 3839 2396 est.
3868 2338 3966 2394 Sed

2308 2430 2482 2504 paulo
2513 2434 2645 2503 post
2672 2430 3012 2486 discedente
3070 2429 3365 2502 pontifice,
3397 2429 3508 2485 sub
3542 2427 3749 2500 ipsius
3780 2433 3964 2485 tamen

2308 2520 2461 2576 horae
2494 2520 2703 2593 spatio,
2738 2519 2881 2575 dum
2913 2517 3096 2574 nimio
3124 2517 3323 2573 labore
3352 2518 3507 2574 fessa
3536 2522 3816 2585 nutaret,
3850 2518 3965 2572 vita

2308 2608 2497 2667 calore
2519 2610 2780 2680 decepta,
2806 2606 3079 2680 spiritum
3102 2606 3314 2663 salutis
3326 2605 3542 2662 amisit.
3567 2606 3821 2662 Iteratis
3840 2622 3965 2678 erg)

2309 2698 2582 2773 precibus
2608 2696 3069 2770 supplicantium
3088 2696 3263 2752 turba
3278 2694 3524 2752 recurrit
3542 2696 3617 2751 ad
3641 2696 3963 2751 medicum.

2307 2788 2411 2843 Vir
2457 2791 2653 2844 autem
2709 2791 2950 2843 sanctus
2981 2800 3044 2842 se
3074 2790 3313 2842 accusat
3342 2785 3536 2858 potius
3567 2791 3962 2858 perpetrasse,

2309 2894 2489 2951 quam
2521 2875 2790 2933 sanitatis
2837 2874 3145 2948 praemium
3191 2873 3547 2943 indulsisse;
3577 2878 3641 2931 et
3667 2874 3962 2931 exstitisse

2308 2964 2613 3024 homicidii
2645 2981 2833 3033 reum,
2865 2981 2979 3020 non
3011 2962 3330 3020 contulisse
3359 2962 3712 3019 remedium.
3748 2964 3839 3019 Ad
3872 2964 3964 3018 ha-

2310 3056 2538 3114 silicam
2572 3055 2752 3128 igitur
2782 3053 2967 3111 sancti
2998 3053 3244 3110 Joannis
3290 3052 3585 3125 Baptistae,
3620 3053 3724 3108 ubi
3760 3068 3963 3124 corpus

2300 3145 2539 3218 jacebat
2566 3143 2852 3210 examine,
2885 3142 3083 3215 populi
3116 3142 3390 3199 obtentus
3418 3142 3866 3214 deprecatione,
3895 3156 3965 3195 ro-

2310 3235 2599 3308 greditur,
2630 3232 2829 3306 ibique
2872 3235 3115 3288 sanctus
3162 3230 3462 3304 Remigius
3501 3247 3640 3286 cum
3690 3229 3961 3304 laorymis

2311 3325 2383 3380 ad
2418 3323 2751 3397 pavimenta
2778 3327 3117 3378 sanctorum
3150 3320 3209 3375 in
3241 3320 3503 3376 oratione
3550 3320 3958 3392 prosternitur.

2313 3418 2371 3470 et
2402 3411 2682 3485 reliquos,
2717 3415 2784 3467 ut
2835 3410 2918 3467 ita
2973 3410 3253 3477 tacerent,
3285 3408 3652 3466 adhortatur.
3684 3410 3759 3465 Et
3790 3410 3961 3467 eius)

2311 3502 2703 3575 lacrymarum
2721 3498 2927 3566 imbre,
2943 3514 3303 3573 consurgens
3322 3498 3629 3555 suscitavit
3644 3504 3958 3561 mettum,

2314 3609 2491 3665 quam
2511 3590 2674 3664 prius
2692 3589 2918 3646 sanavit
2932 3587 3701 3663 asgrotamApprehendens
3715 3596 3960 3659 namque

2315 3698 2559 3738 manum
2586 3681 2735 3751 ejus,
2760 3679 2932 3734 dixit:
2949 3677 3166 3746 Puella,
3188 3679 3249 3733 in
3272 3677 3507 3734 nomine
3530 3677 3767 3734 Domini
3790 3675 3959 3734 nostri

2313 3770 2451 3829 Jesu
2486 3769 2724 3839 Christi,
2757 3785 2952 3842 surge.
2977 3770 3112 3836 Quae
3140 3782 3275 3824 mox
3300 3783 3436 3824 cum
3470 3767 3709 3840 integra
3748 3766 3959 3823 incolu’

2316 3859 2540 3928 mitate,
2575 3859 2729 3915 sicut
2756 3858 2885 3931 ipsa
2914 3862 3119 3929 postea
3147 3856 3456 3922 fatebatur,
3482 3857 3557 3912 ab
3576 3855 3735 3929 ipsis
3761 3853 3959 3913 interni

2315 3948 2593 4005 claustris
2644 3947 2915 4015 surrexit,
2947 3951 3005 4001 et
3025 3946 3095 4001 ad
3128 3944 3363 4017 propria
3391 3942 3642 4001 feliciter
3670 3944 3959 4002 remeavit.

2387 4038 2576 4094 XXVI.
2612 4037 2806 4093 Potest
2852 4036 3010 4091 enim
3062 4032 3374 4107 fragilitate
3422 4032 3621 4091 carnis
3650 4038 3887 4097 exutus,
3915 4038 3965 4086 et

2319 4126 2514 4183 choris
2535 4124 2816 4199 angelicis
2839 4124 3115 4191 sociatus,
3134 4122 3362 4195 plebem
3382 4139 3552 4179 suam
3571 4127 3633 4179 et
3652 4122 3965 4195 quemlibet

2318 4233 2454 4273 cum
2486 4216 2602 4271 fide
2628 4219 2945 4287 petentem,
2970 4214 3041 4270 de
3069 4229 3212 4270 casu
3232 4211 3553 4283 cujuslibet
3580 4211 3835 4284 periculi
3865 4212 3963 4266 im-

2320 4305 2623 4374 minentis,
2649 4303 2876 4361 meritis
2895 4307 2953 4359 et
2973 4302 3244 4375 precibus
3265 4301 3393 4358 suis
3415 4300 3664 4374 eripere,
3684 4307 3745 4359 et
3775 4316 3965 4374 quem-

2321 4410 2554 4466 cunque
2576 4410 2609 4450 a
2631 4392 2803 4450 malis
2825 4392 2897 4450 ad
2921 4392 3075 4448 bona
3093 4407 3461 4459 conversum,
3477 4390 3551 4446 de
3565 4391 3963 4463 cujuseunque

2323 4483 2542 4557 peccati
2567 4487 2755 4539 morte
2785 4480 3156 4549 resuscitare,
3181 4480 3282 4536 sed
3302 4484 3362 4536 et
3380 4480 3452 4536 de
3476 4479 3679 4536 futura
3698 4485 3964 4553 perpetua

2322 4577 2507 4629 morte
2528 4572 2797 4641 liberare,
2820 4572 2922 4644 qui
2949 4571 3142 4628 adhuc
3162 4570 3220 4629 in
3250 4568 3546 4644 ergastulo
3574 4567 3962 4643 corruptibilis

563 4656 930 4716 orationibus
962 4677 1066 4734 pro
1096 4660 1286 4734 ipsius
1313 4664 2213 4722 emendationeabinfestissimo
2242 4684 2290 4749 Ι)
2324 4662 2519 4718 carnis
2572 4662 2821 4735 positus,
2869 4660 3024 4717 viam
3080 4665 3323 4717 mortuas
3379 4658 3564 4715 valuit
3619 4664 3958 4716 restaurare

563 4748 828 4806 daemone
849 4749 1125 4808 laborans
1136 4751 1367 4808 Domini
1380 4754 1700 4826 potentiam
1712 4755 1945 4811 studuit
1955 4772 2210 4812 exorare.

563 4840 749 4906 Quam
794 4856 931 4897 cum
978 4838 1141 4896 nulla
1186 4842 1478 4915 potuisset
1520 4842 1940 4901 intercessione
1986 4860 2213 4911 curare,

567 4944 674 4984 nec
702 4928 777 4984 ab
808 4928 941 5001 ipsa
967 4928 1162 4985 callidi
1196 4930 1479 4988 damonis
1506 4932 1668 4988 virus
1705 4932 1986 4990 valuisset
2017 4932 2215 5007 expel-

564 5016 703 5085 lere,
758 5016 963 5075 multis
991 5034 1059 5075 ac
1081 5018 1468 5078 validissimis
1497 5022 1840 5079 exoroismis
1884 5024 2213 5096 adjuratus,

565 5105 676 5162 hoc
707 5123 1055 5179 responsum
1086 5109 1368 5183 antiquus
1399 5110 1588 5169 hostis
1614 5112 1889 5181 reddidit,
1917 5112 2098 5169 divini
2121 5130 2220 5169 no-

567 5194 745 5251 minis
766 5196 1153 5255 obtestatioue
1172 5198 1544 5267 constrictus,
1569 5202 1724 5273 quod
1758 5218 2061 5274 nunquam
2083 5200 2222 5257 alte-

568 5284 692 5357 rius
734 5284 807 5341 de
847 5285 1051 5342 eodem
1100 5285 1456 5357 habitaculo,
1487 5287 1599 5345 nisi
1656 5288 1836 5361 hujus
1892 5287 2218 5344 beatissimi

569 5372 817 5447 Remigii
849 5374 1135 5431 antistitis
1165 5375 1530 5434 orationibus
1563 5382 1759 5451 posset
1789 5375 2017 5450 expelli.
2054 5378 2217 5433 Tunc

570 5466 839 5534 parentes
862 5465 991 5537 ejus
1025 5481 1158 5520 cum
1189 5464 1376 5537 ipsius
1406 5467 1511 5522 viri
1541 5468 1639 5523 Dei
1674 5466 1969 5522 Benedicti
2010 5466 2217 5523 litteris

639 5602 660 5627 ι
691 5588 916 5645 Erroris
972 5589 1066 5645 hic
1125 5590 1475 5648 Hincmarus
1515 5608 1549 5647 a
1580 5592 1788 5646 Baron.
1822 5594 1964 5646 tom.
1998 5591 2071 5647 VI
2099 5594 2214 5647 An-

571 5655 688 5739 ηιμ,
722 5662 1183 5739 arguitur,un
1215 5678 1328 5739 pro_
1351 5663 1662 5739 Benedicto
1696 5662 2091 5739 pucllw_patro
2120 5664 2218 5739 ho-

572 5733 729 5796 mine
758 5733 1061 5809 praedivite
1080 5733 1140 5790 in
1172 5733 1487 5808 provincia,
1520 5734 1671 5791 hanc
1698 5733 1772 5789 de
1804 5735 1862 5791 S.
1896 5733 2106 5793 B'ened.
2128 5735 2216 5793 hi-

2324 4752 2633 4824 Propterea
2653 4750 2932 4824 quoniam
2955 4750 3082 4806 dus:
3104 4754 3328 4806 mortes
3366 4753 3505 4805 sunt
3532 4749 3592 4805 in
3618 4762 3959 4821 unoquoque

2325 4845 2740 4909 nostrum,una
2755 4839 3023 4897 videlicet
3035 4839 3245 4897 animae
3264 4854 3367 4912 per
3382 4842 3712 4912 peceatum,
3724 4837 3960 4894 etalten

2324 4930 2585 5004 corporis
2606 4933 2841 5003 propter
2872 4932 3177 5002 peccatum
3200 4928 3272 4984 ad
3292 4944 3521 5001 pmnam
3545 4928 3805 5000 peccati:
3836 4926 3960 4999 quis

2325 5036 2486 5076 mors
2505 5023 2594 5076 est
2610 5018 3081 5091 animw,quando
3098 5017 3253 5074 Deus
3271 5033 3399 5074 eam
3418 5015 3636 5072 deserit
3656 5013 3960 5089 ob'maguio

2325 5108 2590 5165 tudinem
2624 5111 3026 5182 peccatorum;
3051 5111 3110 5164 et
3138 5122 3297 5163 mors
3322 5111 3415 5163 est
3441 5105 3725 5177 corporis,
3738 5103 3958 5178 quando

2327 5198 2399 5255 ab
2429 5197 2628 5254 anima
2657 5196 2983 5265 deseritur;
3017 5201 3076 5253 et
3123 5196 3251 5252 duas
3309 5200 3449 5252 sunt
3497 5196 3955 5255 resurrectionem

2328 5304 2484 5344 nunc
2512 5287 2720 5344 animae
2752 5286 2813 5342 in
2842 5285 3100 5343 Ecclesia
3130 5304 3232 5357 per
3276 5284 3489 5342 Filium
3545 5284 3805 5341 Verbum
3851 5282 3957 5345 Dei.

2326 5378 2560 5449 quando
2590 5393 2695 5449 per
2726 5376 2976 5449 gratiam
3025 5376 3154 5448 ejus
3197 5375 3450 5449 resurgit
3475 5392 3510 5431 a
3540 5378 3727 5432 morte
3758 5372 3955 5447 iniqui-

2325 5466 2462 5523 tatis
2496 5483 2511 5521 :
2543 5470 2601 5522 et
2630 5466 2752 5521 haec
2781 5469 2872 5521 est
2900 5464 3091 5537 prima
3129 5464 3493 5529 resurrectio,
3527 5481 3703 5536 quam
3732 5464 3833 5536 qui
3867 5462 3956 5518 lla-

2325 5578 2506 5664 s'tbria
2534 5590 2914 5664 contexuerit,
2932 5589 3265 5664 probatque
3306 5589 3373 5664 id,
3407 5605 3474 5644 ex
3504 5586 3952 5664 testam;S._R_c-

2326 5663 2467 5746 mig.
2498 5663 2665 5746 quod
2715 5662 2872 5746 apud
2930 5659 3110 5746 Brissn.
3144 5659 3412 5746 habetur,
3446 5665 3503 5715 et
3529 5659 3876 5746 κραδίη-ΗΜ.
3907 5660 3952 5713 in

2325 5732 2464 5792 hist.
2498 5732 2702 5791 Rhem.
2732 5732 2833 5791 lib.
2864 5750 2922 5800 ν,
2953 5750 3004 5789 c.
3041 5735 3109 5789 18
3140 5750 3153 5788 :
3186 5732 3323 5790 vide
3340 5732 3470 5788 Bar.
3502 5746 3599 5789 an.
3628 5733 3754 5787 507.
