4074 6510
181 422 336 481 H57

1447 419 1633 480 VITA
1675 416 1956 478 SANCTI
2006 419 2329 481 REMIGII.

3434 429 3600 492 1158'

180 555 253 610 ad
285 552 519 626 propria
540 550 604 608 in
629 556 769 626 pace
788 551 1360 610 discedere.Grandis
1379 570 1556 625 pavor
1574 558 1630 607 et
1655 548 1829 607 timor
1857 554 1910 618 Α
1942 549 2101 642 luero
2133 553 2406 642 virtutem
2440 555 2600 611 illam
2631 573 2810 628 quam
2841 559 2911 614 de
2937 565 2988 615 te
3019 562 3215 642 populi
3249 567 3590 640 przedicant,

180 641 292 716 pro
315 642 426 697 hac
450 659 510 696 re
539 642 599 696 in
633 643 985 698 Francorum
1018 642 1232 715 populo
1265 641 1533 698 surrexit.

252 730 472 787 XXXII.
506 730 828 786 Clodoveus
858 732 1085 787 decimo
1116 749 1268 787 anno
1315 730 1476 803 regni
1527 730 1639 798 sui,
1673 745 1828 785 com-

181 819 342 876 moto
365 820 642 886 exercitu,
678 820 789 876 sibi
821 821 1209 894 Thuringiam
1243 819 1600 893 provinciam
1634 817 1834 890 subju‘

181 909 507 983 gavitlnde
527 909 890 966 Gundebaldi
912 908 1064 983 regis
1082 908 1565 982 Burgundionum
1583 908 1828 980 neptim,

183 999 368 1054 ﬁliam
394 997 665 1054 videlicet
695 998 891 1054 fratris
921 999 1013 1053 sui
1053 997 1384 1070 Chilperici,
1418 994 1592 1070 quem
1639 995 1832 1070 gladio

181 1087 568 1154 interfecerat,
589 1087 824 1142 nomine
839 1086 1181 1150 ’Clotildem,
1190 1087 1494 1159 pulchram
1513 1085 1658 1141 satis
1677 1083 1835 1157 puel-

182 1177 325 1245 lam,
358 1180 414 1232 et
441 1193 570 1232 vere
599 1175 1161 1231 Christianissimam
1211 1175 1628 1231 interveniente
1652 1177 1834 1230 Aure-

184 1265 342 1320 liano
399 1263 664 1332 consilio,
698 1281 764 1320 ac
811 1264 1090 1338 legatario
1150 1281 1278 1334 suo,
1330 1267 1475 1319 nutu
1524 1263 1741 1329 divino,
1772 1261 1832 1317 in

183 1355 496 1428 coniugem
529 1353 804 1427 sumpsit,
838 1353 990 1409 sicut
1020 1353 1199 1410 lector
1229 1354 1287 1410 in
1311 1372 1416 1411 suo
1447 1353 1572 1409 loco
1605 1352 1833 1426 plenius

185 1443 375 1516 legere
396 1445 676 1516 potest.In
700 1444 908 1499 diebus
934 1442 1049 1498 illis
1071 1443 1334 1498 dilatavit
1355 1461 1452 1498 rex
1476 1456 1495 1480 ι
1513 1443 1834 1498 Clodoveus

187 1535 435 1606 regnum
467 1550 642 1589 suum
675 1549 862 1605 usque
893 1533 1261 1605 Sequanam:
1289 1530 1554 1604 sequenti
1575 1535 1836 1602 tempore

186 1639 376 1695 usque
406 1621 646 1676 fluvium
679 1621 932 1694 Ligerim
963 1620 1637 1694 occupavit,accepitque
1655 1622 1836 1676 Aure-

187 1710 382 1765 lianus
430 1714 688 1766 castrum
738 1710 1148 1778 Milidunense,
1183 1709 1336 1782 quod
1379 1714 1435 1766 et
1465 1708 1524 1764 in
1556 1710 1834 1765 ducatum

189 1800 462 1854 obtinuit.

260 1889 500 1990 XXXIII.
533 1889 807 1962 Concepit
849 1888 1101 1990 denique
1129 1906 1205 1988 .ac
1238 1888 1461 1961 peperit
1491 1887 1687 1986 filium.
1709 1885 1835 1990 Clq-
1869 1928 1914 1990 Β

187 1977 370 2035 tildis.
401 1981 583 2044 Quem
615 1996 748 2034 cum
783 1995 947 2033 sacro
980 1977 1334 2050 Baptismate
1365 1977 1689 2033 consecrari
1720 1975 1836 2031 vel-

189 2069 289 2133 let,
324 2085 420 2124 rex
452 2085 565 2122 non
593 2067 1002 2140 acquiescebat
1027 2065 1098 2120 ei.
1133 2066 1392 2121 Necdum
1439 2066 1594 2120 enim
1640 2065 1835 2120 crede-

191 2157 292 2212 bat
323 2157 379 2211 in
412 2155 724 2211 Dominum
758 2155 943 2210 Deum
977 2154 1126 2209 caeli.
1160 2154 1381 2228 Regina
1411 2159 1605 2209 autem
1655 2154 1839 2226 quoti-

192 2245 286 2300 die
317 2243 397 2299 illi
430 2244 782 2317 praedicabat
811 2261 944 2298 eum
982 2261 994 2299 :
1029 2247 1089 2298 at
1117 2242 1213 2298 ille
1246 2242 1477 2298 nolebat
1514 2260 1642 2298 eam
1672 2243 1837 2299 audi-

191 2351 273 2391 re.
311 2335 534 2390 Interea
565 2332 762 2406 regina
791 2336 960 2404 parat
989 2330 1174 2386 ﬁlium
1216 2331 1288 2387 ad
1339 2331 1720 2404 baptismum,
1754 2349 1840 2387 or-

193 2428 298 2479 nat
329 2422 634 2479 ecclesiam
665 2420 808 2476 velis
844 2426 1016 2492 atque
1058 2420 1326 2486 cortinis,
1361 2424 1425 2474 ut
1455 2419 1607 2492 regis
1638 2438 1736 2475 cor
1766 2419 1833 2474 ad

193 2513 550 2568 credendum
583 2509 1366 2582 compungcret.Baptizatus
1384 2513 1474 2564 est
1495 2525 1838 2581 puer,quem

193 2599 556 2673 Ingomirum
587 2598 1054 2671 vocavit,quique
1085 2598 1142 2652 in
1173 2598 1334 2652 Albis
1373 2598 1643 2652 decessit.
1679 2597 1841 2652 Unde

191 2707 292 2746 rex
323 2689 499 2745 nimis
531 2689 900 2753 contritatus,
919 2688 1222 2759 reputabat
1242 2687 1472 2760 reginae,
1489 2687 1840 2760 increpando

191 2777 395 2835 dicens
425 2779 496 2833 ad
529 2776 921 2844 easzuiasi
947 2777 1003 2830 iu
1039 2776 1273 2831 nomine
1306 2777 1544 2831 deorum
1577 2793 1841 2832 meorum

191 2885 340 2942 puer
369 2867 670 2923 dedicatus
702 2866 928 2931 fuisset,
963 2865 1164 2938 utique
1196 2864 1508 2920 incolumis
1540 2865 1640 2920 diu
1670 2864 1842 2920 vixis—

195 2962 303 3012 set.
339 2955 484 3024 Quia
513 2973 645 3011 vero
677 2955 734 3010 in
768 2954 1002 3010 nomine
1035 2955 1135 3009 Dei
1164 2953 1339 3008 vestri
1371 2953 1700 3026 baptizatus
1732 2957 1842 3020 est,

194 3045 383 3101 vivere
413 3063 528 3100 non
561 3044 767 3117 potuit.
795 3043 1016 3116 Regina
1044 3059 1175 3098 vero
1207 3043 1437 3097 dicebat
1456 3060 1468 3096 :
1490 3043 1604 3097 Deo
1625 3043 1844 3114 gratias

199 3153 335 3206 ago,
371 3134 472 3207 qui
503 3151 595 3189 me
627 3151 741 3189 non
775 3131 938 3188 duxit
964 3132 1288 3205 indignam,
1323 3136 1387 3186 ut
1416 3131 1487 3186 de
1517 3135 1680 3187 utero
1718 3148 1845 3187 meo

195 3222 651 3298 primogenitum
685 3223 744 3276 in
773 3239 950 3294 regno
983 3239 1089 3276 suo
1136 3221 1392 3292 recipere
1440 3221 1715 3292 dignatus
1745 3219 1848 3282 sit.

194 3293 315 3386 Ego
346 3293 542 3368 autem
574 3310 804 3366 nullum
837 3293 1095 3366 dolorem
1135 3309 1196 3364 in
1244 3309 1414 3365 corde
1446 3326 1572 3364 meo
1603 3327 1706 3381 pro
1738 3309 1846 3364 hac
1876 3293 1918 3360 (ἶ

197 3418 379 3457 causa
426 3400 665 3455 retineo.
710 3399 915 3454 Postea
961 3415 1093 3452 vero
1145 3398 1347 3470 genuit
1406 3397 1591 3452 filium
1643 3397 1846 3464 alium,

198 3507 372 3562 quem
406 3490 464 3544 in
498 3489 792 3562 baptismo
823 3488 1218 3542 Clodomirum
1253 3487 1568 3543 vocavitEt
1599 3487 1693 3542 hic
1716 3504 1850 3542 cum

198 3583 478 3652 aegrotare
517 3578 708 3651 cmpit,
743 3578 891 3632 dixit
936 3594 1036 3642 rex
1068 3595 1080 3632 :
1115 3578 1239 3633 Non
1288 3580 1477 3649 potest
1525 3575 1703 3641 aliud,
1737 3575 1850 3632 nisi

199 3671 271 3725 de
304 3669 413 3724 isto
445 3668 528 3723 sic
560 3669 683 3733 fiat,
717 3666 1009 3739 quomodo
1038 3665 1146 3721 fuit
1175 3667 1244 3722 de
1275 3666 1452 3721 fratre
1483 3666 1702 3736 ejus,ut
1719 3666 1854 3737 bap-

198 3757 412 3813 tizatus
442 3755 498 3810 in
532 3755 767 3810 nomine
799 3756 1011 3811 Christi
1045 3757 1242 3824 vestri,
1273 3755 1386 3810 cito
1419 3755 1720 3810 moriatur.
1739 3755 1850 3809 Sed

199 3851 402 3901 orante
431 3845 651 3918 regina,
687 3848 743 3899 et
773 3844 1002 3899 Domini
1035 3843 1437 3899 misericordia
1465 3847 1851 3915 praecurrente

201 3933 420 4006 recepit
451 3932 1014 4005 sanitatem.Regina
1036 3950 1269 4004 quoque
1293 3950 1408 3987 non
1432 3933 1700 3988 cessabat
1730 3931 1852 4005 regi

199 4021 533 4096 praedicare,
564 4027 629 4077 ut
659 4022 843 4077 Deum
893 4039 1094 4077 verum
1150 4021 1382 4089 coleret,
1417 4025 1475 4076 et
1513 4021 1688 4085 idola,
1724 4038 1850 4092 qua:

198 4111 444 4178 colebat,
463 4128 609 4166 vana
634 4110 984 4182 relinqueret
1010 4128 1022 4165 :
1050 4111 1150 4166 sed
1183 4108 1344 4165 nullo
1377 4110 1552 4165 modo
1583 4108 1848 4164 animum

200 4201 330 4272 ejus
358 4201 426 4255 ad
461 4200 815 4255 credendum
849 4204 1074 4272 poterat
1103 4214 1485 4265 commovere,
1519 4199 1702 4254 donec
1732 4201 1852 4253 tan-

200 4290 334 4353 dem
365 4288 680 4361 aliquando
712 4288 929 4344 bellum
962 4292 1164 4344 contra
1200 4289 1552 4344 Alamannos
1601 4289 1852 4344 Suevos-

199 4394 316 4450 que
347 4382 620 4444 moveret,
643 4377 703 4432 in
737 4395 852 4450 quo
886 4378 1226 4449 compulsus
1259 4376 1850 4443 estDeumconﬁteri,

200 4466 378 4539 quem
411 4471 582 4522 antea
613 4471 942 4540 negaverat.

274 4555 508 4611 XXXIV.
546 4557 786 4611 Factum
819 4559 908 4611 est
944 4559 1140 4610 autem
1165 4556 1189 4592 δ
1212 4554 1570 4611 bellantibus
1614 4555 1768 4611 inter
1792 4572 1854 4611 se

203 4645 444 4701 Francis
472 4644 740 4700 videlicet
767 4649 826 4700 et
853 4643 1192 4700 Alemannis
1222 4649 1396 4716 atque
1419 4645 1622 4700 Suevis
1646 4649 1709 4699 ut
1727 4645 1854 4700 Clo-
1885 4666 1928 4730 D

200 4733 366 4789 dovei
385 4733 670 4789 exercitus
691 4733 868 4789 nimis
891 4739 1203 4789 corrueret.
1219 4732 1567 4789 Aurelianus
1588 4733 1856 4790 consilia-

202 4821 329 4878 rius
359 4823 486 4894 ejus
516 4823 753 4878 intUens
783 4823 1091 4896 regem,ait
1119 4839 1133 4878 :
1159 4823 1402 4878 Domine
1433 4822 1513 4878 mi
1544 4812 1854 4891 rem-crede

203 4911 380 4975 modo
404 4911 587 4967 Deum
610 4911 940 4984 cmli,quem
955 4911 1850 4984 dominameareginapraadicat,

201 5004 263 5056 et
284 4999 446 5055 dabit
466 4999 571 5055 tibi
590 5001 604 5054 i
611 5017 713 5072 pse
731 5018 827 5055 rex
840 5017 1084 5074 regnum
1103 5005 1159 5056 et
1174 5001 1327 5056 Deus
1348 5000 1472 5056 caeli
1497 5005 1673 5074 atque
1688 5005 1853 5056 terra:

202 5089 528 5145 victoriam.
564 5089 664 5145 Ille
693 5107 826 5145 vero
858 5088 1095 5146 elevatis
1123 5089 1180 5143 in
1223 5088 1430 5145 coelum
1480 5089 1665 5146 oculis
1694 5107 1853 5146 com-

207 5175 405 5234 metus
437 5178 495 5233 in
530 5177 1115 5251 lacrymas,ait:Jesu
1136 5178 1562 5252 Christe,quem
1589 5179 1856 5236 Clotildis

207 5267 412 5340 regina
444 5284 572 5323 mea
599 5268 878 5340 praedicat
907 5285 1034 5324 esse
1065 5267 1275 5323 Filium
1308 5268 1408 5324 Dei
1435 5269 1570 5335 vivi,
1595 5268 1694 5340 qui
1727 5269 1860 5325 sub-

203 5354 369 5413 venis
403 5357 463 5412 in
485 5356 987 5430 tribulatione,qui
1009 5357 1113 5411 das
1137 5357 1417 5412 auxilium
1449 5357 1507 5411 in
1536 5362 1592 5413 te
1626 5375 1861 5429 speran-

207 5445 390 5518 tibus,
414 5451 582 5502 tuum
615 5447 970 5519 adjutorium
993 5447 1235 5502 devotus
1260 5445 1489 5519 postulo
1513 5463 1526 5500 :
1554 5451 1620 5502 ut
1640 5445 1689 5502 si
1713 5446 1859 5503 mihi

206 5532 511 5592 victoriam
569 5551 749 5610 super
795 5536 904 5593 hos
951 5535 1149 5593 hostes
1198 5533 1451 5603 dederis,
1481 5537 1538 5590 et
1585 5539 1858 5608 expertus

281 5652 305 5680 ⁸
330 5626 476 5700 Vide
504 5643 734 5716 Aimon.
769 5645 839 5700 de
869 5643 1012 5700 Reb.
1043 5646 1192 5716 gest.
1224 5622 1427 5716 Franc.
1450 5640 1562 5714 lib.
1595 5658 1636 5709 ι,
1669 5643 1854 5716 c._i3;

212 5714 448 5792 Gregor.
483 5714 702 5781 Turba.
735 5717 806 5777 de
835 5717 993 5779 Gest.
1026 5713 1228 5777 Franc.
1261 5713 1364 5776 lib.
1396 5713 1460 5786 u,
1492 5730 1542 5774 ο.
1573 5716 1666 5791 28,
1694 5714 1784 5776 29.

1939 641 2172 695 credam
2204 641 2331 709 tibi,
2365 647 2421 698 et
2450 642 2510 698 in
2545 645 2780 700 nomine
2813 649 2915 702 tuo
2946 648 3303 721 baptizabor.
3325 654 3588 711 lnvocavi

1939 729 2096 785 enim
2128 731 2266 786 deos
2298 748 2480 799 meos,
2513 737 2590 798 et,
2625 738 2691 789 ut
2728 736 3010 807 experior,
3043 737 3297 813 elongati
3347 749 3485 799 sunt
3515 747 3588 801 ab

1940 818 2154 874 auxilio
2186 836 2334 875 meo.
2370 821 2534 878 Unde
2565 825 2736 879 credo
2777 841 2875 879 eos
2925 825 3084 882 nulla
3133 833 3415 900 potestate
3461 851 3590 891 esse

1941 904 2233 979 praeditos,
2267 908 2368 980 qui
2399 910 2510 965 sibi
2542 912 2916 969 credentibus
2955 931 3071 970 non
3104 912 3476 976 succurrunt.
3509 924 3590 978 Te

1942 997 2127 1052 Deum
2157 1014 2359 1052 verum
2408 999 2632 1071 invoco,
2665 1005 2723 1056 et
2771 1001 2830 1057 in
2879 1007 2936 1058 te
2984 1005 3217 1062 credere
3267 1008 3586 1067 dusidero:

1940 1084 2172 1140 tantum
2204 1091 2269 1142 ut
2296 1086 2508 1142 liberer
2538 1089 2609 1143 ab
2641 1090 2990 1148 adversariis
3021 1091 3458 1170 meis.Cumque
3482 1099 3604 1154 hoc.

1943 1191 2116 1231 orans
2165 1172 2464 1241 clamaret,
2496 1175 2802 1233 Alemanni
2845 1179 2906 1234 in
2960 1182 3160 1255 fugam
3205 1186 3379 1252 versi,
3429 1182 3604 1262 terga.

1942 1265 2270 1320 dederunt:
2313 1268 2370 1319 et
2415 1263 2678 1321 videntes
2730 1282 2922 1340 regem
2975 1286 3149 1327 suum
3194 1272 3589 1346 interfectum,

1943 1352 2205 1409 Clodovei
2240 1353 2510 1425 potestati
2537 1370 2599 1409 se
2631 1356 3183 1424 subdunt,dicentes
3216 1378 3229 1417 :
3267 1363 3594 1437 Parce,pre-

1945 1458 2167 1508 camur,
2201 1441 2436 1496 domine
2468 1458 2586 1508 rex,
2621 1460 2692 1499 ne
2740 1450 2939 1517 pereat
2988 1446 3122 1519 plus
3153 1451 3439 1523 populus;
3465 1453 3592 1524 jam

1945 1529 2032 1584 tui
2060 1546 2288 1586 sumus.
2323 1531 2486 1586 Tunc
2521 1532 2704 1603 jussit
2753 1550 2852 1590 rex
2899 1535 3305 1595 imminentem
3358 1540 3593 1616 plagam

1945 1635 2195 1684 cessare,
2227 1623 2284 1674 et
2309 1619 2662 1676 Alamannos
2711 1623 2897 1694 cepit;
2931 1624 3208 1699 ipsosque
3257 1630 3329 1685 ad
3378 1635 3592 1688 terram

1945 1724 2146 1763 eorum
2179 1708 2288 1764 sub
2307 1709 2454 1782 jugo
2479 1709 2790 1767 tributario
2838 1713 3162 1770 constituit.
3197 1717 3408 1791 Sicque
3439 1721 3594 1778 facta

1944 1797 2205 1868 victoria,
2219 1814 2485 1853 reversus
2514 1803 2604 1854 est
2629 1799 2688 1854 in
2708 1801 3012 1858 Franciam
3029 1805 3101 1860 ad
3119 1805 3379 1878 reginam
3399 1825 3590 1882 suam,

1947 1891 2003 1942 et
2033 1887 2289 1942 narravit
2315 1885 2387 1954 ei,
2422 1887 2671 1960 qualiter
2712 1906 2815 1963 per
2860 1890 3283 1952 invocationem
3336 1897 3594 1956 nominis

1945 1977 2082 2032 Jesu
2111 1975 2325 2031 Christi
2355 1976 2656 2033 victoriam
2698 1980 2912 2036 meruit
2958 1982 3238 2039 obtinere.
3267 1987 3409 2042 Acta
3457 1992 3602 2045 sunt

1946 2066 2069 2121 haec
2099 2083 2251 2122 anno
2283 2065 2488 2139 quinto
2519 2068 2744 2124 decimo
2772 2069 3054 2128 Clodoveo
3087 2078 3385 2145 regnante.

2015 2155 2223 2211 XXXV.
2258 2157 2420 2211 Tunc
2452 2157 2670 2230 regina,
2703 2163 2765 2213 ut
2796 2159 3136 2232 impleretur
3167 2163 3391 2220 dictum
3437 2168 3588 2238 Apo-

1947 2245 2079 2300 stoli
2113 2263 2125 2300 :
2159 2245 2427 2301 Salvatur
2454 2246 2540 2300 vir
2571 2247 2824 2303 infidelis
2854 2266 2958 2320 per
3006 2250 3311 2308 mulierem
3358 2255 3589 2312 ﬁdelem

1949 2335 1993 2403 (1
2023 2334 2141 2389 Cor.
2174 2339 2297 2401 vn),
2330 2335 2554 2389 vocavit
2584 2340 2852 2391 sanctum
2876 2339 3206 2412 Remigium
3229 2343 3393 2398 urbis
3415 2343 3595 2416 hujus

1949 2421 2292 2477 Rhemensis
2317 2420 2660 2492 antistitem,
2682 2423 3001 2494 deprecans
3031 2441 3166 2481 eum
3197 2432 3261 2481 ut
3292 2429 3412 2501 regi
3446 2429 3600 2485 salu-

1948 2510 2024 2565 tis
2053 2509 2208 2564 viam
2259 2509 2618 2582 praedicaret.
2653 2513 2834 2576 Quem
2889 2517 3128 2569 sanctus
3179 2518 3449 2573 sacerdos
3499 2535 3602 2590 per

1951 2599 2197 2654 multam
2231 2597 2506 2654 salutaris
2527 2599 2657 2653 vitae
2680 2599 3008 2657 doctrinam
3033 2604 3103 2658 ad
3131 2604 3491 2676 baptismum
3511 2624 3602 2664 ve-

1952 2688 2075 2743 nire
2107 2687 2477 2759 praedicabat.
2517 2688 2583 2741 Et
2611 2687 2709 2744 ille
2753 2689 2834 2744 ait
2867 2707 2880 2743 :
2916 2691 3188 2747 Libenter
3235 2698 3290 2748 te
3339 2696 3596 2766 audiam,

1951 2776 2288 2832 beatissime
2307 2776 2502 2843 Pater;
2525 2777 2624 2831 sed
2645 2795 2831 2833 unum
2852 2781 3198 2852 restat,quia
3223 2784 3474 2856 populus
3498 2785 3601 2858 qui

1952 2881 2046 2920 me
2077 2865 2362 2935 sequitur,
2391 2881 2507 2919 non
2529 2864 2654 2919 vult
2682 2867 2822 2922 deos
2853 2885 2991 2923 suos
3022 2868 3598 2942 relinquere.Vadam

1953 2958 2148 3009 autem
2179 2953 2477 3009 adhortari
2509 2970 2608 3010 eos
2623 2956 2793 3027 juxta
2810 2957 3052 3014 verbum
3074 2962 3343 3016 tuum.Et
3363 2963 3602 3022 veniens

1953 3061 2052 3098 rex
2082 3043 2150 3098 ad
2187 3042 2490 3115 populum,
2525 3044 2697 3116 coepit
2743 3044 2962 3102 hortari
3012 3064 3132 3116 eos,
3165 3054 3230 3106 ut
3261 3050 3464 3120 Deum,
3499 3053 3600 3126 qui

1953 3131 2037 3187 eis
2067 3131 2367 3187 victoriam
2401 3132 3278 3210 dederat,crederent,quoniam
3298 3141 3601 3199 diieorum

1953 3221 2014 3274 in
2046 3220 2423 3276 tribulatione
2454 3238 2564 3277 sua
2585 3222 2729 3278 nihil
2748 3224 2832 3279 eis
2853 3227 3129 3297 prodesse
3158 3233 3605 3300 potuerunt.Ac-

1958 3309 2356 3365 clamaverunt
2384 3315 2578 3366 antem
2610 3329 2833 3378 omnes,
2858 3320 3245 3384 praecurrente
3275 3318 3602 3376 misericor-

1960 3399 2057 3454 dia
2086 3405 2141 3454 et
2178 3398 2436 3472 potentia
2483 3400 2583 3455 Dei
2619 3418 2632 3456 :
2667 3401 2941 3458 Mortales
2997 3405 3134 3460 deos
3191 3405 3601 3480 relinquimus,

1960 3487 2208 3561 gloriose
2241 3492 2420 3551 rex,et
2435 3505 2635 3544 verum
2667 3491 2850 3546 Deum
2881 3491 3476 3569 immortalem,quem
3496 3499 3605 3554 Re-

1961 3575 2176 3648 migius
2208 3576 2484 3648 praedicat
2513 3577 2744 3633 credere
2793 3579 2981 3651 parati
3029 3598 3258 3637 sumus.
3293 3584 3610 3640 Nuntiatur

1959 3664 2068 3718 hoc
2099 3668 2300 3720 sancto
2332 3663 2730 3737 Remigio.llle
2760 3684 2992 3740 quoque
3022 3670 3234 3741 gaudio
3283 3689 3497 3746 magno
3527 3691 3610 3730 re-

1961 3751 2376 3824 pletus,regem
2408 3758 2464 3807 et
2494 3754 3054 3827 populum,qualiter
3082 3759 3399 3830 diabolo,et
3419 3761 3610 3833 operi-

1960 3842 2072 3897 bus
2102 3858 2168 3896 ac
2197 3841 2427 3913 pompis
2447 3843 2575 3912 ejus
2592 3844 3004 3900 abrenuntiare
3021 3850 3078 3900 et
3094 3845 3153 3900 in
3173 3847 3356 3904 Deum
3373 3851 3608 3906 credere

1959 3930 2477 4001 deberent,apertis
2493 3934 2549 3985 et
2565 3931 2839 3987 brevibus
2862 3933 3053 3988 verbis
3076 3935 3452 3992 instruxit.Et
3468 3939 3609 4009 quia

1959 4019 2083 4074 dies
2113 4018 2297 4074 sancti
2332 4019 2563 4075 Paschae
2587 4019 2952 4085 imminebat,
2960 4023 3258 4094 jejunium
3281 4027 3615 4084 secundum

1959 4107 2424 4162 Christianorum
2456 4109 2944 4166 consuetudinem
2979 4112 3064 4167 eis
3094 4112 3322 4170 indixit.

2030 4196 2262 4252 XXXVI.
2295 4196 2395 4252 Die
2425 4214 2558 4253 vero
2589 4199 2881 4270 passionis
2925 4200 3261 4267 Dominicze,
3296 4221 3469 4277 quem
3503 4206 3608 4262 Pa-

1959 4303 2229 4342 raseeven
2263 4303 2408 4343 usus
2447 4287 2879 4346 ecclesiasticus
2926 4295 3112 4360 vocat,
3149 4292 3335 4364 pridie
3388 4295 3611 4352 scilicet

1960 4377 2271 4446 antequam
2303 4375 2579 4448 baptismi
2598 4377 2846 4448 gratiam
2869 4394 2968 4433 rex
2984 4382 3041 4434 et
3058 4380 3309 4452 populus
3330 4383 3458 4454 ejus
3479 4401 3610 4457 per-

1959 4463 2182 4534 cepturi
2214 4469 2398 4535 erant,
2432 4482 2564 4520 cum
2596 4470 2835 4521 sanctus
2867 4467 3167 4540 Remigius
3188 4473 3245 4525 et
3263 4473 3610 4530 venerabilis

1962 4553 2172 4622 conjux
2203 4553 2356 4624 regis
2387 4552 2674 4622 Clotildis,
2692 4571 2794 4627 pro
2814 4555 2966 4628 regis
2984 4561 3041 4612 et
3057 4558 3256 4631 populi
3275 4561 3404 4632 ejus
3422 4561 3612 4619 salute

1960 4639 2019 4695 in
2050 4641 2308 4696 oratione
2337 4647 2721 4714 pernoctaret,
2755 4644 3066 4718 episcopus
3099 4652 3232 4705 ante
3263 4649 3446 4706 altare
3477 4669 3612 4708 san-

1963 4733 2067 4785 ctae
2097 4729 2286 4785 Maria
2316 4731 2536 4788 multas
2566 4733 2874 4790 etfundens
2904 4733 3210 4810 lacrymas,
3244 4743 3301 4794 et
3327 4739 3526 4812 regina
3549 4740 3609 4796 in

1962 4818 2212 4874 oratorio
2245 4819 2430 4875 sancti
2466 4820 2806 4894 Petri,juxta
2835 4824 3076 4880 domum
3104 4826 3323 4898 regiam
3349 4843 3361 4882 :
3386 4827 3614 4899 expleta

1961 4906 2506 4980 oratione,pontifex
2533 4912 2604 4966 ad
2637 4911 2850 4968 ostium
2884 4913 3026 4987 regii
3059 4913 3312 4970 cubiculi
3345 4914 3611 4986 pulsatu-

1963 5013 2065 5051 rus
2091 4997 2336 5053 accessit
2358 5015 2370 5053 :
2397 5003 2460 5054 ut
2477 4998 2745 5055 videlicet
2762 5017 2863 5073 per
2879 5001 2999 5057 alta
3018 5001 3250 5058 silentia
3269 5003 3456 5060 noctis
3482 5004 3613 5062 aliis

1963 5084 2121 5140 curis
2151 5085 2271 5158 regi
2303 5085 2590 5155 absoluto,
2618 5087 2860 5144 liberius
2892 5093 3089 5160 posset
3119 5089 3481 5147 committere
3514 5108 3614 5147 sa-

1963 5190 2062 5229 era
2095 5176 2374 5246 mysteria
2400 5176 2772 5242 verbi.Quem
2804 5177 2971 5234 ostiis
3003 5178 3220 5250 apertis
3268 5179 3611 5237 cubicularii

1967 5263 2121 5337 regis
2149 5270 2474 5320 reverenter
2503 5266 2855 5338 suscipiunt,
2889 5270 2946 5322 et
2976 5283 3111 5323 cum
3149 5268 3369 5325 honore
3418 5270 3613 5328 debito

1970 5369 2154 5424 usque
2184 5353 2256 5408 ad
2287 5353 2608 5424 penetralia
2650 5353 2804 5426 regis
2852 5354 3252 5412 introducunt.
3287 5358 3398 5413 Sed
3429 5362 3486 5414 et
3515 5375 3616 5416 rex

1967 5441 2236 5499 alacriter
2249 5442 2296 5499 ei
2318 5442 2546 5499 obviam
2577 5443 3130 5518 prosiluit,eumque
3147 5446 3614 5518 amplexus,cum

1966 5529 2095 5605 ipso
2125 5534 2182 5588 et
2209 5531 2524 5588 venerabili
2555 5532 2802 5607 conjuge
2832 5533 2895 5589 in
2927 5535 3248 5594 oratorium
3288 5535 3616 5596 beatissimi

2036 5642 2250 5724 {Auge
2279 5640 2401 5724 [599.
2429 5640 2560 5724 Yid:
2582 5641 2764 5724 .Creg.
2789 5643 2930 5702 Tur.
2953 5644 3025 5704 de
3046 5644 3204 5707 Gest.
3230 5644 3613 5708 Franc.lib.n.

1967 5731 2019 5777 c.
2050 5715 2142 5773 30.
2176 5712 2484 5777 Flodoard.
2516 5711 2661 5778 ibid.
2711 5711 2739 5718 ⁷
3611 5741 3616 5751 ·
