4074 6530
531 407 686 471 1163

1304 407 1687 468 IIINCMARI
1739 405 1977 466 RHEM.
2024 405 2386 466 ARCHIEP.
2434 367 2844 469 OPUSCULA
2889 408 3152 469 VARIA.

3787 404 3954 465 1164

530 541 823 597 fatentem
856 539 1161 604 Lazarum,
1184 536 1458 610 lacrymis
1489 554 1777 605 sororum,
1804 554 1928 609 qum
1960 536 2180 609 signiﬁ-
2205 537 2262 604 Α
2291 539 2670 610 pernoctabat
2699 539 2756 593 in
2789 540 3072 606 oratione,
3094 544 3150 594 et
3180 538 3348 612 quasi
3393 536 3718 602 dormiens,
3751 535 3815 590 in
3847 551 3954 591 ex-

527 634 665 686 eant
691 626 974 684 sollicitas
1004 643 1071 683 ac
1101 626 1322 684 ﬂebiles
1343 626 1746 700 pcenitentium
1774 627 2176 700 cogitationes,

529 717 958 791 compatiendo,
981 715 1136 772 flevit
1162 719 1219 772 et
1249 734 1282 771 a
1312 715 1560 771 mortuis
1591 715 2179 784 suscitavit,suscita-

531 813 658 864 tum
687 805 948 864 convivio
971 823 1078 861 suo
1108 804 1349 861 admisit
1379 805 1553 877 (Joan.
1577 805 1675 878 xx).
1711 803 1973 861 Mulieris
2003 803 2179 860 etiam

531 896 742 972 ipsius,
773 913 900 969 quae
951 895 1140 952 fuerat
1169 894 1228 950 in
1276 893 1506 951 civitate
1565 895 1876 968 peccatrix,
1907 894 2182 951 manibus

532 985 843 1060 iniquitate
872 983 1134 1060 pollutis,
1158 984 1572 1042 sanctissimus
1605 985 1782 1057 pedes
1811 1002 1951 1040 suos
1983 984 2051 1051 is,
2077 983 2178 1056 qui

532 1091 713 1150 super
741 1073 1083 1149 angelorum
1111 1073 1380 1130 omnium
1411 1073 1683 1130 verticem
1716 1074 1789 1129 ad
1822 1073 2009 1129 Patris
2045 1073 2181 1128 dex-

530 1171 718 1223 teram
765 1162 1050 1230 considet,
1083 1164 1380 1246 attrectari
1434 1180 1550 1218 non
1610 1163 1804 1218 renuit
1841 1166 2022 1235 (Joan.
2056 1165 2179 1232 xu).

533 1257 848 1329 Nunquam
878 1252 986 1315 ulli
1015 1252 1490 1326 quantiscunque
1537 1251 1624 1307 vel
1675 1252 2184 1324 qualibuscumque

533 1341 789 1420 peccatis
818 1345 1069 1410 mortuo,
1103 1358 1207 1397 seu
1237 1339 1390 1397 mole
1417 1358 1484 1397 ac
1515 1340 1798 1397 scelerum
1839 1341 2184 1396 enormitate

536 1431 787 1506 sepulto,
811 1430 1058 1505 gratiam
1083 1427 1545 1487 resuscitationis
1579 1446 1613 1485 a
1642 1429 1895 1501 peccatis
1916 1429 2180 1500 denegat.

537 1521 723 1596 Digne
753 1520 1152 1594 pcenitentem,
1187 1523 1363 1591 atque
1410 1535 1519 1573 sua
1568 1521 1804 1590 peccata
1851 1517 2185 1584 deﬂentem,

539 1627 642 1684 per
677 1610 926 1682 januam
987 1606 1480 1664 reconciliationis
1529 1606 1930 1662 communioni
1987 1605 2188 1662 altaris

538 1715 705 1758 sacro
731 1697 920 1754 sancti
951 1695 1223 1752 restituit.

609 1787 805 1844 XLIII.
840 1786 910 1842 Et
940 1790 1004 1841 ut
1042 1788 1168 1841 erat
1199 1783 1578 1843 doctissimus
1609 1788 1665 1839 et
1687 1789 1878 1839 orator
1910 1783 2187 1856 eloquen-

538 1875 1180 1944 tissimus,testimonia
1207 1876 1277 1930 de
1307 1873 1616 1930 latitudine
1638 1879 1852 1930 sancta:
1877 1875 2188 1947 Scriptum

537 1973 597 2024 et
643 1965 928 2038 exempla.
964 1963 1373 2022 Pmnitentium
1435 1964 1494 2021 in
1542 1981 1722 2018 unum
1781 1963 2082 2036 colligens,
2116 1965 2184 2019 ad

539 2055 923 2112 animandum
955 2070 1089 2109 eum
1119 2052 1202 2108 illi
1236 2052 1558 2124 proposuit,
1593 2057 1650 2107 et
1679 2051 1977 2107 exhortato
2009 2052 2189 2124 pomi-

539 2145 784 2203 tentiam
815 2143 1044 2200 indixit.
1095 2143 1379 2214 Faetaque
1413 2141 1823 2196 mansiuncula
1869 2159 2004 2196 cum
2045 2141 2191 2197 lecto

540 2235 601 2291 in
633 2236 874 2291 modum
920 2231 1194 2306 sepulcri,
1227 2236 1284 2286 et
1331 2230 1698 2304 parvissimis
1745 2230 2081 2298 fenestellis,
2125 2247 2190 2286 ac

541 2323 816 2391 oratorio,
847 2340 974 2396 quae
1026 2321 1313 2394 hodieque
1373 2337 1618 2376 manens
1667 2337 1836 2375 secus
1884 2320 2188 2376 ecclesiam

541 2412 728 2470 sancti
747 2408 1406 2483 Juliani,Genebaldum
1430 2409 1488 2463 in
1520 2426 1589 2464 ea
1610 2407 1866 2476 reclusit,
1891 2414 1947 2464 et
1970 2409 2190 2464 clerum

541 2517 610 2559 ac
641 2499 928 2575 parochias
951 2498 1139 2573 ipsius
1161 2497 1446 2572 pepulum
1471 2515 1572 2570 per
1591 2503 1812 2570 septem
1837 2501 2115 2565 annos,ut
2135 2502 2193 2553 et

543 2589 842 2664 propriam
864 2587 1204 2662 parochiam
1228 2587 1596 2658 gubernavit,
1612 2593 1670 2642 et
1701 2604 1879 2642 unam
1909 2587 2064 2643 diem
2087 2587 2192 2642 Do-

542 2678 819 2736 minicam
852 2675 1111 2744 Rhemis,
1143 2675 1386 2732 alteram
1440 2676 1594 2748 apud
1648 2677 2000 2732 Laudunum
2043 2675 2189 2732 cele-

541 2766 748 2824 bravit.
782 2767 846 2826 In
869 2783 988 2839 qua
1019 2763 1343 2822 reclusionc
1375 2764 1748 2837 pcenitentize,
1781 2770 2014 2837 quantm
2049 2781 2190 2819 con-

540 2854 815 2924 tritionis,
849 2859 908 2912 et
955 2853 1325 2912 continentiae
1372 2853 1528 2909 idem
1573 2853 1943 2910 Genebaldus
1992 2853 2186 2922 fuerit,

539 2944 737 3002 divina
766 2942 1169 3002 misericordia
1197 2941 1637 2998 demonstravit.

610 3031 801 3091 XLIV.
833 3032 1094 3106 Septimo
1125 3031 1419 3105 siquidem
1468 3049 1622 3087 anno
1670 3032 1729 3087 in
1776 3031 1974 3104 vigilia
2015 3049 2189 3088 eccum

541 3121 794 3192 Domini,
826 3139 961 3180 cum
993 3122 1148 3178 idem
1180 3120 1552 3178 Genebaldus
1575 3120 1633 3176 in
1684 3120 1942 3177 oratione
1983 3138 2188 3192 perno-

539 3215 742 3281 ctaret,
771 3215 830 3268 et
858 3209 1118 3284 seipsum
1151 3211 1410 3277 deﬁeret,
1437 3209 1716 3282 quoniam
1750 3209 1822 3276 is,
1845 3210 1946 3282 qui
1979 3211 2047 3266 ad
2080 3210 2189 3267 hoc

2289 644 2518 682 cessum
2553 632 2640 683 est
2679 633 2901 700 raptus.
2936 630 3006 684 Et
3045 629 3189 685 vidit
3237 626 3509 701 angelum
3561 627 3952 683 assistentem

2290 716 2422 783 sibi,
2439 717 2536 790 qui
2561 716 2612 772 ei
2630 717 2828 774 omnia
2869 717 3019 774 sicut
3039 717 3196 774 dicta
3231 721 3288 774 et
3306 721 3468 790 gesta
3493 715 3752 781 fuerant,
3778 731 3954 770 enar-

2291 805 2455 874 ravit,
2487 811 2543 860 et
2565 806 2750 877 jussit
2796 805 3145 878 quantocius
3198 806 3547 861 Laudunum
3599 808 3854 878 peteret,
3891 808 3956 859 et

2290 894 2691 951 Genebaldum
2727 895 2850 951 sedi
2869 895 3182 968 episcopali
3204 894 3558 962 restitueret,
3581 897 3640 949 et
3661 909 3870 949 coram
3889 909 3958 948 se

2291 985 2684 1040 ministerium
2741 983 3070 1058 episcopale
3121 1001 3292 1057 agere
3348 983 3754 1056 persuaderet.
3821 982 3958 1038 Mox

2292 1079 2532 1129 sanctus
2556 1071 3032 1146 Remigius,nihil
3054 1073 3352 1138 dubitans,
3369 1089 3501 1128 cum
3525 1087 3772 1128 summa
3801 1069 3962 1127 cele-

2291 1162 2462 1218 ritate
2507 1163 2858 1219 Laudunum
2916 1162 3103 1234 petiit,
3137 1167 3194 1218 et
3239 1161 3298 1217 in
3351 1160 3550 1217 limine
3595 1160 3761 1228 ostii,
3791 1158 3958 1216 salvo

2293 1251 2484 1325 sigillo
2514 1257 2569 1308 ct
2592 1267 2724 1330 sera
2745 1252 3004 1320 reserati,
3026 1251 3424 1308 Genebaldum
3454 1250 3754 1321 jacentem
3789 1265 3960 1322 repe-

2294 1340 2403 1396 rit:
2429 1357 2602 1414 quem
2624 1341 2877 1397 extensis
2898 1339 3153 1397 brachiis
3174 1357 3307 1396 cum
3338 1339 3552 1414 gaudio
3576 1343 3635 1396 et
3668 1337 3960 1412 lacrymis

2294 1429 2542 1487 laudans
2594 1429 2824 1486 Domini
2887 1428 3347 1487 misericordiam
3405 1428 3666 1498 elevavit,
3694 1444 3962 1500 eumque

2296 1519 2419 1574 sedi
2443 1523 2498 1574 et
2520 1519 2711 1574 ofﬁcio
2729 1518 3066 1592 episcopali,
3081 1517 3259 1574 veluti
3278 1517 3520 1590 angelus
3541 1517 3780 1573 Domini
3815 1533 3962 1589 pre-

2296 1612 2544 1680 ceperat,
2561 1608 2870 1663 restituere
2902 1607 3235 1676 maturavit,
3261 1611 3316 1663 et
3348 1607 3602 1663 Rhemos
3633 1623 3774 1662 cum
3807 1621 3960 1678 gau-

2298 1697 2393 1753 dio
2428 1697 2742 1769 repedavit.
2777 1695 3149 1753 Genebaldus
3199 1696 3396 1769 itaque
3445 1696 3502 1751 in
3551 1695 3872 1752 sanctitate
3901 1699 3964 1750 et

2290 1785 2523 1858 justitia
2579 1791 2783 1858 postea
2829 1802 3033 1841 omnes
3083 1784 3208 1842 dies
3254 1785 3384 1840 vita:
3433 1802 3550 1842 suae
3604 1785 3801 1857 gratia
3851 1783 3960 1840 Dei

2303 1875 2540 1948 peregit,
2574 1875 2898 1948 prmdicans
2928 1875 3175 1944 cunctis,
3210 1878 3430 1947 quanta
3467 1873 3546 1929 illi
3599 1875 3820 1930 fecerat
3853 1873 3966 1930 Do-

2302 1963 2518 2020 minus.

2369 2051 2557 2108 XLVI.
2584 2053 2911 2110 Ludovicus
2933 2071 3028 2109 rex
3052 2054 3247 2110 sedem
3272 2071 3438 2110 suam
3481 2052 3540 2108 in
3563 2053 3962 2109 Suessionum

2299 2141 2550 2211 civitate,
2585 2143 2738 2196 unde
2771 2143 3077 2215 Syagrium
3110 2142 3402 2216 expulerat
3433 2142 3824 2208 constituens,
3861 2141 3964 2198 de-

2299 2231 2624 2286 lectabatur
2681 2231 2987 2304 praesentia
3036 2236 3092 2287 et
3138 2231 3425 2304 colloquio
3475 2231 3625 2287 beati
3679 2231 3964 2304 Remigii.

2301 2320 2412 2375 Sed
2445 2319 2582 2392 quia
2611 2319 2777 2375 villas
2827 2338 2974 2392 quas
3022 2321 3133 2376 sibi
3187 2338 3284 2375 rex
3333 2325 3389 2376 et
3434 2320 3638 2376 Franci
3671 2320 3733 2375 in
3769 2321 3966 2393 pagis,

2301 2409 2649 2465 Suessonico
2693 2409 2965 2466 videlicet
3017 2414 3073 2465 et
3122 2409 3518 2476 Laudunensi,
3551 2409 3875 2477 dederunt,
3906 2413 3970 2464 ut

2300 2515 2480 2570 supra
2524 2497 2750 2554 dictum
2798 2503 2910 2569 est,
2944 2498 3241 2572 episeopio
3291 2498 3690 2571 Laudunensi,
3722 2503 3784 2554 et
3829 2498 3968 2554 aliis

2300 2587 2452 2643 casis
2473 2587 2575 2643 Dei
2608 2588 2944 2654 donaverat,
2979 2605 3096 2643 non
3127 2587 3383 2644 habebat
3430 2587 3488 2643 in
3538 2587 3849 2644 vicinitate
3879 2587 3968 2660 ip-

2300 2677 2426 2733 sius
2456 2676 2705 2732 civitatis
2736 2677 3150 2746 Suessionum,
3176 2675 3289 2732 nisi
3321 2693 3495 2732 unam
3518 2675 3808 2740 villulam,
3830 2694 3968 2750 qua

2301 2771 2502 2822 sancto
2544 2765 2774 2821 Nicasio
2804 2765 2940 2821 data
2969 2765 3178 2821 fuerat.
3212 2764 3376 2821 Unde
3405 2765 3691 2821 suadente
3721 2765 3964 2839 religio-

2299 2853 2538 2911 sissima
2565 2855 2785 2928 regina,
2818 2858 2874 2909 et
2919 2853 3249 2927 petentibus
3296 2853 3557 2911 locorum
3589 2853 3823 2923 incolis,
3861 2856 3962 2928 qui

2301 2941 2728 3016 multiplicibns
2757 2941 2943 2999 xeniis
2971 2947 3135 2999 erant
3165 2943 3410 3016 gravati,
3437 2947 3501 2998 ut
3531 2943 3688 3015 quod
3715 2944 3843 3017 regi
3871 2945 3962 3001 de-

2301 3031 2517 3087 bebant
2536 3030 2791 3088 ecclesia:
2811 3030 3157 3088 Rhemensis
3179 3030 3589 3103 persolverent,
3615 3049 3715 3088 rex
3751 3039 3960 3089 sancto

2301 3120 2564 3193 Remigio
2612 3121 2922 3188 concessit,
2956 3124 3020 3176 ut
3067 3124 3353 3192 quantum
3399 3119 3760 3192 circumiret,
3815 3121 3956 3177 dum

2301 3211 2426 3283 ipse
2449 3210 2689 3266 meridie
2720 3210 3065 3282 quiesceret,
3091 3213 3279 3265 totum
3304 3208 3386 3264 illi
3412 3210 3673 3266 donaret.
3699 3211 3957 3268 Sanctus

539 3300 846 3359 ordinatus
877 3299 1084 3369 fuerat,
1121 3302 1186 3355 ut
1211 3299 1271 3354 in
1303 3297 1405 3354 illa
1453 3297 1546 3354 die
1575 3299 1923 3371 pcnnitentcs
1953 3298 2068 3354 Deo
2099 3315 2187 3354 rc-
2217 3284 2260 3354 C
2299 3305 2496 3357 autem
2529 3299 2829 3372 Remigius
2861 3317 2964 3372 per
2993 3300 3159 3367 fines,
3183 3316 3311 3371 qua:
3343 3299 3837 3357 manifestissime
3865 3319 3958 3376 pa-

539 3385 895 3456 conciliaret,
929 3388 1055 3461 ipse
1101 3387 1228 3444 suis
1271 3385 1617 3442 criminibus
1672 3388 2060 3460 exigentibus,
2084 3405 2189 3444 nec

541 3479 696 3534 inter
719 3476 1067 3550 pmnitentes
1099 3476 1158 3531 in
1184 3476 1428 3532 ecclesia
1461 3477 1793 3531 merebatur
1821 3475 2138 3533 consistere
2173 3494 2184 3532 :

541 3567 697 3624 circa
717 3564 972 3623 mediam
1005 3568 1233 3621 noctem
1265 3563 1511 3638 angelus
1541 3564 1770 3619 Domini
1800 3582 1934 3621 cum
1975 3581 2190 3639 magna

538 3654 700 3714 venit
724 3653 854 3712 luce
903 3654 975 3712 ad
1019 3671 1176 3721 eum,
1202 3654 1259 3709 in
1292 3654 1611 3710 oratorium
1645 3654 1743 3710 ubi
1783 3671 2005 3727 pronus
2036 3656 2191 3726 jace-

539 3745 660 3815 bat,
684 3749 743 3801 et
771 3745 854 3808 ait
881 3744 953 3800 ad
987 3761 1123 3800 eum
1159 3760 1172 3798 :
1208 3742 1554 3814 Genebalde,
1589 3743 1872 3800 exaudita:
1917 3747 2059 3800 sunt
2084 3761 2188 3817 pro

539 3839 597 3892 te
626 3832 919 3892 orationes
957 3835 1140 3907 patris
1189 3833 1276 3889 tui
1326 3831 1614 3905 Remigii:
1650 3833 1907 3906 suscepit
1954 3850 2188 3906 quoque

538 3924 824 3982 Dominus
853 3922 1256 3997 pmnitentiam
1288 3927 1472 3991 tuam,
1504 3927 1558 3978 et
1591 3923 1902 3980 dimissum
1933 3927 2021 3979 est
2051 3940 2186 3995 pec-

537 4020 736 4073 catum
757 4019 948 4072 tuum.
970 4015 1175 4087 Surge,
1199 4018 1255 4068 et
1282 4012 1419 4068 hinc
1445 4013 1736 4085 egredere,
1763 4014 1966 4085 faeque
2012 4012 2186 4068 inini-

537 4105 700 4163 sterii
720 4101 1070 4177 episcopalis
1091 4103 1436 4170 ofﬁcium,et
1459 4102 1770 4158 reconcilia
1797 4102 2044 4158 Domino
2076 4119 2188 4174 pcn-

538 4193 791 4250 nitentes
803 4191 874 4248 de
894 4191 1244 4248 criminibus
1255 4191 1399 4248 suis.
1415 4191 1782 4248 Gcnebaldus
1796 4197 1992 4248 autem
2006 4191 2186 4248 nimio

539 4285 758 4339 terrore
785 4280 1111 4354 perculsus,
1145 4281 1495 4354 respondere
1521 4279 1602 4336 nil
1631 4280 1840 4352 potuit.
1865 4282 2030 4336 Tunc
2081 4299 2184 4338 an-

539 4369 708 4444 gelus
736 4370 970 4428 Domini
998 4373 1334 4428 contortans
1365 4387 1521 4436 eum,
1544 4375 1600 4426 et
1629 4387 1700 4426 ne
1731 4370 1964 4426 timeret
1996 4371 2186 4426 horta-

539 4464 638 4516 tus
665 4465 775 4526 est,
809 4461 910 4518 sed
959 4461 1238 4534 gauderet
1266 4461 1324 4516 in
1358 4460 1758 4517 misericordia
1789 4461 2020 4516 Domini
2073 4459 2183 4516 sibi

537 4548 769 4606 collata.
803 4548 911 4614 Qui
938 4548 1234 4606 animatus
1273 4549 1420 4605 dixit
1458 4568 1531 4606 an
1564 4549 1837 4623 angelum
1864 4569 1876 4606 :
1903 4550 2027 4606 Non
2059 4567 2185 4622 pos-

2300 3395 2448 3458 tent,
2481 3406 2750 3462 pergens,
2786 3388 2954 3462 signa
2981 3389 3070 3444 sui
3106 3388 3331 3445 itineris
3361 3388 3542 3445 misit.
3579 3388 3642 3445 In
3675 3407 3803 3463 quo
3847 3393 3958 3448 ﬁne

2300 3478 2542 3551 quidam
2572 3478 2746 3534 homo
2768 3477 2990 3534 habens
3017 3476 3417 3533 molendinum
3441 3477 3656 3550 repulit
3678 3485 3954 3536 sanetum

2301 3567 2652 3640 Remigium,
2689 3584 2759 3622 ne
2789 3566 2944 3623 intra
2975 3565 3106 3623 illos
3137 3567 3283 3623 fines
3315 3567 3509 3640 ipsum
3543 3567 3954 3626 molendinum

2299 3657 2688 3714 concluderet.
2723 3659 2905 3723 Quem
2953 3657 3159 3712 beatus
3213 3656 3515 3729 Remigius
3563 3656 3786 3715 blande
3817 3658 3956 3715 allo-

2299 3764 2507 3819 quens,
2543 3745 2688 3802 dixit
2720 3762 2733 3800 :
2766 3745 2986 3817 Amice,
3009 3763 3126 3802 non
3163 3745 3240 3802 sit
3269 3744 3374 3801 tibi
3407 3745 3747 3816 molestum,
3785 3753 3854 3804 ut
3882 3748 3956 3804 si-

2300 3836 2420 3892 mul
2453 3837 2776 3892 habeamus
2807 3834 2917 3891 hoc
2939 3835 3372 3905 molendinum;
3398 3833 3495 3892 ille
3523 3841 3723 3893 autem
3759 3839 3956 3911 rejecit

2298 3942 2453 3982 eum.
2488 3926 2556 3980 Et
2585 3925 2785 3980 statim
2836 3929 2962 3981 rota
3010 3924 3330 3982 molendini
3379 3925 3522 3980 verti
3561 3925 3620 3980 in
3654 3926 3951 3984 inversum

2297 4013 2488 4087 ccepit.
2523 4014 2680 4070 Idem
2713 4019 2908 4070 autem
2942 4014 3114 4070 homo
3133 4012 3403 4070 clamavit
3423 4019 3556 4087 post
3587 4014 3830 4072 beatum
3853 4017 3950 4072 Re-

2299 4103 2567 4176 migium,
2599 4102 2800 4159 dicens
2836 4120 2849 4158 :
2884 4104 3057 4159 Serve
3089 4103 3212 4170 Dei,
3242 4103 3395 4172 veni,
3427 4107 3484 4159 et
3513 4103 3846 4161 habeamus
3874 4105 3950 4161 si-

2298 4192 2422 4248 mul
2454 4192 2563 4248 hoc
2595 4191 3019 4248 molendinum.
3051 4191 3156 4248 Cui
3188 4198 3428 4249 sanctus
3462 4192 3770 4267 Remigius
3799 4195 3950 4251 :Nee

2298 4281 2585 4349 mihi,nec
2621 4279 2744 4336 tibi.
2784 4282 2853 4336 Et
2903 4281 2985 4337 sic
3017 4280 3149 4337 talis
3181 4282 3338 4338 fossa
3368 4281 3426 4337 in
3456 4283 3663 4338 eodem
3697 4281 3826 4339 loco
3853 4284 3947 4340 de-

2297 4371 2471 4439 venit,
2489 4375 2554 4426 ut
2578 4388 2646 4426 ex
2686 4375 2849 4441 tunc,
2866 4374 2921 4426 et
2957 4388 3114 4428 nunc
3139 4388 3324 4444 usque
3355 4371 3412 4426 in
3445 4377 3798 4444 perpetuum
3829 4389 3949 4429 mo-

2297 4459 2600 4516 lendinum
2633 4459 2713 4514 ibi
2736 4477 2864 4516 esse
2885 4477 2999 4515 non
3025 4459 3296 4532 potuerit.
3322 4461 3392 4515 Et
3407 4459 3546 4533 quia
3568 4461 3845 4533 repulsus
3865 4465 3947 4516 est

2297 4567 2330 4606 a
2360 4548 2716 4622 quibusdam
2737 4547 3101 4615 hominibus,
3117 4565 3189 4605 ne
3207 4547 3494 4622 sylvulam
3519 4551 3848 4620 quamdam
3869 4550 3945 4604 in-

539 4657 675 4697 sum
698 4639 836 4696 hinc
856 4641 1219 4712 egredi,quia
1238 4642 1513 4698 dominus
1535 4648 1592 4699 et
1618 4648 1782 4714 pater
1803 4659 1970 4699 meus
2000 4644 2190 4700 Remi-
2217 4661 2266 4728 Β
2301 4645 2390 4696 tra
2415 4638 2698 4694 terminos
2728 4656 2866 4694 suos
2896 4637 3288 4706 concluderet,
3321 4637 3465 4693 dixit
3503 4642 3568 4693 ut
3597 4655 3704 4695 nec
3747 4639 3942 4696 folium

535 4728 672 4802 gius
692 4724 915 4782 clavem
937 4726 1115 4798 huius
1143 4728 1490 4785 ostiisecum
1513 4730 1706 4798 habet,
1733 4732 1887 4803 quod
1910 4737 1967 4787 et
1987 4733 2180 4807 sigillo

537 4834 646 4875 suo
676 4815 947 4890 signavit.
977 4817 1046 4872 Et
1077 4815 1320 4889 angelus
1351 4819 1421 4873 ad
1461 4835 1597 4874 eum
1631 4836 1644 4873 :
1676 4819 1747 4874 Ut
1777 4838 1891 4876 non
1924 4822 2176 4893 dubites,

536 4906 852 4980 inquit,me
873 4922 909 4962 a
931 4904 1177 4962 Domino
1201 4907 1631 4975 missum,sieut
1650 4913 1806 4979 patet
1825 4909 1925 4964 tibi
1946 4911 2178 4981 cmlum,

535 4996 620 5054 sic
647 5000 706 5052 et
734 4995 953 5053 ostium
999 4995 1157 5052 istud
1191 4997 1426 5068 patebit.
1463 4998 1531 5052 Et
1561 4998 1761 5052 statim
1801 4998 1958 5054 salvo
1991 5001 2183 5073 sigillo

534 5102 604 5144 ac
625 5102 777 5153 sera,
795 5085 1011 5142 ostium
1035 5084 1178 5141 illud
1199 5091 1465 5157 apertum
1487 5089 1596 5140 est.
1622 5086 1785 5142 Tunc
1818 5087 2184 5148 Genebaldus

536 5176 597 5232 in
619 5175 862 5231 modum
883 5175 1076 5231 crucis
1100 5192 1162 5232 se
1174 5176 1408 5247 jactans
1433 5175 1490 5229 in
1515 5173 1736 5242 limine,
1758 5175 2185 5235 dixit:Etiamsi

535 5265 662 5338 ipse
681 5264 967 5322 Dominus
997 5265 1171 5322 Jesus
1200 5263 1468 5320 Christus
1498 5263 1773 5335 dignatus
1797 5266 1972 5323 fuerit
1992 5270 2062 5324 ad
2093 5285 2184 5324 me

533 5354 730 5411 venire
762 5358 1144 5427 peccatorem,
1179 5353 1314 5410 hinc
1363 5371 1477 5408 non
1527 5354 1810 5425 egrediar,
1855 5357 2037 5412 donec
2087 5356 2185 5413 ille

533 5445 776 5502 venerit.
809 5445 911 5518 qui
943 5463 1036 5501 me
1063 5444 1122 5500 in
1151 5446 1280 5516 ejus
1313 5444 1547 5500 nomine
1598 5443 1656 5500 in
1705 5445 1816 5502 ista
1861 5447 2184 5503 reclusionc

533 5534 944 5593 constituit.Et
959 5534 1158 5590 statim
1182 5532 1427 5605 angelus
1452 5533 1677 5589 Domini
1699 5535 1969 5591 discessit
1990 5536 2063 5592 ab
2094 5553 2179 5592 eo.

604 5623 768 5684 XLV.
802 5624 1015 5682 Beatus
1046 5639 1278 5697 quoque
1330 5623 1630 5697 Remigius
1678 5624 1736 5680 in
1798 5630 2001 5697 crypta
2056 5641 2182 5698 qua:

532 5719 686 5779 retro
707 5714 906 5778 sedem
949 5717 1073 5774 erat
1116 5713 1370 5774 ecclesiae
1414 5719 1628 5774 sancte
1678 5713 1871 5777 Mariae
1920 5714 2180 5792 Rhemis,

2297 4744 2559 4801 unquam
2606 4727 2677 4783 de
2723 4726 2854 4800 ipsa
2898 4726 3058 4800 sylva
3106 4725 3260 4783 intra
3305 4726 3590 4783 terminos
3626 4744 3942 4800 suos,cum

2291 4821 2446 4875 esset
2476 4815 2771 4889 contigua,
2805 4814 3081 4886 evolaret,
3112 4832 3215 4872 nec
3242 4814 3420 4872 fustis
3439 4833 3646 4872 versus
3673 4817 3806 4874 illos
3837 4823 3938 4874 ter-

2295 4907 2486 4964 minos
2508 4907 2642 4962 inde
2675 4907 2925 4962 caderet.
2947 4907 3108 4972 Quod
3131 4911 3190 4963 et
3217 4905 3588 4962 observatum
3611 4913 3724 4977 est,
3757 4925 3940 4982 quan-

2293 4998 2394 5054 diu
2427 4996 2527 5052 illa
2557 4996 2718 5070 sylva
2770 4994 3008 5051 mansit.
3049 4995 3274 5052 Abinde
3320 5012 3553 5068 quoque
3601 4999 3934 5071 procedens,

2294 5086 2451 5141 venit
2481 5086 2552 5140 ad
2584 5083 2803 5156 villam,
2829 5085 3066 5140 nomine
3087 5083 3482 5141 Caviniacum.
3507 5087 3694 5152 Quam
3716 5085 3936 5144 concluo

2297 5177 2432 5232 dere
2457 5176 2610 5231 intra
2631 5175 2776 5232 fines
2799 5174 2930 5231 illos
2958 5173 3178 5244 volens,
3211 5175 3285 5232 ab
3315 5175 3653 5233 hominibus
3676 5178 3929 5249 ejusdem

2296 5263 2443 5320 villae
2478 5266 2730 5337 rejectus
2761 5269 2868 5322 est.
2893 5268 3054 5322 Tunc
3084 5263 3180 5322 ille
3210 5264 3384 5322 hilari
3414 5265 3578 5322 vultu
3601 5268 3774 5324 modo
3805 5267 3932 5339 reje»

2295 5358 2446 5423 ctus,
2481 5354 2653 5411 modo
2703 5354 3189 5428 repropinqnans,
3225 5355 3393 5429 signa
3441 5373 3544 5429 per
3600 5374 3774 5413 suum
3831 5358 3930 5413 iter

2295 5444 2475 5513 misit,
2500 5443 2653 5501 sicut
2677 5444 2805 5500 loca
2835 5445 3257 5514 demonstrant,
3290 5463 3393 5519 per
3423 5463 3549 5519 qua:
3583 5449 3850 5519 rejectus,
3880 5449 3928 5501 et

2294 5550 2398 5607 per
2441 5551 2568 5606 qua:
2620 5534 3024 5606 propinquans
3081 5535 3351 5607 perrexit.
3385 5536 3646 5592 Tandem
3692 5537 3926 5609 rejectns

2293 5623 2440 5680 dixit
2460 5622 2581 5680 illis
2605 5641 2617 5678 :
2645 5623 3180 5696 Semperlaborate,
3195 5630 3253 5681 et
3272 5629 3592 5699 egestatem
3610 5626 3884 5684 sustinete
3911 5638 3924 5676 :

2294 5715 2447 5776 sicut
2474 5713 2766 5796 hodieque
2789 5715 3085 5776 manentis
3117 5715 3416 5778 sententiae
3446 5715 3755 5778 verborum
3784 5713 3924 5775 illius
