4074 6514
217 480 372 544 1173

1479 477 1664 542 VITA
1705 476 1980 541 SANGTI
2029 477 2357 544 llEMlGIl.

3473 479 3632 544 1174

214 619 419 692 postea
437 630 540 689 pro
562 616 764 672 sancto
781 611 1042 688 Remigio
1063 613 1350 671 ostendit:
1372 614 1454 671 ita
1475 615 1752 671 feretrum
1775 617 1864 670 est
1891 613 1950 682 Α
1979 615 2263 688 pervadit,
2288 613 2614 689 despiciens
2643 615 2962 685 hominem,
2988 615 3088 690 qui
3113 631 3248 675 eum
3278 619 3480 675 sancto
3502 615 3629 678 loco

214 710 620 780 aggravatum,
641 707 706 759 ut
728 701 888 759 nullo
908 703 1080 760 modo
1097 720 1448 777 quocunque
1469 702 1817 776 ingenio,vel
1839 721 1872 760 a

212 793 692 868 quantiscumque
714 791 1054 848 hominibus
1077 797 1274 864 posset
1291 793 1529 848 moveri.
1546 794 1612 847 Et
1637 797 1871 864 stupen-

210 885 376 942 tibus
406 881 705 947 omnibus,
738 885 796 937 et
838 881 1169 952 petentibus
1213 881 1313 936 Dei
1363 881 1866 954 omnipotentiam,

208 973 300 1032 vel
328 973 670 1046 dignaretur
690 971 1018 1038 ostendere,
1040 971 1097 1024 in
1116 987 1232 1043 quo
1255 969 1379 1026 loco
1401 971 1666 1043 ejusdem
1685 968 1867 1024 sancti

212 1063 305 1122 sui
332 1078 545 1134 corpus
565 1059 736 1116 vellet
756 1059 976 1132 reponi,
999 1059 1449 1132 designaverunt
1469 1059 1538 1114 ad
1565 1057 1866 1114 basilicam

208 1154 586 1228 praefatorum
621 1153 1039 1222 martyrum,et
1068 1149 1347 1204 feretrum
1380 1149 1594 1203 moveri
1621 1165 1734 1203 non
1765 1164 1865 1220 po-

208 1243 346 1300 tuit.
381 1241 816 1313 Proposuerunt
847 1241 911 1293 ut
940 1237 1186 1293 ferretur
1227 1239 1316 1293 ad"
1341 1237 1646 1293 ecclesiam
1679 1229 1868 1294 sancti

205 1330 449 1397 Nicasii,
473 1333 530 1386 et
558 1327 775 1385 moveri
809 1343 923 1383 non
956 1327 1166 1400 potuit.
1191 1327 1643 1399 Proposuerunt,
1668 1331 1733 1382 ut
1763 1328 1868 1383 fer-

207 1426 374 1478 retur
393 1421 465 1476 ad
492 1417 798 1475 ecclesiam
821 1421 1160 1473 sanctorum
1185 1415 1329 1473 Sixti
1351 1421 1408 1472 et
1429 1416 1650 1483 Sinicii,
1676 1422 1731 1471 et
1762 1434 1865 1472 nec

209 1511 297 1569 sic
327 1509 541 1566 moveri
593 1507 783 1580 potuit
815 1523 827 1562 :
862 1507 1100 1562 tandem
1141 1505 1342 1575 coacti,
1368 1505 1646 1578 quoniam
1690 1523 1867 1577 parva

205 1597 514 1658 ecclesiola
544 1601 687 1665 erat,
721 1595 780 1651 in
821 1595 1041 1651 honore
1090 1595 1241 1650 beati
1297 1593 1570 1668 martyris
1599 1594 1863 1651 Christo-

205 1686 396 1764 phori,
413 1686 514 1742 sed
541 1684 770 1741 nullum
793 1701 1005 1757 corpus
1027 1684 1308 1740 nominati
1334 1667 1519 1738 sancti
1541 1667 1600 1738 in
1623 1701 1690 1739 ea
1711 1685 1865 1756 jace-

206 1779 331 1846 bat,
355 1780 413 1833 et
432 1775 492 1830 in
513 1791 630 1849 qua
655 1775 824 1848 eique
847 1773 1399 1846 circumjacentibus
1421 1772 1584 1828 atriis
1615 1790 1681 1828 ex
1712 1773 1861 1829 anti-

203 1884 322 1942 quo
343 1870 468 1925 erat
485 1863 884 1922 cmmeterium
903 1862 1251 1918 Rhemensis
1267 1861 1521 1917 ecclesiae
1541 1879 1553 1918 :
1571 1863 1865 1936 petierunt

202 1962 272 2014 ut
300 1955 586 2014 Dominus
629 1953 949 2011 declararet
979 1953 1028 2008 si
1076 1951 1135 2006 in
1169 1953 1371 2007 eadem
1411 1951 1655 2007 ecclesia
1693 1951 1862 2007 vellet

205 2047 355 2106 illud
385 2062 596 2119 corpus
627 2041 1068 2100 sanctissimum
1102 2041 1260 2114 poni.
1283 2041 1353 2095 Et
1385 2040 1468 2095 sic
1499 2044 1662 2096 tanta
1686 2039 1861 2096 facili-

205 2141 326 2194 tate
355 2141 582 2193 motum
603 2137 694 2190 est
715 2133 1098 2198 feretrum,ut
1128 2129 1358 2186 nullum
1387 2147 1537 2187 onus
1561 2133 1857 2202 portantes

207 2226 531 2286 sentirent:
557 2221 855 2296 sepultum
877 2223 966 2276 est
987 2223 1179 2275 autem
1213 2217 1358 2274 illud
1384 2218 1710 2276 venerabile
1733 2236 1856 2274 cor-

205 2335 320 2392 pus
349 2315 409 2372 in
441 2313 642 2372 eadem
695 2309 1017 2377 ecclesiola,
1053 2308 1152 2364 ubi
1184 2308 1364 2365 altare
1395 2313 1485 2364 est
1529 2308 1588 2363 in
1640 2309 1857 2365 honore

202 2409 421 2464 sanctae
453 2401 916 2473 Genovefaz,quae
949 2397 1410 2456 familiarissima
1439 2398 1660 2454 exstitit
1688 2397 1855 2454 beato

203 2493 492 2568 Remigio.
517 2491 678 2558 Quod
711 2489 1094 2546 manifestum
1115 2491 1422 2544 estactum
1455 2486 1637 2542 fuisse
1661 2486 1858 2542 divina

201 2581 603 2658 dispositione,
620 2585 794 2651 atque
816 2577 1006 2651 ipsius
1024 2577 1415 2643 voluntate,ut
1440 2577 1593 2631 sicut
1618 2594 1729 2642 res,
1751 2595 1856 2633 suo

170 2656 438 2730 ‘nomine
463 2667 784 2741 acquisitae,
811 2667 981 2738 juxta
1011 2682 1208 2721 sacras
1252 2663 1408 2737 leges
1441 2665 1733 2738 episcopio
1765 2683 1856 2720 ec-

200 2761 391 2818 clesiae
415 2757 764 2815 Rhemensis
785 2758 952 2811 erant
974 2755 1149 2810 unita:
1171 2771 1186 2810 :
1210 2754 1291 2808 ita
1307 2759 1362 2808 et
1384 2771 1510 2826 qua:
1534 2754 1720 2825 ipsius
1743 2771 1857 2809 me-

201 2849 331 2908 ritis
347 2852 514 2906 erant
533 2847 603 2902 de
621 2850 823 2902 caetero
841 2844 1207 2915 acquirendae
1226 2842 1538 2897 Rhcmensi
1565 2842 1852 2910 Ecclesiae,

201 2939 264 2996 in
297 2939 467 3010 cujus
490 2937 712 3008 jaceret
742 2933 1032 2990 territorio
1063 2932 1390 2988 unirentur.

276 3027 469 3084 LXIII.
489 3025 626 3080 Post
647 3023 818 3094 cujus
839 3021 1065 3077 obitum
1089 3037 1222 3075 cum
1245 3019 1372 3076 lues
1396 3019 1730 3091 inguinaria
1753 3038 1855 3092 po-

202 3117 411 3192 pulum
441 3113 642 3188 prima:
667 3109 988 3169 Germaniae
1011 3111 1358 3179 devastaret,
1383 3113 1441 3164 et
1468 3126 1670 3164 omnes
1700 3109 1854 3166 Rhe-

203 3205 428 3263 mensis
457 3201 764 3276 provinciae
816 3199 1013 3255 incolae
1045 3199 1228 3271 hujus
1273 3197 1454 3254 cladis
1503 3201 1858 3254 terrerentur

201 3295 440 3360 auditu,
464 3291 760 3349 concurrit
790 3287 1210 3344 Rhemensium
1260 3285 1513 3360 populus
1545 3288 1616 3342 ad
1668 3287 1856 3343 sancti

1982 704 2324 760 contulerat.
2359 705 2463 772 Qui
2499 722 2631 762 cum
2669 707 2742 762 ab
2783 705 3054 780 episcopo
3085 723 3152 763 ac
3179 705 3288 764 loci
3319 707 3628 780 praeposito

1981 795 2182 850 crebro
2206 800 2523 852 conventus
2551 796 2777 865 fuisset,
2794 799 2858 851 ut
2881 813 3005 868 qua:
3038 795 3254 868 injuste
3275 801 3628 870 pervaserat,

1983 885 2275 951 redderet;
2309 886 2732 958 parvipcndens
2761 885 3098 958 verba,quae
3131 885 3424 954 audiebat,
3449 886 3626 959 perti-

1979 975 2107 1029 naci
2143 975 2372 1046 direpta
2404 975 2744 1030 defensabat
2785 974 3128 1030 intentione.
3154 974 3414 1047 Denique
3449 991 3628 1032 causa

1979 1064 2218 1133 exstitit,
2244 1069 2302 1119 et
2333 1081 2445 1119 non
2477 1065 2800 1130 devotio,ut
2839 1067 3175 1136 properaret
3204 1065 3275 1120 ad
3308 1063 3495 1120 sancti
3524 1065 3626 1120 ba-

1978 1153 2228 1209 silicam.
2258 1152 2537 1226 Arguitur
2580 1153 2791 1208 iterum
2823 1170 2857 1208 a
2885 1153 2994 1208 loci
3034 1153 3332 1226 proposito
3361 1170 3466 1228 pro
3497 1170 3628 1227 per-

1976 1243 2211 1298 vasione
2240 1243 2452 1315 campi,
2477 1243 2576 1298 sed
2609 1241 2754 1296 nihil
2777 1242 3020 1316 dignum
3052 1241 3274 1299 ratione
3303 1241 3624 1316 respondit.

1976 1333 2396 1405 Explicitisque
2418 1331 2686 1405 negotiis,
2711 1347 2953 1388 ascenso
2972 1348 3144 1404 equo,
3165 1333 3237 1388 ad
3265 1332 3507 1388 domum
3536 1349 3625 1390 re-

1976 1420 2100 1474 dire
2131 1419 2423 1492 disponit:
2450 1421 2549 1475 sed
2583 1420 2776 1475 obstat
2805 1419 2960 1475 nisui
2981 1419 3110 1492 ejus
3129 1419 3450 1476 sacerdotis
3477 1419 3628 1493 inju-

1975 1507 2080 1565 ria.
2113 1510 2262 1565 Nam
2311 1508 2613 1566 sauciatus
2643 1525 2677 1564 a
2705 1508 3012 1582 sanguine,
3049 1507 3230 1564 diruit
3277 1507 3338 1564 in
3385 1511 3623 1565 terram.

1973 1597 2280 1671 Obligatur
2299 1597 2655 1672 lingua,quaa
2677 1597 2874 1654 locuta
2891 1598 3078 1653 fuerat
3093 1613 3370 1671 campum
3389 1597 3622 1654 tollere:

1973 1686 2332 1757 clauduntur
2359 1685 2647 1758 oculi,qui
2675 1685 3091 1758 concupierant
3116 1700 3128 1739 :
3155 1701 3367 1740 manus
3387 1688 3624 1742 contra-

1972 1775 2218 1840 huntur,
2240 1774 2372 1848 qum
2403 1777 2740 1847 rapuerant.

2045 1865 2205 1920 LXV.
2232 1866 2397 1920 Tunc
2419 1862 2771 1930 balbutiens,
2788 1867 2844 1918 et
2863 1863 2957 1918 vix
2987 1879 3314 1919 sermonem
3335 1861 3622 1936 explicare

1971 1953 2190 2020 valens,
2207 1953 2319 2008 ait:
2343 1951 2569 2008 Deferto
2591 1968 2684 2007 me
2709 1951 2778 2007 ad
2814 1950 3118 2007 basilicam
3142 1951 3422 2019 sancti,et
3441 1967 3624 2024 quan-

1967 2046 2331 2114 tumcunque.
2363 2058 2540 2114 super
2589 2057 2680 2096 me
2731 2040 2856 2096 auri
2889 2043 2999 2106 est,
3021 2040 3091 2095 ad
3126 2039 3461 2112 sepulcrum
3491 2040 3621 2113 ejus

1967 2131 2230 2203 projicite
2264 2149 2278 2186 :
2314 2129 2543 2204 peccavi
2583 2131 2764 2195 enim,
2797 2129 3110 2185 auferendo
3148 2145 3241 2184 res
3269 2129 3418 2201 ejus.
3451 2127 3620 2201 Aspi-

1967 2221 2126 2276 cicns
2149 2225 2343 2277 autem
2377 2219 2544 2274 dator
2565 2218 2754 2290 campi
2785 2217 2944 2274 hunc
2975 2234 3110 2274 cum
3140 2216 3485 2274 muneribus
3514 2218 3620 2274 de-

1966 2309 2124 2378 ferri,
2151 2310 2268 2364 ait:
2295 2309 2376 2364 Nc
2416 2307 2691 2379 accipias,
2718 2324 2936 2379 quzeso,
2979 2311 3180 2362 sancte
3218 2306 3341 2374 Dei,
3375 2322 3624 2363 munera

1966 2399 2114 2469 ejus,
2141 2415 2267 2470 quae
2301 2413 2602 2468 nunquam
2631 2396 2840 2468 cupide
2861 2395 3122 2466 accipere
3146 2393 3518 2452 consuevisti.
3540 2395 3623 2452 Ne

1967 2487 2068 2553 sis,
2093 2487 2390 2558 deprecor,
2417 2485 2650 2556 adjutor
2679 2483 2828 2555 ejus,
2856 2483 2956 2555 qui
2991 2482 3396 2540 inflammante
3415 2500 3622 2540 concu-

1967 2574 2274 2648 piscentia,
2299 2591 2493 2629 rerum
2518 2577 2752 2628 tnarum
2777 2589 3027 2644 nequam
3054 2588 3359 2644 possessor
3376 2571 3617 2629 exstitit.

1966 2665 2082 2720 Nec
2101 2662 2331 2718 distulit
2353 2666 2590 2716 sanctus
2609 2661 2810 2716 audire
2829 2678 3025 2716 vocem
3045 2659 3321 2732 pauperis
3343 2661 3456 2716 sui.
3471 2661 3618 2718 Nam

1966 2753 2140 2809 homo
2173 2751 2269 2807 ille
2300 2751 2434 2806 licet
2454 2749 2736 2822 jussisset
2767 2749 2890 2804 dari
2925 2766 3188 2813 munera,
3209 2748 3464 2806 ostendit
3482 2767 3618 2806 san-

1965 2846 2094 2898 ctus
2123 2841 2355 2897 Domini
2397 2857 2460 2895 se
2511 2837 2612 2894 illa
2641 2856 2755 2893 non
2788 2843 3142 2910 acceptasse.
3180 2837 3342 2894 Unde
3389 2837 3621 2896 rediens

1965 2948 2239 3004 pervasor
2267 2931 2531 2994 domum,
2565 2928 2765 2984 amisit
2809 2927 3107 3000 spiritum,
3149 2927 3484 3000 recepitque
3513 2927 3618 2986 Eo-

1965 3019 2142 3076 clesia
2172 3036 2264 3074 res
2296 3035 2454 3074 suas.

2037 3107 2224 3164 LXVI.
2251 3107 2488 3179 Sepulto
2520 3107 2834 3178 siquidem,
2861 3111 2925 3162 ut
2953 3107 3352 3179 prmdiximus,
3375 3123 3619 3180 corpore

1965 3197 2116 3254 beati
2152 3195 2396 3269 Remigii
2429 3195 2487 3250 in
2521 3195 2766 3252 ecclesia
2803 3195 2988 3251 sancti
3021 3194 3451 3268 Christophori,
3480 3211 3617 3252 cum

1965 3286 2153 3342 multa
2181 3291 2236 3341 ct
2267 3286 2557 3357 stupenda
2592 3284 2878 3340 miracula
2913 3283 2973 3338 in
3013 3285 3214 3341 eadem
3247 3283 3492 3342 ecclesia
3515 3300 3621 3358 per

201 3383 564 3457 sepulcrum,
591 3394 920 3452 congruum
951 3377 1130 3448 hujus
1162 3359 1350 3431 causae
1384 3377 1647 3448 ﬂagitare
1679 3393 1856 3433 reme-
1884 3359 1930 3427 Ο
1969 3375 2174 3431 merita
2195 3374 2591 3446 ejus,Domini
2613 3373 2798 3446 gratia
2834 3375 3060 3445 fierent,
3075 3373 3357 3446 ampliata
3379 3377 3436 3430 et
3460 3372 3619 3430 exal-

200 3474 431 3530 dium'.
473 3467 748 3526 Accensis
798 3483 1031 3539 quoque
1081 3465 1283 3532 cereis,
1336 3463 1680 3539 lychnisque
1738 3483 1855 3522 non

199 3561 427 3638 paucis,
459 3559 696 3633 hymnis
725 3556 1090 3630 psalmisque
1139 3553 1478 3610 ccelestibus
1525 3572 1628 3628 per
1673 3559 1856 3612 totam

199 3651 448 3710 excubat
469 3652 720 3704 noctem.
741 3646 910 3701 Mane
931 3649 1129 3700 autem
1151 3643 1322 3709 facto,
1343 3643 1483 3716 quid
1512 3643 1702 3699 adhuc
1735 3662 1859 3717 pre-

201 3739 357 3799 catui
385 3739 556 3806 desit,
577 3736 636 3792 in
659 3739 908 3790 tractatu
939 3733 1204 3789 rimatur.
1233 3733 1594 3804 Repererunt
1617 3733 1854 3801 etenim,

201 3828 491 3886 revelante
520 3827 658 3894 Deo,
691 3823 791 3897 qui
824 3826 1095 3878 sanctum
1129 3838 1302 3876 suum
1350 3820 1646 3877 miriﬁcari
1678 3821 1860 3876 voluit

201 3919 358 3994 apud
402 3913 696 3982 homines,
729 3928 904 3986 quem
937 3911 1092 3982 apud
1125 3927 1186 3965 se
1219 3909 1533 3964 miriﬁcum
1583 3910 1856 3978 habebat,

202 4005 460 4081 qualiter
475 4002 735 4060 oratione
757 3999 1079 4074 praemissa,
1097 3997 1288 4054 adhuc
1306 3999 1512 4070 majori
1534 4016 1715 4070 propu
1725 4017 1863 4073 gna-

203 4096 338 4154 culo
355 4091 520 4150 urbis
541 4087 986 4166 propugnacula
1007 4087 1400 4142 munirentur.
1419 4089 1737 4160 Assumpta
1761 4089 1863 4159 igi-

195 4191 305 4244 tur
336 4183 492 4258 palla
521 4183 591 4238 de
621 4181 776 4237 beati
806 4177 1095 4252 sepulcro,
1114 4181 1474 4249 componunt
1495 4193 1620 4232 eam
1653 4176 1713 4232 in
1746 4194 1864 4233 mo-

205 4277 350 4333 dum
377 4271 601 4340 feretri;
633 4267 1012 4340 accensisque
1043 4283 1221 4339 super
1251 4283 1454 4322 cruces
1477 4266 1659 4322 cereis
1689 4271 1864 4338 atque

205 4382 386 4438 super
406 4359 938 4426 ceroferariis,dant
952 4374 1122 4412 voces
1145 4357 1202 4411 in
1227 4357 1866 4422 canticis,circumeunt

204 4455 414 4512 urbem
445 4467 580 4508 cum
612 4447 775 4514 vicis,
803 4464 907 4502 nec
939 4449 1290 4518 praetereunt
1312 4443 1495 4499 ullum
1522 4444 1863 4516 hospilium,

204 4543 363 4618 quod
388 4559 504 4597 non
529 4539 637 4595 hac
661 4536 1067 4593 circumitione
1090 4533 1462 4590 concludant.
1480 4533 1624 4600 Quid
1652 4533 1866 4606 plura?

202 4635 332 4692 Non
351 4627 1029 4704 postmultosdies,ﬁnes
1046 4624 1226 4696 hujus
1249 4621 1500 4678 civitatis
1520 4623 1868 4680 Rhemensis

1965 3468 2088 3520 tata
2119 3468 2207 3519 est
2233 3462 2362 3536 ipsa
2389 3461 2654 3518 ecclesia.
2679 3463 2750 3518 Et
2787 3463 2940 3518 facta
2967 3467 3172 3536 crypta
3219 3466 3373 3519 retro
3416 3460 3621 3530 altare,

1967 3553 2027 3609 in
2060 3569 2236 3625 quam
2267 3552 2684 3607 transferretur
2714 3569 2926 3624 corpus
2955 3551 3424 3620 sanctissimum,
3449 3551 3624 3608 etTos-
3686 3623 3700 3632 ι

1968 3658 2103 3698 sum
2125 3645 2214 3696 est
2236 3641 2305 3696 de
2334 3640 2460 3696 loco
2493 3641 2548 3695 in
2575 3658 2690 3712 quo
2722 3645 2945 3710 erat,ut
2974 3639 3033 3695 in
3067 3641 3286 3696 fossam
3310 3640 3522 3696 factam
3557 3639 3618 3695 in

1968 3735 2293 3786 memorata
2321 3734 2523 3802 crypta
2553 3729 3074 3800 deponcretur,sed
3100 3726 3264 3784 nullo
3297 3728 3471 3784 modo
3493 3745 3624 3784 mo-

1966 3819 2084 3876 veri
2124 3817 2330 3891 potuit.
2365 3817 2820 3888 Superveniente
2869 3820 3065 3870 autem
3117 3819 3306 3884 nocte,
3331 3819 3388 3872 et
3415 3831 3626 3888 perno-

1969 3907 2264 3964 ctantibus
2295 3905 2570 3960 fratribus
2601 3904 2660 3960 in
2683 3904 2918 3977 hymnis
2939 3909 2997 3960 et
3021 3903 3286 3972 canticis,
3311 3903 3514 3960 multis
3539 3921 3629 3960 ac-

1968 3997 2162 4054 censis
2191 3994 2606 4059 luminaribus,
2630 3994 2785 4050 circa
2813 3993 3068 4048 mediam
3099 3997 3328 4049 noctem
3362 4009 3537 4066 sopor
3563 3991 3625 4048 in

1971 4103 2174 4143 omnes
2205 4085 2396 4139 irruit.
2422 4085 2490 4138 Et
2516 4082 2926 4156 cvigilantibus
2951 4081 3340 4148 eis,Calendis
3361 4081 3627 4137 Octobris

1971 4192 2105 4232 cum
2137 4171 2510 4228 sanctissimo
2539 4187 2780 4242 corpore
2811 4170 3144 4243 sepulcrum
3179 4169 3482 4228 inventum
3515 4173 3625 4238 est,

1973 4263 2252 4337 angelicis
2291 4260 2565 4316 manibus
2596 4259 2876 4332 positum,
2902 4260 2960 4314 in
2999 4260 3157 4316 fossa
3207 4265 3440 4333 cryptae,
3474 4263 3628 4316 retro

1973 4351 2155 4408 altare
2186 4351 2366 4406 factm.
2391 4349 2696 4419 Tantaque
2737 4345 3077 4418 evigilantes
3108 4346 3304 4402 odoris
3343 4345 3629 4402 suavitate

1975 4439 2180 4513 repleti
2205 4442 2342 4494 suut
2363 4455 2565 4491 omnes
2589 4435 2689 4508 qui
2717 4436 3045 4500 adfuerant,
3061 4439 3125 4490 ut
3145 4434 3406 4490 humana
3426 4433 3630 4508 lingua

1975 4531 2085 4586 hoc
2111 4527 2269 4584 effari
2307 4544 2419 4581 non
2453 4525 2641 4580 valeat
2675 4541 2686 4578 :
2723 4529 2778 4578 et
2809 4524 2892 4578 sic
2935 4542 3036 4596 per
3079 4527 3261 4580 totam
3293 4523 3449 4580 diem
3480 4529 3540 4581 et
3567 4523 3629 4580 in

1977 4618 2298 4676 crastinum
2329 4616 2452 4687 ipse
2475 4615 2617 4669 odor
2647 4614 2703 4668 in
2729 4613 2932 4668 eadem
2955 4612 3201 4669 ecclesia
3231 4630 3631 4686 perseverave-

204 4723 336 4779 lues
351 4701 703 4793 aggreditur
748 4718 1090 4770 memorata.
1125 4713 1532 4768 Vetumtamen
1576 4730 1760 4784 usque
1792 4715 1861 4768 ad
1895 4732 1942 4798 D
1979 4709 2070 4798 rit.
2098 4707 2344 4778 Ipsaque
2365 4703 2455 4798 die
2487 4701 2895 4798 translationis
2924 4702 3073 4773 ejus,
3099 4701 3477 4798 cum-divinis-
3505 4701 3630 4758 lau-

206 4829 343 4870 eum
373 4809 568 4866 locum
602 4806 904 4872 accedens,
931 4821 1044 4876 quo
1077 4801 1231 4858 beati
1263 4802 1476 4874 pignus
1509 4803 1773 4870 accessit,
1799 4821 1866 4860 ac

207 4900 259 4958 si
275 4897 667 4958 constitutum
685 4897 946 4950 cerneret
968 4891 1308 4958 terminum,
1325 4889 1478 4945 intro
1501 4890 1724 4962 ingredi
1747 4889 1868 4946 ullo

208 4989 384 5047 modo
417 5004 532 5043 non
555 4989 645 5041 est
675 4999 820 5040 ausa
844 5000 856 5038 :
883 4981 984 5038 sed
1005 4981 1183 5037 etiam
1207 4997 1334 5052 quae
1359 4980 1416 5034 in
1440 4979 1726 5052 principio
1748 4998 1872 5054 per.

204 5081 460 5143 vaserat,
483 5075 664 5146 hujus
683 5071 915 5128 virtutis
937 5069 1176 5143 repulsu
1200 5068 1452 5141 reliquit.
1479 5069 1588 5135 Qui
1610 5069 1872 5126 beatissi-

211 5185 349 5226 mus
389 5165 668 5240 pontifex,
693 5166 751 5218 et
782 5161 839 5216 in
868 5159 988 5216 vita
1034 5159 1315 5232 corporis,
1350 5161 1407 5213 et
1455 5161 1587 5230 post
1617 5159 1866 5227 obitum,

211 5259 366 5316 sicut
396 5253 650 5311 infirmis
681 5248 1284 5330 sanitatumgratiam
1315 5247 1588 5317 reddidit,
1614 5247 1697 5306 sic
1726 5253 1782 5304 et
1810 5248 1867 5304 in

211 5362 553 5422 pervaseres
584 5339 907 5416 sepissime
932 5339 1088 5395 ultor
1115 5337 1355 5392 exstitit.

287 5434 475 5492 LXIV.
505 5435 639 5489 Erat
669 5429 827 5488 enim
859 5429 1016 5486 haud
1048 5426 1249 5500 procul
1281 5443 1314 5481 a
1345 5422 1590 5480 basilica
1623 5442 1870 5496 campus

211 5525 418 5582 tellure
451 5522 740 5580 fecundus
761 5518 927 5592 (tales
955 5517 1110 5573 enim
1145 5514 1343 5570 incola:
1366 5512 1524 5568 oleas
1549 5513 1794 5584 vocant),
1817 5517 1872 5568 et

213 5615 310 5671 hic
327 5615 499 5670 datus
517 5610 706 5667 sancti
726 5607 982 5665 basilica:
1001 5606 1398 5671 fuerat.Quem
1425 5619 1578 5656 unus
1596 5619 1625 5656 e
1645 5599 1868 5656 civibus

1981 4797 2154 4852 dibus
2186 4797 2420 4865 sumpta
2451 4796 2591 4846 sunt
2621 4789 2868 4863 reliquia
2901 4808 2933 4846 a
2965 4807 3202 4863 corpore
3232 4789 3410 4857 illius,
3443 4791 3513 4846 de
3543 4807 3634 4846 ca-

1981 4884 2140 4959 pillis
2170 4881 2438 4938 videlicet
2465 4883 2612 4952 ejus,
2640 4885 2698 4936 et
2739 4880 2962 4947 casula,
2993 4897 3058 4936 ac
3091 4879 3290 4934 tunica
3320 4876 3543 4951 ipsius;
3573 4883 3632 4934 et

1981 4973 2307 5030 involutum
2331 4975 2418 5026 est
2447 4987 2660 5042 corpus
2690 4968 2846 5024 illius
2879 4969 3190 5041 integrum,
3217 4967 3316 5023 sed
3343 4965 3632 5024 exssicca-'

1980 5068 2106 5120 tum
2137 5063 2208 5117 de
2237 5061 2494 5116 brandeo
2525 5060 2724 5114 rubeo.

2051 5151 2265 5208 LXVII.
2298 5150 2576 5205 Processu
2611 5149 2860 5220 denique
2882 5145 3162 5218 temporis
3192 5145 3477 5218 Pippinus
3509 5161 3626 5212 rex,

1979 5241 2168 5298 Caroli
2200 5239 2394 5312 Magni
2445 5243 2628 5312 pater,
2661 5235 2862 5292 volens
2900 5235 3178 5308 episcopii
3220 5235 3630 5292 Laudunensis

1977 5331 2198 5398 villam,
2233 5347 2360 5401 quae
2409 5327 2715 5382 Anisiacus
2746 5325 2983 5392 dicitur,
3006 5324 3268 5396 accipere
3298 5323 3467 5397 quasi
3517 5325 3629 5381 sub

1980 5439 2180 5487 censu,
2215 5420 2368 5474 sicut
2409 5422 2465 5472 et
2509 5415 2656 5471 alias
2685 5415 2972 5486 quasdam
3027 5415 3258 5480 fecerat,
3288 5413 3445 5469 venit
3472 5412 3534 5469 in
3563 5429 3633 5471 ea
3674 5473 3679 5476 _

1980 5527 2233 5566 manere.
2259 5507 2364 5562 Ubi
2407 5523 2540 5559 cum
2597 5503 2896 5570 dormiret,
2919 5502 3076 5557 venit
3107 5503 3176 5557 ad
3207 5520 3342 5558 cum
3389 5505 3632 5559 sanctus

1980 5597 2301 5671 Remigius,
2327 5595 2528 5650 dicens
2553 5611 2564 5648 :
2592 5594 2676 5647 Tu
2703 5591 2842 5663 quid
2873 5591 2964 5663 hic
2989 5591 3170 5648 facis?
3191 5594 3378 5658 Quare
3399 5591 3630 5648 intrasti

287 5812 308 5836 ι
339 5799 483 5856 Vide
514 5799 684 5872 Greg.
720 5797 936 5853 Turon.
973 5795 1043 5852 de
1075 5793 1230 5851 Glor.
1265 5785 1538 5856 confess,
1575 5806 1624 5845 c.
1655 5790 1746 5859 79,
1782 5789 1935 5858 Bar.,
1969 5806 2064 5844 an.
2097 5788 2222 5844 565.
