4074 6514
496 453 654 602 ΙίἿῦ
1083 583 1090 590 ι
1274 504 1657 566 HINGMARI
1705 497 1952 566 RHEM.
1996 499 2362 602 ARCHIEP.
2407 501 2817 567 OPUSCULA
2863 503 3130 565 VARIA.
3749 503 3880 568 “16

493 599 740 718 in'hanc
768 637 967 707 villam
989 623 1181 712 “quam
1214 636 1360 694 mihi
1388 639 1444 692 te
1474 635 1732 693 devotior
1757 635 1934 692 homo
1967 633 2146 706 dedit,
2177 599 2256 701 Al
2257 609 2542 708 colligens
2564 651 2764 691 secum
2793 634 3024 702 detulit,
3044 652 3148 709 per
3176 651 3284 693 sua
3312 633 3647 692 habitacula
3673 635 3880 709 sparsit,

493 744 793 803 quamque
815 743 921 802 ego
943 726 1200 786 ecclesiae
1221 725 1469 783 dominae
1501 743 1642 782 meae
1673 727 1887 782 sanctae
1909 721 2011 780 Dei
2043 723 2153 780 Ge-
2267 729 2325 782 et
2355 727 2556 798 postea
2585 741 2824 799 serpens
2845 725 3008 782 eisin
3038 724 3279 792 locis,in
3309 725 3524 798 quibus
3544 724 3734 799 pulvis
3753 744 3884 800 spar-

493 799 722 884 nitricis
747 799 1000 874 donavi?
1019 817 1091 873 Et
1120 813 1433 890 flagellavit
1460 832 1596 872 eum
1629 813 1772 871 satis
1805 813 2050 884 duriter,
2073 813 2156 869 ita
2265 832 2370 870 sus
2391 815 2598 882 fuerat,
2619 831 2734 868 non
2763 813 3051 886 apparuit.
3069 810 3292 882 Quibus
3313 815 3566 870 ostensis
3588 799 3883 882 miraculis,

493 891 800 986 utilivores
831 909 1037 988 postea
1065 904 1125 962 in
1157 920 1400 977 corpore
1428 903 1557 976 ejus
1595 907 1886 978 parerent.
1919 903 1991 959 Et
2019 919 2154 958 cum
2265 905 2424 959 certo
2455 891 2672 960 indicio
2703 900 2973 976 colligere
3001 919 3339 976 possumus,
3355 903 3496 988 quia
3517 903 3565 960 si
3597 920 3712 960 non
3741 904 3883 962 hirsi-

495 983 788 1076 disparuit
830 983 1038 1052 beatus
1087 993 1414 1068 Remigius,
1449 993 1735 1067 Pippinus
1784 992 2058 1062 surrexit,
2089 1010 2156 1049 ac
2265 995 2460 1048 tantes
2491 991 2548 1046 in
2582 992 2716 1059 fide,
2741 991 2800 1046 in
2833 988 3316 1049 tribulationibus
3366 983 3582 1050 nostris
3634 991 3882 1050 auxilium

497 1085 696 1158 valida
725 1087 1028 1158 correptus
1060 1083 1239 1154 febre,
1269 1081 1620 1156 quantocius
1651 1082 1722 1139 ab
1753 1081 1885 1155 ipsa
1913 1081 2047 1138 villa
2075 1097 2158 1140 re-
2267 1081 2453 1138 sancti
2479 1079 2724 1154 Remigii
2745 1098 2812 1137 ex
2837 1081 3008 1137 corde
3029 1079 3389 1154 petierimus,
3403 1085 3461 1138 et
3481 1082 3552 1139 ab
3573 1081 3882 1156 angelorum

502 1157 702 1255 cessit.
725 1173 806 1230 De
836 1157 953 1246 qua
983 1173 1143 1230 febre
1173 1189 1292 1230 non
1331 1189 1506 1245 parvo
1546 1176 1823 1260 tempore
1849 1169 2154 1227 laboravit.
2268 1169 2618 1260 ﬁatane,qui
2649 1169 2710 1226 in
2741 1173 3006 1260 serpente
3036 1171 3561 1260 matrem‘humani
3583 1172 3804 1244 generis
3827 1171 3888 1226 al-

585 1249 870 1341 deinceps
887 1261 1158 1338 princeps
1180 1260 1365 1334 regni,
1390 1250 1676 1333 usque'ad
1700 1259 1982 1317 moderns
2009 1263 2156 1317 tem-
2267 1249 2501 1315 locutus
2530 1259 2836 1331 deceperat
2873 1259 3026 1329 (Gen.
3051 1259 3158 1333 III),
3181 1249 3741 1331 infestinationibus,
3777 1265 3826 1316 et
3861 1278 3887 1316 ι

499 1351 780 1432 pqr-mibi
801 1368 922 1424 non
951 1348 1194 1419 mansit,
1223 1349 1378 1405 sicut
1396 1367 1502 1408 nec
1531 1349 1590 1405 in
1611 1349 1924 1406 Codiciano
1952 1347 2041 1408 vel
2061 1353 2157 1405 Ju-
2269 1365 2580 1424 pravorum
2603 1349 2910 1406 hominum
2931 1347 3430 1422 improbitatibus,
3453 1349 3583 1422 ejus
3613 1349 3824 1407 meritis
3841 1353 3887 1406 et

497 1439 674 1520 liaco,
695 1438 810 1497 nisi
853 1438 1184 1499 Ludovicus
1219 1455 1320 1495 rex
1339 1439 1684 1508 Germaniae,
1713 1439 1946 1514 quando
1985 1455 2162 1518 super
2269 1437 2791 1494 intercessionibus
2821 1437 3222 1494 liberabimur.

505 1513 746 1609 fratrem
777 1545 951 1609 suum
978 1526 1250 1588 Carolum
1281 1545 1528 1602 regnum
1557 1529 1685 1600 ejus
1713 1513 1952 1598 invasit,
1974 1528 2034 1584 in
2061 1513 2162 1586 Ju-
2343 1527 2828 1602 LXIX.Tempore
2849 1527 3122 1586 Ludovici
3159 1527 3550 1602 imperatoris,
3574 1530 3691 1586 duo
3711 1530 3888 1586 fratres

501 1605 652 1698 lineo
681 1605 922 1687 mansit,
945 1617 1083 1699 etin
1107 1617 1202 1676 die
1232 1613 1512 1686 crastina,
1537 1615 1788 1691 turpiter
1807 1616 1943 1674 ante
1964 1611 2178 1692 ipsum
2272 1616 2476 1674 Franci
2513 1617 2798 1674 forestarii
2830 1615 2980 1690 ejus,
3015 1617 3356 1676 invaserunt
3392 1623 3622 1692 partem
3655 1621 3724 1676 de
3753 1619 3886 1686 silva,

509 1707 748 1764 fratrem
779 1707 1012 1779 fugiens
1040 1705 1134 1764 vix
1162 1705 1363 1763 evasit.
2272 1722 2450 1778 quam
2473 1705 2530 1760 in
2556 1705 2708 1763 saltu
2731 1705 2966 1780 Vosagi,
2992 1710 3056 1763 ut
3077 1724 3256 1781 supra
3276 1705 3665 1776 ostendimus,
3686 1711 3890 1765 sanctus

531 1795 816 1874 .,.LXVIII.
839 1796 1051 1854 Nostra
1079 1800 1248 1854 zetate
1276 1795 1521 1854 colonus
1546 1795 1787 1870 quidam
1819 1795 1969 1852 villae
2011 1795 2161 1854 Rhe-
2273 1791 2578 1868 Remigius
2626 1795 2684 1850 in
2731 1795 2851 1852 vita
2901 1813 3010 1852 sua
3055 1783 3238 1868 pretio
3287 1801 3740 1870 comparaverat,
3769 1797 3898 1852 intra“

501 1885 747 1963 mensis.
777 1884 1084 1960 episcopii,
1116 1902 1244 1959 quae
1293 1885 1572 1960 plumbea
1621 1887 1882 1942 Fontana
1927 1883 2160 1955 dicitur,
2272 1883 2440 1952 ﬁnes,
2466 1884 2724 1940 dicentes
2755 1885 2911 1958 quod
2969 1885 3104 1960 plus
3161 1883 3480 1960 pertineret
3525 1886 3674 1943 silva
3719 1885 3806 1943 illa
3833 1886 3888 1943 ad

504 1974 783 2055 manebat
804 1976 979 2076 ju‘xta
1000 1963 1213 2034 fiscum
1235 1974 1484 2060 regium,
1505 1973 1880 2076 qui_Rosetus
1900 1979 2161 2044 vocatur,
2195 1973 2260 2076 ﬁt
2277 1972 2484 2076 fiscum
2508 1972 3083 2076 peratoris,quam
3102 1973 3173 2031 ad
3194 1978 3422 2075 partem
3445 1971 3635 2033 sancti
3658 1973 3890 2048 Remigii;

503 2068 570 2126 et-
593 2080 700 2124 nec
729 2063 1186 2143 peculium,_nec
1226 2080 1502 2131 messem,
1525 2063 1612 2122 vel
1643 2069 1877 2138 pratum
1925 2069 2165 2140 propter
2195 2061 2242 2076 ³’
2275 2061 3036 2122 Contradicentibusautem
3049 2063 3894 2138 hominibusdepotestateﬂhe-

505 2153 910 2218 fiscalinorum
955 2145 1398 2212 infestationem
1424 2153 1622 2228 quiete
1669 2153 1885 2212 habere
1913 2151 2161 2211 valebat.
2273 2151 2498 2208 mensis
2543 2151 2799 2209 ecclesiae
2831 2169 2988 2209 unus
3035 2167 3237 2209 eorum
3285 2149 3622 2212 altercando
3667 2153 3812 2211 venit
3834 2143 3898 2210 αι’

506 2242 1140 2318 Undeszepejustitiam
1155 2245 1311 2316 apud
1331 2243 1523 2317 regios
1539 2243 1955 2301 ministeriales
1973 2244 2160 2318 petiit,
2273 2257 2481 2314 porcos
2512 2257 2836 2314 suos,quos
2866 2241 2926 2298 in
2958 2241 3225 2300 eamdem
3256 2241 3462 2299 silvam
3489 2243 3564 2299 ad
3601 2241 3898 2318 pastiones!

505 2348 688 2406 quam
709 2333 973 2390 obtinere
997 2349 1114 2390 non
1136 2333 1616 2406 potuit.Tandem
1638 2331 1859 2390 invenit
1875 2333 1985 2391 sibi
2010 2331 2166 2390 salu-
2272 2329 2536 2397 miserat,
2559 2328 2715 2386 inter
2734 2347 2882 2403 quos
2904 2329 3107 2404 lupum
3131 2330 3372 2388 invenit.
3397 2331 3583 2400 Quem
3607 2333 3896 2389 ascendens

506 2421 612 2484 bre
639 2421 978 2480 consilium.
1001 2421 1152 2480 Nam
1181 2422 1335 2478 coxit
1363 2439 1545 2495 panes
1575 2425 1632 2478 et
1671 2439 1897 2489 carnes,
1921 2427 1980 2480 et
2007 2441 2165 2481 acce-
2271 2413 2512 2491 equum,
2530 2417 2805 2476 velociter
2831 2423 2922 2476 est
2949 2419 3273 2476 insecutus.
3304 2419 3374 2476 Et
3399 2419 3606 2478 volens
3633 2435 3761 2478 eum
3787 2435 3892 2495 per-

507 2509 597 2586 pit
625 2509 929 2568 cervisiam
966 2510 1025 2566 in
1053 2509 1328 2579 vasculis,
1353 2515 1525 2584 prout
1553 2510 1763 2584 potuit.
1798 2514 1931 2578 Quae
1964 2513 2165 2569 omnia
2271 2511 2488 2577 cutere,
2522 2525 2673 2582 equo
2719 2513 3132 2582 expavescente
3161 2503 3378 2566 collisit
3415 2513 3597 2582 caput
3633 2509 3706 2566 ad
3741 2519 3896 2566 unum

508 2597 570 2674 in
617 2614 775 2668 vase,
813 2599 970 2673 quod
1016 2598 1191 2672 vulgo
1239 2599 1434 2656 bcnna
1477 2599 1710 2668 dicitur,
1753 2600 2074 2671 collocavit,
2107 2605 2164 2657 et
2272 2592 2485 2652 fustem
2518 2597 2589 2652 de
2620 2597 2748 2668 ipsa
2777 2595 2944 2663 silva,
2966 2596 3046 2652 ita
3075 2601 3142 2652 ut
3178 2595 3482 2654 cerebrum
3522 2595 3688 2654 illius
3715 2599 3768 2654 in
3796 2603 3890 2653 ter-

508 2703 674 2764 ρῳ·Ρο
705 2687 1118 2761 superposuit:
1144 2687 1346 2762 sicque
1367 2689 1596 2761 junctis
1621 2689 1830 2757 bobus,
1855 2689 2158 2746 candelam
2271 2701 2396 2739 ram
2428 2685 2735 2740 defluxerit
2770 2701 2781 2741 :
2817 2689 2874 2741 et
2923 2690 3191 2743 mortuus
3238 2689 3346 2743 est.
3385 2683 3590 2744 Frater
3625 2703 3751 2744 vero
3785 2687 3892 2759 ejus

507 2775 770 2854 inmani}
795 2775 1128 2846 habens,ad
1155 2776 1461 2834 basilicam
1483 2777 1668 2835 sancti
1693 2777 1938 2852 Remigii
1963 2797 2163 2852 prope-
2269 2769 2492 2830 concite
2551 2791 2799 2846 pergens
2844 2774 2900 2830 in
2951 2779 3177 2848 partem
3235 2775 3499 2845 alteram,
3533 2776 3789 2850 pervenit
3834 2775 3894 2831 ad

507 2865 816 2942 meritone.
845 2867 1210 2942 perveniens,
1233 2868 1305 2926 de
1334 2884 1485 2940 pane
1513 2872 1571 2926 et
1601 2884 1774 2924 carne
1813 2885 1880 2924 ac
1919 2868 2163 2925 cervisia
2270 2862 2590 2934 quamdam
2635 2867 2883 2936 petram,
2917 2867 2976 2920 et
3021 2863 3518 2922 ἀίκίῐεοωηίὺιιε
3565 2871 3765 2922 notum
3810 2863 3888 2930 Sil.

507 2954 944 3013 matricularios
973 2955 1150 3028 pavit,
1175 2955 1480 3012 candelam
1504 2957 1576 3013 ad
1607 2955 1940 3030 sepulcrum
1973 2957 2158 3014 sancti
2269 2947 2608 3022 quiausque
2628 2950 2700 3005 ad
2719 2949 2871 3009 hanc
2894 2955 3117 3023 petram
3135 2950 3356 3007 estista
3371 2950 3888 3025 silvaimperatdris.

506 3043 724 3120 posuit.
739 3047 796 3102 et
816 3044 944 3120 ejus
967 3044 1254 3102 auxilium
1274 3049 1478 3102 contra
1491 3045 1890 3119 opprimentes
1911 3063 1974 3104 se
1993 3046 2160 3104 ﬁsea-
2268 3035 2339 3094 Et
2361 3053 2493 3094 cum
2523 3043 2850 3112 percuteret
2869 3041 3136 3097 eamdem
3167 3045 3392 3114 petram
3424 3041 3713 3098 delatoris
3740 3055 3888 3115 quam

508 3131 662 3210 tinos
682 3133 938 3210 expetiit.
957 3133 1266 3191 Pulverum
1289 3151 1522 3208 quoque
1542 3135 1614 3192 de
1635 3137 1966 3208 pavimento
1985 3135 2161 3193 eeele.
2361 3144 2538 3184 manu
2590 3129 2877 3202 portabat,
2911 3127 3252 3186 exsilierunt
3279 3129 3352 3186 ab
3381 3129 3485 3187 illa
3528 3129 3815 3204 particula:
3841 3129 3892 3183 in‘

508 3207 631 3300 aias,
663 3207 952 3296 quantum
994 3221 1199 3292 valuit,
1234 3207 1484 3296 collegit,
1519 3229 1575 3280 et
1605 3207 1664 3280 in
1703 3241 1896 3296 panno
1935 3224 2157 3298 ligavit,
2268 3216 2453 3274 oculis
2483 3218 2632 3290 ejus,
2655 3221 2712 3274 et
2753 3223 3072 3274 excaecatus
3103 3222 3212 3275 est.
3246 3213 3457 3292 Sicque
3495 3220 3675 3276 ambo
3701 3232 3892 3292 recepev

509 3315 569 3388 et
595 3309 658 3370 in
681 3311 1020 3384 praedictam
1047 3311 1302 3370 bennam
1329 3311 1510 3382 misit,
1533 3317 1589 3370 et
1609 3315 1861 3388 desuper
1887 3314 2157 3383 linteum,
2204 3309 2408 3388 Urunt
2437 3307 2763 3363 mercedem
2795 3306 3273 3381 praesumptionis
3303 3312 3361 3364 et
3385 3309 3679 3366 mendacii
3707 3307 3809 3365 sui.

515 3363 565 3388 η
682 3363 1020 3384 Γηὼνπτ-
1047 3363 1302 3370 nun“-
1330 3363 1510 3382 --νη
1537 3363 1589 3370 --
1613 3363 1850 3388 ---η---
1888 3363 2135 3371 --η-η---

509 3398 664 3489 sicut
681 3417 866 3473 supra
878 3389 1091 3476 corpus
1111 3401 1325 3458 mortui
1349 3401 1602 3459 affectari
1627 3402 1792 3471 solet,
1807 3419 1933 3460 com
1941 3399 2132 3477 posuit

2246 3365 2250 3392 ’
2339 3395 2494 3452 Lxx.
2517 3395 2764 3462 Quidam
2794 3363 2882 3451 ti.-
2912 3363 3126 3454 nobilis
3147 3393 3218 3489 de
3247 3363 3887 3463 territorioNivernensi;

503 3477 564 3551 δι
591 3505 728 3550 cum
758 3506 923 3566 uarro
947 3507 1056 3550 suo
1086 3490 1158 3548 ad
1207 3492 1442 3564 propria
1488 3491 1784 3549 remeavit.
1808 3492 2156 3566 Quicunque
2262 3483 2515 3540 obtentis
2551 3483 2816 3557 reliquiis
2838 3485 2900 3540 Β.
2927 3477 3197 3559 Remigii,
3218 3484 3540 3542 oratorium
3563 3485 3626 3542 in
3655 3487 3776 3559 ejus
3800 3485 3890 3541 110'

502 3583 702 3654 autem
745 3578 816 3636 de
861 3579 1233 3636 obviantibus
1265 3596 1399 3637 eum
1441 3580 1898 3656 interrogabant,
1921 3581 2060 3655 quid
2092 3583 2152 3638 in
2263 3589 2402 3629 nore
2433 3573 2491 3628 iu
2536 3573 2892 3647 proprietate
2941 3591 3050 3630 sua
3099 3574 3406 3631 aediﬁcavit
3437 3589 3452 3630 :
3485 3575 3590 3631 ubi
3637 3572 3892 3632 Dominus

499 3665 600 3724 illo
629 3681 794 3742 carro
807 3665 1076 3744 duceret,
1101 3667 1402 3742 respondit
1423 3685 1484 3724 se
1515 3673 1785 3725 sanctum
1820 3667 2150 3744 Remigium
2261 3659 2479 3720 multas
2495 3663 2740 3718 virtutes
2763 3677 2864 3736 per
2885 3663 3095 3720 merita
3114 3663 3304 3737 ipsius
3322 3664 3510 3720 sancti
3529 3664 3623 3722 sui
3642 3663 3886 3722 ostendit.

497 3754 731 3822 ducere.
757 3755 827 3812 Et
873 3755 1321 3824 admirabantur
1365 3774 1570 3814 omnes
1615 3757 1676 3814 in
1725 3757 1880 3816 dicto
1913 3764 1970 3815 et
1998 3761 2150 3818 facto

497 3843 995 3920 illius,~putantes
1044 3845 1212 3903 illum
1269 3863 1398 3904 esse
1455 3853 1770 3906 amentem.
1804 3848 2151 3908 Perveniens

496 3939 692 4010 autem
723 3950 860 4012 cum
903 3935 1110 3992 eodem
1151 3951 1316 3993 carro
1365 3936 1424 3993 in
1475 3940 1711 4008 pratum
1759 3955 1958 4004 suum,
1989 3937 2050 3994 in
2083 3957 2150 3996 eo

495 4023 764 4099 pastores
790 4029 1096 4106 pascentes
1118 4023 1328 4081 diversi
1359 4025 1592 4098 generis
1615 4025 1894 4082 animalia
1913 4027 1984 4084 de
2006 4027 2148 4084 ﬁsco

495 4112 708 4195 Roseto
741 4111 997 4168 invenit:
1021 4117 1078 4169 et
1105 4113 1368 4172 invocato
1391 4119 1594 4178 sancto
1617 4114 1901 4189 Remigio,
1927 4120 1991 4172 ut
2011 4135 2146 4174 eum

493 4203 699 4280 contra
729 4217 1101 4276 oppressores
1123 4209 1262 4260 suos
1293 4203 1615 4274 adiuvaret,
1643 4209 1941 4277 cmperunt
1971 4205 2146 4262 boves

493 4292 554 4358 et
579 4305 763 4348 νιοβε
783 4306 918 4347 cum
945 4291 1219 4348 maximis
1240 4292 1566 4365 mugitibus
1590 4293 1838 4350 invicem
1869 4312 1932 4352 se
1961 4297 2145 4352 corni-

493 4379 608 4449 bus
636 4378 942 4454 impetere;
978 4380 1125 4438 hirci
1165 4381 1380 4450 hircos,
1405 4399 1590 4456 caprae
1630 4400 1834 4460 capras
1866 4385 2143 4442 cornibus

492 4468 872 4543 impugnare;
903 4469 1063 4544 porci
1103 4486 1239 4526 cum
1277 4470 1468 4544 porcis
1507 4472 1846 4546 conﬂigere;
1877 4491 2143 4531 verveces

490 4574 625 4620 cum
657 4559 993 4616 vervecibus
1022 4575 1086 4617 se
1133 4558 1427 4637 collidere,
1455 4565 1720 4634 pastores
1771 4579 1834 4618 se
1883 4563 2143 4620 fustibus
2250 4552 2462 4626 Opibus
2485 4551 2764 4608 refertum
2787 4554 3047 4626 aggressi
3073 4559 3214 4612 sunt
3234 4569 3334 4612 888
3350 4555 3880 4629 ἀει-ἱρθιδθορυοωω

488 4651 552 4706 et
575 4647 1028 4721 pugnismutuo
1059 4651 1380 4721 percutere.
1413 4651 1484 4706 Et
1513 4651 1699 4708 levato
1729 4653 1984 4709 maxime
2015 4657 2137 4709 ιυιι-
2251 4653 2406 4700 unus
2445 4643 2784 4698 obscratum
2823 4643 3042 4699 ostium
3090 4641 3236 4717 pede
3279 4645 3591 4716 percussit,
3617 4650 3681 4701 ut
3715 4657 3880 4701 seram

485 4733 622 4793 hinc
647 4739 938 4815 pastores,
965 4735 1254 4809 ejulantes
1285 4735 1564 4795 animalia
1595 4741 1920 4797 secundum
1951 4757 2139 4815 genus
2170 4736 2218 4828 ﬁ
2249 4729 2675 4828 βιπτίηεθτθιβῐ
2704 4747 2840 4788 mox
2868 4732 3060 4828 cidem
3083 4732 3232 4789 ostio
3263 4747 3368 4805 pes
3396 4732 3806 4828 ejus‘adbiesit,

483 4841 630 4898 suus
659 4809 795 4886 cum
825 4826 1083 4883 maximo
1114 4826 1309 4884 sonitu
1351 4833 1408 4885 et
1449 4829 1698 4902 strepitu
1728 4828 1808 4886 ita
1837 4809 2136 4906 cmperunt
2171 4809 2214 4828 ⁸³
2249 4809 2564 4896 resupinus
2595 4826 2990 4894 praesumptor
3016 4821 3074 4878 in
3118 4827 3336 4878 terram
3374 4823 3607 4880 cecidit.
3632 4823 3784 4892 Quod
3810 4821 3878 4875 νὶ-

483 4911 988 4974 versusRosetum
1019 4915 1318 4990 fugere,ac
1339 4917 1389 4974 si
1413 4917 1669 4974 maxima
1690 4918 2007 4976 multitudo
2036 4919 2134 4977 in-
2245 4908 2448 4969 dentes
2480 4909 2600 4979 alii,
2633 4910 3012 4982 aufugerunt.
3043 4909 3171 4983 Ipse
3200 4915 3398 4968 autem
3431 4911 3615 4969 miser
3642 4910 3878 4969 cruciatu

483 5004 856 5076 sequentium
886 5022 986 5062 eos
1016 5022 1151 5062 cum
1185 5006 1430 5079 ﬂagellis
1469 5012 1935 5080 persequeretur.
1967 5011 2131 5076 Quod

2246 5005 2507 5074 eogente,
2533 5014 2667 5056 cum
2702 4995 2959 5054 maximo
2998 4993 3222 5072 ejulatu
3263 4999 3438 5073 erepit
3467 5000 3700 5075 culpam
3729 5009 3875 5056 suam

2260 3751 2405 3808 Cum
2425 3757 2623 3808 autem
2642 3753 2745 3809 def
2744 3757 2920 3809 uncto
2939 3752 3230 3810 Ludovico
3251 3752 3630 3827 imperatore,
3643 3750 3888 3828 Aquitani

2259 3841 2554 3914 gentilitia
2584 3832 2911 3898 mobilitate
2962 3841 3183 3914 absque
3203 3843 3350 3916 jugo'
3397 3843 3700 3918 principis,
3741 3845 3889 3916 prout

2259 3931 2511 4003 quisque
2545 3933 2790 4002 poterat,
2821 3945 2882 3986 se
2911 3931 3132 3999 ell'erre',
3157 3935 3215 3987 et
3243 3930 3316 3987 ad
3349 3929 3602 3989 invicem
3634 3941 3883 4006 pugnare.

2257 4036 2324 4076 ac
2355 4035 2458 4092 per
2487 4018 2796 4091 contiguos
2827 4033 3009 4092 pagos
3049 4017 3392 4076 debacharri
3423 4025 3742 4094 cmperunt,
3763 4028 3884 4094 pau-

2256 4125 2424 4180 peres
2454 4107 2725 4165 homines
2755 4101 3179 4165 substantiolas
3199 4124 3338 4166 suas
3369 4109 3430 4165 in
3462 4110 3722 4168 ecclesiis
3749 4122 3886 4180 mp0-

2256 4214 2392 4253 nere
2426 4197 2804 4254 studuerunt.
2830 4195 2993 4253 Unde
3024 4197 3250 4255 confusi
3291 4195 3566 4272 opinione
3605 4199 3881 4262 virtutum,

2254 4301 2382 4358 qum
2403 4284 2483 4340 ibi
2507 4285 2742 4353 ﬁebant,
2761 4285 2831 4341 ad
2857 4285 3204 4342 salvandum
3222 4301 3332 4343 sua
3354 4286 3413 4342 in
3435 4287 3641 4344 eodem
3661 4286 3884 4345 oratorio

2252 4373 2475 4447 quique
2520 4379 2809 4446 poterant,
2833 4375 3100 4432 certatim
3151 4379 3552 4450 reposuerant.
3593 4377 3884 4434 Audientes

2251 4469 2447 4521 autem
2465 4465 2766 4536 przedones
2785 4463 2941 4520 idem
2955 4465 3276 4522 oratorium
3293 4465 3502 4523 multis
3517 4466 3882 4541 plurimorum

480 5091 746 5171 videntes
756 5098 814 5150 et
832 5093 1134 5151 audientes
1145 5094 1606 5164 fiscalini,nimio
1621 5100 1837 5152 terrore
1853 5097 2128 5170 perculsi,

480 5198 596 5238 non
629 5187 982 5255 putaverunt
1009 5201 1072 5242 se
1099 5185 1187 5242 vel
1223 5203 1340 5241 una
1367 5184 1514 5241 hora
1540 5183 1731 5241 vivere
1749 5203 1940 5260 posse.
1967 5188 2129 5244 Unde

477 5272 720 5342 correcti
742 5289 778 5328 a
797 5274 1253 5346 praesumptione
1274 5291 1404 5340 sua,
1425 5273 1498 5329 ab
1521 5273 1835 5333 afflictione
1854 5277 2127 5351 pauperis

476 5361 663 5432 sancti
681 5357 929 5436 Remigii
943 5363 1085 5419 adeo
1102 5367 1478 5420 cessaverunt
1493 5368 1559 5418 ut
1573 5367 1947 5435 postmodum
1970 5368 2126 5425 idem

475 5465 698 5522 pauper
725 5449 899 5507 homo
930 5453 1168 5524 paciﬁce
1198 5458 1255 5508 et
1275 5452 1402 5508 sine
1435 5452 1838 5527 inquietudine
1869 5458 2126 5529 posside-

474 5542 561 5594 ret
591 5556 722 5595 sua.
747 5541 816 5598 Et
851 5541 1130 5614 quoniam
1166 5542 1340 5612 juxta
1386 5543 1627 5599 ﬂuvium
1676 5546 1878 5602 Seram
1909 5546 1968 5602 in
1999 5547 2123 5604 loco

474 5625 666 5684 lutoso
699 5631 992 5699 manebat,
1018 5629 1333 5686 maximam
1365 5631 1696 5690 molestiam
1730 5635 1787 5689 in
1811 5635 1935 5692 suis
1965 5636 2126 5692 habi-

475 5717 687 5774 taculis
718 5737 752 5774 a
778 5719 1149 5791 serpentibus
1180 5720 1526 5778 sustinebat.
1552 5722 1659 5790 Qui
1683 5725 1976 5797 accipiens
2003 5725 2126 5798 pul-

472 5820 665 5862 verem
697 5825 874 5878 quem
905 5809 976 5864 de
1007 5807 1333 5881 pavimento
1366 5811 1620 5868 ecclesia:
1654 5813 1837 5870 sancti
1874 5813 2119 5886 Remigii

2241 5085 2430 5156 fateri,
2445 5093 2502 5145 et
2523 5103 2660 5144 cum
2680 5087 2956 5161 lacrymis
2976 5086 3369 5146 amarissimis
3390 5089 3654 5162 proﬁteri
3672 5089 3814 5163 quod
3833 5085 3877 5143 si

2240 5179 2392 5236 Deus
2414 5195 2516 5250 per
2537 5175 2747 5232 merita
2765 5178 2824 5232 S.
2841 5175 3092 5252 Remigii
3110 5179 3313 5252 pedem
3335 5177 3499 5235 illius
3515 5181 3587 5236 ab
3607 5180 3729 5254 ipso
3744 5191 3875 5234 com-

2237 5269 2383 5342 pede
2415 5264 2679 5335 solveret,
2705 5279 3010 5338 nunquam
3041 5265 3290 5324 ulterius
3313 5267 3384 5324 de
3425 5268 3558 5342 ipsa
3577 5269 3664 5326 vel
3683 5269 3753 5325 de
3778 5264 3875 5323 alia

2235 5357 2480 5414 ecclesia
2497 5354 2823 5428 quidquam
2839 5354 3092 5426 tolleret,
3107 5353 3192 5413 vel
3209 5354 3356 5427 tolli,
3373 5364 3665 5432 quantum
3683 5358 3739 5414 in
3757 5356 3871 5429 ipso

2234 5452 2409 5513 esset,
2427 5445 2548 5502 ullo
2566 5445 2739 5500 modo
2761 5443 3442 5504 consentiret.Caballum
3463 5465 3694 5521 quoque
3713 5459 3868 5502 suam

2234 5555 2368 5596 cum
2396 5535 2543 5592 sella
2565 5539 2622 5590 et
2653 5532 2768 5589 alia
2791 5551 2918 5607 qua:
2953 5536 3162 5608 potuit,
3188 5537 3259 5593 ad
3283 5537 3551 5593 eamdem
3583 5535 3868 5593 ecclesiam

2235 5627 2506 5684 donavit:
2531 5623 2734 5695 sicque
2776 5627 2909 5696 post
2938 5622 3368 5682 confessionem
3400 5629 3458 5682 et
3487 5625 3768 5700 lacrymas
3795 5627 3866 5678 at-

2235 5735 2346 5791 que
2379 5712 2802 5789 professionem
2835 5718 2893 5769 et
2921 5719 3143 5784 votum,
3178 5732 3279 5788 pes
3317 5717 3447 5790 ejus
3493 5717 3563 5772 ab
3596 5715 3754 5782 ostio,
3785 5709 3864 5768 cui

2235 5805 2564 5870 inhaeserat,
2589 5805 2679 5858 est
2703 5801 2958 5860 solutus.
2981 5803 3400 5862 Verumtamen
3434 5809 3633 5878 postea
3660 5805 3726 5860 de
3754 5801 3862 5874 ipso
