4074 6510
208 503 356 566 1181

1472 506 1657 570 VITA
1701 507 1979 570 SANCTI
2028 509 2354 572 REMIGII.

3462 514 3618 579 1182

206 637 357 695 Nam
387 636 619 695 domuit
646 637 770 694 fera
799 638 994 708 corda,
1020 637 1216 696 animo
1246 639 1402 714 pius,
1434 657 1533 697 ore
1563 641 1860 715 profusus.
1890 642 1948 710 Α
2048 642 2306 701 LXXVII.
2372 644 2506 701 Post
2563 644 2785 718 requiei
2842 643 3196 715 subsidium,
3248 647 3376 719 jam
3430 651 3619 706 terras

282 726 596 784 Sicambrm
622 726 815 800 gentis
845 728 1008 801 regia
1037 732 1269 801 sceptra
1298 746 1559 786 sacrans.

206 816 541 889 Nonaginta
572 815 809 888 quidem
839 834 940 872 sex
970 834 1105 873 cum
1137 817 1531 890 complavcrat
1560 836 1766 888 annos,

281 904 595 962 Solendida
615 904 716 961 lux
740 910 973 963 nostras
1002 906 1261 963 deseruit
1279 908 1571 964 tenebras.

207 994 350 1052 Idus
371 994 500 1067 jam
532 992 737 1068 plenas
766 1012 903 1051 cum
932 996 1118 1052 Janus
1140 996 1361 1053 mensis
1392 996 1652 1067 haberet,

279 1083 572 1141 Emeritus
604 1083 774 1140 miles
806 1084 1052 1158 praemia
1082 1085 1263 1159 digna
1291 1086 1465 1159 capit.

207 1171 404 1228 Isdem
434 1171 786 1229 Hincmarus
819 1175 984 1247 prius
1015 1174 1123 1230 hac
1147 1175 1205 1229 in
1238 1176 1375 1231 sede
1394 1177 1666 1233 sacerdos

280 1261 415 1318 Post
443 1261 687 1335 triginta
706 1262 833 1319 loco
864 1262 1132 1319 constitit
1159 1268 1216 1319 et
1245 1281 1490 1321 numero
1526 1282 1538 1321 :

207 1349 313 1407 Cui
346 1355 544 1407 sextus
574 1350 839 1408 decimus
861 1352 971 1407 sub
993 1352 1105 1408 hac
1128 1352 1391 1409 radiante
1421 1353 1664 1412 lucerna

283 1437 548 1514 Remigio
580 1440 822 1496 Rhemis
850 1440 1054 1497 munia
1087 1457 1222 1497 cara
1253 1441 1431 1498 dedit.

206 1527 393 1585 Annis
423 1528 701 1601 septenis,
735 1529 933 1603 quinis
963 1547 1029 1586 ac
1059 1530 1362 1587 mensibus
1392 1531 1510 1605 egit

283 1616 540 1675 Pastoris
571 1635 795 1687 curam,
828 1619 952 1675 haec
982 1618 1292 1676 recolenda
1312 1624 1575 1693 patrans.

210 1704 630 1780 Octingenteno
660 1707 1194 1781 quinquagenoque
1225 1709 1503 1777 secundo,

282 1799 404 1864 Quo
436 1795 591 1853 Deus
622 1800 712 1852 est
741 1813 894 1853 anno
922 1796 1163 1871 Virgine
1193 1801 1368 1853 natus
1399 1797 1573 1855 homo
1609 1816 1622 1855 :

208 1886 442 1946 Tertius
472 1889 530 1941 et
556 1884 796 1943 Carolus
817 1886 981 1959 regni
1011 1890 1386 1959 componeret
1405 1891 1594 1956 actus,

281 1975 528 2033 October
556 1974 808 2048 primam
841 1991 975 2030 cum
1010 1975 1174 2031 daret
1203 1980 1377 2048 atque
1408 1976 1587 2045 diem,

205 2065 288 2121 Ac
316 2068 689 2120 tercentenus
721 2067 960 2120 octavus
985 2067 1251 2137 tangeret
1281 2081 1491 2121 annus.

282 2154 384 2210 Ilic
404 2153 608 2224 justus
639 2151 871 2209 Domini
904 2170 1019 2226 quo
1053 2153 1200 2226 petit
1229 2157 1388 2209 astra
1417 2152 1556 2227 poli,

207 2243 558 2300 Tercentum
588 2242 819 2298 fuerant
847 2245 965 2299 tres
994 2246 1052 2299 et
1078 2241 1214 2298 deni
1246 2246 1456 2315 quater
1487 2241 1648 2310 anni,

282 2333 406 2398 Quo
434 2331 563 2388 vita:
596 2333 846 2389 Francos
876 2332 1107 2405 gurgite
1132 2331 1274 2388 lavit
1305 2349 1506 2389 ovans.

209 2419 403 2494 Ipsius
432 2420 482 2476 is
511 2419 783 2493 precibus
804 2419 1024 2476 ccclesti
1057 2420 1116 2476 in
1149 2421 1286 2477 sedc
1316 2419 1559 2491 locetur,

285 2512 465 2577 Quem
497 2509 670 2566 terris
692 2509 874 2566 coluit
893 2527 1066 2566 verus
1091 2513 1334 2565 amator.
1358 2512 1565 2565 Anien.

292 2688 499 2745 LXXV.
532 2688 757 2744 Accidit
809 2693 1006 2744 autem
1067 2692 1291 2761 postea,
1321 2693 1693 2761 peccatorum
1744 2708 1863 2745 me-

224 2779 356 2836 ritis
387 2778 774 2852 exigentibus,
811 2783 875 2834 ut
903 2778 1217 2834 Dominicze
1249 2777 1673 2835 Incarnationis
1711 2795 1865 2835 anno

217 2870 344 2938 882,
378 2866 764 2923 Carlomanno
795 2870 1094 2940 regnante,
1126 2865 1399 2939 praedicto
1431 2867 1669 2924 domino
1699 2868 1867 2924 Hinc-

215 2973 381 3013 maro
411 2955 847 3029 archiepiscopo
890 2960 1210 3029 satagente,
1242 2957 1658 3013 transferretur
1693 2974 1864 3013 vene-

213 3044 399 3103 rabile
431 3046 648 3119 pignus
677 3045 938 3117 corporis
964 3045 1142 3117 hujus
1177 3045 1561 3101 sacratissimi
1594 3046 1780 3103 Patris
1810 3050 1868 3103 et

212 3135 437 3193 domini
470 3135 657 3192 nostri
687 3134 1657 3208 Remigii,propterinfestationem
1688 3154 1865 3210 paga-

213 3242 446 3293 norum,
484 3224 555 3281 ad
588 3224 788 3280 villam
820 3223 1008 3298 ipsius
1044 3225 1171 3295 jam
1222 3241 1402 3296 supra
1450 3228 1729 3295 taxatam,
1763 3244 1864 3282 no-

214 3314 372 3371 mine
389 3315 777 3387 Sparnacum,
794 3313 933 3387 quia
953 3312 1156 3369 civitas
1178 3313 1539 3370 Rhemorum
1564 3317 1705 3370 tunc
1727 3319 1869 3371 tem-

1968 731 2110 789 solis
2140 732 2469 790 illustrante
2491 734 2725 806 jubare,
2752 751 2921 791 voces
2944 735 3205 807 undique
3234 737 3419 793 Deum
3442 737 3617 795 bene-

1969 822 2291 878 dicentium
2323 828 2695 897 concrepant,
2728 828 2904 897 atque
2932 822 3324 894 laudantium,
3360 827 3515 899 quod
3534 827 3619 884 eis

1969 916 2283 984 pastorem,
2320 916 2656 985 patronum,
2692 931 2757 969 ac
2789 916 3175 985 protectorem
3206 914 3471 971 redderet
3501 932 3622 972 cor-

1970 1000 2245 1073 poraliter
2289 1001 2613 1074 proprium,
2646 1018 2820 1074 quem
2872 1018 3106 1075 semper
3154 1003 3311 1074 apud
3361 1002 3619 1060 divinam

1969 1089 2342 1145 clementiam
2394 1089 2861 1159 intercessorem,
2891 1095 2950 1147 et
2980 1091 3287 1148 assiduum
3320 1108 3381 1148 se
3411 1092 3625 1149 habere

1971 1179 2267 1234 confidant
2300 1179 2666 1235 advocatum.
2691 1178 2974 1236 Prasfatus
3005 1180 3227 1236 interea
3256 1180 3492 1253 praesul,
3515 1199 3622 1239 cce-

1970 1267 2206 1323 lestium
2246 1267 2632 1323 sacramentis
2682 1267 3095 1340 mysteriorum
3143 1268 3253 1325 rite
3290 1269 3620 1338 celebratis,

1970 1354 2338 1411 imminentis
2352 1356 2499 1429 juga
2520 1373 2656 1412 cum
2670 1355 2948 1411 laudibus
2962 1356 3191 1411 scandit
3208 1357 3625 1425 montis,comi—

1969 1444 2235 1501 tantibus
2258 1444 2518 1518 undique
2530 1461 2709 1501 secus
2730 1444 3082 1518 populorum
3105 1444 3338 1517 stipatis
3355 1446 3620 1504 catervis.

1972 1533 2074 1589 llic
2102 1532 2202 1589 ubi
2223 1551 2327 1606 pro
2357 1532 2557 1606 populi
2588 1532 2907 1602 delictis,et
2936 1532 3024 1589 ira
3045 1532 3434 1607 mitigationis
3455 1534 3623 1592 coele-

1972 1623 2077 1678 stis
2110 1622 2182 1678 ad
2208 1622 2523 1679 Dominum
2554 1624 2803 1679 fudisset
2832 1622 3625 1697 orationem,paululumque

1970 1712 2412 1783 processissent,
2426 1711 2618 1794 adhuc
2639 1711 2958 1767 clariﬁcare
2973 1710 3263 1783 Christus,
3288 1711 3622 1781 miriﬁcare,

1970 1804 2147 1872 atque
2169 1800 2496 1873 gloriﬁcare
2526 1800 2845 1873 disponens
2877 1799 3034 1856 hunc
3064 1801 3478 1858 beatissimum
3507 1802 3615 1859 Pa-

1971 1892 2118 1945 trem
2152 1892 2420 1945 nostrum
2450 1889 2507 1944 in
2535 1888 2728 1957 terris,
2761 1905 2937 1962 quem
2971 1890 3346 1963 magniﬁcare
3367 1907 3504 1947 cum
3526 1907 3626 1947 an-

1971 1976 2117 2051 gelis
2146 1978 2399 2052 elegerat
2427 1977 2488 2033 in
2538 1977 2721 2047 caelis,
2751 1977 2954 2050 quanti
3004 1978 3082 2035 sit
3123 1979 3280 2051 apud
3332 1996 3393 2036 se
3425 1979 3621 2036 meriti

1973 2066 2340 2123 concurrenti
2367 2067 2671 2141 propalare
2703 2067 2962 2123 decernit
2993 2065 3379 2139 multitudini.

2046 2155 2332 2213 LXXVIII.
2366 2156 2603 2213 Accedit
2652 2157 2853 2229 itaque
2906 2155 3119 2212 mulier
3168 2172 3337 2224 caeca,
3388 2156 3625 2215 nomine

1973 2247 2157 2312 Deda,
2184 2263 2361 2301 manu
2391 2245 2502 2301 sibi
2524 2262 2763 2319 gressus
2796 2244 3052 2318 regentis
3083 2244 3317 2301 innixa:
3343 2263 3469 2318 quae
3491 2262 3627 2302 mox

1974 2334 2325 2391 utcominus
2345 2339 2776 2407 approperaret,
2810 2334 3001 2389 visum
3033 2333 3144 2390 sibi
3177 2333 3406 2389 restitui
3426 2349 3625 2390 coram

1973 2424 2251 2480 omnibus
2282 2424 2576 2496 impetrat.
2600 2424 2761 2489 Quod
2796 2421 3009 2496 praesul
3042 2421 3308 2489 audiens,
3333 2420 3625 2495 hymnum

1973 2512 2164 2569 laudis
2178 2512 2277 2568 Dei
2295 2530 2429 2567 cum
2443 2510 2899 2585 populo,magno
2914 2510 3171 2583 repletus
3186 2508 3627 2583 gaudio,conce—

1974 2601 2446 2658 lehrat.Necdum
2465 2601 2735 2657 finierant
2750 2601 2892 2655 edas
2913 2599 3301 2655 exsultatione
3318 2598 3531 2655 coelum
3546 2617 3628 2656 re-

1975 2690 2424 2764 plentcs,etecce
2438 2690 2755 2745 frustratus
2768 2689 3007 2761 quidam
3037 2687 3241 2743 multis
3265 2704 3473 2760 gressu
3504 2686 3625 2743 die-

1973 2780 2229 2836 buscum
2264 2778 2492 2850 integra
2522 2778 2783 2850 procedit
2805 2776 3211 2833 incolumitate
3232 2774 3621 2832 laetabundus.

2045 2868 2278 2925 LXXIX.
2303 2867 2757 2925 Transierecum
2780 2865 3058 2922 laudibus
3079 2864 3216 2921 inde
3227 2862 3627 2938 paulisperzet

1976 2958 2187 3015 mulier
2206 2957 2473 3030 quaedam
2506 2973 2790 3012 manuum
2822 2954 3008 3027 potita
3052 2953 3309 3011 sanitate
3340 2953 3620 3010 succedit.

1974 3046 2289 3121 Duplicant
2309 3044 2894 3117 ergo,triplicantque
2924 3041 3267 3099 comitantia
3294 3042 3623 3115 gratiarum

1975 3137 2234 3193 actiones
2264 3134 2519 3207 agmina.
2555 3130 2900 3189 Tremefacti
2931 3129 3178 3204 proximi
3209 3130 3416 3203 quiqui
3448 3129 3623 3186 mira-

1975 3224 2185 3281 bilium
2233 3221 2656 3296 magnitudine,
2691 3221 2979 3293 tantisper
3025 3237 3061 3277 a
3104 3223 3270 3276 tanta
3300 3218 3627 3276 deliberant

1977 3315 2244 3371 secedere
2273 3311 2604 3368 sanctitatis
2634 3310 3018 3367 sublimitate.
3050 3310 3167 3365 Nec
3194 3324 3303 3365 vox
3332 3307 3627 3381 reciproca

213 3403 374 3479 poris
405 3420 521 3460 non
544 3402 797 3459 habebat
823 3402 883 3458 in
916 3402 1141 3458 ambitu
1165 3402 1257 3458 sui
1276 3420 1532 3459 murum.
1554 3403 1736 3476 Cujus
1760 3404 1860 3459 ob-
1892 3387 1935 3455 C
1974 3401 2343 3460 laudantium
2372 3401 2660 3457 defecerat
2697 3401 2770 3457 ab
2820 3416 2939 3466 ore,
2971 3400 3113 3455 dum
3163 3414 3308 3471 puer
3356 3396 3622 3470 quidam,

214 3496 381 3550 tentu
403 3491 583 3550 totius
610 3496 747 3549 tunc
767 3491 923 3565 pagi,
939 3491 1012 3547 ad
1036 3508 1211 3564 quem
1236 3491 1496 3548 delatum
1515 3510 1735 3550 munus
1753 3493 1865 3550 hoc

214 3583 466 3640 habetur
492 3581 993 3650 amantissimum,
1036 3579 1267 3653 provisa
1314 3581 1600 3654 probatur
1639 3582 1800 3639 salus
1832 3600 1867 3639 a

215 3671 558 3746 pervasione
577 3669 1079 3738 barbarorum,vel
1097 3670 1339 3728 incursu
1362 3672 1868 3743 prazdonum.Post

210 3760 511 3819 Hincmari
541 3761 794 3833 denique
842 3759 1137 3835 pontiﬁcis
1186 3760 1433 3828 obitum,
1462 3760 1865 3819 desiderabilis

212 3849 311 3907 hic
341 3866 640 3907 sacrorum
670 3848 984 3905 thesaurus
1008 3850 1405 3905 membrorum
1433 3850 1505 3906 ad
1538 3850 1865 3907 Orbacense

212 3937 554 4013 perducitur
605 3937 1048 3993 monasterium.
1101 3938 1203 3993 Hic
1252 3954 1484 4010 quoque
1538 3939 1863 3995 beatissimi

212 4028 394 4100 hujus
426 4027 656 4102 patroni
688 4027 868 4084 nostri
903 4026 1198 4099 sull‘ragiis
1239 4028 1431 4083 omnis
1479 4028 1864 4084 commoditas

213 4117 368 4174 aeris
396 4117 856 4189 circumquaque
886 4116 1239 4189 degentibus
1271 4116 1612 4172 attribuitur
1632 4116 1860 4187 incolis,

213 4223 350 4264 cum
381 4204 617 4263 insolita
645 4204 940 4262 fertilitate
967 4204 1212 4261 telluris.

288 4294 521 4351 LXXVI.
556 4294 691 4350 Post
728 4294 1036 4350 decessum
1065 4311 1199 4350 vero
1226 4311 1379 4367 szepe
1409 4293 1547 4350 dicti
1596 4294 1865 4368 praesulis

214 4382 674 4453 Bincmari,cum
687 4382 1065 4456 pontiﬁcatus
1081 4383 1652 4440 subiisscthonorem
1666 4383 1863 4451 Fulco,

214 4472 306 4530 sui
342 4471 531 4544 primo
561 4471 912 4545 praesulatus
945 4488 1097 4527 anno
1148 4472 1363 4528 referre
1410 4472 1663 4529 decrevit
1709 4471 1867 4529 alma

213 4559 543 4617 beatissimi
575 4558 763 4615 Patris
785 4559 970 4615 nostri
1000 4576 1153 4616 ossa.
1184 4560 1348 4626 Quod
1372 4559 1471 4615 ubi
1504 4560 1862 4633 aggreditur,

214 4648 583 4724 perveniente
596 4647 724 4720 jam
747 4665 813 4704 eo
834 4664 970 4704 cum
987 4648 1347 4721 coepiscopis
1366 4652 1423 4704 et
1435 4647 1571 4705 cleri
1593 4648 1866 4721 plurimis

1973 3491 2308 3551 Grimoldus
2339 3490 2595 3558 nomine,
2616 3490 2717 3546 diu
2746 3489 2972 3545 lumine
2992 3488 3356 3561 privatus,os
3387 3502 3625 3560 quoque

1973 3582 2385 3639 miserabiliter
2414 3598 2448 3636 a
2468 3578 2836 3637 rectitudinis
2855 3578 2980 3635 loco
3003 3575 3625 3649 distortus,invisaque

1974 3672 2343 3729 deformitate
2374 3671 2668 3737 turbatus,
2692 3687 2724 3724 a
2746 3667 3088 3742 parentibus
3108 3666 3339 3722 obviam
3369 3663 3622 3733 delatus,

1973 3760 2289 3834 pristinum
2323 3776 2497 3832 quem
2525 3758 2751 3815 dudum
2778 3756 3055 3813 amiserat
3083 3755 3273 3809 visum
3306 3757 3395 3809 est
3414 3769 3621 3809 conse-

1972 3854 2165 3915 cutus,
2199 3852 2256 3904 et
2287 3848 2345 3903 in
2376 3846 2672 3919 propriam
2695 3843 3055 3901 sanctissimi
3090 3841 3274 3899 Patris
3305 3841 3485 3913 hujus
3501 3839 3624 3913 opi-

1973 3937 2255 3994 tulatione
2268 3932 2978 4007 mirabiliterestefﬁgiem
3002 3931 3329 3987 restitutus.
3354 3930 3625 4001 Interjec-

1972 4031 2030 4083 to
2059 4026 2218 4083 velut
2239 4024 2415 4081 unius
2437 4024 2589 4079 horae
2612 4022 2973 4095 spatio,puer
2992 4019 3143 4076 alius
3164 4036 3199 4075 a
3228 4018 3623 4075 contractione

1973 4114 2232 4189 corporis
2248 4114 2512 4185 ejusdem
2535 4110 2765 4184 patroni
2786 4108 3081 4183 suffragiis
3112 4107 3359 4165 feliciter
3377 4110 3468 4162 est
3492 4122 3622 4162 ere-

1974 4211 2124 4262 ctus.
2140 4203 2359 4261 Cohors
2389 4201 2569 4274 igitur
2588 4201 2793 4256 devota
2815 4196 3083 4253 melodiis
3104 4194 3380 4253 Davidica
3401 4212 3622 4268 nequa-

1974 4311 2152 4367 quam
2184 4291 2483 4350 sufﬁciens
2529 4289 2771 4345 reboare
2817 4286 3098 4354 carmina,
3133 4284 3387 4341 maxime
3430 4283 3624 4340 cordis

1975 4385 2182 4440 affectu
2205 4377 2898 4454 permota,intcrlaudem
2917 4373 3378 4443 voces,eliciente
3408 4373 3623 4446 gaudio

1972 4469 2247 4544 lacrymis
2259 4488 2360 4526 ora
2370 4468 2558 4542 rigare
2570 4464 2907 4540 profusis.et
2925 4462 3624 4536 suspiria,singultusque

1976 4562 2225 4618 formare
2255 4576 2359 4633 pro
2393 4553 3157 4614 canticis.Concurrentium
3180 4570 3415 4626 quoque
3437 4552 3623 4608 nimia

1975 4648 2210 4723 stipatio
2241 4644 2687 4721 plebium,sacri
2722 4643 2982 4700 muneris
3003 4642 3272 4717 gerulum
3294 4640 3622 4700 deosculari

213 4738 289 4795 ad
318 4737 515 4794 locum
549 4737 649 4794 ubi
698 4736 915 4830 pignus
961 4738 1302 4794 servabatur
1350 4737 1695 4809 pretiosum,
1729 4755 1864 4795 cum
1894 4764 1943 4830 Ι)
1974 4736 2352 4813 gestientium
2402 4735 2683 4804 loculum,
2712 4734 3159 4830 importunitate
3190 4733 3390 4830 valida
3408 4731 3619 4787 vehen-

214 4830 374 4884 esset
402 4843 618 4900 magna
645 4824 775 4883 coeli
806 4826 1112 4896 serenitas,
1137 4827 1238 4883 sed
1271 4827 1499 4884 fervens
1546 4828 1865 4885 admodum

213 4914 473 4987 siccitas,
503 4914 700 4972 subito
751 4932 813 4972 se
861 4918 1061 4972 tantus
1110 4915 1316 4972 effudit
1344 4915 1555 4987 imber,
1589 4920 1655 4973 ut
1684 4918 1865 4975 totius

212 5004 394 5077 hujus
416 5004 785 5078 superﬁciem
807 5008 972 5062 terrae
992 5005 1285 5062 videretur
1300 5005 1863 5080 ubertimirrigasse.

215 5094 282 5152 In
313 5093 638 5150 crastinum
666 5112 823 5163 vero,
857 5096 1000 5151 dum
1050 5112 1217 5151 sacra
1265 5096 1479 5152 referre
1527 5100 1869 5169 promovent

217 5200 485 5250 munera,
545 5189 756 5240 cuncta
812 5184 990 5251 clara,
1050 5188 1259 5242 cuncta
1308 5187 1595 5258 jucunda,
1657 5194 1870 5243 cuncta

218 5272 530 5328 mundanae
560 5272 772 5345 speciei
813 5273 1140 5329 redduntur
1188 5291 1437 5331 amoena.
1471 5274 1869 5348 Prosperoque

217 5377 552 5435 progressu,
568 5361 1000 5419 conﬂuentibus
1021 5362 1281 5435 undique
1302 5363 1554 5436 populis,
1571 5365 1642 5419 ad
1673 5365 1865 5419 vicum

218 5449 535 5507 deveniunt
553 5449 996 5521 Calminiacum,
1017 5451 1076 5507 in
1108 5468 1223 5524 quo
1263 5450 1547 5507 nonnulla
1576 5452 1743 5509 Pater
1772 5451 1866 5507 hic

216 5537 487 5607 eximius,
513 5539 707 5595 adhuc
739 5558 913 5597 carne
944 5541 1466 5614 septus,virtutum
1502 5540 1868 5613 dignoscitur

214 5626 553 5685 exhibuisse
610 5629 927 5704 magnalia.
966 5631 1066 5686 Ilio
1115 5631 1380 5686 membra
1422 5630 1753 5686 veneranda
1805 5629 1865 5686 in

214 5714 463 5775 ecclesia
509 5717 867 5790 deponcntes
910 5720 1037 5791 ejus
1086 5719 1321 5776 nomine
1366 5718 1651 5787 dedicata,
1682 5720 1867 5775 noctis

215 5804 412 5877 quiete
443 5805 597 5864 fessa
629 5806 820 5865 levant
850 5826 1108 5882 corpora.

1973 4829 2123 4885 tium
2153 4826 2326 4900 coepit
2341 4827 2517 4899 ﬁgere
2537 4842 2830 4899 gressum.
2849 4824 3132 4881 Mirorum
3155 4822 3468 4895 siquidem,
3492 4835 3619 4891 qua:

1973 4914 3084 4992 gerebantur,percrebreseebatopinio:
3101 4909 3487 4982 certatimque
3497 4912 3618 4964 tam

1974 5007 2124 5079 sani,
2143 5023 2320 5081 quam
2343 5003 2587 5062 diversis
2608 5004 3045 5061 calamitatibus
3077 4999 3278 5068 attriti,
3313 5013 3622 5071 properare

1975 5095 2618 5169 studebant,cupientes
2639 5092 2853 5150 intueri
2875 5090 3312 5166 magnaliaqua:
3334 5087 3621 5144 Dominus

1976 5187 2348 5259 omnipotens
2378 5185 2438 5240 in
2470 5183 2657 5242 sancti
2680 5183 2772 5239 sui
2794 5179 3209 5238 clariﬁcatione
3231 5176 3620 5250 multiplicare

1977 5278 2376 5349 proposuerat.
2412 5276 2517 5331 Pro
2548 5290 2760 5346 magno
2790 5287 3045 5342 namque
3088 5268 3201 5326 sibi
3244 5269 3458 5325 damno
3506 5265 3619 5323 sibi

1975 5366 2225 5438 quisque
2271 5365 2596 5437 reputabat,
2633 5364 2750 5418 imo
2803 5360 3082 5416 delictum
3130 5359 3470 5431 deputabat,
3506 5375 3621 5414 non

1975 5456 2148 5511 modo
2179 5455 2228 5511 si
2260 5472 2373 5510 non
2405 5453 2692 5525 proderet,
2722 5466 2924 5505 verum
2958 5449 3006 5505 si
3028 5454 3363 5522 postremus
3384 5447 3622 5504 accede-

1976 5544 2561 5616 ret.Appropcrantcs
2592 5544 2790 5594 autem
2819 5536 2972 5593 cives
3013 5537 3263 5605 obviam,
3283 5537 3424 5592 dum
3455 5540 3624 5611 grata

1975 5632 2183 5688 deferri
2217 5635 2463 5687 cernunt
2483 5644 2750 5696 munera,
2776 5634 2929 5684 terra
2963 5644 3025 5683 se
3047 5630 3482 5699 prosternentes
3512 5626 3622 5684 soli

1975 5720 2389 5776 deosculantur
2420 5721 2600 5791 terga.
2636 5717 3173 5790 Suspicientesque,
3211 5716 3309 5772 ubi
3360 5720 3622 5773 contem-

1977 5808 2213 5881 plantur
2233 5805 2491 5863 loculum
2514 5807 2780 5879 pretiosa:
2802 5805 2979 5862 divini
3005 5804 3353 5875 diadematis
3375 5821 3620 5879 gemma;
