  <div class='ocr_page' id='page_1' title='image "/cluster/home/n/w/nwhite01/storage/ocr_20150623/125/umn.31951002477418t/650.png"; bbox 0 0 4074 6504; ppageno 0'>
   <div class='ocr_carea' id='block_1_1' title="bbox 231 410 383 488">
    <p class='ocr_par' dir='ltr' id='par_1_1' title="bbox 231 410 383 488">
     <span class='ocr_line' id='line_1_1' title="bbox 231 410 383 488; baseline 0.02 -18"><span class='ocrx_word' id='word_1_1' title='bbox 231 410 383 488; x_wconf 61' lang='grc' dir='ltr'>μίρθ</span> 
     </span>
    </p>
   </div>
   <div class='ocr_carea' id='block_1_2' title="bbox 1451 418 2408 492">
    <p class='ocr_par' dir='ltr' id='par_1_2' title="bbox 1451 418 2408 492">
     <span class='ocr_line' id='line_1_2' title="bbox 1451 418 2408 492; baseline 0 -14"><span class='ocrx_word' id='word_1_2' title='bbox 1451 418 1863 481; x_wconf 74' lang='grc' dir='ltr'>ΕΝΟΟΜΙΠΜ</span> <span class='ocrx_word' id='word_1_3' title='bbox 1910 418 1974 480; x_wconf 90' lang='lat' dir='ltr'>S.</span> <span class='ocrx_word' id='word_1_4' title='bbox 2027 419 2408 492; x_wconf 79' lang='lat' dir='ltr'>RHEMIGII.</span> 
     </span>
    </p>
   </div>
   <div class='ocr_carea' id='block_1_3' title="bbox 229 541 3637 630">
    <p class='ocr_par' dir='ltr' id='par_1_3' title="bbox 229 541 3637 630">
     <span class='ocr_line' id='line_1_3' title="bbox 229 541 3637 630; baseline 0.006 -28"><span class='ocrx_word' id='word_1_5' title='bbox 229 543 416 618; x_wconf 73' lang='lat' dir='ltr'>hostis</span> <span class='ocrx_word' id='word_1_6' title='bbox 434 541 910 620; x_wconf 84' lang='lat' dir='ltr'>operibus,atque</span> <span class='ocrx_word' id='word_1_7' title='bbox 926 549 1201 605; x_wconf 89' lang='lat' dir='ltr'>omnibus</span> <span class='ocrx_word' id='word_1_8' title='bbox 1221 551 1448 624; x_wconf 79' lang='lat' dir='ltr'>pompis</span> <span class='ocrx_word' id='word_1_9' title='bbox 1466 551 1876 607; x_wconf 87' lang='lat' dir='ltr'>abrenuntiare</span> <span class='ocrx_word' id='word_1_10' title='bbox 1905 555 1959 630; x_wconf 63' lang='grc' dir='ltr'><strong>Α</strong></span> <span class='ocrx_word' id='word_1_11' title='bbox 1991 553 2240 608; x_wconf 81' lang='lat' dir='ltr'>ﬁdeliter</span> <span class='ocrx_word' id='word_1_12' title='bbox 2269 569 2401 623; x_wconf 85' lang='lat' dir='ltr'>eum</span> <span class='ocrx_word' id='word_1_13' title='bbox 2433 553 2914 628; x_wconf 79' lang='lat' dir='ltr'>invocaverimus,</span> <span class='ocrx_word' id='word_1_14' title='bbox 2937 575 3053 614; x_wconf 89' lang='lat' dir='ltr'>non</span> <span class='ocrx_word' id='word_1_15' title='bbox 3082 561 3266 616; x_wconf 73' lang='lat' dir='ltr'>deerit</span> <span class='ocrx_word' id='word_1_16' title='bbox 3292 561 3366 621; x_wconf 74' lang='lat' dir='ltr'>ab</span> <span class='ocrx_word' id='word_1_17' title='bbox 3387 565 3637 623; x_wconf 62' lang='lat' dir='ltr'>exaudir-</span> 
     </span>
    </p>
   </div>
   <div class='ocr_carea' id='block_1_4' title="bbox 227 632 1880 710">
    <p class='ocr_par' dir='ltr' id='par_1_4' title="bbox 227 632 1880 710">
     <span class='ocr_line' id='line_1_4' title="bbox 227 632 1880 710; baseline 0.004 -20"><span class='ocrx_word' id='word_1_18' title='bbox 227 632 634 708; x_wconf 89' lang='lat' dir='ltr'>promisimus,</span> <span class='ocrx_word' id='word_1_19' title='bbox 665 637 768 692; x_wconf 88' lang='lat' dir='ltr'>sed</span> <span class='ocrx_word' id='word_1_20' title='bbox 799 637 956 710; x_wconf 87' lang='lat' dir='ltr'>quod</span> <span class='ocrx_word' id='word_1_21' title='bbox 999 639 1381 710; x_wconf 83' lang='lat' dir='ltr'>promisimus</span> <span class='ocrx_word' id='word_1_22' title='bbox 1413 639 1656 696; x_wconf 88' lang='lat' dir='ltr'>minime</span> <span class='ocrx_word' id='word_1_23' title='bbox 1695 659 1880 696; x_wconf 88' lang='lat' dir='ltr'>serva-</span> 
     </span>
    </p>
   </div>
   <div class='ocr_carea' id='block_1_5' title="bbox 228 723 1880 801">
    <p class='ocr_par' dir='ltr' id='par_1_5' title="bbox 228 723 1880 801">
     <span class='ocr_line' id='line_1_5' title="bbox 228 723 1880 801; baseline 0.004 -21"><span class='ocrx_word' id='word_1_24' title='bbox 228 737 382 796; x_wconf 74' lang='lat' dir='ltr'>mus.</span> <span class='ocrx_word' id='word_1_25' title='bbox 411 723 500 782; x_wconf 82' lang='lat' dir='ltr'>Ad</span> <span class='ocrx_word' id='word_1_26' title='bbox 525 725 846 781; x_wconf 85' lang='lat' dir='ltr'>exercenda</span> <span class='ocrx_word' id='word_1_27' title='bbox 877 743 1054 798; x_wconf 86' lang='lat' dir='ltr'>prava</span> <span class='ocrx_word' id='word_1_28' title='bbox 1082 730 1355 800; x_wconf 87' lang='lat' dir='ltr'>opera,ad</span> <span class='ocrx_word' id='word_1_29' title='bbox 1381 729 1880 801; x_wconf 86' lang='lat' dir='ltr'>concupiscendas</span> 
     </span>
    </p>
   </div>
   <div class='ocr_carea' id='block_1_6' title="bbox 229 811 1882 891">
    <p class='ocr_par' dir='ltr' id='par_1_6' title="bbox 229 811 1882 891">
     <span class='ocr_line' id='line_1_6' title="bbox 229 811 1882 891; baseline 0.004 -23"><span class='ocrx_word' id='word_1_30' title='bbox 229 811 436 870; x_wconf 88' lang='lat' dir='ltr'>mundi</span> <span class='ocrx_word' id='word_1_31' title='bbox 471 829 718 886; x_wconf 85' lang='lat' dir='ltr'>pompas</span> <span class='ocrx_word' id='word_1_32' title='bbox 747 813 959 890; x_wconf 84' lang='lat' dir='ltr'>dilapsi</span> <span class='ocrx_word' id='word_1_33' title='bbox 988 833 1216 872; x_wconf 89' lang='lat' dir='ltr'>sumus.</span> <span class='ocrx_word' id='word_1_34' title='bbox 1252 817 1548 890; x_wconf 83' lang='lat' dir='ltr'>Inquinati</span> <span class='ocrx_word' id='word_1_35' title='bbox 1581 836 1716 891; x_wconf 81' lang='lat' dir='ltr'>ergo</span> <span class='ocrx_word' id='word_1_36' title='bbox 1748 823 1882 891; x_wconf 88' lang='lat' dir='ltr'>post</span> 
     </span>
    </p>
   </div>
   <div class='ocr_carea' id='block_1_7' title="bbox 227 899 1880 980">
    <p class='ocr_par' dir='ltr' id='par_1_7' title="bbox 227 899 1880 980">
     <span class='ocr_line' id='line_1_7' title="bbox 227 899 1880 980; baseline 0 -19"><span class='ocrx_word' id='word_1_37' title='bbox 227 917 443 976; x_wconf 80' lang='lat' dir='ltr'>aquam</span> <span class='ocrx_word' id='word_1_38' title='bbox 469 899 702 971; x_wconf 87' lang='lat' dir='ltr'>salutis,</span> <span class='ocrx_word' id='word_1_39' title='bbox 731 919 1114 960; x_wconf 89' lang='lat' dir='ltr'>renascamur</span> <span class='ocrx_word' id='word_1_40' title='bbox 1139 921 1210 962; x_wconf 84' lang='lat' dir='ltr'>ex</span> <span class='ocrx_word' id='word_1_41' title='bbox 1239 904 1532 980; x_wconf 81' lang='lat' dir='ltr'>lacrymis.</span> <span class='ocrx_word' id='word_1_42' title='bbox 1565 907 1735 980; x_wconf 85' lang='lat' dir='ltr'>Apud</span> <span class='ocrx_word' id='word_1_43' title='bbox 1767 907 1880 973; x_wconf 28' lang='lat' dir='ltr'>mli-</span> 
     </span>
    </p>
   </div>
   <div class='ocr_carea' id='block_1_8' title="bbox 229 989 1882 1065">
    <p class='ocr_par' dir='ltr' id='par_1_8' title="bbox 229 989 1882 1065">
     <span class='ocr_line' id='line_1_8' title="bbox 229 989 1882 1065; baseline 0.001 -17"><span class='ocrx_word' id='word_1_44' title='bbox 229 989 580 1053; x_wconf 80' lang='lat' dir='ltr'>sericordcm</span> <span class='ocrx_word' id='word_1_45' title='bbox 614 1008 868 1065; x_wconf 83' lang='lat' dir='ltr'>namque</span> <span class='ocrx_word' id='word_1_46' title='bbox 888 993 1179 1065; x_wconf 81' lang='lat' dir='ltr'>judicem.</span> <span class='ocrx_word' id='word_1_47' title='bbox 1201 1011 1306 1051; x_wconf 88' lang='lat' dir='ltr'>nec</span> <span class='ocrx_word' id='word_1_48' title='bbox 1329 994 1423 1051; x_wconf 87' lang='lat' dir='ltr'>ille</span> <span class='ocrx_word' id='word_1_49' title='bbox 1444 994 1621 1054; x_wconf 81' lang='lat' dir='ltr'>fallax</span> <span class='ocrx_word' id='word_1_50' title='bbox 1645 995 1882 1054; x_wconf 86' lang='lat' dir='ltr'>habebi-</span> 
     </span>
    </p>
   </div>
   <div class='ocr_carea' id='block_1_9' title="bbox 228 1078 1879 1158">
    <p class='ocr_par' dir='ltr' id='par_1_9' title="bbox 228 1078 1879 1158">
     <span class='ocr_line' id='line_1_9' title="bbox 228 1078 1879 1158; baseline 0.004 -24"><span class='ocrx_word' id='word_1_51' title='bbox 228 1081 347 1149; x_wconf 89' lang='lat' dir='ltr'>tur,</span> <span class='ocrx_word' id='word_1_52' title='bbox 377 1078 478 1152; x_wconf 90' lang='lat' dir='ltr'>qui</span> <span class='ocrx_word' id='word_1_53' title='bbox 517 1080 590 1136; x_wconf 88' lang='lat' dir='ltr'>ad</span> <span class='ocrx_word' id='word_1_54' title='bbox 637 1081 940 1144; x_wconf 81' lang='lat' dir='ltr'>veritatem</span> <span class='ocrx_word' id='word_1_55' title='bbox 987 1081 1294 1139; x_wconf 89' lang='lat' dir='ltr'>revertitur</span> <span class='ocrx_word' id='word_1_56' title='bbox 1339 1083 1514 1141; x_wconf 86' lang='lat' dir='ltr'>etiam</span> <span class='ocrx_word' id='word_1_57' title='bbox 1564 1089 1879 1158; x_wconf 77' lang='lat' dir='ltr'>postquam</span> 
     </span>
    </p>
   </div>
   <div class='ocr_carea' id='block_1_10' title="bbox 231 1169 1883 1244">
    <p class='ocr_par' dir='ltr' id='par_1_10' title="bbox 231 1169 1883 1244">
     <span class='ocr_line' id='line_1_10' title="bbox 231 1169 1883 1244; baseline 0.001 -18"><span class='ocrx_word' id='word_1_58' title='bbox 231 1169 532 1240; x_wconf 71' lang='lat' dir='ltr'>mentitur.</span> <span class='ocrx_word' id='word_1_59' title='bbox 567 1169 716 1236; x_wconf 85' lang='lat' dir='ltr'>Quia</span> <span class='ocrx_word' id='word_1_60' title='bbox 745 1170 1118 1244; x_wconf 88' lang='lat' dir='ltr'>omnipotens</span> <span class='ocrx_word' id='word_1_61' title='bbox 1145 1173 1301 1228; x_wconf 83' lang='lat' dir='ltr'>Deus</span> <span class='ocrx_word' id='word_1_62' title='bbox 1330 1174 1471 1228; x_wconf 89' lang='lat' dir='ltr'>dum</span> <span class='ocrx_word' id='word_1_63' title='bbox 1505 1173 1755 1232; x_wconf 80' lang='lat' dir='ltr'>libenter</span> <span class='ocrx_word' id='word_1_64' title='bbox 1784 1189 1883 1230; x_wconf 87' lang='lat' dir='ltr'>no-</span> 
     </span>
    </p>
   </div>
   <div class='ocr_carea' id='block_1_11' title="bbox 229 1258 1880 1341">
    <p class='ocr_par' dir='ltr' id='par_1_11' title="bbox 229 1258 1880 1341">
     <span class='ocr_line' id='line_1_11' title="bbox 229 1258 1880 1341; baseline 0.002 -21"><span class='ocrx_word' id='word_1_65' title='bbox 229 1261 414 1320; x_wconf 74' lang='lat' dir='ltr'>stram</span> <span class='ocrx_word' id='word_1_66' title='bbox 444 1258 848 1341; x_wconf 74' lang='lat' dir='ltr'>pwnitentiam</span> <span class='ocrx_word' id='word_1_67' title='bbox 885 1260 1160 1336; x_wconf 79' lang='lat' dir='ltr'>suscipit,</span> <span class='ocrx_word' id='word_1_68' title='bbox 1192 1261 1316 1335; x_wconf 90' lang='lat' dir='ltr'>ipse</span> <span class='ocrx_word' id='word_1_69' title='bbox 1366 1279 1472 1319; x_wconf 87' lang='lat' dir='ltr'>suo</span> <span class='ocrx_word' id='word_1_70' title='bbox 1513 1263 1739 1334; x_wconf 84' lang='lat' dir='ltr'>judicio</span> <span class='ocrx_word' id='word_1_71' title='bbox 1769 1262 1880 1323; x_wconf 80' lang='lat' dir='ltr'>hoc</span> 
     </span>
    </p>
   </div>
   <div class='ocr_carea' id='block_1_12' title="bbox 229 1347 1142 1433">
    <p class='ocr_par' dir='ltr' id='par_1_12' title="bbox 229 1347 1142 1433">
     <span class='ocr_line' id='line_1_12' title="bbox 229 1347 1142 1433; baseline 0.004 -31"><span class='ocrx_word' id='word_1_72' title='bbox 229 1347 385 1433; x_wconf 66' lang='lat' dir='ltr'>quod</span> <span class='ocrx_word' id='word_1_73' title='bbox 407 1347 740 1413; x_wconf 76' lang='lat' dir='ltr'>erravimus</span> <span class='ocrx_word' id='word_1_74' title='bbox 766 1349 1095 1422; x_wconf 79' lang='lat' dir='ltr'>abscondit.</span> <span class='ocrx_word' id='word_1_75' title='bbox 1106 1393 1118 1405; x_wconf 93' lang='lat'>.</span> <span class='ocrx_word' id='word_1_76' title='bbox 1129 1393 1142 1406; x_wconf 96' lang='lat'>.</span> 
     </span>
    </p>
   </div>
   <div class='ocr_carea' id='block_1_13' title="bbox 297 1435 1881 1514">
    <p class='ocr_par' dir='ltr' id='par_1_13' title="bbox 297 1435 1881 1514">
     <span class='ocr_line' id='line_1_13' title="bbox 297 1435 1881 1514; baseline 0.003 -20"><span class='ocrx_word' id='word_1_77' title='bbox 297 1435 446 1508; x_wconf 66' lang='lat' dir='ltr'>XIII.</span> <span class='ocrx_word' id='word_1_78' title='bbox 481 1438 762 1494; x_wconf 67' lang='lat' dir='ltr'>Caeterum</span> <span class='ocrx_word' id='word_1_79' title='bbox 789 1454 965 1495; x_wconf 89' lang='lat' dir='ltr'>nemo</span> <span class='ocrx_word' id='word_1_80' title='bbox 1007 1438 1270 1497; x_wconf 81' lang='lat' dir='ltr'>ﬁdelium</span> <span class='ocrx_word' id='word_1_81' title='bbox 1301 1441 1373 1496; x_wconf 90' lang='lat' dir='ltr'>de</span> <span class='ocrx_word' id='word_1_82' title='bbox 1421 1441 1602 1513; x_wconf 81' lang='lat' dir='ltr'>hujus</span> <span class='ocrx_word' id='word_1_83' title='bbox 1650 1441 1881 1514; x_wconf 78' lang='lat' dir='ltr'>patroni</span> 
     </span>
    </p>
   </div>
   <div class='ocr_carea' id='block_1_14' title="bbox 231 1524 1882 1608">
    <p class='ocr_par' dir='ltr' id='par_1_14' title="bbox 231 1524 1882 1608">
     <span class='ocr_line' id='line_1_14' title="bbox 231 1524 1882 1608; baseline 0 -22"><span class='ocrx_word' id='word_1_84' title='bbox 231 1524 417 1590; x_wconf 76' lang='lat' dir='ltr'>nostri</span> <span class='ocrx_word' id='word_1_85' title='bbox 447 1525 792 1608; x_wconf 81' lang='lat' dir='ltr'>meritorum</span> <span class='ocrx_word' id='word_1_86' title='bbox 822 1527 882 1582; x_wconf 87' lang='lat' dir='ltr'>in</span> <span class='ocrx_word' id='word_1_87' title='bbox 904 1527 1064 1600; x_wconf 73' lang='lat' dir='ltr'>cmlis</span> <span class='ocrx_word' id='word_1_88' title='bbox 1085 1529 1298 1602; x_wconf 85' lang='lat' dir='ltr'>virtute</span> <span class='ocrx_word' id='word_1_89' title='bbox 1319 1529 1667 1598; x_wconf 86' lang='lat' dir='ltr'>dubitet,cui</span> <span class='ocrx_word' id='word_1_90' title='bbox 1690 1531 1882 1589; x_wconf 79' lang='lat' dir='ltr'>adhuc</span> 
     </span>
    </p>
   </div>
   <div class='ocr_carea' id='block_1_15' title="bbox 231 1613 1880 1692">
    <p class='ocr_par' dir='ltr' id='par_1_15' title="bbox 231 1613 1880 1692">
     <span class='ocr_line' id='line_1_15' title="bbox 231 1613 1880 1692; baseline 0.005 -22"><span class='ocrx_word' id='word_1_91' title='bbox 231 1613 464 1690; x_wconf 75' lang='lat' dir='ltr'>mortali</span> <span class='ocrx_word' id='word_1_92' title='bbox 493 1631 668 1672; x_wconf 89' lang='lat' dir='ltr'>carne</span> <span class='ocrx_word' id='word_1_93' title='bbox 695 1615 756 1676; x_wconf 85' lang='lat' dir='ltr'>in</span> <span class='ocrx_word' id='word_1_94' title='bbox 787 1621 943 1673; x_wconf 86' lang='lat' dir='ltr'>terra</span> <span class='ocrx_word' id='word_1_95' title='bbox 970 1617 1203 1692; x_wconf 80' lang='lat' dir='ltr'>degenti</span> <span class='ocrx_word' id='word_1_96' title='bbox 1225 1617 1510 1676; x_wconf 82' lang='lat' dir='ltr'>Dominus</span> <span class='ocrx_word' id='word_1_97' title='bbox 1533 1624 1880 1692; x_wconf 81' lang='lat' dir='ltr'>potestatem</span> 
     </span>
    </p>
   </div>
   <div class='ocr_carea' id='block_1_16' title="bbox 233 1702 1880 1778">
    <p class='ocr_par' dir='ltr' id='par_1_16' title="bbox 233 1702 1880 1778">
     <span class='ocr_line' id='line_1_16' title="bbox 233 1702 1880 1778; baseline 0.002 -18"><span class='ocrx_word' id='word_1_98' title='bbox 233 1702 394 1776; x_wconf 81' lang='lat' dir='ltr'>dedit</span> <span class='ocrx_word' id='word_1_99' title='bbox 448 1703 669 1778; x_wconf 82' lang='lat' dir='ltr'>ligandi</span> <span class='ocrx_word' id='word_1_100' title='bbox 718 1709 775 1760; x_wconf 91' lang='lat' dir='ltr'>et</span> <span class='ocrx_word' id='word_1_101' title='bbox 821 1705 1179 1776; x_wconf 72' lang='lat' dir='ltr'>absolvendi,</span> <span class='ocrx_word' id='word_1_102' title='bbox 1221 1711 1486 1764; x_wconf 87' lang='lat' dir='ltr'>mortuos</span> <span class='ocrx_word' id='word_1_103' title='bbox 1534 1709 1880 1777; x_wconf 86' lang='lat' dir='ltr'>suscitandi,</span> 
     </span>
    </p>
   </div>
   <div class='ocr_carea' id='block_1_17' title="bbox 235 1791 1881 1870">
    <p class='ocr_par' dir='ltr' id='par_1_17' title="bbox 235 1791 1881 1870">
     <span class='ocr_line' id='line_1_17' title="bbox 235 1791 1881 1870; baseline 0.003 -23"><span class='ocrx_word' id='word_1_104' title='bbox 235 1808 468 1870; x_wconf 76' lang='lat' dir='ltr'>omnem</span> <span class='ocrx_word' id='word_1_105' title='bbox 501 1791 844 1866; x_wconf 77' lang='lat' dir='ltr'>languorem</span> <span class='ocrx_word' id='word_1_106' title='bbox 875 1798 934 1850; x_wconf 90' lang='lat' dir='ltr'>et</span> <span class='ocrx_word' id='word_1_107' title='bbox 953 1811 1185 1851; x_wconf 89' lang='lat' dir='ltr'>omnem</span> <span class='ocrx_word' id='word_1_108' title='bbox 1210 1794 1614 1868; x_wconf 81' lang='lat' dir='ltr'>infirmitatem</span> <span class='ocrx_word' id='word_1_109' title='bbox 1637 1798 1881 1853; x_wconf 84' lang='lat' dir='ltr'>curandi</span> 
     </span>
    </p>
   </div>
   <div class='ocr_carea' id='block_1_18' title="bbox 235 1880 1880 1962">
    <p class='ocr_par' dir='ltr' id='par_1_18' title="bbox 235 1880 1880 1962">
     <span class='ocr_line' id='line_1_18' title="bbox 235 1880 1880 1962; baseline 0.002 -24"><span class='ocrx_word' id='word_1_110' title='bbox 235 1880 437 1954; x_wconf 68' lang='lat' dir='ltr'>(Matth.</span> <span class='ocrx_word' id='word_1_111' title='bbox 469 1884 652 1950; x_wconf 83' lang='lat' dir='ltr'>xvm).</span> <span class='ocrx_word' id='word_1_112' title='bbox 683 1883 769 1938; x_wconf 88' lang='lat' dir='ltr'>Ad</span> <span class='ocrx_word' id='word_1_113' title='bbox 807 1883 978 1962; x_wconf 76' lang='lat' dir='ltr'>cujus</span> <span class='ocrx_word' id='word_1_114' title='bbox 1017 1884 1285 1958; x_wconf 81' lang='lat' dir='ltr'>corporis</span> <span class='ocrx_word' id='word_1_115' title='bbox 1335 1885 1692 1959; x_wconf 88' lang='lat' dir='ltr'>sepulcrum,</span> <span class='ocrx_word' id='word_1_116' title='bbox 1724 1887 1880 1942; x_wconf 82' lang='lat' dir='ltr'>sicut</span> 
     </span>
    </p>
   </div>
   <div class='ocr_carea' id='block_1_19' title="bbox 233 1969 1877 2056">
    <p class='ocr_par' dir='ltr' id='par_1_19' title="bbox 233 1969 1877 2056">
     <span class='ocr_line' id='line_1_19' title="bbox 233 1969 1877 2056; baseline 0.002 -30"><span class='ocrx_word' id='word_1_117' title='bbox 233 1969 436 2044; x_wconf 80' lang='lat' dir='ltr'>multis</span> <span class='ocrx_word' id='word_1_118' title='bbox 465 1969 700 2036; x_wconf 79' lang='lat' dir='ltr'>indiciis</span> <span class='ocrx_word' id='word_1_119' title='bbox 733 1971 1064 2056; x_wconf 74' lang='lat' dir='ltr'>frequenter</span> <span class='ocrx_word' id='word_1_120' title='bbox 1085 1974 1877 2041; x_wconf 84' lang='lat' dir='ltr'>estdemonstratum,viven-</span> 
     </span>
    </p>
   </div>
   <div class='ocr_carea' id='block_1_20' title="bbox 231 2059 1882 2134">
    <p class='ocr_par' dir='ltr' id='par_1_20' title="bbox 231 2059 1882 2134">
     <span class='ocr_line' id='line_1_20' title="bbox 231 2059 1882 2134; baseline 0.003 -20"><span class='ocrx_word' id='word_1_121' title='bbox 231 2063 322 2132; x_wconf 80' lang='lat' dir='ltr'>tes</span> <span class='ocrx_word' id='word_1_122' title='bbox 353 2059 490 2134; x_wconf 63' lang='lat' dir='ltr'>aegri</span> <span class='ocrx_word' id='word_1_123' title='bbox 528 2059 770 2119; x_wconf 85' lang='lat' dir='ltr'>veniunt</span> <span class='ocrx_word' id='word_1_124' title='bbox 815 2065 872 2116; x_wconf 88' lang='lat' dir='ltr'>et</span> <span class='ocrx_word' id='word_1_125' title='bbox 922 2069 1224 2118; x_wconf 78' lang='lat' dir='ltr'>sanantur.</span> <span class='ocrx_word' id='word_1_126' title='bbox 1263 2062 1481 2134; x_wconf 86' lang='lat' dir='ltr'>Perjuri</span> <span class='ocrx_word' id='word_1_127' title='bbox 1535 2065 1792 2130; x_wconf 90' lang='lat' dir='ltr'>veniunt,</span> <span class='ocrx_word' id='word_1_128' title='bbox 1825 2069 1882 2119; x_wconf 86' lang='lat' dir='ltr'>et</span> 
     </span>
    </p>
   </div>
   <div class='ocr_carea' id='block_1_21' title="bbox 231 2148 1880 2220">
    <p class='ocr_par' dir='ltr' id='par_1_21' title="bbox 231 2148 1880 2220">
     <span class='ocr_line' id='line_1_21' title="bbox 231 2148 1880 2220; baseline 0.002 -15"><span class='ocrx_word' id='word_1_129' title='bbox 231 2165 266 2220; x_wconf 82' lang='lat' dir='ltr'>a</span> <span class='ocrx_word' id='word_1_130' title='bbox 295 2148 581 2220; x_wconf 82' lang='lat' dir='ltr'>daemonio</span> <span class='ocrx_word' id='word_1_131' title='bbox 626 2154 926 2207; x_wconf 84' lang='lat' dir='ltr'>vexantur.</span> <span class='ocrx_word' id='word_1_132' title='bbox 958 2149 1308 2208; x_wconf 77' lang='lat' dir='ltr'>Daemoniaci</span> <span class='ocrx_word' id='word_1_133' title='bbox 1356 2152 1618 2218; x_wconf 89' lang='lat' dir='ltr'>veniunt,</span> <span class='ocrx_word' id='word_1_134' title='bbox 1651 2158 1708 2208; x_wconf 89' lang='lat' dir='ltr'>et</span> <span class='ocrx_word' id='word_1_135' title='bbox 1739 2153 1880 2209; x_wconf 88' lang='lat' dir='ltr'>libe-</span> 
     </span>
    </p>
   </div>
   <div class='ocr_carea' id='block_1_22' title="bbox 232 2238 1886 2310">
    <p class='ocr_par' dir='ltr' id='par_1_22' title="bbox 232 2238 1886 2310">
     <span class='ocr_line' id='line_1_22' title="bbox 232 2238 1886 2310; baseline 0.004 -18"><span class='ocrx_word' id='word_1_136' title='bbox 232 2241 456 2298; x_wconf 82' lang='lat' dir='ltr'>rantur.</span> <span class='ocrx_word' id='word_1_137' title='bbox 491 2238 790 2304; x_wconf 88' lang='lat' dir='ltr'>Quomodo</span> <span class='ocrx_word' id='word_1_138' title='bbox 822 2255 958 2310; x_wconf 83' lang='lat' dir='ltr'>ergo</span> <span class='ocrx_word' id='word_1_139' title='bbox 989 2239 1130 2294; x_wconf 83' lang='lat' dir='ltr'>vivit</span> <span class='ocrx_word' id='word_1_140' title='bbox 1161 2239 1300 2307; x_wconf 89' lang='lat' dir='ltr'>illic,</span> <span class='ocrx_word' id='word_1_141' title='bbox 1326 2240 1424 2295; x_wconf 91' lang='lat' dir='ltr'>ubi</span> <span class='ocrx_word' id='word_1_142' title='bbox 1460 2240 1617 2310; x_wconf 90' lang='lat' dir='ltr'>vivit,</span> <span class='ocrx_word' id='word_1_143' title='bbox 1646 2241 1695 2297; x_wconf 89' lang='lat' dir='ltr'>si</span> <span class='ocrx_word' id='word_1_144' title='bbox 1718 2243 1776 2297; x_wconf 90' lang='lat' dir='ltr'>in</span> <span class='ocrx_word' id='word_1_145' title='bbox 1799 2247 1886 2298; x_wconf 89' lang='lat' dir='ltr'>tot</span> 
     </span>
    </p>
   </div>
   <div class='ocr_carea' id='block_1_23' title="bbox 232 2325 1886 2402">
    <p class='ocr_par' dir='ltr' id='par_1_23' title="bbox 232 2325 1886 2402">
     <span class='ocr_line' id='line_1_23' title="bbox 232 2325 1886 2402; baseline 0.002 -20"><span class='ocrx_word' id='word_1_146' title='bbox 232 2325 534 2389; x_wconf 83' lang='lat' dir='ltr'>miraculis</span> <span class='ocrx_word' id='word_1_147' title='bbox 563 2326 700 2382; x_wconf 82' lang='lat' dir='ltr'>vivit</span> <span class='ocrx_word' id='word_1_148' title='bbox 728 2327 951 2394; x_wconf 89' lang='lat' dir='ltr'>hic,ubi</span> <span class='ocrx_word' id='word_1_149' title='bbox 985 2344 1197 2401; x_wconf 86' lang='lat' dir='ltr'>corpus</span> <span class='ocrx_word' id='word_1_150' title='bbox 1217 2329 1268 2400; x_wconf 88' lang='lat' dir='ltr'>ej</span> <span class='ocrx_word' id='word_1_151' title='bbox 1279 2345 1346 2385; x_wconf 91' lang='lat' dir='ltr'>us</span> <span class='ocrx_word' id='word_1_152' title='bbox 1368 2334 1666 2386; x_wconf 90' lang='lat' dir='ltr'>mortuum</span> <span class='ocrx_word' id='word_1_153' title='bbox 1681 2331 1841 2402; x_wconf 88' lang='lat' dir='ltr'>jacet</span> <span class='ocrx_word' id='word_1_154' title='bbox 1857 2331 1886 2385; x_wconf 78' lang='lat'>‘?</span> 
     </span>
    </p>
   </div>
   <div class='ocr_carea' id='block_1_24' title="bbox 234 2415 1888 2491">
    <p class='ocr_par' dir='ltr' id='par_1_24' title="bbox 234 2415 1888 2491">
     <span class='ocr_line' id='line_1_24' title="bbox 234 2415 1888 2491; baseline -0.001 -15"><span class='ocrx_word' id='word_1_155' title='bbox 234 2415 400 2476; x_wconf 77' lang='lat' dir='ltr'>Hunc</span> <span class='ocrx_word' id='word_1_156' title='bbox 429 2431 566 2488; x_wconf 89' lang='lat' dir='ltr'>ergo</span> <span class='ocrx_word' id='word_1_157' title='bbox 599 2415 658 2472; x_wconf 89' lang='lat' dir='ltr'>in</span> <span class='ocrx_word' id='word_1_158' title='bbox 691 2433 871 2474; x_wconf 87' lang='lat' dir='ltr'>causa</span> <span class='ocrx_word' id='word_1_159' title='bbox 899 2417 1082 2473; x_wconf 86' lang='lat' dir='ltr'>nostri</span> <span class='ocrx_word' id='word_1_160' title='bbox 1113 2417 1400 2474; x_wconf 82' lang='lat' dir='ltr'>examinis</span> <span class='ocrx_word' id='word_1_161' title='bbox 1431 2436 1609 2491; x_wconf 88' lang='lat' dir='ltr'>quam</span> <span class='ocrx_word' id='word_1_162' title='bbox 1638 2437 1774 2475; x_wconf 90' lang='lat' dir='ltr'>cum</span> <span class='ocrx_word' id='word_1_163' title='bbox 1805 2419 1888 2475; x_wconf 86' lang='lat' dir='ltr'>di-</span> 
     </span>
    </p>
   </div>
   <div class='ocr_carea' id='block_1_25' title="bbox 234 2505 1887 2580">
    <p class='ocr_par' dir='ltr' id='par_1_25' title="bbox 234 2505 1887 2580">
     <span class='ocr_line' id='line_1_25' title="bbox 234 2505 1887 2580; baseline 0.002 -18"><span class='ocrx_word' id='word_1_164' title='bbox 234 2505 435 2579; x_wconf 82' lang='lat' dir='ltr'>stricto</span> <span class='ocrx_word' id='word_1_165' title='bbox 457 2505 658 2578; x_wconf 89' lang='lat' dir='ltr'>judice</span> <span class='ocrx_word' id='word_1_166' title='bbox 689 2505 997 2573; x_wconf 87' lang='lat' dir='ltr'>habemus,</span> <span class='ocrx_word' id='word_1_167' title='bbox 1029 2511 1342 2580; x_wconf 89' lang='lat' dir='ltr'>patronum</span> <span class='ocrx_word' id='word_1_168' title='bbox 1382 2508 1688 2565; x_wconf 82' lang='lat' dir='ltr'>faciamus.</span> <span class='ocrx_word' id='word_1_169' title='bbox 1720 2510 1887 2565; x_wconf 90' lang='lat' dir='ltr'>Hunc</span> 
     </span>
    </p>
   </div>
   <div class='ocr_carea' id='block_1_26' title="bbox 233 2593 1885 2666">
    <p class='ocr_par' dir='ltr' id='par_1_26' title="bbox 233 2593 1885 2666">
     <span class='ocr_line' id='line_1_26' title="bbox 233 2593 1885 2666; baseline 0.004 -18"><span class='ocrx_word' id='word_1_170' title='bbox 233 2593 295 2666; x_wconf 77' lang='lat' dir='ltr'>in</span> <span class='ocrx_word' id='word_1_171' title='bbox 328 2595 420 2650; x_wconf 89' lang='lat' dir='ltr'>die</span> <span class='ocrx_word' id='word_1_172' title='bbox 448 2595 593 2653; x_wconf 84' lang='lat' dir='ltr'>tanti</span> <span class='ocrx_word' id='word_1_173' title='bbox 625 2594 866 2652; x_wconf 89' lang='lat' dir='ltr'>terroris</span> <span class='ocrx_word' id='word_1_174' title='bbox 894 2593 1454 2663; x_wconf 85' lang='lat' dir='ltr'>illius,del‘ensorem</span> <span class='ocrx_word' id='word_1_175' title='bbox 1477 2597 1885 2656; x_wconf 87' lang='lat' dir='ltr'>adhibeamus.</span> 
     </span>
    </p>
   </div>
   <div class='ocr_carea' id='block_1_27' title="bbox 236 2681 1892 2758">
    <p class='ocr_par' dir='ltr' id='par_1_27' title="bbox 236 2681 1892 2758">
     <span class='ocr_line' id='line_1_27' title="bbox 236 2681 1892 2758; baseline -0.001 -14"><span class='ocrx_word' id='word_1_176' title='bbox 236 2681 399 2757; x_wconf 70' lang='lat' dir='ltr'>Certe</span> <span class='ocrx_word' id='word_1_177' title='bbox 431 2683 480 2739; x_wconf 92' lang='lat' dir='ltr'>si</span> <span class='ocrx_word' id='word_1_178' title='bbox 511 2684 666 2756; x_wconf 90' lang='lat' dir='ltr'>apud</span> <span class='ocrx_word' id='word_1_179' title='bbox 698 2699 1056 2758; x_wconf 88' lang='lat' dir='ltr'>quemquam</span> <span class='ocrx_word' id='word_1_180' title='bbox 1085 2701 1370 2758; x_wconf 86' lang='lat' dir='ltr'>magnum</span> <span class='ocrx_word' id='word_1_181' title='bbox 1409 2685 1670 2756; x_wconf 88' lang='lat' dir='ltr'>judicem</span> <span class='ocrx_word' id='word_1_182' title='bbox 1711 2703 1892 2742; x_wconf 86' lang='lat' dir='ltr'>causa</span> 
     </span>
    </p>
   </div>
   <div class='ocr_carea' id='block_1_28' title="bbox 244 2772 1891 2847">
    <p class='ocr_par' dir='ltr' id='par_1_28' title="bbox 244 2772 1891 2847">
     <span class='ocr_line' id='line_1_28' title="bbox 244 2772 1891 2847; baseline 0.001 -19"><span class='ocrx_word' id='word_1_183' title='bbox 244 2772 515 2847; x_wconf 58' lang='lat' dir='ltr'>qualibet</span> <span class='ocrx_word' id='word_1_184' title='bbox 542 2776 744 2832; x_wconf 89' lang='lat' dir='ltr'>nostra</span> <span class='ocrx_word' id='word_1_185' title='bbox 769 2777 926 2830; x_wconf 86' lang='lat' dir='ltr'>esset</span> <span class='ocrx_word' id='word_1_186' title='bbox 954 2772 1048 2829; x_wconf 89' lang='lat' dir='ltr'>die</span> <span class='ocrx_word' id='word_1_187' title='bbox 1076 2773 1334 2829; x_wconf 87' lang='lat' dir='ltr'>crastina</span> <span class='ocrx_word' id='word_1_188' title='bbox 1360 2773 1716 2843; x_wconf 84' lang='lat' dir='ltr'>ventilanda,</span> <span class='ocrx_word' id='word_1_189' title='bbox 1733 2780 1891 2831; x_wconf 82' lang='lat' dir='ltr'>totus</span> 
     </span>
    </p>
   </div>
   <div class='ocr_carea' id='block_1_29' title="bbox 241 2860 1890 2936">
    <p class='ocr_par' dir='ltr' id='par_1_29' title="bbox 241 2860 1890 2936">
     <span class='ocr_line' id='line_1_29' title="bbox 241 2860 1890 2936; baseline 0.002 -21"><span class='ocrx_word' id='word_1_190' title='bbox 241 2861 562 2923; x_wconf 81' lang='lat' dir='ltr'>hodiernus</span> <span class='ocrx_word' id='word_1_191' title='bbox 591 2861 716 2926; x_wconf 87' lang='lat' dir='ltr'>dies</span> <span class='ocrx_word' id='word_1_192' title='bbox 763 2861 826 2920; x_wconf 89' lang='lat' dir='ltr'>in</span> <span class='ocrx_word' id='word_1_193' title='bbox 873 2860 1223 2935; x_wconf 83' lang='lat' dir='ltr'>cogitatione</span> <span class='ocrx_word' id='word_1_194' title='bbox 1269 2863 1598 2932; x_wconf 89' lang='lat' dir='ltr'>duceretur,</span> <span class='ocrx_word' id='word_1_195' title='bbox 1631 2863 1890 2936; x_wconf 87' lang='lat' dir='ltr'>aliquem</span> 
     </span>
    </p>
   </div>
   <div class='ocr_carea' id='block_1_30' title="bbox 242 2950 1894 3026">
    <p class='ocr_par' dir='ltr' id='par_1_30' title="bbox 242 2950 1894 3026">
     <span class='ocr_line' id='line_1_30' title="bbox 242 2950 1894 3026; baseline -0.001 -16"><span class='ocrx_word' id='word_1_196' title='bbox 242 2955 556 3023; x_wconf 82' lang='lat' dir='ltr'>patronum</span> <span class='ocrx_word' id='word_1_197' title='bbox 586 2967 1003 3022; x_wconf 68' lang='lat' dir='ltr'>quaereremus,</span> <span class='ocrx_word' id='word_1_198' title='bbox 1026 2950 1372 3024; x_wconf 85' lang='lat' dir='ltr'>magnisque</span> <span class='ocrx_word' id='word_1_199' title='bbox 1403 2952 1672 3024; x_wconf 89' lang='lat' dir='ltr'>precibus</span> <span class='ocrx_word' id='word_1_200' title='bbox 1702 2969 1894 3026; x_wconf 87' lang='lat' dir='ltr'>agere-</span> 
     </span>
    </p>
   </div>
   <div class='ocr_carea' id='block_1_31' title="bbox 243 3039 1889 3114">
    <p class='ocr_par' dir='ltr' id='par_1_31' title="bbox 243 3039 1889 3114">
     <span class='ocr_line' id='line_1_31' title="bbox 243 3039 1889 3114; baseline 0.001 -19"><span class='ocrx_word' id='word_1_201' title='bbox 243 3039 639 3114; x_wconf 82' lang='lat' dir='ltr'>mus,utapud</span> <span class='ocrx_word' id='word_1_202' title='bbox 650 3039 1150 3112; x_wconf 89' lang='lat' dir='ltr'>tantumjudicem</span> <span class='ocrx_word' id='word_1_203' title='bbox 1175 3039 1344 3096; x_wconf 91' lang='lat' dir='ltr'>nobis</span> <span class='ocrx_word' id='word_1_204' title='bbox 1365 3041 1634 3098; x_wconf 80' lang='lat' dir='ltr'>defensor</span> <span class='ocrx_word' id='word_1_205' title='bbox 1650 3041 1889 3097; x_wconf 88' lang='lat' dir='ltr'>veniret.</span> 
     </span>
    </p>
   </div>
   <div class='ocr_carea' id='block_1_32' title="bbox 243 3121 1894 3200">
    <p class='ocr_par' dir='ltr' id='par_1_32' title="bbox 243 3121 1894 3200">
     <span class='ocr_line' id='line_1_32' title="bbox 243 3121 1894 3200; baseline 0.002 -17"><span class='ocrx_word' id='word_1_206' title='bbox 243 3121 388 3190; x_wconf 80' lang='lat' dir='ltr'>Ecce</span> <span class='ocrx_word' id='word_1_207' title='bbox 418 3127 724 3186; x_wconf 87' lang='lat' dir='ltr'>districtus</span> <span class='ocrx_word' id='word_1_208' title='bbox 744 3129 930 3200; x_wconf 83' lang='lat' dir='ltr'>judex</span> <span class='ocrx_word' id='word_1_209' title='bbox 959 3129 1226 3188; x_wconf 82' lang='lat' dir='ltr'>Christus</span> <span class='ocrx_word' id='word_1_210' title='bbox 1275 3134 1554 3188; x_wconf 86' lang='lat' dir='ltr'>venturus</span> <span class='ocrx_word' id='word_1_211' title='bbox 1603 3135 1712 3200; x_wconf 89' lang='lat' dir='ltr'>est,</span> <span class='ocrx_word' id='word_1_212' title='bbox 1745 3129 1894 3188; x_wconf 85' lang='lat' dir='ltr'>tanti</span> 
     </span>
    </p>
   </div>
   <div class='ocr_carea' id='block_1_33' title="bbox 1991 641 3641 714">
    <p class='ocr_par' dir='ltr' id='par_1_33' title="bbox 1991 641 3641 714">
     <span class='ocr_line' id='line_1_33' title="bbox 1991 641 3641 714; baseline 0.008 -17"><span class='ocrx_word' id='word_1_213' title='bbox 1991 641 2168 709; x_wconf 88' lang='lat' dir='ltr'>tione,</span> <span class='ocrx_word' id='word_1_214' title='bbox 2203 642 2494 700; x_wconf 68' lang='lat' dir='ltr'>inhaerens</span> <span class='ocrx_word' id='word_1_215' title='bbox 2524 644 2772 713; x_wconf 88' lang='lat' dir='ltr'>Christo,</span> <span class='ocrx_word' id='word_1_216' title='bbox 2805 646 2960 706; x_wconf 81' lang='lat' dir='ltr'>sicut</span> <span class='ocrx_word' id='word_1_217' title='bbox 2987 652 3046 710; x_wconf 78' lang='lat' dir='ltr'>et</span> <span class='ocrx_word' id='word_1_218' title='bbox 3092 647 3209 710; x_wconf 86' lang='lat' dir='ltr'>alia</span> <span class='ocrx_word' id='word_1_219' title='bbox 3255 649 3641 714; x_wconf 63' lang='lat' dir='ltr'>eminentiora</span> 
     </span>
    </p>
   </div>
   <div class='ocr_carea' id='block_1_34' title="bbox 1991 732 3638 810">
    <p class='ocr_par' dir='ltr' id='par_1_34' title="bbox 1991 732 3638 810">
     <span class='ocr_line' id='line_1_34' title="bbox 1991 732 3638 810; baseline 0.01 -24"><span class='ocrx_word' id='word_1_220' title='bbox 1991 733 2255 787; x_wconf 86' lang='lat' dir='ltr'>membra</span> <span class='ocrx_word' id='word_1_221' title='bbox 2289 732 2476 804; x_wconf 85' lang='lat' dir='ltr'>ipsius</span> <span class='ocrx_word' id='word_1_222' title='bbox 2507 735 2607 806; x_wconf 92' lang='lat' dir='ltr'>qui</span> <span class='ocrx_word' id='word_1_223' title='bbox 2641 733 2860 807; x_wconf 89' lang='lat' dir='ltr'>ubique</span> <span class='ocrx_word' id='word_1_224' title='bbox 2903 753 3158 808; x_wconf 59' lang='lat' dir='ltr'>presens</span> <span class='ocrx_word' id='word_1_225' title='bbox 3189 742 3281 799; x_wconf 81' lang='lat' dir='ltr'>est</span> <span class='ocrx_word' id='word_1_226' title='bbox 3308 740 3638 810; x_wconf 68' lang='lat' dir='ltr'>majestate.</span> 
     </span>
    </p>
   </div>
   <div class='ocr_carea' id='block_1_35' title="bbox 1990 821 3642 895">
    <p class='ocr_par' dir='ltr' id='par_1_35' title="bbox 1990 821 3642 895">
     <span class='ocr_line' id='line_1_35' title="bbox 1990 821 3642 895; baseline 0.006 -19"><span class='ocrx_word' id='word_1_227' title='bbox 1990 821 2211 893; x_wconf 85' lang='lat' dir='ltr'>quique</span> <span class='ocrx_word' id='word_1_228' title='bbox 2242 822 2384 877; x_wconf 90' lang='lat' dir='ltr'>dum</span> <span class='ocrx_word' id='word_1_229' title='bbox 2415 823 2719 880; x_wconf 85' lang='lat' dir='ltr'>districtus</span> <span class='ocrx_word' id='word_1_230' title='bbox 2741 825 2926 894; x_wconf 83' lang='lat' dir='ltr'>judex</span> <span class='ocrx_word' id='word_1_231' title='bbox 2945 824 3280 895; x_wconf 75' lang='lat' dir='ltr'>sustinet,et</span> <span class='ocrx_word' id='word_1_232' title='bbox 3300 828 3494 892; x_wconf 76' lang='lat' dir='ltr'>adhuc</span> <span class='ocrx_word' id='word_1_233' title='bbox 3510 845 3642 890; x_wconf 82' lang='lat' dir='ltr'>ma-</span> 
     </span>
    </p>
   </div>
   <div class='ocr_carea' id='block_1_36' title="bbox 1990 911 3644 984">
    <p class='ocr_par' dir='ltr' id='par_1_36' title="bbox 1990 911 3644 984">
     <span class='ocr_line' id='line_1_36' title="bbox 1990 911 3644 984; baseline 0.007 -18"><span class='ocrx_word' id='word_1_234' title='bbox 1990 926 2134 966; x_wconf 88' lang='lat' dir='ltr'>num</span> <span class='ocrx_word' id='word_1_235' title='bbox 2163 927 2281 966; x_wconf 90' lang='lat' dir='ltr'>non</span> <span class='ocrx_word' id='word_1_236' title='bbox 2311 911 2495 968; x_wconf 83' lang='lat' dir='ltr'>exerit</span> <span class='ocrx_word' id='word_1_237' title='bbox 2522 911 2581 967; x_wconf 93' lang='lat' dir='ltr'>in</span> <span class='ocrx_word' id='word_1_238' title='bbox 2613 913 3162 984; x_wconf 81' lang='lat' dir='ltr'>percussione,dum</span> <span class='ocrx_word' id='word_1_239' title='bbox 3193 931 3228 978; x_wconf 83' lang='lat' dir='ltr'>a</span> <span class='ocrx_word' id='word_1_240' title='bbox 3258 917 3644 979; x_wconf 53' lang='lat' dir='ltr'>{attributum</span> 
     </span>
    </p>
   </div>
   <div class='ocr_carea' id='block_1_37' title="bbox 1989 997 3644 1076">
    <p class='ocr_par' dir='ltr' id='par_1_37' title="bbox 1989 997 3644 1076">
     <span class='ocr_line' id='line_1_37' title="bbox 1989 997 3644 1076; baseline 0.005 -22"><span class='ocrx_word' id='word_1_241' title='bbox 1989 997 2232 1056; x_wconf 89' lang='lat' dir='ltr'>ultionis</span> <span class='ocrx_word' id='word_1_242' title='bbox 2263 998 2516 1068; x_wconf 86' lang='lat' dir='ltr'>intimae;</span> <span class='ocrx_word' id='word_1_243' title='bbox 2550 1017 2678 1058; x_wconf 89' lang='lat' dir='ltr'>esse</span> <span class='ocrx_word' id='word_1_244' title='bbox 2719 1002 2989 1074; x_wconf 58' lang='lat' dir='ltr'>quaedam</span> <span class='ocrx_word' id='word_1_245' title='bbox 3037 1003 3319 1076; x_wconf 74' lang='lat' dir='ltr'>temporis</span> <span class='ocrx_word' id='word_1_246' title='bbox 3348 1005 3644 1068; x_wconf 63' lang='lat' dir='ltr'>securitas</span> 
     </span>
    </p>
   </div>
   <div class='ocr_carea' id='block_1_38' title="bbox 1987 1086 3640 1165">
    <p class='ocr_par' dir='ltr' id='par_1_38' title="bbox 1987 1086 3640 1165">
     <span class='ocr_line' id='line_1_38' title="bbox 1987 1086 3640 1165; baseline 0.008 -24"><span class='ocrx_word' id='word_1_247' title='bbox 1987 1086 2299 1160; x_wconf 81' lang='lat' dir='ltr'>indicetur,</span> <span class='ocrx_word' id='word_1_248' title='bbox 2329 1087 2611 1158; x_wconf 79' lang='lat' dir='ltr'>debemus</span> <span class='ocrx_word' id='word_1_249' title='bbox 2640 1088 2863 1158; x_wconf 73' lang='lat' dir='ltr'>malum</span> <span class='ocrx_word' id='word_1_250' title='bbox 2891 1091 3046 1164; x_wconf 85' lang='lat' dir='ltr'>quod</span> <span class='ocrx_word' id='word_1_251' title='bbox 3079 1093 3640 1165; x_wconf 59' lang='lat' dir='ltr'>aequitas-ﬂamma-</span> 
     </span>
    </p>
   </div>
   <div class='ocr_carea' id='block_1_39' title="bbox 1987 1175 3642 1256">
    <p class='ocr_par' dir='ltr' id='par_1_39' title="bbox 1987 1175 3642 1256">
     <span class='ocr_line' id='line_1_39' title="bbox 1987 1175 3642 1256; baseline 0.007 -26"><span class='ocrx_word' id='word_1_252' title='bbox 1987 1191 2122 1232; x_wconf 89' lang='lat' dir='ltr'>rum</span> <span class='ocrx_word' id='word_1_253' title='bbox 2153 1175 2376 1240; x_wconf 87' lang='lat' dir='ltr'>scilicet</span> <span class='ocrx_word' id='word_1_254' title='bbox 2394 1193 2596 1248; x_wconf 68' lang='lat' dir='ltr'>pmnas</span> <span class='ocrx_word' id='word_1_255' title='bbox 2618 1178 3288 1246; x_wconf 57' lang='lat' dir='ltr'>eternasdnioimbiles</span> <span class='ocrx_word' id='word_1_256' title='bbox 3308 1186 3484 1256; x_wconf 65' lang='lat' dir='ltr'>atque</span> <span class='ocrx_word' id='word_1_257' title='bbox 3493 1200 3642 1245; x_wconf 59' lang='grc' dir='ltr'>βων</span> 
     </span>
    </p>
   </div>
   <div class='ocr_carea' id='block_1_40' title="bbox 1987 1265 3644 1350">
    <p class='ocr_par' dir='ltr' id='par_1_40' title="bbox 1987 1265 3644 1350">
     <span class='ocr_line' id='line_1_40' title="bbox 1987 1265 3644 1350; baseline 0.004 -30"><span class='ocrx_word' id='word_1_258' title='bbox 1987 1265 2186 1322; x_wconf 84' lang='lat' dir='ltr'>tinuas</span> <span class='ocrx_word' id='word_1_259' title='bbox 2215 1282 2482 1338; x_wconf 85' lang='lat' dir='ltr'>pensare,</span> <span class='ocrx_word' id='word_1_260' title='bbox 2517 1271 2832 1338; x_wconf 61' lang='lat' dir='ltr'>pensantes</span> <span class='ocrx_word' id='word_1_261' title='bbox 2860 1283 3114 1350; x_wconf 69' lang='lat' dir='ltr'>gemere,</span> <span class='ocrx_word' id='word_1_262' title='bbox 3135 1275 3444 1342; x_wconf 58' lang='lat' dir='ltr'>samem</span> <span class='ocrx_word' id='word_1_263' title='bbox 3460 1271 3644 1334; x_wconf 61' lang='lat' dir='ltr'>vitam</span> 
     </span>
    </p>
   </div>
   <div class='ocr_carea' id='block_1_41' title="bbox 1988 1354 3644 1434">
    <p class='ocr_par' dir='ltr' id='par_1_41' title="bbox 1988 1354 3644 1434">
     <span class='ocr_line' id='line_1_41' title="bbox 1988 1354 3644 1434; baseline 0.002 -18"><span class='ocrx_word' id='word_1_264' title='bbox 1988 1370 2058 1410; x_wconf 85' lang='lat' dir='ltr'>ea</span> <span class='ocrx_word' id='word_1_265' title='bbox 2087 1371 2218 1426; x_wconf 77' lang='lat' dir='ltr'>quae</span> <span class='ocrx_word' id='word_1_266' title='bbox 2248 1354 2658 1420; x_wconf 70' lang='lat' dir='ltr'>commisimus</span> <span class='ocrx_word' id='word_1_267' title='bbox 2688 1360 2925 1427; x_wconf 74' lang='lat' dir='ltr'>paceata</span> <span class='ocrx_word' id='word_1_268' title='bbox 2939 1355 3341 1422; x_wconf 71' lang='lat' dir='ltr'>indesinenter</span> <span class='ocrx_word' id='word_1_269' title='bbox 3358 1360 3644 1434; x_wconf 61' lang='lat' dir='ltr'>aspidem.</span> 
     </span>
    </p>
   </div>
   <div class='ocr_carea' id='block_1_42' title="bbox 1989 1443 3643 1520">
    <p class='ocr_par' dir='ltr' id='par_1_42' title="bbox 1989 1443 3643 1520">
     <span class='ocr_line' id='line_1_42' title="bbox 1989 1443 3643 1520; baseline 0.002 -20"><span class='ocrx_word' id='word_1_270' title='bbox 1989 1443 2340 1515; x_wconf 83' lang='lat' dir='ltr'>aspicientes</span> <span class='ocrx_word' id='word_1_271' title='bbox 2366 1443 2526 1514; x_wconf 85' lang='lat' dir='ltr'>ﬂere,</span> <span class='ocrx_word' id='word_1_272' title='bbox 2560 1443 2767 1500; x_wconf 84' lang='lat' dir='ltr'>ﬂentes</span> <span class='ocrx_word' id='word_1_273' title='bbox 2796 1445 3492 1519; x_wconf 74' lang='lat' dir='ltr'>abstei-gere.Criminain</span> <span class='ocrx_word' id='word_1_274' title='bbox 3510 1449 3643 1520; x_wconf 77' lang='lat' dir='ltr'>qni.-</span> 
     </span>
    </p>
   </div>
   <div class='ocr_carea' id='block_1_43' title="bbox 1990 1531 3646 1608">
    <p class='ocr_par' dir='ltr' id='par_1_43' title="bbox 1990 1531 3646 1608">
     <span class='ocr_line' id='line_1_43' title="bbox 1990 1531 3646 1608; baseline 0.006 -20"><span class='ocrx_word' id='word_1_275' title='bbox 1990 1532 2103 1601; x_wconf 84' lang='lat' dir='ltr'>bus</span> <span class='ocrx_word' id='word_1_276' title='bbox 2133 1531 2556 1589; x_wconf 87' lang='lat' dir='ltr'>delectabiliter</span> <span class='ocrx_word' id='word_1_277' title='bbox 2583 1533 2688 1590; x_wconf 89' lang='lat' dir='ltr'>diu</span> <span class='ocrx_word' id='word_1_278' title='bbox 2711 1533 3036 1605; x_wconf 77' lang='lat' dir='ltr'>jacuimus,</span> <span class='ocrx_word' id='word_1_279' title='bbox 3068 1552 3182 1594; x_wconf 79' lang='lat' dir='ltr'>non</span> <span class='ocrx_word' id='word_1_280' title='bbox 3226 1535 3646 1608; x_wconf 64' lang='grc' dir='ltr'>Ριεῐξωηριοιίο,</span> 
     </span>
    </p>
   </div>
   <div class='ocr_carea' id='block_1_44' title="bbox 1991 1620 3649 1696">
    <p class='ocr_par' dir='ltr' id='par_1_44' title="bbox 1991 1620 3649 1696">
     <span class='ocr_line' id='line_1_44' title="bbox 1991 1620 3649 1696; baseline -0.006 -17"><span class='ocrx_word' id='word_1_281' title='bbox 1991 1621 2093 1679; x_wconf 86' lang='lat' dir='ltr'>sed</span> <span class='ocrx_word' id='word_1_282' title='bbox 2127 1620 2390 1693; x_wconf 75' lang='lat' dir='ltr'>quotidie</span> <span class='ocrx_word' id='word_1_283' title='bbox 2418 1625 2594 1694; x_wconf 87' lang='lat' dir='ltr'>atque</span> <span class='ocrx_word' id='word_1_284' title='bbox 2615 1621 2664 1678; x_wconf 89' lang='lat' dir='ltr'>si</span> <span class='ocrx_word' id='word_1_285' title='bbox 2685 1621 2810 1686; x_wconf 80' lang='lat' dir='ltr'>ﬁeri</span> <span class='ocrx_word' id='word_1_286' title='bbox 2834 1625 3330 1696; x_wconf 79' lang='lat' dir='ltr'>petest,oontinue</span> <span class='ocrx_word' id='word_1_287' title='bbox 3350 1624 3649 1687; x_wconf 55' lang='lat' dir='ltr'>omam.</span> 
     </span>
    </p>
   </div>
   <div class='ocr_carea' id='block_1_45' title="bbox 1990 1709 3648 1786">
    <p class='ocr_par' dir='ltr' id='par_1_45' title="bbox 1990 1709 3648 1786">
     <span class='ocr_line' id='line_1_45' title="bbox 1990 1709 3648 1786; baseline 0.001 -16"><span class='ocrx_word' id='word_1_288' title='bbox 1990 1709 2106 1770; x_wconf 86' lang='lat' dir='ltr'>mis</span> <span class='ocrx_word' id='word_1_289' title='bbox 2137 1709 2411 1782; x_wconf 81' lang='lat' dir='ltr'>lacrymis</span> <span class='ocrx_word' id='word_1_290' title='bbox 2440 1711 2785 1771; x_wconf 83' lang='lat' dir='ltr'>studeamus</span> <span class='ocrx_word' id='word_1_291' title='bbox 2816 1711 3072 1783; x_wconf 87' lang='lat' dir='ltr'>abluere,</span> <span class='ocrx_word' id='word_1_292' title='bbox 3095 1712 3484 1786; x_wconf 68' lang='lat' dir='ltr'>elemosynis</span> <span class='ocrx_word' id='word_1_293' title='bbox 3513 1714 3648 1772; x_wconf 81' lang='lat' dir='ltr'>abs-</span> 
     </span>
    </p>
   </div>
   <div class='ocr_carea' id='block_1_46' title="bbox 1991 1797 3646 1876">
    <p class='ocr_par' dir='ltr' id='par_1_46' title="bbox 1991 1797 3646 1876">
     <span class='ocr_line' id='line_1_46' title="bbox 1991 1797 3646 1876; baseline 0.004 -22"><span class='ocrx_word' id='word_1_294' title='bbox 1991 1803 2234 1870; x_wconf 86' lang='lat' dir='ltr'>tergere,</span> <span class='ocrx_word' id='word_1_295' title='bbox 2267 1797 2452 1867; x_wconf 83' lang='lat' dir='ltr'>sacris</span> <span class='ocrx_word' id='word_1_296' title='bbox 2501 1798 2712 1859; x_wconf 87' lang='lat' dir='ltr'>hostiis</span> <span class='ocrx_word' id='word_1_297' title='bbox 2757 1799 3007 1872; x_wconf 68' lang='lat' dir='ltr'>expiare.</span> <span class='ocrx_word' id='word_1_298' title='bbox 3042 1801 3174 1863; x_wconf 52' lang='lat' dir='ltr'>Haec</span> <span class='ocrx_word' id='word_1_299' title='bbox 3209 1807 3305 1862; x_wconf 79' lang='lat' dir='ltr'>est</span> <span class='ocrx_word' id='word_1_300' title='bbox 3353 1801 3516 1875; x_wconf 78' lang='lat' dir='ltr'>pacis</span> <span class='ocrx_word' id='word_1_301' title='bbox 3547 1819 3646 1876; x_wconf 79' lang='lat' dir='ltr'>pe-</span> 
     </span>
    </p>
   </div>
   <div class='ocr_carea' id='block_1_47' title="bbox 1992 1888 3644 1962">
    <p class='ocr_par' dir='ltr' id='par_1_47' title="bbox 1992 1888 3644 1962">
     <span class='ocr_line' id='line_1_47' title="bbox 1992 1888 3644 1962; baseline 0.004 -16"><span class='ocrx_word' id='word_1_302' title='bbox 1992 1890 2179 1946; x_wconf 76' lang='lat' dir='ltr'>tendae</span> <span class='ocrx_word' id='word_1_303' title='bbox 2212 1894 2422 1946; x_wconf 63' lang='lat' dir='ltr'>nostra)</span> <span class='ocrx_word' id='word_1_304' title='bbox 2451 1888 2684 1962; x_wconf 84' lang='lat' dir='ltr'>legatio,</span> <span class='ocrx_word' id='word_1_305' title='bbox 2717 1907 2845 1962; x_wconf 63' lang='lat' dir='ltr'>quas</span> <span class='ocrx_word' id='word_1_306' title='bbox 2871 1907 3071 1962; x_wconf 80' lang='lat' dir='ltr'>regem</span> <span class='ocrx_word' id='word_1_307' title='bbox 3103 1891 3175 1951; x_wconf 80' lang='lat' dir='ltr'>ad</span> <span class='ocrx_word' id='word_1_308' title='bbox 3203 1893 3644 1957; x_wconf 70' lang='lat' dir='ltr'>discutiendum</span> 
     </span>
    </p>
   </div>
   <div class='ocr_carea' id='block_1_48' title="bbox 1989 1977 3648 2059">
    <p class='ocr_par' dir='ltr' id='par_1_48' title="bbox 1989 1977 3648 2059">
     <span class='ocr_line' id='line_1_48' title="bbox 1989 1977 3648 2059; baseline 0.003 -25"><span class='ocrx_word' id='word_1_309' title='bbox 1989 1983 2048 2034; x_wconf 87' lang='lat' dir='ltr'>et</span> <span class='ocrx_word' id='word_1_310' title='bbox 2070 1977 2463 2047; x_wconf 85' lang='lat' dir='ltr'>judicandum</span> <span class='ocrx_word' id='word_1_311' title='bbox 2498 1993 2604 2033; x_wconf 87' lang='lat' dir='ltr'>nos</span> <span class='ocrx_word' id='word_1_312' title='bbox 2632 1978 2959 2059; x_wconf 80' lang='lat' dir='ltr'>venientem</span> <span class='ocrx_word' id='word_1_313' title='bbox 2993 1977 3206 2050; x_wconf 56' lang='lat' dir='ltr'>manat.</span> <span class='ocrx_word' id='word_1_314' title='bbox 3221 1979 3392 2048; x_wconf 75' lang='lat' dir='ltr'>Nulla</span> <span class='ocrx_word' id='word_1_315' title='bbox 3407 1995 3648 2053; x_wconf 69' lang='lat' dir='ltr'>prospe-</span> 
     </span>
    </p>
   </div>
   <div class='ocr_carea' id='block_1_49' title="bbox 1991 2065 3646 2135">
    <p class='ocr_par' dir='ltr' id='par_1_49' title="bbox 1991 2065 3646 2135">
     <span class='ocr_line' id='line_1_49' title="bbox 1991 2065 3646 2135; baseline 0.004 -15"><span class='ocrx_word' id='word_1_316' title='bbox 1991 2067 2183 2121; x_wconf 84' lang='lat' dir='ltr'>ritatis</span> <span class='ocrx_word' id='word_1_317' title='bbox 2211 2065 2543 2122; x_wconf 78' lang='lat' dir='ltr'>transitoria</span> <span class='ocrx_word' id='word_1_318' title='bbox 2573 2065 2775 2132; x_wconf 67' lang='lat' dir='ltr'>laetitia</span> <span class='ocrx_word' id='word_1_319' title='bbox 2805 2066 3107 2135; x_wconf 81' lang='lat' dir='ltr'>dissolvat,</span> <span class='ocrx_word' id='word_1_320' title='bbox 3139 2084 3250 2130; x_wconf 75' lang='lat' dir='ltr'>nec</span> <span class='ocrx_word' id='word_1_321' title='bbox 3290 2068 3514 2130; x_wconf 75' lang='lat' dir='ltr'>mentis</span> <span class='ocrx_word' id='word_1_322' title='bbox 3535 2085 3646 2128; x_wconf 76' lang='lat' dir='ltr'>llo-</span> 
     </span>
    </p>
   </div>
   <div class='ocr_carea' id='block_1_50' title="bbox 1993 2152 3647 2226">
    <p class='ocr_par' dir='ltr' id='par_1_50' title="bbox 1993 2152 3647 2226">
     <span class='ocr_line' id='line_1_50' title="bbox 1993 2152 3647 2226; baseline 0.003 -17"><span class='ocrx_word' id='word_1_323' title='bbox 1993 2158 2124 2212; x_wconf 66' lang='lat' dir='ltr'>strae</span> <span class='ocrx_word' id='word_1_324' title='bbox 2157 2152 2344 2209; x_wconf 87' lang='lat' dir='ltr'>oculis</span> <span class='ocrx_word' id='word_1_325' title='bbox 2371 2169 2437 2208; x_wconf 90' lang='lat' dir='ltr'>ea</span> <span class='ocrx_word' id='word_1_326' title='bbox 2469 2170 2595 2226; x_wconf 63' lang='lat' dir='ltr'>quas</span> <span class='ocrx_word' id='word_1_327' title='bbox 2635 2160 2776 2213; x_wconf 89' lang='lat' dir='ltr'>sunt</span> <span class='ocrx_word' id='word_1_328' title='bbox 2823 2155 3160 2217; x_wconf 83' lang='lat' dir='ltr'>transitoria</span> <span class='ocrx_word' id='word_1_329' title='bbox 3207 2155 3540 2225; x_wconf 68' lang='lat' dir='ltr'>obstruent,</span> <span class='ocrx_word' id='word_1_330' title='bbox 3573 2172 3647 2218; x_wconf 77' lang='lat' dir='ltr'>ne</span> 
     </span>
    </p>
   </div>
   <div class='ocr_carea' id='block_1_51' title="bbox 1993 2241 2772 2314">
    <p class='ocr_par' dir='ltr' id='par_1_51' title="bbox 1993 2241 2772 2314">
     <span class='ocr_line' id='line_1_51' title="bbox 1993 2241 2772 2314; baseline -0.001 -15"><span class='ocrx_word' id='word_1_331' title='bbox 1993 2259 2176 2300; x_wconf 76' lang='lat' dir='ltr'>caecos</span> <span class='ocrx_word' id='word_1_332' title='bbox 2205 2244 2276 2298; x_wconf 89' lang='lat' dir='ltr'>ad</span> <span class='ocrx_word' id='word_1_333' title='bbox 2310 2241 2503 2314; x_wconf 81' lang='lat' dir='ltr'>ignem</span> <span class='ocrx_word' id='word_1_334' title='bbox 2533 2243 2772 2298; x_wconf 78' lang='lat' dir='ltr'>ducant.</span> 
     </span>
    </p>
   </div>
   <div class='ocr_carea' id='block_1_52' title="bbox 2065 2331 3652 2406">
    <p class='ocr_par' dir='ltr' id='par_1_52' title="bbox 2065 2331 3652 2406">
     <span class='ocr_line' id='line_1_52' title="bbox 2065 2331 3652 2406; baseline 0.004 -18"><span class='ocrx_word' id='word_1_335' title='bbox 2065 2331 2205 2388; x_wconf 84' lang='lat' dir='ltr'>XlV.</span> <span class='ocrx_word' id='word_1_336' title='bbox 2240 2331 2579 2386; x_wconf 88' lang='lat' dir='ltr'>Curandum</span> <span class='ocrx_word' id='word_1_337' title='bbox 2611 2348 2847 2404; x_wconf 86' lang='lat' dir='ltr'>quoque</span> <span class='ocrx_word' id='word_1_338' title='bbox 2873 2349 3230 2406; x_wconf 82' lang='lat' dir='ltr'>magnopere</span> <span class='ocrx_word' id='word_1_339' title='bbox 3262 2333 3430 2396; x_wconf 85' lang='lat' dir='ltr'>nobis</span> <span class='ocrx_word' id='word_1_340' title='bbox 3461 2337 3652 2404; x_wconf 53' lang='lat' dir='ltr'>estmt</span> 
     </span>
    </p>
   </div>
   <div class='ocr_carea' id='block_1_53' title="bbox 1995 2418 3649 2497">
    <p class='ocr_par' dir='ltr' id='par_1_53' title="bbox 1995 2418 3649 2497">
     <span class='ocr_line' id='line_1_53' title="bbox 1995 2418 3649 2497; baseline 0.011 -20"><span class='ocrx_word' id='word_1_341' title='bbox 1995 2439 2132 2478; x_wconf 90' lang='lat' dir='ltr'>cum</span> <span class='ocrx_word' id='word_1_342' title='bbox 2163 2418 2395 2492; x_wconf 81' lang='lat' dir='ltr'>magnis</span> <span class='ocrx_word' id='word_1_343' title='bbox 2439 2418 2701 2490; x_wconf 84' lang='lat' dir='ltr'>quotidie</span> <span class='ocrx_word' id='word_1_344' title='bbox 2751 2420 2990 2482; x_wconf 83' lang='lat' dir='ltr'>ﬂetibus</span> <span class='ocrx_word' id='word_1_345' title='bbox 3036 2421 3439 2494; x_wconf 65' lang='lat' dir='ltr'>cogitandum.</span> <span class='ocrx_word' id='word_1_346' title='bbox 3465 2436 3649 2497; x_wconf 56' lang='lat' dir='ltr'>$111.&quot;na</span> 
     </span>
    </p>
   </div>
   <div class='ocr_carea' id='block_1_54' title="bbox 1997 2506 3652 2582">
    <p class='ocr_par' dir='ltr' id='par_1_54' title="bbox 1997 2506 3652 2582">
     <span class='ocr_line' id='line_1_54' title="bbox 1997 2506 3652 2582; baseline 0.001 -17"><span class='ocrx_word' id='word_1_347' title='bbox 1997 2527 2204 2576; x_wconf 69' lang='lat' dir='ltr'>saavus,</span> <span class='ocrx_word' id='word_1_348' title='bbox 2235 2524 2416 2580; x_wconf 88' lang='lat' dir='ltr'>quam</span> <span class='ocrx_word' id='word_1_349' title='bbox 2447 2506 2727 2564; x_wconf 87' lang='lat' dir='ltr'>terribilis</span> <span class='ocrx_word' id='word_1_350' title='bbox 2757 2525 2866 2564; x_wconf 86' lang='lat' dir='ltr'>sua</span> <span class='ocrx_word' id='word_1_351' title='bbox 2895 2509 2954 2570; x_wconf 89' lang='lat' dir='ltr'>in</span> <span class='ocrx_word' id='word_1_352' title='bbox 2987 2525 3094 2568; x_wconf 88' lang='lat' dir='ltr'>nos</span> <span class='ocrx_word' id='word_1_353' title='bbox 3132 2525 3310 2582; x_wconf 81' lang='lat' dir='ltr'>opera</span> <span class='ocrx_word' id='word_1_354' title='bbox 3346 2509 3652 2582; x_wconf 67' lang='lat' dir='ltr'>requiesse</span> 
     </span>
    </p>
   </div>
   <div class='ocr_carea' id='block_1_55' title="bbox 1998 2595 3651 2670">
    <p class='ocr_par' dir='ltr' id='par_1_55' title="bbox 1998 2595 3651 2670">
     <span class='ocr_line' id='line_1_55' title="bbox 1998 2595 3651 2670; baseline -0.001 -16"><span class='ocrx_word' id='word_1_355' title='bbox 1998 2599 2058 2654; x_wconf 92' lang='lat' dir='ltr'>in</span> <span class='ocrx_word' id='word_1_356' title='bbox 2089 2597 2183 2654; x_wconf 89' lang='lat' dir='ltr'>die</span> <span class='ocrx_word' id='word_1_357' title='bbox 2213 2597 2403 2652; x_wconf 83' lang='lat' dir='ltr'>exitus</span> <span class='ocrx_word' id='word_1_358' title='bbox 2434 2597 2616 2653; x_wconf 84' lang='lat' dir='ltr'>nostri</span> <span class='ocrx_word' id='word_1_359' title='bbox 2647 2595 2921 2670; x_wconf 86' lang='lat' dir='ltr'>princeps</span> <span class='ocrx_word' id='word_1_360' title='bbox 2953 2597 3134 2670; x_wconf 79' lang='lat' dir='ltr'>hujus</span> <span class='ocrx_word' id='word_1_361' title='bbox 3182 2598 3390 2660; x_wconf 85' lang='lat' dir='ltr'>mundi</span> <span class='ocrx_word' id='word_1_362' title='bbox 3437 2598 3651 2664; x_wconf 80' lang='lat' dir='ltr'>veniet,</span> 
     </span>
    </p>
   </div>
   <div class='ocr_carea' id='block_1_56' title="bbox 1999 2685 3652 2758">
    <p class='ocr_par' dir='ltr' id='par_1_56' title="bbox 1999 2685 3652 2758">
     <span class='ocr_line' id='line_1_56' title="bbox 1999 2685 3652 2758; baseline 0 -15"><span class='ocrx_word' id='word_1_363' title='bbox 1999 2689 2050 2746; x_wconf 90' lang='lat' dir='ltr'>si</span> <span class='ocrx_word' id='word_1_364' title='bbox 2079 2687 2255 2744; x_wconf 89' lang='lat' dir='ltr'>etiam</span> <span class='ocrx_word' id='word_1_365' title='bbox 2287 2686 2359 2742; x_wconf 90' lang='lat' dir='ltr'>ad</span> <span class='ocrx_word' id='word_1_366' title='bbox 2390 2685 2575 2741; x_wconf 90' lang='lat' dir='ltr'>Deum</span> <span class='ocrx_word' id='word_1_367' title='bbox 2606 2701 2780 2742; x_wconf 89' lang='lat' dir='ltr'>carne</span> <span class='ocrx_word' id='word_1_368' title='bbox 2810 2687 3158 2744; x_wconf 82' lang='lat' dir='ltr'>morientem</span> <span class='ocrx_word' id='word_1_369' title='bbox 3187 2686 3362 2758; x_wconf 85' lang='lat' dir='ltr'>venit,</span> <span class='ocrx_word' id='word_1_370' title='bbox 3383 2691 3442 2746; x_wconf 81' lang='lat' dir='ltr'>et</span> <span class='ocrx_word' id='word_1_371' title='bbox 3459 2685 3521 2748; x_wconf 74' lang='lat' dir='ltr'>in</span> <span class='ocrx_word' id='word_1_372' title='bbox 3549 2685 3652 2748; x_wconf 81' lang='lat' dir='ltr'>illo</span> 
     </span>
    </p>
   </div>
   <div class='ocr_carea' id='block_1_57' title="bbox 1999 2773 3650 2852">
    <p class='ocr_par' dir='ltr' id='par_1_57' title="bbox 1999 2773 3650 2852">
     <span class='ocr_line' id='line_1_57' title="bbox 1999 2773 3650 2852; baseline 0 -22"><span class='ocrx_word' id='word_1_373' title='bbox 1999 2775 2224 2852; x_wconf 85' lang='lat' dir='ltr'>aliquid</span> <span class='ocrx_word' id='word_1_374' title='bbox 2252 2774 2536 2847; x_wconf 75' lang='lat' dir='ltr'>quaesivit,</span> <span class='ocrx_word' id='word_1_375' title='bbox 2570 2773 2630 2828; x_wconf 90' lang='lat' dir='ltr'>in</span> <span class='ocrx_word' id='word_1_376' title='bbox 2662 2790 2776 2846; x_wconf 88' lang='lat' dir='ltr'>quo</span> <span class='ocrx_word' id='word_1_377' title='bbox 2809 2774 3069 2845; x_wconf 79' lang='lat' dir='ltr'>invenire</span> <span class='ocrx_word' id='word_1_378' title='bbox 3115 2774 3197 2830; x_wconf 92' lang='lat' dir='ltr'>nil</span> <span class='ocrx_word' id='word_1_379' title='bbox 3241 2775 3475 2847; x_wconf 82' lang='lat' dir='ltr'>potuit?</span> <span class='ocrx_word' id='word_1_380' title='bbox 3497 2773 3650 2840; x_wconf 77' lang='lat' dir='ltr'>Quid</span> 
     </span>
    </p>
   </div>
   <div class='ocr_carea' id='block_1_58' title="bbox 1998 2861 3654 2936">
    <p class='ocr_par' dir='ltr' id='par_1_58' title="bbox 1998 2861 3654 2936">
     <span class='ocr_line' id='line_1_58' title="bbox 1998 2861 3654 2936; baseline -0.001 -16"><span class='ocrx_word' id='word_1_381' title='bbox 1998 2865 2083 2922; x_wconf 90' lang='lat' dir='ltr'>ita</span> <span class='ocrx_word' id='word_1_382' title='bbox 2112 2881 2218 2920; x_wconf 90' lang='lat' dir='ltr'>nos</span> <span class='ocrx_word' id='word_1_383' title='bbox 2249 2863 2450 2919; x_wconf 89' lang='lat' dir='ltr'>miseri</span> <span class='ocrx_word' id='word_1_384' title='bbox 2481 2863 2717 2930; x_wconf 84' lang='lat' dir='ltr'>dicturi,</span> <span class='ocrx_word' id='word_1_385' title='bbox 2743 2863 2883 2936; x_wconf 90' lang='lat' dir='ltr'>quid</span> <span class='ocrx_word' id='word_1_386' title='bbox 2910 2863 3096 2919; x_wconf 87' lang='lat' dir='ltr'>acturi</span> <span class='ocrx_word' id='word_1_387' title='bbox 3129 2861 3465 2936; x_wconf 77' lang='lat' dir='ltr'>sumns,qui</span> <span class='ocrx_word' id='word_1_388' title='bbox 3483 2862 3654 2927; x_wconf 71' lang='lat' dir='ltr'>innu-</span> 
     </span>
    </p>
   </div>
   <div class='ocr_carea' id='block_1_59' title="bbox 2001 2949 3652 3024">
    <p class='ocr_par' dir='ltr' id='par_1_59' title="bbox 2001 2949 3652 3024">
     <span class='ocr_line' id='line_1_59' title="bbox 2001 2949 3652 3024; baseline -0.001 -11"><span class='ocrx_word' id='word_1_389' title='bbox 2001 2969 2164 3013; x_wconf 86' lang='lat' dir='ltr'>mera</span> <span class='ocrx_word' id='word_1_390' title='bbox 2193 2951 2348 3008; x_wconf 89' lang='lat' dir='ltr'>mala</span> <span class='ocrx_word' id='word_1_391' title='bbox 2369 2950 2975 3020; x_wconf 87' lang='lat' dir='ltr'>commisimus?Quid</span> <span class='ocrx_word' id='word_1_392' title='bbox 2990 2950 3310 3024; x_wconf 83' lang='lat' dir='ltr'>requirenti</span> <span class='ocrx_word' id='word_1_393' title='bbox 3322 2949 3652 3014; x_wconf 80' lang='lat' dir='ltr'>adversario</span> 
     </span>
    </p>
   </div>
   <div class='ocr_carea' id='block_1_60' title="bbox 2001 3038 3648 3108">
    <p class='ocr_par' dir='ltr' id='par_1_60' title="bbox 2001 3038 3648 3108">
     <span class='ocr_line' id='line_1_60' title="bbox 2001 3038 3648 3108; baseline 0.001 -9"><span class='ocrx_word' id='word_1_394' title='bbox 2001 3045 2059 3100; x_wconf 88' lang='lat' dir='ltr'>et</span> <span class='ocrx_word' id='word_1_395' title='bbox 2079 3040 2269 3096; x_wconf 90' lang='lat' dir='ltr'>multa</span> <span class='ocrx_word' id='word_1_396' title='bbox 2285 3058 2405 3096; x_wconf 65' lang='lat' dir='ltr'>suae</span> <span class='ocrx_word' id='word_1_397' title='bbox 2423 3040 2481 3096; x_wconf 91' lang='lat' dir='ltr'>in</span> <span class='ocrx_word' id='word_1_398' title='bbox 2500 3040 2670 3096; x_wconf 88' lang='lat' dir='ltr'>nobis</span> <span class='ocrx_word' id='word_1_399' title='bbox 2688 3039 3002 3096; x_wconf 84' lang='lat' dir='ltr'>invenienti</span> <span class='ocrx_word' id='word_1_400' title='bbox 3025 3039 3432 3108; x_wconf 85' lang='lat' dir='ltr'>dicemus,nisi</span> <span class='ocrx_word' id='word_1_401' title='bbox 3451 3038 3648 3102; x_wconf 79' lang='lat' dir='ltr'>solum</span> 
     </span>
    </p>
   </div>
   <div class='ocr_carea' id='block_1_61' title="bbox 2003 3129 3650 3204">
    <p class='ocr_par' dir='ltr' id='par_1_61' title="bbox 2003 3129 3650 3204">
     <span class='ocr_line' id='line_1_61' title="bbox 2003 3129 3650 3204; baseline 0.002 -18"><span class='ocrx_word' id='word_1_402' title='bbox 2003 3131 2156 3204; x_wconf 88' lang='lat' dir='ltr'>qu&#39;od</span> <span class='ocrx_word' id='word_1_403' title='bbox 2189 3131 2358 3186; x_wconf 92' lang='lat' dir='ltr'>nobis</span> <span class='ocrx_word' id='word_1_404' title='bbox 2387 3134 2474 3185; x_wconf 87' lang='lat' dir='ltr'>est</span> <span class='ocrx_word' id='word_1_405' title='bbox 2503 3133 2728 3185; x_wconf 87' lang='lat' dir='ltr'>certum</span> <span class='ocrx_word' id='word_1_406' title='bbox 2761 3129 3074 3202; x_wconf 81' lang='lat' dir='ltr'>refugium,</span> <span class='ocrx_word' id='word_1_407' title='bbox 3093 3129 3285 3194; x_wconf 75' lang='lat' dir='ltr'>solida</span> <span class='ocrx_word' id='word_1_408' title='bbox 3305 3145 3438 3202; x_wconf 79' lang='lat' dir='ltr'>spes</span> <span class='ocrx_word' id='word_1_409' title='bbox 3463 3145 3477 3189; x_wconf 75' lang='grc' dir='ltr'>ε</span> <span class='ocrx_word' id='word_1_410' title='bbox 3503 3145 3650 3201; x_wconf 72' lang='lat' dir='ltr'>quo-</span> 
     </span>
    </p>
   </div>
   <div class='ocr_carea' id='block_1_62' title="bbox 244 3215 3649 3293">
    <p class='ocr_par' dir='ltr' id='par_1_62' title="bbox 244 3215 3649 3293">
     <span class='ocr_line' id='line_1_62' title="bbox 244 3215 3649 3293; baseline 0.002 -21"><span class='ocrx_word' id='word_1_411' title='bbox 244 3215 405 3274; x_wconf 89' lang='lat' dir='ltr'>illius</span> <span class='ocrx_word' id='word_1_412' title='bbox 434 3216 776 3291; x_wconf 84' lang='lat' dir='ltr'>angelorum</span> <span class='ocrx_word' id='word_1_413' title='bbox 809 3217 1410 3292; x_wconf 84' lang='lat' dir='ltr'>archangelorumquc</span> <span class='ocrx_word' id='word_1_414' title='bbox 1449 3219 1676 3276; x_wconf 88' lang='lat' dir='ltr'>concilii</span> <span class='ocrx_word' id='word_1_415' title='bbox 1710 3225 1895 3276; x_wconf 90' lang='lat' dir='ltr'>terror</span> <span class='ocrx_word' id='word_1_416' title='bbox 1935 3289 1963 3293; x_wconf 29' lang='grc' dir='ltr'>Α,</span> <span class='ocrx_word' id='word_1_417' title='bbox 2001 3219 2161 3278; x_wconf 87' lang='lat' dir='ltr'>niam</span> <span class='ocrx_word' id='word_1_418' title='bbox 2191 3237 2226 3276; x_wconf 90' lang='lat' dir='ltr'>a</span> <span class='ocrx_word' id='word_1_419' title='bbox 2254 3219 2509 3293; x_wconf 86' lang='lat' dir='ltr'>peccatis</span> <span class='ocrx_word' id='word_1_420' title='bbox 2530 3235 2657 3292; x_wconf 65' lang='lat' dir='ltr'>quae</span> <span class='ocrx_word' id='word_1_421' title='bbox 2681 3224 2814 3292; x_wconf 85' lang='lat' dir='ltr'>post</span> <span class='ocrx_word' id='word_1_422' title='bbox 2834 3218 3195 3291; x_wconf 86' lang='lat' dir='ltr'>baptismum</span> <span class='ocrx_word' id='word_1_423' title='bbox 3215 3217 3649 3288; x_wconf 75' lang='lat' dir='ltr'>commisimus.</span> 
     </span>
    </p>
   </div>
   <div class='ocr_carea' id='block_1_63' title="bbox 247 3289 3656 3387">
    <p class='ocr_par' dir='ltr' id='par_1_63' title="bbox 247 3289 3656 3387">
     <span class='ocr_line' id='line_1_63' title="bbox 247 3289 3656 3387; baseline 0.001 -23"><span class='ocrx_word' id='word_1_424' title='bbox 247 3289 576 3380; x_wconf 73' lang='lat' dir='ltr'>adhibetur.</span> <span class='ocrx_word' id='word_1_425' title='bbox 599 3307 664 3380; x_wconf 70' lang='lat' dir='ltr'>in</span> <span class='ocrx_word' id='word_1_426' title='bbox 695 3307 794 3365; x_wconf 90' lang='lat' dir='ltr'>illo</span> <span class='ocrx_word' id='word_1_427' title='bbox 824 3289 1110 3366; x_wconf 69' lang='lat' dir='ltr'>conventu</span> <span class='ocrx_word' id='word_1_428' title='bbox 1135 3289 1537 3367; x_wconf 13' lang='lat' dir='ltr'>causaﬁnostra</span> <span class='ocrx_word' id='word_1_429' title='bbox 1557 3309 1890 3378; x_wconf 89' lang='lat' dir='ltr'>discutitur,</span> <span class='ocrx_word' id='word_1_430' title='bbox 1923 3289 1966 3358; x_wconf 70' lang='grc' dir='ltr'>Ο</span> <span class='ocrx_word' id='word_1_431' title='bbox 2003 3289 2279 3383; x_wconf 77' lang='lat' dir='ltr'>lacrymis</span> <span class='ocrx_word' id='word_1_432' title='bbox 2295 3307 2479 3365; x_wconf 88' lang='lat' dir='ltr'>abluti</span> <span class='ocrx_word' id='word_1_433' title='bbox 2498 3289 2602 3381; x_wconf 78' lang='lat' dir='ltr'>per</span> <span class='ocrx_word' id='word_1_434' title='bbox 2619 3289 3050 3372; x_wconf 73' lang='lat' dir='ltr'>confessionem</span> <span class='ocrx_word' id='word_1_435' title='bbox 3065 3312 3123 3365; x_wconf 89' lang='lat' dir='ltr'>et</span> <span class='ocrx_word' id='word_1_436' title='bbox 3141 3308 3352 3382; x_wconf 85' lang='lat' dir='ltr'>dignos</span> <span class='ocrx_word' id='word_1_437' title='bbox 3374 3307 3656 3387; x_wconf 68' lang='lat' dir='ltr'>paenitet:-</span> 
     </span>
    </p>
   </div>
   <div class='ocr_carea' id='block_1_64' title="bbox 245 3397 1892 3470">
    <p class='ocr_par' dir='ltr' id='par_1_64' title="bbox 245 3397 1892 3470">
     <span class='ocr_line' id='line_1_64' title="bbox 245 3397 1892 3470; baseline 0.001 -16"><span class='ocrx_word' id='word_1_438' title='bbox 245 3399 302 3454; x_wconf 89' lang='lat' dir='ltr'>et</span> <span class='ocrx_word' id='word_1_439' title='bbox 331 3401 526 3453; x_wconf 82' lang='lat' dir='ltr'>tamen</span> <span class='ocrx_word' id='word_1_440' title='bbox 559 3413 664 3455; x_wconf 89' lang='lat' dir='ltr'>nos</span> <span class='ocrx_word' id='word_1_441' title='bbox 697 3400 1011 3470; x_wconf 85' lang='lat' dir='ltr'>patronum</span> <span class='ocrx_word' id='word_1_442' title='bbox 1043 3397 1216 3453; x_wconf 90' lang='lat' dir='ltr'>modo</span> <span class='ocrx_word' id='word_1_443' title='bbox 1249 3414 1424 3470; x_wconf 88' lang='lat' dir='ltr'>quem</span> <span class='ocrx_word' id='word_1_444' title='bbox 1457 3403 1666 3470; x_wconf 70' lang='lat' dir='ltr'>praesto</span> <span class='ocrx_word' id='word_1_445' title='bbox 1709 3399 1892 3455; x_wconf 89' lang='lat' dir='ltr'>habe-</span> 
     </span>
    </p>
   </div>
   <div class='ocr_carea' id='block_1_65' title="bbox 244 3485 1894 3559">
    <p class='ocr_par' dir='ltr' id='par_1_65' title="bbox 244 3485 1894 3559">
     <span class='ocr_line' id='line_1_65' title="bbox 244 3485 1894 3559; baseline 0.001 -17"><span class='ocrx_word' id='word_1_446' title='bbox 244 3502 523 3556; x_wconf 91' lang='lat' dir='ltr'>mus,non</span> <span class='ocrx_word' id='word_1_447' title='bbox 556 3485 895 3559; x_wconf 61' lang='lat' dir='ltr'>quaerimus,</span> <span class='ocrx_word' id='word_1_448' title='bbox 916 3503 1090 3559; x_wconf 91' lang='lat' dir='ltr'>quem</span> <span class='ocrx_word' id='word_1_449' title='bbox 1121 3489 1260 3542; x_wconf 91' lang='lat' dir='ltr'>tunc</span> <span class='ocrx_word' id='word_1_450' title='bbox 1291 3488 1654 3544; x_wconf 79' lang='lat' dir='ltr'>defensorem</span> <span class='ocrx_word' id='word_1_451' title='bbox 1681 3487 1894 3544; x_wconf 87' lang='lat' dir='ltr'>habea-</span> 
     </span>
    </p>
   </div>
   <div class='ocr_carea' id='block_1_66' title="bbox 245 3575 1894 3651">
    <p class='ocr_par' dir='ltr' id='par_1_66' title="bbox 245 3575 1894 3651">
     <span class='ocr_line' id='line_1_66' title="bbox 245 3575 1894 3651; baseline -0.001 -19"><span class='ocrx_word' id='word_1_452' title='bbox 245 3591 399 3632; x_wconf 89' lang='lat' dir='ltr'>mus.</span> <span class='ocrx_word' id='word_1_453' title='bbox 421 3575 602 3632; x_wconf 85' lang='lat' dir='ltr'>Adest</span> <span class='ocrx_word' id='word_1_454' title='bbox 624 3576 898 3632; x_wconf 81' lang='lat' dir='ltr'>dei’ensor</span> <span class='ocrx_word' id='word_1_455' title='bbox 926 3580 1125 3632; x_wconf 90' lang='lat' dir='ltr'>noster</span> <span class='ocrx_word' id='word_1_456' title='bbox 1146 3576 1352 3632; x_wconf 88' lang='lat' dir='ltr'>beatus</span> <span class='ocrx_word' id='word_1_457' title='bbox 1375 3575 1894 3651; x_wconf 83' lang='lat' dir='ltr'>Remigius,rogari</span> 
     </span>
    </p>
   </div>
   <div class='ocr_carea' id='block_1_67' title="bbox 243 3663 1892 3738">
    <p class='ocr_par' dir='ltr' id='par_1_67' title="bbox 243 3663 1892 3738">
     <span class='ocr_line' id='line_1_67' title="bbox 243 3663 1892 3738; baseline 0.001 -18"><span class='ocrx_word' id='word_1_458' title='bbox 243 3663 373 3720; x_wconf 91' lang='lat' dir='ltr'>vult</span> <span class='ocrx_word' id='word_1_459' title='bbox 425 3669 617 3738; x_wconf 90' lang='lat' dir='ltr'>atque,</span> <span class='ocrx_word' id='word_1_460' title='bbox 658 3669 723 3720; x_wconf 93' lang='lat' dir='ltr'>ut</span> <span class='ocrx_word' id='word_1_461' title='bbox 769 3665 853 3721; x_wconf 91' lang='lat' dir='ltr'>ita</span> <span class='ocrx_word' id='word_1_462' title='bbox 909 3664 1178 3732; x_wconf 82' lang='lat' dir='ltr'>dixerim,</span> <span class='ocrx_word' id='word_1_463' title='bbox 1210 3665 1419 3738; x_wconf 66' lang='lat' dir='ltr'>quaerit</span> <span class='ocrx_word' id='word_1_464' title='bbox 1464 3671 1529 3722; x_wconf 94' lang='lat' dir='ltr'>ut</span> <span class='ocrx_word' id='word_1_465' title='bbox 1578 3670 1892 3738; x_wconf 61' lang='lat' dir='ltr'>quieratur.</span> 
     </span>
    </p>
   </div>
   <div class='ocr_carea' id='block_1_68' title="bbox 247 3754 1898 3830">
    <p class='ocr_par' dir='ltr' id='par_1_68' title="bbox 247 3754 1898 3830">
     <span class='ocr_line' id='line_1_68' title="bbox 247 3754 1898 3830; baseline -0.003 -15"><span class='ocrx_word' id='word_1_466' title='bbox 247 3754 415 3824; x_wconf 82' lang='lat' dir='ltr'>Hunc</span> <span class='ocrx_word' id='word_1_467' title='bbox 443 3771 578 3830; x_wconf 87' lang='lat' dir='ltr'>ergo</span> <span class='ocrx_word' id='word_1_468' title='bbox 598 3755 926 3828; x_wconf 86' lang='lat' dir='ltr'>adjutorem</span> <span class='ocrx_word' id='word_1_469' title='bbox 943 3759 1154 3811; x_wconf 67' lang='lat' dir='ltr'>nostra:</span> <span class='ocrx_word' id='word_1_470' title='bbox 1172 3755 1454 3812; x_wconf 89' lang='lat' dir='ltr'>orationis</span> <span class='ocrx_word' id='word_1_471' title='bbox 1471 3759 1898 3828; x_wconf 84' lang='lat' dir='ltr'>quaeramus,ut</span> 
     </span>
    </p>
   </div>
   <div class='ocr_carea' id='block_1_69' title="bbox 246 3844 1899 3918">
    <p class='ocr_par' dir='ltr' id='par_1_69' title="bbox 246 3844 1899 3918">
     <span class='ocr_line' id='line_1_69' title="bbox 246 3844 1899 3918; baseline 0.001 -19"><span class='ocrx_word' id='word_1_472' title='bbox 246 3848 390 3900; x_wconf 89' lang='lat' dir='ltr'>tunc</span> <span class='ocrx_word' id='word_1_473' title='bbox 421 3848 805 3918; x_wconf 88' lang='lat' dir='ltr'>protectorem</span> <span class='ocrx_word' id='word_1_474' title='bbox 854 3845 1040 3901; x_wconf 90' lang='lat' dir='ltr'>nostri</span> <span class='ocrx_word' id='word_1_475' title='bbox 1085 3849 1284 3902; x_wconf 86' lang='lat' dir='ltr'>reatus</span> <span class='ocrx_word' id='word_1_476' title='bbox 1330 3845 1716 3902; x_wconf 85' lang='lat' dir='ltr'>inveniamus.</span> <span class='ocrx_word' id='word_1_477' title='bbox 1751 3844 1899 3910; x_wconf 87' lang='lat' dir='ltr'>Quia</span> 
     </span>
    </p>
   </div>
   <div class='ocr_carea' id='block_1_70' title="bbox 251 3933 1898 4007">
    <p class='ocr_par' dir='ltr' id='par_1_70' title="bbox 251 3933 1898 4007">
     <span class='ocr_line' id='line_1_70' title="bbox 251 3933 1898 4007; baseline -0.001 -15"><span class='ocrx_word' id='word_1_478' title='bbox 251 3949 322 3992; x_wconf 86' lang='lat' dir='ltr'>nc</span> <span class='ocrx_word' id='word_1_479' title='bbox 369 3933 578 4005; x_wconf 89' lang='lat' dir='ltr'>punire</span> <span class='ocrx_word' id='word_1_480' title='bbox 627 3938 958 4006; x_wconf 87' lang='lat' dir='ltr'>peccatores</span> <span class='ocrx_word' id='word_1_481' title='bbox 1007 3934 1236 4003; x_wconf 87' lang='lat' dir='ltr'>debeat,</span> <span class='ocrx_word' id='word_1_482' title='bbox 1271 3934 1462 4007; x_wconf 87' lang='lat' dir='ltr'>rogari</span> <span class='ocrx_word' id='word_1_483' title='bbox 1511 3934 1654 4004; x_wconf 91' lang='lat' dir='ltr'>vult,</span> <span class='ocrx_word' id='word_1_484' title='bbox 1686 3939 1744 3991; x_wconf 89' lang='lat' dir='ltr'>et</span> <span class='ocrx_word' id='word_1_485' title='bbox 1773 3933 1898 4006; x_wconf 90' lang='lat' dir='ltr'>ipse</span> 
     </span>
    </p>
   </div>
   <div class='ocr_carea' id='block_1_71' title="bbox 249 4022 1899 4097">
    <p class='ocr_par' dir='ltr' id='par_1_71' title="bbox 249 4022 1899 4097">
     <span class='ocr_line' id='line_1_71' title="bbox 249 4022 1899 4097; baseline 0.002 -20"><span class='ocrx_word' id='word_1_486' title='bbox 249 4022 351 4095; x_wconf 92' lang='lat' dir='ltr'>qui</span> <span class='ocrx_word' id='word_1_487' title='bbox 374 4023 623 4094; x_wconf 78' lang='lat' dir='ltr'>judicat.</span> <span class='ocrx_word' id='word_1_488' title='bbox 657 4023 821 4080; x_wconf 88' lang='lat' dir='ltr'>Unde</span> <span class='ocrx_word' id='word_1_489' title='bbox 850 4027 908 4080; x_wconf 91' lang='lat' dir='ltr'>et</span> <span class='ocrx_word' id='word_1_490' title='bbox 936 4026 1056 4080; x_wconf 89' lang='lat' dir='ltr'>tam</span> <span class='ocrx_word' id='word_1_491' title='bbox 1087 4023 1260 4096; x_wconf 88' lang='lat' dir='ltr'>longe</span> <span class='ocrx_word' id='word_1_492' title='bbox 1293 4029 1552 4097; x_wconf 90' lang='lat' dir='ltr'>tempore</span> <span class='ocrx_word' id='word_1_493' title='bbox 1582 4024 1899 4080; x_wconf 86' lang='lat' dir='ltr'>commina-</span> 
     </span>
    </p>
   </div>
   <div class='ocr_carea' id='block_1_72' title="bbox 249 4111 1900 4186">
    <p class='ocr_par' dir='ltr' id='par_1_72' title="bbox 249 4111 1900 4186">
     <span class='ocr_line' id='line_1_72' title="bbox 249 4111 1900 4186; baseline 0 -17"><span class='ocrx_word' id='word_1_494' title='bbox 249 4117 350 4170; x_wconf 84' lang='lat' dir='ltr'>tur</span> <span class='ocrx_word' id='word_1_495' title='bbox 394 4111 564 4182; x_wconf 89' lang='lat' dir='ltr'>iram,</span> <span class='ocrx_word' id='word_1_496' title='bbox 611 4117 670 4170; x_wconf 90' lang='lat' dir='ltr'>et</span> <span class='ocrx_word' id='word_1_497' title='bbox 713 4117 908 4170; x_wconf 86' lang='lat' dir='ltr'>tamen</span> <span class='ocrx_word' id='word_1_498' title='bbox 955 4112 1411 4170; x_wconf 88' lang='lat' dir='ltr'>misericorditer</span> <span class='ocrx_word' id='word_1_499' title='bbox 1457 4118 1770 4186; x_wconf 82' lang='lat' dir='ltr'>exspectat.</span> <span class='ocrx_word' id='word_1_500' title='bbox 1805 4111 1900 4169; x_wconf 91' lang='lat' dir='ltr'>Sic</span> 
     </span>
    </p>
   </div>
   <div class='ocr_carea' id='block_1_73' title="bbox 251 4201 1900 4276">
    <p class='ocr_par' dir='ltr' id='par_1_73' title="bbox 251 4201 1900 4276">
     <span class='ocr_line' id='line_1_73' title="bbox 251 4201 1900 4276; baseline -0.002 -14"><span class='ocrx_word' id='word_1_501' title='bbox 251 4207 447 4267; x_wconf 79' lang='lat' dir='ltr'>autem</span> <span class='ocrx_word' id='word_1_502' title='bbox 476 4220 584 4259; x_wconf 91' lang='lat' dir='ltr'>nos</span> <span class='ocrx_word' id='word_1_503' title='bbox 615 4207 672 4258; x_wconf 87' lang='lat' dir='ltr'>et</span> <span class='ocrx_word' id='word_1_504' title='bbox 711 4201 1115 4260; x_wconf 86' lang='lat' dir='ltr'>misericordia</span> <span class='ocrx_word' id='word_1_505' title='bbox 1161 4204 1290 4276; x_wconf 87' lang='lat' dir='ltr'>ejus</span> <span class='ocrx_word' id='word_1_506' title='bbox 1336 4205 1608 4271; x_wconf 83' lang='lat' dir='ltr'>refoveat,</span> <span class='ocrx_word' id='word_1_507' title='bbox 1644 4209 1710 4260; x_wconf 93' lang='lat' dir='ltr'>ut</span> <span class='ocrx_word' id='word_1_508' title='bbox 1741 4202 1900 4260; x_wconf 89' lang='lat' dir='ltr'>nullo</span> 
     </span>
    </p>
   </div>
   <div class='ocr_carea' id='block_1_74' title="bbox 252 4289 1902 4366">
    <p class='ocr_par' dir='ltr' id='par_1_74' title="bbox 252 4289 1902 4366">
     <span class='ocr_line' id='line_1_74' title="bbox 252 4289 1902 4366; baseline -0.003 -16"><span class='ocrx_word' id='word_1_509' title='bbox 252 4291 426 4357; x_wconf 87' lang='lat' dir='ltr'>modo</span> <span class='ocrx_word' id='word_1_510' title='bbox 456 4289 818 4365; x_wconf 83' lang='lat' dir='ltr'>negligenter</span> <span class='ocrx_word' id='word_1_511' title='bbox 847 4291 1173 4350; x_wconf 88' lang='lat' dir='ltr'>reddat.Sic</span> <span class='ocrx_word' id='word_1_512' title='bbox 1195 4297 1432 4366; x_wconf 88' lang='lat' dir='ltr'>peccata</span> <span class='ocrx_word' id='word_1_513' title='bbox 1453 4297 1654 4349; x_wconf 90' lang='lat' dir='ltr'>nostra</span> <span class='ocrx_word' id='word_1_514' title='bbox 1674 4296 1902 4364; x_wconf 86' lang='lat' dir='ltr'>pertur-</span> 
     </span>
    </p>
   </div>
   <div class='ocr_carea' id='block_1_75' title="bbox 251 4378 1905 4453">
    <p class='ocr_par' dir='ltr' id='par_1_75' title="bbox 251 4378 1905 4453">
     <span class='ocr_line' id='line_1_75' title="bbox 251 4378 1905 4453; baseline 0 -17"><span class='ocrx_word' id='word_1_515' title='bbox 251 4380 410 4448; x_wconf 88' lang='lat' dir='ltr'>bent,</span> <span class='ocrx_word' id='word_1_516' title='bbox 443 4383 510 4436; x_wconf 92' lang='lat' dir='ltr'>ut</span> <span class='ocrx_word' id='word_1_517' title='bbox 537 4397 705 4438; x_wconf 89' lang='lat' dir='ltr'>mens</span> <span class='ocrx_word' id='word_1_518' title='bbox 737 4379 796 4436; x_wconf 90' lang='lat' dir='ltr'>in</span> <span class='ocrx_word' id='word_1_519' title='bbox 830 4380 1294 4453; x_wconf 89' lang='lat' dir='ltr'>desperationem</span> <span class='ocrx_word' id='word_1_520' title='bbox 1327 4397 1441 4437; x_wconf 90' lang='lat' dir='ltr'>non</span> <span class='ocrx_word' id='word_1_521' title='bbox 1476 4385 1732 4453; x_wconf 86' lang='lat' dir='ltr'>prernat.</span> <span class='ocrx_word' id='word_1_522' title='bbox 1759 4378 1905 4447; x_wconf 88' lang='lat' dir='ltr'>Quia</span> 
     </span>
    </p>
   </div>
   <div class='ocr_carea' id='block_1_76' title="bbox 249 4469 1902 4549">
    <p class='ocr_par' dir='ltr' id='par_1_76' title="bbox 249 4469 1902 4549">
     <span class='ocr_line' id='line_1_76' title="bbox 249 4469 1902 4549; baseline -0.001 -24"><span class='ocrx_word' id='word_1_523' title='bbox 249 4469 360 4534; x_wconf 82' lang='lat' dir='ltr'>etsi</span> <span class='ocrx_word' id='word_1_524' title='bbox 391 4471 812 4544; x_wconf 74' lang='lat' dir='ltr'>prtesumentes</span> <span class='ocrx_word' id='word_1_525' title='bbox 862 4469 1294 4549; x_wconf 32' lang='lat' dir='ltr'>metuimusnet</span> <span class='ocrx_word' id='word_1_526' title='bbox 1327 4475 1656 4526; x_wconf 87' lang='lat' dir='ltr'>metuentes</span> <span class='ocrx_word' id='word_1_527' title='bbox 1705 4486 1902 4542; x_wconf 89' lang='lat' dir='ltr'>spera-</span> 
     </span>
    </p>
   </div>
   <div class='ocr_carea' id='block_1_77' title="bbox 252 4557 1908 4632">
    <p class='ocr_par' dir='ltr' id='par_1_77' title="bbox 252 4557 1908 4632">
     <span class='ocr_line' id='line_1_77' title="bbox 252 4557 1908 4632; baseline 0 -16"><span class='ocrx_word' id='word_1_528' title='bbox 252 4563 695 4628; x_wconf 70' lang='lat' dir='ltr'>mus,teternum</span> <span class='ocrx_word' id='word_1_529' title='bbox 726 4575 974 4632; x_wconf 84' lang='lat' dir='ltr'>regnum</span> <span class='ocrx_word' id='word_1_530' title='bbox 1003 4557 1176 4616; x_wconf 90' lang='lat' dir='ltr'>citius</span> <span class='ocrx_word' id='word_1_531' title='bbox 1209 4558 1473 4632; x_wconf 86' lang='lat' dir='ltr'>adepturi</span> <span class='ocrx_word' id='word_1_532' title='bbox 1497 4557 1908 4627; x_wconf 79' lang='lat' dir='ltr'>sumus,istius</span> 
     </span>
    </p>
   </div>
   <div class='ocr_carea' id='block_1_78' title="bbox 2001 3397 3652 3470">
    <p class='ocr_par' dir='ltr' id='par_1_78' title="bbox 2001 3397 3652 3470">
     <span class='ocr_line' id='line_1_78' title="bbox 2001 3397 3652 3470; baseline 0.002 -15"><span class='ocrx_word' id='word_1_533' title='bbox 2001 3400 2094 3456; x_wconf 71' lang='lat' dir='ltr'>tiae</span> <span class='ocrx_word' id='word_1_534' title='bbox 2127 3401 2354 3454; x_wconf 82' lang='lat' dir='ltr'>fructus</span> <span class='ocrx_word' id='word_1_535' title='bbox 2383 3397 2597 3470; x_wconf 85' lang='lat' dir='ltr'>expiati</span> <span class='ocrx_word' id='word_1_536' title='bbox 2617 3401 2675 3454; x_wconf 88' lang='lat' dir='ltr'>et</span> <span class='ocrx_word' id='word_1_537' title='bbox 2695 3397 2922 3454; x_wconf 88' lang='lat' dir='ltr'>meritis</span> <span class='ocrx_word' id='word_1_538' title='bbox 2943 3414 3009 3464; x_wconf 82' lang='lat' dir='ltr'>ac</span> <span class='ocrx_word' id='word_1_539' title='bbox 3029 3397 3394 3462; x_wconf 84' lang='lat' dir='ltr'>orationibus</span> <span class='ocrx_word' id='word_1_540' title='bbox 3414 3400 3652 3460; x_wconf 70' lang='lat' dir='ltr'>sancto:-</span> 
     </span>
    </p>
   </div>
   <div class='ocr_carea' id='block_1_79' title="bbox 2003 3486 3658 3561">
    <p class='ocr_par' dir='ltr' id='par_1_79' title="bbox 2003 3486 3658 3561">
     <span class='ocr_line' id='line_1_79' title="bbox 2003 3486 3658 3561; baseline -0.001 -17"><span class='ocrx_word' id='word_1_541' title='bbox 2003 3505 2136 3544; x_wconf 86' lang='lat' dir='ltr'>rum</span> <span class='ocrx_word' id='word_1_542' title='bbox 2157 3487 2388 3544; x_wconf 90' lang='lat' dir='ltr'>Christo</span> <span class='ocrx_word' id='word_1_543' title='bbox 2409 3486 2763 3546; x_wconf 89' lang='lat' dir='ltr'>reconciliati</span> <span class='ocrx_word' id='word_1_544' title='bbox 2787 3491 2960 3558; x_wconf 87' lang='lat' dir='ltr'>atque</span> <span class='ocrx_word' id='word_1_545' title='bbox 2987 3503 3092 3560; x_wconf 88' lang='lat' dir='ltr'>per</span> <span class='ocrx_word' id='word_1_546' title='bbox 3113 3486 3511 3561; x_wconf 75' lang='lat' dir='ltr'>acceptionem</span> <span class='ocrx_word' id='word_1_547' title='bbox 3537 3502 3658 3546; x_wconf 81' lang='lat' dir='ltr'>eor-</span> 
     </span>
    </p>
   </div>
   <div class='ocr_carea' id='block_1_80' title="bbox 2003 3576 3655 3652">
    <p class='ocr_par' dir='ltr' id='par_1_80' title="bbox 2003 3576 3655 3652">
     <span class='ocr_line' id='line_1_80' title="bbox 2003 3576 3655 3652; baseline 0.002 -19"><span class='ocrx_word' id='word_1_548' title='bbox 2003 3577 2161 3652; x_wconf 90' lang='lat' dir='ltr'>poris</span> <span class='ocrx_word' id='word_1_549' title='bbox 2191 3581 2250 3633; x_wconf 92' lang='lat' dir='ltr'>et</span> <span class='ocrx_word' id='word_1_550' title='bbox 2280 3576 2589 3649; x_wconf 85' lang='lat' dir='ltr'>sanguinis</span> <span class='ocrx_word' id='word_1_551' title='bbox 2619 3577 2769 3648; x_wconf 87' lang='lat' dir='ltr'>ejus,</span> <span class='ocrx_word' id='word_1_552' title='bbox 2801 3577 2861 3632; x_wconf 91' lang='lat' dir='ltr'>in</span> <span class='ocrx_word' id='word_1_553' title='bbox 2895 3577 3008 3634; x_wconf 81' lang='lat' dir='ltr'>fide</span> <span class='ocrx_word' id='word_1_554' title='bbox 3038 3581 3192 3636; x_wconf 86' lang='lat' dir='ltr'>recte</span> <span class='ocrx_word' id='word_1_555' title='bbox 3221 3579 3655 3650; x_wconf 69' lang='lat' dir='ltr'>permanentes.</span> 
     </span>
    </p>
   </div>
   <div class='ocr_carea' id='block_1_81' title="bbox 2003 3664 3658 3738">
    <p class='ocr_par' dir='ltr' id='par_1_81' title="bbox 2003 3664 3658 3738">
     <span class='ocr_line' id='line_1_81' title="bbox 2003 3664 3658 3738; baseline 0 -14"><span class='ocrx_word' id='word_1_556' title='bbox 2003 3685 2192 3724; x_wconf 90' lang='lat' dir='ltr'>unum</span> <span class='ocrx_word' id='word_1_557' title='bbox 2223 3683 2357 3722; x_wconf 90' lang='lat' dir='ltr'>cum</span> <span class='ocrx_word' id='word_1_558' title='bbox 2391 3665 2490 3722; x_wconf 92' lang='lat' dir='ltr'>illo</span> <span class='ocrx_word' id='word_1_559' title='bbox 2516 3665 2655 3722; x_wconf 86' lang='lat' dir='ltr'>facti</span> <span class='ocrx_word' id='word_1_560' title='bbox 2687 3683 2896 3724; x_wconf 87' lang='lat' dir='ltr'>sumus</span> <span class='ocrx_word' id='word_1_561' title='bbox 2927 3665 3039 3738; x_wconf 84' lang='lat' dir='ltr'>ipsi</span> <span class='ocrx_word' id='word_1_562' title='bbox 3072 3664 3518 3737; x_wconf 86' lang='lat' dir='ltr'>incerporati,in</span> <span class='ocrx_word' id='word_1_563' title='bbox 3541 3681 3658 3736; x_wconf 79' lang='lat' dir='ltr'>quo</span> 
     </span>
    </p>
   </div>
   <div class='ocr_carea' id='block_1_82' title="bbox 2003 3751 3658 3828">
    <p class='ocr_par' dir='ltr' id='par_1_82' title="bbox 2003 3751 3658 3828">
     <span class='ocr_line' id='line_1_82' title="bbox 2003 3751 3658 3828; baseline -0.002 -17"><span class='ocrx_word' id='word_1_564' title='bbox 2003 3756 2276 3828; x_wconf 89' lang='lat' dir='ltr'>princeps</span> <span class='ocrx_word' id='word_1_565' title='bbox 2307 3754 2488 3825; x_wconf 87' lang='lat' dir='ltr'>hujus</span> <span class='ocrx_word' id='word_1_566' title='bbox 2519 3753 2726 3810; x_wconf 88' lang='lat' dir='ltr'>mundi</span> <span class='ocrx_word' id='word_1_567' title='bbox 2756 3758 2814 3810; x_wconf 90' lang='lat' dir='ltr'>et</span> <span class='ocrx_word' id='word_1_568' title='bbox 2839 3771 3014 3810; x_wconf 88' lang='lat' dir='ltr'>suum</span> <span class='ocrx_word' id='word_1_569' title='bbox 3037 3753 3258 3825; x_wconf 89' lang='lat' dir='ltr'>aliquid</span> <span class='ocrx_word' id='word_1_570' title='bbox 3279 3751 3658 3824; x_wconf 72' lang='lat' dir='ltr'>requisivitet</span> 
     </span>
    </p>
   </div>
   <div class='ocr_carea' id='block_1_83' title="bbox 2005 3840 3658 3916">
    <p class='ocr_par' dir='ltr' id='par_1_83' title="bbox 2005 3840 3658 3916">
     <span class='ocr_line' id='line_1_83' title="bbox 2005 3840 3658 3916; baseline -0.001 -15"><span class='ocrx_word' id='word_1_571' title='bbox 2005 3845 2262 3902; x_wconf 90' lang='lat' dir='ltr'>invenire</span> <span class='ocrx_word' id='word_1_572' title='bbox 2294 3843 2537 3898; x_wconf 90' lang='lat' dir='ltr'>minime</span> <span class='ocrx_word' id='word_1_573' title='bbox 2567 3842 2797 3916; x_wconf 81' lang='lat' dir='ltr'>potuit?</span> <span class='ocrx_word' id='word_1_574' title='bbox 2827 3842 3113 3909; x_wconf 87' lang='lat' dir='ltr'>Quoniam</span> <span class='ocrx_word' id='word_1_575' title='bbox 3159 3840 3322 3900; x_wconf 87' lang='lat' dir='ltr'>solus</span> <span class='ocrx_word' id='word_1_576' title='bbox 3369 3845 3460 3904; x_wconf 82' lang='lat' dir='ltr'>est</span> <span class='ocrx_word' id='word_1_577' title='bbox 3501 3841 3658 3903; x_wconf 56' lang='lat' dir='ltr'>inter</span> 
     </span>
    </p>
   </div>
   <div class='ocr_carea' id='block_1_84' title="bbox 2005 3932 3658 4004">
    <p class='ocr_par' dir='ltr' id='par_1_84' title="bbox 2005 3932 3658 4004">
     <span class='ocr_line' id='line_1_84' title="bbox 2005 3932 3658 4004; baseline -0.001 -14"><span class='ocrx_word' id='word_1_578' title='bbox 2005 3938 2270 3990; x_wconf 89' lang='lat' dir='ltr'>mortuos</span> <span class='ocrx_word' id='word_1_579' title='bbox 2317 3932 2466 3988; x_wconf 89' lang='lat' dir='ltr'>liber</span> <span class='ocrx_word' id='word_1_580' title='bbox 2502 3932 2674 4002; x_wconf 80' lang='lat' dir='ltr'>(Psal.</span> <span class='ocrx_word' id='word_1_581' title='bbox 2711 3935 2978 4001; x_wconf 79' lang='lat' dir='ltr'>Lxxxvu),</span> <span class='ocrx_word' id='word_1_582' title='bbox 3011 3948 3045 3986; x_wconf 90' lang='lat' dir='ltr'>a</span> <span class='ocrx_word' id='word_1_583' title='bbox 3075 3946 3190 4004; x_wconf 90' lang='lat' dir='ltr'>quo</span> <span class='ocrx_word' id='word_1_584' title='bbox 3236 3946 3344 3990; x_wconf 84' lang='lat' dir='ltr'>nos</span> <span class='ocrx_word' id='word_1_585' title='bbox 3373 3934 3431 3992; x_wconf 66' lang='lat' dir='ltr'>et</span> <span class='ocrx_word' id='word_1_586' title='bbox 3459 3945 3494 3988; x_wconf 76' lang='grc' dir='ltr'>ο.</span> <span class='ocrx_word' id='word_1_587' title='bbox 3521 3945 3658 4002; x_wconf 76' lang='lat' dir='ltr'>pec-</span> 
     </span>
    </p>
   </div>
   <div class='ocr_carea' id='block_1_85' title="bbox 2006 4017 3658 4098">
    <p class='ocr_par' dir='ltr' id='par_1_85' title="bbox 2006 4017 3658 4098">
     <span class='ocr_line' id='line_1_85' title="bbox 2006 4017 3658 4098; baseline -0.003 -17"><span class='ocrx_word' id='word_1_588' title='bbox 2006 4023 2120 4081; x_wconf 87' lang='lat' dir='ltr'>cati</span> <span class='ocrx_word' id='word_1_589' title='bbox 2141 4023 2270 4095; x_wconf 88' lang='lat' dir='ltr'>jam</span> <span class='ocrx_word' id='word_1_590' title='bbox 2301 4021 2538 4079; x_wconf 90' lang='lat' dir='ltr'>servitio</span> <span class='ocrx_word' id='word_1_591' title='bbox 2566 4021 2754 4078; x_wconf 88' lang='lat' dir='ltr'>veraci</span> <span class='ocrx_word' id='word_1_592' title='bbox 2791 4021 3060 4078; x_wconf 85' lang='lat' dir='ltr'>libertate</span> <span class='ocrx_word' id='word_1_593' title='bbox 3104 4018 3406 4088; x_wconf 85' lang='lat' dir='ltr'>solvimur,</span> <span class='ocrx_word' id='word_1_594' title='bbox 3438 4018 3580 4098; x_wconf 77' lang='lat' dir='ltr'>quia</span> <span class='ocrx_word' id='word_1_595' title='bbox 3603 4017 3658 4089; x_wconf 59' lang='lat' dir='ltr'><strong>q’</strong></span> 
     </span>
    </p>
   </div>
   <div class='ocr_carea' id='block_1_86' title="bbox 2007 4107 3658 4186">
    <p class='ocr_par' dir='ltr' id='par_1_86' title="bbox 2007 4107 3658 4186">
     <span class='ocr_line' id='line_1_86' title="bbox 2007 4107 3658 4186; baseline 0 -18"><span class='ocrx_word' id='word_1_596' title='bbox 2007 4113 2109 4186; x_wconf 90' lang='lat' dir='ltr'>qui</span> <span class='ocrx_word' id='word_1_597' title='bbox 2135 4129 2266 4168; x_wconf 78' lang='lat' dir='ltr'>vere</span> <span class='ocrx_word' id='word_1_598' title='bbox 2295 4111 2443 4167; x_wconf 91' lang='lat' dir='ltr'>liber</span> <span class='ocrx_word' id='word_1_599' title='bbox 2471 4115 2580 4177; x_wconf 89' lang='lat' dir='ltr'>est,</span> <span class='ocrx_word' id='word_1_600' title='bbox 2613 4127 2716 4183; x_wconf 91' lang='lat' dir='ltr'>per</span> <span class='ocrx_word' id='word_1_601' title='bbox 2742 4110 3004 4183; x_wconf 89' lang='lat' dir='ltr'>corporis</span> <span class='ocrx_word' id='word_1_602' title='bbox 3032 4114 3090 4167; x_wconf 88' lang='lat' dir='ltr'>et</span> <span class='ocrx_word' id='word_1_603' title='bbox 3131 4107 3438 4182; x_wconf 76' lang='lat' dir='ltr'>sanguinis</span> <span class='ocrx_word' id='word_1_604' title='bbox 3482 4108 3658 4180; x_wconf 62' lang='lat' dir='ltr'>cuius</span> 
     </span>
    </p>
   </div>
   <div class='ocr_carea' id='block_1_87' title="bbox 2009 4199 3658 4275">
    <p class='ocr_par' dir='ltr' id='par_1_87' title="bbox 2009 4199 3658 4275">
     <span class='ocr_line' id='line_1_87' title="bbox 2009 4199 3658 4275; baseline -0.002 -15"><span class='ocrx_word' id='word_1_605' title='bbox 2009 4200 2406 4275; x_wconf 85' lang='lat' dir='ltr'>acceptionem</span> <span class='ocrx_word' id='word_1_606' title='bbox 2437 4200 2697 4256; x_wconf 89' lang='lat' dir='ltr'>unimur.</span> <span class='ocrx_word' id='word_1_607' title='bbox 2722 4200 2887 4256; x_wconf 87' lang='lat' dir='ltr'>Sicut</span> <span class='ocrx_word' id='word_1_608' title='bbox 2914 4199 3072 4260; x_wconf 83' lang='lat' dir='ltr'>enim</span> <span class='ocrx_word' id='word_1_609' title='bbox 3101 4215 3234 4256; x_wconf 88' lang='lat' dir='ltr'>vere</span> <span class='ocrx_word' id='word_1_610' title='bbox 3263 4211 3500 4258; x_wconf 79' lang='lat' dir='ltr'>carnem</span> <span class='ocrx_word' id='word_1_611' title='bbox 3527 4213 3658 4257; x_wconf 66' lang='grc' dir='ltr'>θοι·-</span> 
     </span>
    </p>
   </div>
   <div class='ocr_carea' id='block_1_88' title="bbox 2009 4285 3661 4364">
    <p class='ocr_par' dir='ltr' id='par_1_88' title="bbox 2009 4285 3661 4364">
     <span class='ocr_line' id='line_1_88' title="bbox 2009 4285 3661 4364; baseline -0.002 -16"><span class='ocrx_word' id='word_1_612' title='bbox 2009 4291 2170 4364; x_wconf 88' lang='lat' dir='ltr'>poris</span> <span class='ocrx_word' id='word_1_613' title='bbox 2200 4289 2384 4346; x_wconf 90' lang='lat' dir='ltr'>nostri</span> <span class='ocrx_word' id='word_1_614' title='bbox 2413 4288 2684 4346; x_wconf 86' lang='lat' dir='ltr'>Chrlstus</span> <span class='ocrx_word' id='word_1_615' title='bbox 2719 4289 3063 4361; x_wconf 83' lang='lat' dir='ltr'>assumpsit,</span> <span class='ocrx_word' id='word_1_616' title='bbox 3097 4293 3160 4350; x_wconf 85' lang='lat' dir='ltr'>et</span> <span class='ocrx_word' id='word_1_617' title='bbox 3181 4304 3316 4347; x_wconf 88' lang='lat' dir='ltr'>vere</span> <span class='ocrx_word' id='word_1_618' title='bbox 3357 4287 3534 4348; x_wconf 87' lang='lat' dir='ltr'>homo</span> <span class='ocrx_word' id='word_1_619' title='bbox 3561 4285 3661 4347; x_wconf 80' lang='lat' dir='ltr'>ills</span> 
     </span>
    </p>
   </div>
   <div class='ocr_carea' id='block_1_89' title="bbox 2011 4375 3660 4454">
    <p class='ocr_par' dir='ltr' id='par_1_89' title="bbox 2011 4375 3660 4454">
     <span class='ocr_line' id='line_1_89' title="bbox 2011 4375 3660 4454; baseline -0.001 -18"><span class='ocrx_word' id='word_1_620' title='bbox 2011 4381 2112 4454; x_wconf 90' lang='lat' dir='ltr'>qui</span> <span class='ocrx_word' id='word_1_621' title='bbox 2143 4397 2212 4436; x_wconf 82' lang='lat' dir='ltr'>ex</span> <span class='ocrx_word' id='word_1_622' title='bbox 2241 4379 2426 4436; x_wconf 86' lang='lat' dir='ltr'>Maria</span> <span class='ocrx_word' id='word_1_623' title='bbox 2445 4378 2681 4453; x_wconf 89' lang='lat' dir='ltr'>Virgine</span> <span class='ocrx_word' id='word_1_624' title='bbox 2702 4383 2877 4436; x_wconf 87' lang='lat' dir='ltr'>natus</span> <span class='ocrx_word' id='word_1_625' title='bbox 2897 4383 2988 4434; x_wconf 88' lang='lat' dir='ltr'>est</span> <span class='ocrx_word' id='word_1_626' title='bbox 3009 4377 3202 4446; x_wconf 84' lang='lat' dir='ltr'>Jesus,</span> <span class='ocrx_word' id='word_1_627' title='bbox 3218 4376 3320 4433; x_wconf 90' lang='lat' dir='ltr'>Dei</span> <span class='ocrx_word' id='word_1_628' title='bbox 3341 4375 3527 4444; x_wconf 72' lang='lat' dir='ltr'>Filius</span> <span class='ocrx_word' id='word_1_629' title='bbox 3546 4380 3660 4446; x_wconf 78' lang='lat' dir='ltr'>est.</span> 
     </span>
    </p>
   </div>
   <div class='ocr_carea' id='block_1_90' title="bbox 2012 4465 3660 4542">
    <p class='ocr_par' dir='ltr' id='par_1_90' title="bbox 2012 4465 3660 4542">
     <span class='ocr_line' id='line_1_90' title="bbox 2012 4465 3660 4542; baseline 0 -16"><span class='ocrx_word' id='word_1_630' title='bbox 2012 4487 2129 4526; x_wconf 89' lang='lat' dir='ltr'>non</span> <span class='ocrx_word' id='word_1_631' title='bbox 2155 4468 2654 4542; x_wconf 87' lang='lat' dir='ltr'>quemadmodum</span> <span class='ocrx_word' id='word_1_632' title='bbox 2685 4467 2785 4524; x_wconf 89' lang='lat' dir='ltr'>alii</span> <span class='ocrx_word' id='word_1_633' title='bbox 2817 4467 3088 4524; x_wconf 83' lang='lat' dir='ltr'>homines</span> <span class='ocrx_word' id='word_1_634' title='bbox 3117 4483 3222 4540; x_wconf 90' lang='lat' dir='ltr'>per</span> <span class='ocrx_word' id='word_1_635' title='bbox 3251 4465 3528 4540; x_wconf 78' lang='lat' dir='ltr'>gratiam,</span> <span class='ocrx_word' id='word_1_636' title='bbox 3557 4465 3660 4526; x_wconf 74' lang='lat' dir='ltr'>sed</span> 
     </span>
    </p>
   </div>
   <div class='ocr_carea' id='block_1_91' title="bbox 2013 4556 3662 4624">
    <p class='ocr_par' dir='ltr' id='par_1_91' title="bbox 2013 4556 3662 4624">
     <span class='ocr_line' id='line_1_91' title="bbox 2013 4556 3662 4624; baseline -0.001 -8"><span class='ocrx_word' id='word_1_637' title='bbox 2013 4564 2223 4616; x_wconf 86' lang='lat' dir='ltr'>natura</span> <span class='ocrx_word' id='word_1_638' title='bbox 2251 4558 2434 4615; x_wconf 87' lang='lat' dir='ltr'>Filius</span> <span class='ocrx_word' id='word_1_639' title='bbox 2456 4574 2524 4614; x_wconf 88' lang='lat' dir='ltr'>ex</span> <span class='ocrx_word' id='word_1_640' title='bbox 2545 4557 2877 4615; x_wconf 87' lang='lat' dir='ltr'>substantia</span> <span class='ocrx_word' id='word_1_641' title='bbox 2897 4556 3083 4614; x_wconf 88' lang='lat' dir='ltr'>Patris</span> <span class='ocrx_word' id='word_1_642' title='bbox 3109 4573 3120 4614; x_wconf 95' lang='lat'>:</span> <span class='ocrx_word' id='word_1_643' title='bbox 3141 4557 3224 4613; x_wconf 86' lang='lat' dir='ltr'>ita</span> <span class='ocrx_word' id='word_1_644' title='bbox 3241 4573 3380 4617; x_wconf 85' lang='lat' dir='ltr'>vera</span> <span class='ocrx_word' id='word_1_645' title='bbox 3395 4561 3486 4616; x_wconf 79' lang='lat' dir='ltr'>est</span> <span class='ocrx_word' id='word_1_646' title='bbox 3505 4572 3662 4624; x_wconf 79' lang='lat' dir='ltr'>eam,</span> 
     </span>
    </p>
   </div>
   <div class='ocr_carea' id='block_1_92' title="bbox 251 4646 3666 4733">
    <p class='ocr_par' dir='ltr' id='par_1_92' title="bbox 251 4646 3666 4733">
     <span class='ocr_line' id='line_1_92' title="bbox 251 4646 3666 4733; baseline -0.001 -29"><span class='ocrx_word' id='word_1_647' title='bbox 251 4647 438 4722; x_wconf 82' lang='lat' dir='ltr'>patris</span> <span class='ocrx_word' id='word_1_648' title='bbox 468 4647 524 4705; x_wconf 80' lang='lat' dir='ltr'>et</span> <span class='ocrx_word' id='word_1_649' title='bbox 557 4648 784 4720; x_wconf 89' lang='lat' dir='ltr'>patroni</span> <span class='ocrx_word' id='word_1_650' title='bbox 816 4647 1003 4721; x_wconf 86' lang='lat' dir='ltr'>nostri</span> <span class='ocrx_word' id='word_1_651' title='bbox 1026 4647 1252 4704; x_wconf 89' lang='lat' dir='ltr'>meritis</span> <span class='ocrx_word' id='word_1_652' title='bbox 1271 4653 1328 4704; x_wconf 90' lang='lat' dir='ltr'>et</span> <span class='ocrx_word' id='word_1_653' title='bbox 1348 4648 1462 4705; x_wconf 93' lang='lat' dir='ltr'>Deo</span> <span class='ocrx_word' id='word_1_654' title='bbox 1485 4647 1679 4722; x_wconf 88' lang='lat' dir='ltr'>dignis</span> <span class='ocrx_word' id='word_1_655' title='bbox 1701 4647 1908 4705; x_wconf 90' lang='lat' dir='ltr'>oratio-</span> <span class='ocrx_word' id='word_1_656' title='bbox 1940 4669 1986 4733; x_wconf 69' lang='grc' dir='ltr'>Β</span> <span class='ocrx_word' id='word_1_657' title='bbox 2017 4654 2075 4706; x_wconf 88' lang='lat' dir='ltr'>et</span> <span class='ocrx_word' id='word_1_658' title='bbox 2102 4666 2271 4704; x_wconf 88' lang='lat' dir='ltr'>verus</span> <span class='ocrx_word' id='word_1_659' title='bbox 2300 4652 2392 4704; x_wconf 89' lang='lat' dir='ltr'>est</span> <span class='ocrx_word' id='word_1_660' title='bbox 2421 4646 2663 4720; x_wconf 87' lang='lat' dir='ltr'>sanguis</span> <span class='ocrx_word' id='word_1_661' title='bbox 2693 4647 2842 4719; x_wconf 87' lang='lat' dir='ltr'>ejus,</span> <span class='ocrx_word' id='word_1_662' title='bbox 2865 4663 2991 4720; x_wconf 64' lang='lat' dir='ltr'>quae</span> <span class='ocrx_word' id='word_1_663' title='bbox 3010 4647 3082 4702; x_wconf 92' lang='lat' dir='ltr'>ad</span> <span class='ocrx_word' id='word_1_664' title='bbox 3105 4646 3586 4706; x_wconf 82' lang='lat' dir='ltr'>manducandum</span> <span class='ocrx_word' id='word_1_665' title='bbox 3605 4648 3666 4710; x_wconf 74' lang='lat' dir='ltr'>et</span> 
     </span>
    </p>
   </div>
   <div class='ocr_carea' id='block_1_93' title="bbox 253 4736 1904 4810">
    <p class='ocr_par' dir='ltr' id='par_1_93' title="bbox 253 4736 1904 4810">
     <span class='ocr_line' id='line_1_93' title="bbox 253 4736 1904 4810; baseline -0.001 -16"><span class='ocrx_word' id='word_1_666' title='bbox 253 4737 450 4803; x_wconf 83' lang='lat' dir='ltr'>nibus.</span> <span class='ocrx_word' id='word_1_667' title='bbox 491 4737 812 4796; x_wconf 84' lang='lat' dir='ltr'>Curramus</span> <span class='ocrx_word' id='word_1_668' title='bbox 862 4754 999 4810; x_wconf 90' lang='lat' dir='ltr'>ergo</span> <span class='ocrx_word' id='word_1_669' title='bbox 1045 4736 1428 4794; x_wconf 87' lang='lat' dir='ltr'>velocissimis</span> <span class='ocrx_word' id='word_1_670' title='bbox 1476 4737 1590 4794; x_wconf 82' lang='lat' dir='ltr'>ﬁde</span> <span class='ocrx_word' id='word_1_671' title='bbox 1637 4737 1904 4810; x_wconf 89' lang='lat' dir='ltr'>pedibus,</span> 
     </span>
    </p>
   </div>
   <div class='ocr_carea' id='block_1_94' title="bbox 254 4825 1906 4900">
    <p class='ocr_par' dir='ltr' id='par_1_94' title="bbox 254 4825 1906 4900">
     <span class='ocr_line' id='line_1_94' title="bbox 254 4825 1906 4900; baseline 0.001 -18"><span class='ocrx_word' id='word_1_672' title='bbox 254 4826 508 4899; x_wconf 77' lang='lat' dir='ltr'>extensis</span> <span class='ocrx_word' id='word_1_673' title='bbox 539 4827 826 4884; x_wconf 87' lang='lat' dir='ltr'>mentium</span> <span class='ocrx_word' id='word_1_674' title='bbox 857 4826 1154 4897; x_wconf 86' lang='lat' dir='ltr'>manibus,</span> <span class='ocrx_word' id='word_1_675' title='bbox 1178 4827 1250 4884; x_wconf 90' lang='lat' dir='ltr'>ad</span> <span class='ocrx_word' id='word_1_676' title='bbox 1282 4825 1698 4900; x_wconf 88' lang='lat' dir='ltr'>protectionem</span> <span class='ocrx_word' id='word_1_677' title='bbox 1728 4825 1906 4895; x_wconf 86' lang='lat' dir='ltr'>illius,</span> 
     </span>
    </p>
   </div>
   <div class='ocr_carea' id='block_1_95' title="bbox 255 4913 1908 4989">
    <p class='ocr_par' dir='ltr' id='par_1_95' title="bbox 255 4913 1908 4989">
     <span class='ocr_line' id='line_1_95' title="bbox 255 4913 1908 4989; baseline -0.001 -18"><span class='ocrx_word' id='word_1_678' title='bbox 255 4915 1002 4989; x_wconf 84' lang='lat' dir='ltr'>atqueadsacratissimum</span> <span class='ocrx_word' id='word_1_679' title='bbox 1023 4933 1236 4989; x_wconf 88' lang='lat' dir='ltr'>corpus</span> <span class='ocrx_word' id='word_1_680' title='bbox 1258 4933 1392 4972; x_wconf 90' lang='lat' dir='ltr'>cum</span> <span class='ocrx_word' id='word_1_681' title='bbox 1416 4915 1652 4971; x_wconf 85' lang='lat' dir='ltr'>ﬂetibus</span> <span class='ocrx_word' id='word_1_682' title='bbox 1673 4913 1908 4970; x_wconf 85' lang='lat' dir='ltr'>insista-</span> 
     </span>
    </p>
   </div>
   <div class='ocr_carea' id='block_1_96' title="bbox 257 5003 1909 5077">
    <p class='ocr_par' dir='ltr' id='par_1_96' title="bbox 257 5003 1909 5077">
     <span class='ocr_line' id='line_1_96' title="bbox 257 5003 1909 5077; baseline -0.002 -15"><span class='ocrx_word' id='word_1_683' title='bbox 257 5021 412 5062; x_wconf 90' lang='lat' dir='ltr'>mus.</span> <span class='ocrx_word' id='word_1_684' title='bbox 447 5005 770 5062; x_wconf 90' lang='lat' dir='ltr'>Promereri</span> <span class='ocrx_word' id='word_1_685' title='bbox 801 5022 909 5063; x_wconf 90' lang='lat' dir='ltr'>nos</span> <span class='ocrx_word' id='word_1_686' title='bbox 955 5005 1185 5063; x_wconf 89' lang='lat' dir='ltr'>veniam</span> <span class='ocrx_word' id='word_1_687' title='bbox 1236 5007 1365 5077; x_wconf 85' lang='lat' dir='ltr'>ejus</span> <span class='ocrx_word' id='word_1_688' title='bbox 1412 5003 1909 5060; x_wconf 86' lang='lat' dir='ltr'>intercedentibus</span> 
     </span>
    </p>
   </div>
   <div class='ocr_carea' id='block_1_97' title="bbox 255 5094 1909 5169">
    <p class='ocr_par' dir='ltr' id='par_1_97' title="bbox 255 5094 1909 5169">
     <span class='ocr_line' id='line_1_97' title="bbox 255 5094 1909 5169; baseline -0.001 -18"><span class='ocrx_word' id='word_1_689' title='bbox 255 5094 482 5161; x_wconf 83' lang='lat' dir='ltr'>meritis</span> <span class='ocrx_word' id='word_1_690' title='bbox 512 5096 987 5168; x_wconf 89' lang='lat' dir='ltr'>deprecemur,ut</span> <span class='ocrx_word' id='word_1_691' title='bbox 1008 5095 1149 5169; x_wconf 87' lang='lat' dir='ltr'>quia</span> <span class='ocrx_word' id='word_1_692' title='bbox 1176 5095 1393 5152; x_wconf 87' lang='lat' dir='ltr'>nostris</span> <span class='ocrx_word' id='word_1_693' title='bbox 1425 5111 1538 5150; x_wconf 91' lang='lat' dir='ltr'>non</span> <span class='ocrx_word' id='word_1_694' title='bbox 1570 5109 1909 5166; x_wconf 87' lang='lat' dir='ltr'>possumus,</span> 
     </span>
    </p>
   </div>
   <div class='ocr_carea' id='block_1_98' title="bbox 257 5183 1908 5262">
    <p class='ocr_par' dir='ltr' id='par_1_98' title="bbox 257 5183 1908 5262">
     <span class='ocr_line' id='line_1_98' title="bbox 257 5183 1908 5262; baseline -0.002 -21"><span class='ocrx_word' id='word_1_695' title='bbox 257 5186 388 5262; x_wconf 82' lang='lat' dir='ltr'>ejus</span> <span class='ocrx_word' id='word_1_696' title='bbox 419 5184 646 5242; x_wconf 90' lang='lat' dir='ltr'>meritis</span> <span class='ocrx_word' id='word_1_697' title='bbox 678 5185 833 5258; x_wconf 89' lang='lat' dir='ltr'>apud</span> <span class='ocrx_word' id='word_1_698' title='bbox 867 5185 1180 5242; x_wconf 89' lang='lat' dir='ltr'>Dominum</span> <span class='ocrx_word' id='word_1_699' title='bbox 1222 5185 1452 5242; x_wconf 88' lang='lat' dir='ltr'>veniam</span> <span class='ocrx_word' id='word_1_700' title='bbox 1506 5183 1908 5256; x_wconf 89' lang='lat' dir='ltr'>impetremus.</span> 
     </span>
    </p>
   </div>
   <div class='ocr_carea' id='block_1_99' title="bbox 257 5274 1911 5354">
    <p class='ocr_par' dir='ltr' id='par_1_99' title="bbox 257 5274 1911 5354">
     <span class='ocr_line' id='line_1_99' title="bbox 257 5274 1911 5354; baseline -0.002 -23"><span class='ocrx_word' id='word_1_701' title='bbox 257 5275 330 5354; x_wconf 66' lang='lat' dir='ltr'>Et</span> <span class='ocrx_word' id='word_1_702' title='bbox 359 5275 460 5348; x_wconf 91' lang='lat' dir='ltr'>qui</span> <span class='ocrx_word' id='word_1_703' title='bbox 488 5274 752 5334; x_wconf 88' lang='lat' dir='ltr'>velamen</span> <span class='ocrx_word' id='word_1_704' title='bbox 785 5275 1076 5334; x_wconf 90' lang='lat' dir='ltr'>bonorum</span> <span class='ocrx_word' id='word_1_705' title='bbox 1107 5289 1374 5348; x_wconf 88' lang='lat' dir='ltr'>operum,</span> <span class='ocrx_word' id='word_1_706' title='bbox 1403 5290 1519 5347; x_wconf 90' lang='lat' dir='ltr'>quo</span> <span class='ocrx_word' id='word_1_707' title='bbox 1550 5278 1789 5346; x_wconf 88' lang='lat' dir='ltr'>peccata</span> <span class='ocrx_word' id='word_1_708' title='bbox 1808 5289 1911 5328; x_wconf 90' lang='lat' dir='ltr'>no-</span> 
     </span>
    </p>
   </div>
   <div class='ocr_carea' id='block_1_100' title="bbox 260 5359 1914 5440">
    <p class='ocr_par' dir='ltr' id='par_1_100' title="bbox 260 5359 1914 5440">
     <span class='ocr_line' id='line_1_100' title="bbox 260 5359 1914 5440; baseline -0.003 -18"><span class='ocrx_word' id='word_1_709' title='bbox 260 5359 386 5440; x_wconf 73' lang='lat' dir='ltr'>stra</span> <span class='ocrx_word' id='word_1_710' title='bbox 415 5368 705 5439; x_wconf 77' lang='lat' dir='ltr'>tegemus,</span> <span class='ocrx_word' id='word_1_711' title='bbox 739 5381 856 5424; x_wconf 90' lang='lat' dir='ltr'>non</span> <span class='ocrx_word' id='word_1_712' title='bbox 886 5365 1194 5436; x_wconf 84' lang='lat' dir='ltr'>habemus,</span> <span class='ocrx_word' id='word_1_713' title='bbox 1226 5365 1354 5436; x_wconf 88' lang='lat' dir='ltr'>ejus</span> <span class='ocrx_word' id='word_1_714' title='bbox 1387 5363 1705 5430; x_wconf 87' lang='lat' dir='ltr'>meritis,et</span> <span class='ocrx_word' id='word_1_715' title='bbox 1732 5361 1914 5418; x_wconf 88' lang='lat' dir='ltr'>inter-</span> 
     </span>
    </p>
   </div>
   <div class='ocr_carea' id='block_1_101' title="bbox 260 5451 1916 5528">
    <p class='ocr_par' dir='ltr' id='par_1_101' title="bbox 260 5451 1916 5528">
     <span class='ocr_line' id='line_1_101' title="bbox 260 5451 1916 5528; baseline -0.002 -16"><span class='ocrx_word' id='word_1_716' title='bbox 260 5453 833 5528; x_wconf 74' lang='lat' dir='ltr'>cessionibus,puris</span> <span class='ocrx_word' id='word_1_717' title='bbox 863 5451 1330 5512; x_wconf 85' lang='lat' dir='ltr'>confessionibus</span> <span class='ocrx_word' id='word_1_718' title='bbox 1361 5452 1418 5510; x_wconf 88' lang='lat' dir='ltr'>et</span> <span class='ocrx_word' id='word_1_719' title='bbox 1447 5451 1702 5525; x_wconf 79' lang='lat' dir='ltr'>profusis</span> <span class='ocrx_word' id='word_1_720' title='bbox 1733 5452 1916 5524; x_wconf 79' lang='lat' dir='ltr'>lacry-</span> 
     </span>
    </p>
   </div>
   <div class='ocr_carea' id='block_1_102' title="bbox 263 5542 1914 5618">
    <p class='ocr_par' dir='ltr' id='par_1_102' title="bbox 263 5542 1914 5618">
     <span class='ocr_line' id='line_1_102' title="bbox 263 5542 1914 5618; baseline -0.002 -18"><span class='ocrx_word' id='word_1_721' title='bbox 263 5544 402 5614; x_wconf 85' lang='lat' dir='ltr'>mis,</span> <span class='ocrx_word' id='word_1_722' title='bbox 435 5548 569 5618; x_wconf 79' lang='lat' dir='ltr'>ante</span> <span class='ocrx_word' id='word_1_723' title='bbox 591 5545 720 5616; x_wconf 89' lang='lat' dir='ltr'>ejus</span> <span class='ocrx_word' id='word_1_724' title='bbox 749 5547 1015 5614; x_wconf 83' lang='lat' dir='ltr'>sanctam</span> <span class='ocrx_word' id='word_1_725' title='bbox 1046 5542 1392 5602; x_wconf 86' lang='lat' dir='ltr'>memoriam</span> <span class='ocrx_word' id='word_1_726' title='bbox 1425 5542 1792 5616; x_wconf 84' lang='lat' dir='ltr'>procidcutes</span> <span class='ocrx_word' id='word_1_727' title='bbox 1813 5557 1914 5598; x_wconf 84' lang='lat' dir='ltr'>no-</span> 
     </span>
    </p>
   </div>
   <div class='ocr_carea' id='block_1_103' title="bbox 261 5619 1919 5705">
    <p class='ocr_par' dir='ltr' id='par_1_103' title="bbox 261 5619 1919 5705">
     <span class='ocr_line' id='line_1_103' title="bbox 261 5619 1919 5705; baseline -0.001 -15"><span class='ocrx_word' id='word_1_728' title='bbox 261 5619 392 5696; x_wconf 73' lang='lat' dir='ltr'>atra</span> <span class='ocrx_word' id='word_1_729' title='bbox 417 5633 667 5692; x_wconf 87' lang='lat' dir='ltr'>crimina</span> <span class='ocrx_word' id='word_1_730' title='bbox 696 5632 1014 5704; x_wconf 81' lang='lat' dir='ltr'>diluamus,</span> <span class='ocrx_word' id='word_1_731' title='bbox 1029 5637 1087 5692; x_wconf 88' lang='lat' dir='ltr'>et</span> <span class='ocrx_word' id='word_1_732' title='bbox 1113 5632 1286 5691; x_wconf 92' lang='lat' dir='ltr'>honis</span> <span class='ocrx_word' id='word_1_733' title='bbox 1313 5631 1588 5705; x_wconf 87' lang='lat' dir='ltr'>operibus</span> <span class='ocrx_word' id='word_1_734' title='bbox 1620 5629 1919 5703; x_wconf 72' lang='lat' dir='ltr'>absterge-</span> 
     </span>
    </p>
   </div>
   <div class='ocr_carea' id='block_1_104' title="bbox 2017 4735 3662 4812">
    <p class='ocr_par' dir='ltr' id='par_1_104' title="bbox 2017 4735 3662 4812">
     <span class='ocr_line' id='line_1_104' title="bbox 2017 4735 3662 4812; baseline -0.002 -18"><span class='ocrx_word' id='word_1_735' title='bbox 2017 4737 2338 4812; x_wconf 90' lang='lat' dir='ltr'>potandum</span> <span class='ocrx_word' id='word_1_736' title='bbox 2368 4735 2430 4792; x_wconf 90' lang='lat' dir='ltr'>in</span> <span class='ocrx_word' id='word_1_737' title='bbox 2462 4736 2739 4810; x_wconf 83' lang='lat' dir='ltr'>mysterio</span> <span class='ocrx_word' id='word_1_738' title='bbox 2771 4735 3086 4805; x_wconf 86' lang='lat' dir='ltr'>sumimus,</span> <span class='ocrx_word' id='word_1_739' title='bbox 3120 4736 3274 4792; x_wconf 85' lang='lat' dir='ltr'>sicut</span> <span class='ocrx_word' id='word_1_740' title='bbox 3319 4735 3444 4808; x_wconf 84' lang='lat' dir='ltr'>ipse</span> <span class='ocrx_word' id='word_1_741' title='bbox 3483 4736 3662 4790; x_wconf 76' lang='lat' dir='ltr'>testa-</span> 
     </span>
    </p>
   </div>
   <div class='ocr_carea' id='block_1_105' title="bbox 2016 4819 3672 4900">
    <p class='ocr_par' dir='ltr' id='par_1_105' title="bbox 2016 4819 3672 4900">
     <span class='ocr_line' id='line_1_105' title="bbox 2016 4819 3672 4900; baseline -0.002 -18"><span class='ocrx_word' id='word_1_742' title='bbox 2016 4832 2134 4882; x_wconf 90' lang='lat' dir='ltr'>tur.</span> <span class='ocrx_word' id='word_1_743' title='bbox 2167 4827 2238 4882; x_wconf 88' lang='lat' dir='ltr'>Et</span> <span class='ocrx_word' id='word_1_744' title='bbox 2267 4843 2374 4884; x_wconf 92' lang='lat' dir='ltr'>nos</span> <span class='ocrx_word' id='word_1_745' title='bbox 2395 4826 2496 4900; x_wconf 89' lang='lat' dir='ltr'>qui</span> <span class='ocrx_word' id='word_1_746' title='bbox 2517 4843 2647 4882; x_wconf 91' lang='lat' dir='ltr'>vere</span> <span class='ocrx_word' id='word_1_747' title='bbox 2669 4825 2780 4882; x_wconf 88' lang='lat' dir='ltr'>sub</span> <span class='ocrx_word' id='word_1_748' title='bbox 2802 4825 3077 4900; x_wconf 85' lang='lat' dir='ltr'>mysterio</span> <span class='ocrx_word' id='word_1_749' title='bbox 3097 4841 3332 4882; x_wconf 86' lang='lat' dir='ltr'>carnem</span> <span class='ocrx_word' id='word_1_750' title='bbox 3355 4827 3412 4880; x_wconf 88' lang='lat' dir='ltr'>et</span> <span class='ocrx_word' id='word_1_751' title='bbox 3429 4819 3672 4894; x_wconf 65' lang='lat' dir='ltr'>sangui-r</span> 
     </span>
    </p>
   </div>
   <div class='ocr_carea' id='block_1_106' title="bbox 2017 4910 3664 4988">
    <p class='ocr_par' dir='ltr' id='par_1_106' title="bbox 2017 4910 3664 4988">
     <span class='ocr_line' id='line_1_106' title="bbox 2017 4910 3664 4988; baseline -0.004 -16"><span class='ocrx_word' id='word_1_752' title='bbox 2017 4933 2152 4972; x_wconf 90' lang='lat' dir='ltr'>nem</span> <span class='ocrx_word' id='word_1_753' title='bbox 2183 4915 2443 4988; x_wconf 90' lang='lat' dir='ltr'>corporis</span> <span class='ocrx_word' id='word_1_754' title='bbox 2469 4915 2560 4972; x_wconf 90' lang='lat' dir='ltr'>sui</span> <span class='ocrx_word' id='word_1_755' title='bbox 2585 4914 3010 4988; x_wconf 88' lang='lat' dir='ltr'>sumimus,per</span> <span class='ocrx_word' id='word_1_756' title='bbox 3027 4931 3096 4970; x_wconf 90' lang='lat' dir='ltr'>ea</span> <span class='ocrx_word' id='word_1_757' title='bbox 3115 4910 3457 4984; x_wconf 81' lang='lat' dir='ltr'>natura-liter</span> <span class='ocrx_word' id='word_1_758' title='bbox 3476 4925 3664 4967; x_wconf 82' lang='lat' dir='ltr'>unum</span> 
     </span>
    </p>
   </div>
   <div class='ocr_carea' id='block_1_107' title="bbox 2018 5004 3669 5077">
    <p class='ocr_par' dir='ltr' id='par_1_107' title="bbox 2018 5004 3669 5077">
     <span class='ocr_line' id='line_1_107' title="bbox 2018 5004 3669 5077; baseline -0.004 -15"><span class='ocrx_word' id='word_1_759' title='bbox 2018 5023 2153 5062; x_wconf 91' lang='lat' dir='ltr'>cum</span> <span class='ocrx_word' id='word_1_760' title='bbox 2180 5004 2280 5062; x_wconf 93' lang='lat' dir='ltr'>illo</span> <span class='ocrx_word' id='word_1_761' title='bbox 2305 5005 2615 5062; x_wconf 79' lang='lat' dir='ltr'>efﬁcimur.</span> <span class='ocrx_word' id='word_1_762' title='bbox 2658 5008 2718 5061; x_wconf 91' lang='lat' dir='ltr'>In</span> <span class='ocrx_word' id='word_1_763' title='bbox 2752 5005 2969 5077; x_wconf 87' lang='lat' dir='ltr'>quibus</span> <span class='ocrx_word' id='word_1_764' title='bbox 2999 5007 3198 5060; x_wconf 88' lang='lat' dir='ltr'>manet</span> <span class='ocrx_word' id='word_1_765' title='bbox 3217 5004 3349 5074; x_wconf 87' lang='lat' dir='ltr'>post</span> <span class='ocrx_word' id='word_1_766' title='bbox 3367 5015 3669 5057; x_wconf 82' lang='lat' dir='ltr'>consecra-</span> 
     </span>
    </p>
   </div>
   <div class='ocr_carea' id='block_1_108' title="bbox 2017 5089 3668 5167">
    <p class='ocr_par' dir='ltr' id='par_1_108' title="bbox 2017 5089 3668 5167">
     <span class='ocr_line' id='line_1_108' title="bbox 2017 5089 3668 5167; baseline -0.004 -16"><span class='ocrx_word' id='word_1_767' title='bbox 2017 5095 2235 5151; x_wconf 89' lang='lat' dir='ltr'>tionem</span> <span class='ocrx_word' id='word_1_768' title='bbox 2268 5094 2594 5152; x_wconf 84' lang='lat' dir='ltr'>similitudo</span> <span class='ocrx_word' id='word_1_769' title='bbox 2615 5095 2785 5167; x_wconf 89' lang='lat' dir='ltr'>panis</span> <span class='ocrx_word' id='word_1_770' title='bbox 2801 5092 3088 5163; x_wconf 88' lang='lat' dir='ltr'>etvini,ne</span> <span class='ocrx_word' id='word_1_771' title='bbox 3100 5090 3342 5164; x_wconf 89' lang='lat' dir='ltr'>quidam</span> <span class='ocrx_word' id='word_1_772' title='bbox 3363 5091 3440 5146; x_wconf 89' lang='lat' dir='ltr'>sit</span> <span class='ocrx_word' id='word_1_773' title='bbox 3460 5089 3668 5146; x_wconf 81' lang='lat' dir='ltr'>horror</span> 
     </span>
    </p>
   </div>
   <div class='ocr_carea' id='block_1_109' title="bbox 2019 5178 3669 5255">
    <p class='ocr_par' dir='ltr' id='par_1_109' title="bbox 2019 5178 3669 5255">
     <span class='ocr_line' id='line_1_109' title="bbox 2019 5178 3669 5255; baseline -0.004 -14"><span class='ocrx_word' id='word_1_774' title='bbox 2019 5184 2263 5254; x_wconf 88' lang='lat' dir='ltr'>cruoris,</span> <span class='ocrx_word' id='word_1_775' title='bbox 2297 5185 2399 5240; x_wconf 91' lang='lat' dir='ltr'>sed</span> <span class='ocrx_word' id='word_1_776' title='bbox 2433 5187 2630 5240; x_wconf 90' lang='lat' dir='ltr'>manet</span> <span class='ocrx_word' id='word_1_777' title='bbox 2661 5184 2721 5239; x_wconf 92' lang='lat' dir='ltr'>in</span> <span class='ocrx_word' id='word_1_778' title='bbox 2752 5183 2836 5239; x_wconf 86' lang='lat' dir='ltr'>eis</span> <span class='ocrx_word' id='word_1_779' title='bbox 2875 5181 3066 5255; x_wconf 86' lang='lat' dir='ltr'>gratia</span> <span class='ocrx_word' id='word_1_780' title='bbox 3113 5178 3556 5252; x_wconf 86' lang='lat' dir='ltr'>redemptionis.</span> <span class='ocrx_word' id='word_1_781' title='bbox 3591 5178 3669 5235; x_wconf 84' lang='lat' dir='ltr'>De</span> 
     </span>
    </p>
   </div>
   <div class='ocr_carea' id='block_1_110' title="bbox 2021 5266 3667 5342">
    <p class='ocr_par' dir='ltr' id='par_1_110' title="bbox 2021 5266 3667 5342">
     <span class='ocr_line' id='line_1_110' title="bbox 2021 5266 3667 5342; baseline -0.005 -10"><span class='ocrx_word' id='word_1_782' title='bbox 2021 5273 2277 5332; x_wconf 90' lang='lat' dir='ltr'>naturali</span> <span class='ocrx_word' id='word_1_783' title='bbox 2306 5273 2464 5330; x_wconf 89' lang='lat' dir='ltr'>enim</span> <span class='ocrx_word' id='word_1_784' title='bbox 2495 5273 2554 5329; x_wconf 93' lang='lat' dir='ltr'>in</span> <span class='ocrx_word' id='word_1_785' title='bbox 2594 5272 2763 5328; x_wconf 91' lang='lat' dir='ltr'>nobis</span> <span class='ocrx_word' id='word_1_786' title='bbox 2808 5269 3024 5327; x_wconf 88' lang='lat' dir='ltr'>Christi</span> <span class='ocrx_word' id='word_1_787' title='bbox 3071 5269 3332 5336; x_wconf 87' lang='lat' dir='ltr'>veritate,</span> <span class='ocrx_word' id='word_1_788' title='bbox 3361 5267 3491 5342; x_wconf 84' lang='lat' dir='ltr'>ipse</span> <span class='ocrx_word' id='word_1_789' title='bbox 3537 5266 3620 5324; x_wconf 82' lang='lat' dir='ltr'>ait</span> <span class='ocrx_word' id='word_1_790' title='bbox 3651 5283 3667 5323; x_wconf 75' lang='grc' dir='ltr'><strong><em>ι</em></strong></span> 
     </span>
    </p>
   </div>
   <div class='ocr_carea' id='block_1_111' title="bbox 2025 5360 3670 5431">
    <p class='ocr_par' dir='ltr' id='par_1_111' title="bbox 2025 5360 3670 5431">
     <span class='ocr_line' id='line_1_111' title="bbox 2025 5360 3670 5431; baseline -0.004 -11"><span class='ocrx_word' id='word_1_791' title='bbox 2025 5363 2160 5420; x_wconf 81' lang='lat' dir='ltr'>Caro</span> <span class='ocrx_word' id='word_1_792' title='bbox 2185 5379 2307 5419; x_wconf 84' lang='lat' dir='ltr'>mea</span> <span class='ocrx_word' id='word_1_793' title='bbox 2336 5378 2460 5419; x_wconf 81' lang='lat' dir='ltr'>vere</span> <span class='ocrx_word' id='word_1_794' title='bbox 2483 5369 2563 5419; x_wconf 74' lang='lat' dir='ltr'>est</span> <span class='ocrx_word' id='word_1_795' title='bbox 2589 5376 2728 5431; x_wconf 81' lang='lat' dir='ltr'>esca,</span> <span class='ocrx_word' id='word_1_796' title='bbox 2751 5367 2802 5416; x_wconf 86' lang='lat' dir='ltr'>et</span> <span class='ocrx_word' id='word_1_797' title='bbox 2826 5360 3054 5430; x_wconf 74' lang='lat' dir='ltr'>sanguis</span> <span class='ocrx_word' id='word_1_798' title='bbox 3081 5373 3234 5415; x_wconf 73' lang='lat' dir='ltr'>meus</span> <span class='ocrx_word' id='word_1_799' title='bbox 3253 5373 3377 5415; x_wconf 66' lang='lat' dir='ltr'>vero</span> <span class='ocrx_word' id='word_1_800' title='bbox 3393 5364 3474 5414; x_wconf 69' lang='lat' dir='ltr'>est</span> <span class='ocrx_word' id='word_1_801' title='bbox 3488 5363 3670 5430; x_wconf 69' lang='lat' dir='ltr'>potus.</span> 
     </span>
    </p>
   </div>
   <div class='ocr_carea' id='block_1_112' title="bbox 2027 5447 3676 5526">
    <p class='ocr_par' dir='ltr' id='par_1_112' title="bbox 2027 5447 3676 5526">
     <span class='ocr_line' id='line_1_112' title="bbox 2027 5447 3676 5526; baseline -0.004 -18"><span class='ocrx_word' id='word_1_802' title='bbox 2027 5455 2143 5526; x_wconf 80' lang='lat' dir='ltr'>Qui</span> <span class='ocrx_word' id='word_1_803' title='bbox 2169 5451 2280 5509; x_wconf 77' lang='lat' dir='ltr'>edit</span> <span class='ocrx_word' id='word_1_804' title='bbox 2311 5466 2532 5508; x_wconf 85' lang='lat' dir='ltr'>carnem</span> <span class='ocrx_word' id='word_1_805' title='bbox 2559 5464 2758 5516; x_wconf 82' lang='lat' dir='ltr'>meam,</span> <span class='ocrx_word' id='word_1_806' title='bbox 2789 5455 2840 5505; x_wconf 81' lang='lat' dir='ltr'>et</span> <span class='ocrx_word' id='word_1_807' title='bbox 2870 5447 3008 5504; x_wconf 78' lang='lat' dir='ltr'>bibit</span> <span class='ocrx_word' id='word_1_808' title='bbox 3030 5463 3215 5504; x_wconf 72' lang='lat' dir='ltr'>mum</span> <span class='ocrx_word' id='word_1_809' title='bbox 3255 5448 3585 5517; x_wconf 75' lang='lat' dir='ltr'>sanguinem</span> <span class='ocrx_word' id='word_1_810' title='bbox 3612 5447 3676 5502; x_wconf 69' lang='lat' dir='ltr'>in</span> 
     </span>
    </p>
   </div>
   <div class='ocr_carea' id='block_1_113' title="bbox 2023 5533 3678 5610">
    <p class='ocr_par' dir='ltr' id='par_1_113' title="bbox 2023 5533 3678 5610">
     <span class='ocr_line' id='line_1_113' title="bbox 2023 5533 3678 5610; baseline -0.004 -13"><span class='ocrx_word' id='word_1_811' title='bbox 2023 5557 2111 5597; x_wconf 82' lang='lat' dir='ltr'>me</span> <span class='ocrx_word' id='word_1_812' title='bbox 2137 5547 2321 5596; x_wconf 82' lang='lat' dir='ltr'>manet</span> <span class='ocrx_word' id='word_1_813' title='bbox 2346 5547 2396 5595; x_wconf 84' lang='lat' dir='ltr'>et</span> <span class='ocrx_word' id='word_1_814' title='bbox 2423 5553 2516 5610; x_wconf 81' lang='lat' dir='ltr'>ego</span> <span class='ocrx_word' id='word_1_815' title='bbox 2547 5538 2608 5593; x_wconf 78' lang='lat' dir='ltr'>in</span> <span class='ocrx_word' id='word_1_816' title='bbox 2635 5552 2694 5594; x_wconf 81' lang='lat' dir='ltr'>eo</span> <span class='ocrx_word' id='word_1_817' title='bbox 2723 5537 2900 5606; x_wconf 79' lang='lat' dir='ltr'>(Joan.</span> <span class='ocrx_word' id='word_1_818' title='bbox 2929 5534 3029 5609; x_wconf 77' lang='lat' dir='ltr'>vx).</span> <span class='ocrx_word' id='word_1_819' title='bbox 3061 5535 3143 5593; x_wconf 88' lang='lat' dir='ltr'>De</span> <span class='ocrx_word' id='word_1_820' title='bbox 3189 5535 3432 5594; x_wconf 74' lang='lat' dir='ltr'>veritate</span> <span class='ocrx_word' id='word_1_821' title='bbox 3476 5533 3678 5606; x_wconf 74' lang='lat' dir='ltr'>carnis</span> 
     </span>
    </p>
   </div>
   <div class='ocr_carea' id='block_1_114' title="bbox 2027 5622 3676 5704">
    <p class='ocr_par' dir='ltr' id='par_1_114' title="bbox 2027 5622 3676 5704">
     <span class='ocr_line' id='line_1_114' title="bbox 2027 5622 3676 5704; baseline -0.004 -16"><span class='ocrx_word' id='word_1_822' title='bbox 2027 5633 2086 5688; x_wconf 87' lang='lat' dir='ltr'>et</span> <span class='ocrx_word' id='word_1_823' title='bbox 2115 5627 2420 5704; x_wconf 86' lang='lat' dir='ltr'>sanguinis</span> <span class='ocrx_word' id='word_1_824' title='bbox 2444 5627 2572 5699; x_wconf 87' lang='lat' dir='ltr'>ejus</span> <span class='ocrx_word' id='word_1_825' title='bbox 2602 5641 2718 5682; x_wconf 91' lang='lat' dir='ltr'>non</span> <span class='ocrx_word' id='word_1_826' title='bbox 2751 5622 2986 5682; x_wconf 84' lang='lat' dir='ltr'>relictus</span> <span class='ocrx_word' id='word_1_827' title='bbox 3016 5628 3108 5682; x_wconf 85' lang='lat' dir='ltr'>est</span> <span class='ocrx_word' id='word_1_828' title='bbox 3133 5623 3676 5698; x_wconf 73' lang='lat' dir='ltr'>ambigendi-locns.</span> 
     </span>
    </p>
   </div>
   <div class='ocr_carea' id='block_1_115' title="bbox 265 5713 3684 5800">
    <p class='ocr_par' dir='ltr' id='par_1_115' title="bbox 265 5713 3684 5800">
     <span class='ocr_line' id='line_1_115' title="bbox 265 5713 3684 5800; baseline -0.003 -16"><span class='ocrx_word' id='word_1_829' title='bbox 265 5723 544 5798; x_wconf 82' lang='lat' dir='ltr'>mus.Sed</span> <span class='ocrx_word' id='word_1_830' title='bbox 565 5725 622 5781; x_wconf 87' lang='lat' dir='ltr'>et</span> <span class='ocrx_word' id='word_1_831' title='bbox 640 5721 978 5800; x_wconf 81' lang='lat' dir='ltr'>ubicunque</span> <span class='ocrx_word' id='word_1_832' title='bbox 996 5721 1057 5784; x_wconf 87' lang='lat' dir='ltr'>in</span> <span class='ocrx_word' id='word_1_833' title='bbox 1078 5721 1440 5800; x_wconf 68' lang='lat' dir='ltr'>adiutorium</span> <span class='ocrx_word' id='word_1_834' title='bbox 1470 5723 1680 5782; x_wconf 70' lang='lat' dir='ltr'>nostra:</span> <span class='ocrx_word' id='word_1_835' title='bbox 1712 5717 1921 5788; x_wconf 80' lang='lat' dir='ltr'>salutis</span> <span class='ocrx_word' id='word_1_836' title='bbox 2027 5717 2194 5788; x_wconf 72' lang='lat' dir='ltr'>Nunc</span> <span class='ocrx_word' id='word_1_837' title='bbox 2225 5716 2382 5784; x_wconf 85' lang='lat' dir='ltr'>enim</span> <span class='ocrx_word' id='word_1_838' title='bbox 2411 5720 2469 5776; x_wconf 77' lang='lat' dir='ltr'>et</span> <span class='ocrx_word' id='word_1_839' title='bbox 2496 5713 2684 5796; x_wconf 73' lang='lat' dir='ltr'>ipsius</span> <span class='ocrx_word' id='word_1_840' title='bbox 2714 5713 2948 5779; x_wconf 84' lang='lat' dir='ltr'>Domini</span> <span class='ocrx_word' id='word_1_841' title='bbox 2975 5713 3338 5795; x_wconf 76' lang='lat' dir='ltr'>professione</span> <span class='ocrx_word' id='word_1_842' title='bbox 3366 5718 3428 5775; x_wconf 86' lang='lat' dir='ltr'>et</span> <span class='ocrx_word' id='word_1_843' title='bbox 3446 5713 3564 5777; x_wconf 74' lang='lat' dir='ltr'>ﬁde</span> <span class='ocrx_word' id='word_1_844' title='bbox 3583 5729 3684 5775; x_wconf 65' lang='lat' dir='ltr'>non</span> 
     </span>
    </p>
   </div>
   <div class='ocr_carea' id='block_1_116' title="bbox 595 5849 1137 5917">
    <p class='ocr_par' dir='ltr' id='par_1_116' title="bbox 595 5849 1137 5917">
     <span class='ocr_line' id='line_1_116' title="bbox 595 5849 1137 5917; baseline 0.002 -1"><span class='ocrx_word' id='word_1_845' title='bbox 595 5850 861 5916; x_wconf 75' lang='lat' dir='ltr'>PATBOL.</span> <span class='ocrx_word' id='word_1_846' title='bbox 908 5849 1137 5917; x_wconf 82' lang='lat' dir='ltr'>CXXV.</span> 
     </span>
    </p>
   </div>
   <div class='ocr_carea' id='block_1_117' title="bbox 3284 5839 3362 5907">
    <p class='ocr_par' dir='ltr' id='par_1_117' title="bbox 3284 5839 3362 5907">
     <span class='ocr_line' id='line_1_117' title="bbox 3284 5839 3362 5907; baseline 0 0"><span class='ocrx_word' id='word_1_847' title='bbox 3284 5839 3362 5907; x_wconf 88' lang='lat'>38</span> 
     </span>
    </p>
   </div>
  </div>
