4074 6504
238 477 391 538 1197

1084 482 1511 543 RESPONSIO
1556 485 1661 544 AD
1707 484 2211 556 QUORUMDAM
2259 487 2797 556 QU/ESTIONES.

3487 494 3645 552 1198

234 611 484 667 dendam
512 610 695 667 vicem
728 611 1077 681 dilectionis,
1104 614 1196 669 his
1229 615 1328 687 qui
1360 632 1453 670 me
1491 615 1762 687 diligunt,
1786 634 1878 673 os-
1911 617 1961 684 A
1996 617 2110 673 Deo
2146 618 2331 686 Patre,
2358 618 2577 692 Spiritu
2610 625 2812 675 sancto
2844 625 3166 678 coaeternus
3186 626 3243 677 et
3262 624 3643 681 consubstan-

232 700 490 756 tendam.
534 701 865 775 Pcrtingere
916 704 1090 760 faciat
1120 705 1389 761 Christus
1418 706 1590 761 Jesus
1630 707 1804 775 Deus,
1829 711 1887 762 et

231 789 538 860 Dominus,
564 790 829 848 conditor
873 795 930 849 et
977 793 1333 866 Redemptor
1364 797 1538 868 atque
1594 796 1666 851 ab
1724 796 1884 850 omni

231 883 418 935 morte
449 895 516 936 ac
551 880 923 954 corruptione
954 882 1218 939 Salvator
1247 887 1447 940 noster
1492 884 1552 939 in
1603 902 1722 957 qua
1750 901 1885 940 cum

2000 706 2155 763 tialis
2179 723 2244 763 ac
2269 707 2600 779 coaequalis,
2622 708 2762 765 vivit
2783 712 2838 765 et
2868 714 3071 783 regnat
3094 727 3196 783 per
3216 712 3414 769 omnia
3434 713 3647 770 saecula

1997 795 2367 851 saeculorum.
2394 799 2600 852 Amen.

1749 1230 2112 1300 XXIII.

1075 1398 1722 1486 BESPONSIO
1781 1396 2198 1486 DOMINI
2254 1398 2801 1489 HINCMARI

1471 1568 1508 1612 Α
1517 1568 1553 1611 D
1596 1566 1920 1621 OL’ORUIDA
1930 1567 1975 1612 Π
2018 1567 2324 1621 QUESTION
2333 1568 2401 1613 ES

643 1699 772 1761 Cur
802 1700 861 1761 in
891 1699 1149 1783 quodam
1176 1721 1296 1763 sua:
1327 1701 1653 1764 humiliatis
1679 1702 1899 1784 scripto
1923 1701 2194 1783 posuerit
2220 1703 2526 1785 mysticam
2553 1700 2863 1765 Nic-mnam
2889 1700 3204 1783 synodum.

992 1836 1003 1841 ”
1073 1854 1264 1926 (Apud
1299 1854 1617 1923 Sirmond.,
1651 1870 1719 1910 ex
1748 1852 1945 1910 codice
1976 1854 2035 1909 S.
2071 1853 2367 1911 Laurentii
2399 1852 2783 1923 Leodiensis.)

295 2129 613 2197 Quaesitum
631 2131 814 2198 cst,ut
831 2147 864 2185 a
884 2129 1239 2201 quibusdam
1258 2130 1400 2186 mihi
1421 2131 1642 2187 dictum
1661 2136 1880 2198 est,eur
1908 2136 1954 2200 Β
1986 2150 2140 2200 mus,
2160 2134 2220 2188 in
2241 2132 2407 2189 libris
2420 2133 2979 2197 Grzecorum,verum
3002 2134 3058 2187 et
3080 2130 3138 2186 in
3162 2130 3524 2199 Latinorum,
3550 2129 3635 2187 uti

224 2219 284 2274 in
307 2219 563 2291 quodam
585 2235 725 2274 meas
747 2218 1103 2274 humilitatis
1122 2220 1338 2292 scripto
1362 2222 1657 2292 posuerim
1683 2222 1877 2295 mysti-

223 2326 352 2365 cam
384 2308 676 2364 Nictenam
701 2308 1010 2381 synodum.
1029 2307 1190 2363 Unde
1213 2310 1363 2364 sicut
1386 2310 1652 2365 doctrina
1684 2311 1878 2366 catho-

223 2396 468 2452 licorum
491 2396 661 2451 nobis
689 2400 779 2450 est
799 2396 1105 2467 traditum,
1131 2398 1432 2453 reddimus
1456 2399 1737 2455 rationem
1764 2416 1777 2454 :
1800 2399 1876 2454 vi-

223 2485 432 2541 delicet
461 2485 600 2557 quia
644 2490 702 2540 et
746 2484 921 2540 veteri
973 2485 1218 2541 historia
1266 2487 1654 2559 praefigurata,
1689 2492 1745 2543 et
1776 2504 1877 2560 per

222 2591 534 2631 numerum
565 2573 719 2647 signi
750 2573 1044 2647 passionis
1066 2591 1130 2629 ac
1154 2574 1409 2631 nominis
1436 2575 1667 2631 Domini
1690 2576 1874 2633 nostri

219 2663 360 2720 Jesu
391 2663 608 2718 Christi
656 2667 747 2718 est
794 2662 1120 2736 designata,
1153 2668 1212 2719 et
1262 2663 1624 2736 prmscientia
1673 2682 1874 2721 conse-

220 2757 402 2808 crata.
426 2753 647 2808 Nomen
671 2750 829 2807 enim
857 2752 1196 2809 mediatoris
1219 2753 1320 2808 Dei
1342 2770 1408 2809 ac
1440 2753 1748 2809 hominum
1779 2754 1877 2810 ho-

222 2841 403 2898 minis
435 2841 577 2898 Jesu
608 2840 963 2914 Christi,qui
993 2842 1298 2899 divinitate
1346 2859 1453 2898 nos
1503 2842 1784 2910 condidit,
1817 2846 1877 2899 et

219 2928 586 2987 humanitate
616 2930 676 2986 in
708 2931 932 2987 unitate
961 2948 1222 3004 persona:
1267 2948 1385 2987 suae
1425 2931 1749 2987 divinitatis
1781 2949 1873 2987 as-

221 3024 462 3091 sumpta
491 3018 754 3089 redemit,
779 3036 914 3076 cum
959 3020 1036 3077 sit
1082 3020 1409 3089 Hebraeum,
1433 3022 1588 3093 apud
1623 3021 1870 3091 Graecos,

221 3107 323 3179 qui
355 3112 420 3162 ut
450 3107 673 3163 Hebraei
712 3107 773 3163 in
823 3108 1131 3165 nominum
1182 3108 1676 3182 interpretatione,
1701 3110 1783 3165 ita
1812 3111 1872 3166 in

219 3213 464 3253 numero
485 3196 816 3253 litterarum
838 3196 1077 3271 gloriari
1103 3197 1398 3266 dicuntur,
1421 3197 1633 3255 litteris
1659 3198 1874 3256 Graecis

220 3285 305 3341 ita
334 3284 610 3342 scribitur
640 3299 860 3345 ιΗΣΟΥΣ
890 3288 1046 3361 quod
1069 3287 1263 3344 Graece
1291 3287 1506 3344 dicitur
1534 3300 1747 3357 ΣΩΤΠΡ,
1772 3289 1875 3344 La-

219 3374 341 3430 tine
370 3375 788 3449 interpretatur
818 3377 1130 3445 SALVATOR,
1158 3377 1277 3433 sive
1297 3378 1578 3434 salutaris.
1604 3378 1674 3433 Et
1697 3377 1874 3449 hujus

216 3464 440 3520 Hebraei
472 3464 728 3521 nominis
758 3464 1091 3522 litterarum
1132 3483 1413 3522 numerus
1459 3468 1615 3540 apud
1646 3466 1873 3524 Graecos

215 3554 329 3609 iste
379 3558 469 3611 est
518 3572 531 3611 :
567 3567 604 3623 Ι,
657 3556 743 3624 10,
778 3568 836 3623 II,
870 3557 935 3624 8;
966 3570 1021 3624 Σ,
1069 3557 1208 3625 200;
1245 3569 1300 3624 0,
1330 3558 1430 3625 70;
1466 3570 1519 3625 Σ,
1558 3558 1685 3611 200.
1740 3554 1871 3613 Col-

215 3641 365 3698 lecto
394 3646 591 3699 autem
629 3642 691 3699 in
736 3661 924 3700 unum
952 3644 1063 3700 hoc
1094 3661 1360 3712 numero,
1396 3646 1545 3701 ﬁunt
1592 3645 1873 3718 quadrin-

214 3731 375 3805 genti
407 3732 701 3805 octoginta
730 3738 880 3789 octo.
914 3733 1077 3789 Unus
1106 3751 1384 3807 namque,
1414 3734 1514 3807 qui
1545 3735 1723 3790 dividi
1756 3752 1872 3791 non

215 3824 427 3894 potest,
452 3821 644 3878 decies
666 3823 878 3880 ductus
901 3823 1209 3880 denarium
1240 3824 1485 3897 perlicit,
1510 3828 1568 3880 et
1597 3824 1873 3881 denarius

214 3914 424 3982 quater
443 3911 658 3968 ductus
678 3910 737 3966 in
762 3913 1295 3985 quadragenarium
1322 3912 1530 3985 surgit,
1553 3916 1610 3969 et
1630 3914 1876 3986 quadra-

216 3999 382 4074 ginta
396 4000 759 4058 deciesducti
773 4002 1233 4074 quadringentos
1246 4003 1540 4070 efﬁciunt;
1560 4002 1697 4075 quia
1705 4004 1877 4074 juxta

217 4087 385 4145 Pauli
423 4106 622 4147 vocem
659 4107 670 4146 :
710 4091 854 4148 Unus
882 4098 960 4147 est
999 4093 1160 4157 Deus,
1195 4108 1338 4147 unus
1385 4090 1655 4148 mediator
1701 4093 1799 4148 Dei
1826 4099 1878 4148 et

217 4179 506 4235 hominum
536 4179 691 4237 homo
739 4180 983 4237 Christus
1011 4185 1193 4247 Iesus,
1225 4182 1322 4252 qui
1361 4180 1509 4236 dedit
1554 4181 1873 4252 redemptio-

217 4283 348 4323 nem
382 4269 728 4340 semetime
769 4284 870 4340 pro
921 4269 1174 4324 omnibus
1204 4268 1252 4338 (Ι
1284 4270 1418 4323 Tim.
1466 4285 1526 4333 ιι,
1567 4268 1642 4339 5).
1694 4268 1876 4339 Cujus

218 4356 411 4429 gratia
439 4356 510 4413 ad
559 4361 835 4413 aeternam
866 4357 1066 4426 vitam,
1091 4375 1218 4430 qua:
1251 4356 1582 4413 centenario
1634 4373 1875 4412 numero

219 4444 418 4501 ethoc
450 4450 657 4519 quater
708 4446 882 4520 ducto
931 4446 1238 4520 figuratur,
1288 4445 1451 4501 electi
1502 4462 1727 4511 omnes,
1761 4462 1876 4501 non

220 4534 418 4591 solum
446 4535 515 4591 de
546 4517 982 4609 incorruptione
1025 4535 1233 4592 animos
1266 4534 1443 4591 simul
1491 4540 1547 4591 et
1595 4534 1877 4607 corporis,

218 4639 425 4680 verum
454 4627 512 4680 et
549 4625 618 4680 de
657 4625 881 4681 visione
910 4622 1118 4680 divinae
1159 4624 1505 4696 maiestatis,
1530 4640 1663 4679 cum
1695 4622 1879 4695 gloria

220 4713 489 4785 ejusdem
520 4712 856 4770 mediatoris
878 4713 980 4770 Dei
1006 4718 1063 4770 et
1092 4713 1401 4769 hominum
1427 4711 1755 4768 clariticutaa
1779 4711 1883 4766 hu-

222 4802 529 4859 manitatis
556 4803 917 4876 gaudebunt.
952 4803 1165 4860 Octavo
1198 4807 1391 4858 autem
1426 4806 1482 4858 et
1511 4801 1880 4875 octogenario

1985 2223 2399 2293 comperimus,
2423 2238 2523 2294 per
2546 2226 2713 2277 notas
2741 2218 3082 2275 scribuntur
3119 2219 3511 2291 nomina,qua3
3542 2219 3638 2274 in-

1986 2313 2110 2367 terd
2122 2329 2216 2367 um
2242 2312 2432 2383 prima
2451 2316 2507 2365 et
2526 2310 2846 2365 novissima
2862 2314 2913 2363 et
2930 2307 3162 2380 virgula
3185 2307 3637 2383 spperpositLin

1984 2379 2278 2457 dexteram
2301 2417 2463 2473 mque
2484 2399 2747 2455 veniente
2774 2415 2807 2454 a
2838 2379 3095 2463 sinistra,
3122 2402 3186 2452 ut
3207 2381 3325 2454 'ITS‘.
3352 2379 3479 2452 ﬁ.
3502 2379 3633 2453 TITI.

1985 2491 2281 2547 Interdum
2314 2496 2508 2546 autem
2543 2490 2733 2562 prima
2771 2492 2828 2543 et
2876 2486 3068 2542 media
3097 2490 3153 2542 et
3182 2486 3503 2543 novissima
3533 2503 3636 2543 no-

1985 2583 2186 2635 tantur
2213 2578 2428 2647 littera,
2462 2584 2521 2634 et
2567 2575 2794 2649 virgula
2842 2574 3214 2647 superposita
3249 2574 3310 2630 in
3340 2576 3637 2632 dexteram

1984 2687 2146 2741 teque
2167 2668 2434 2723 veniente
2465 2685 2500 2723 a
2529 2666 2789 2735 sinistra,
2814 2650 3059 2741 ut
3088 2649 3253 2721 π,
3283 2666 3353 2721 Et
3380 2663 3556 2720 sicuti
3576 2663 3636 2720 in

1982 2740 2092 2813 hoc
2141 2756 2397 2825 nomine,
2444 2773 2579 2811 cum
2626 2740 3035 2812 scribituriﬁg
3064 2773 3205 2811 casu
3254 2752 3636 2822 nominativo,

1983 2862 2232 2918 quarum
2260 2844 2593 2900 litterarum
2615 2860 2899 2900 numerus
2920 2844 3031 2900 iste
3051 2848 3176 2900 est:
3203 2854 3241 2912 Ι,
3272 2841 3370 2911 Ιθς
3397 2855 3456 2912 n,
3482 2842 3546 2910 8;
3577 2854 3634 2909 Σ,

1980 2936 2106 3001 200,
2137 2934 2198 2989 in
2240 2949 2428 2990 unum
2478 2937 2675 2988 autem
2706 2931 2985 2989 collectus
3027 2931 3125 2987 hic
3168 2946 3452 2987 numerus
3483 2945 3637 2985 com-

1982 3022 2102 3095 plet
2131 3023 2417 3078 ducentos
2447 3022 2646 3077 decem
2692 3024 2750 3076 et
2785 3024 2934 3077 octo.
2967 3019 3349 3076 Centenarius
3380 3034 3636 3091 namque

1982 3127 2288 3182 numerus,
2322 3110 2422 3183 qui
2453 3110 2655 3166 decem
2704 3108 2944 3166 decadis
2993 3111 3241 3176 constat,
3258 3110 3331 3165 ,et
3376 3107 3448 3164 de
3494 3105 3636 3163 laeva

1979 3200 2193 3256 transit
2224 3200 2284 3255 in
2314 3200 2633 3265 dexteram,
2659 3198 2950 3271 perfectus
2979 3200 3068 3255 est
3098 3212 3400 3254 numerus.
3423 3209 3462 3253 Σ
3490 3193 3634 3253 sim-

1981 3306 2099 3357 ma,
2118 3288 2316 3345 littera
2342 3286 2553 3343 ultima
2582 3287 2643 3343 in
2673 3290 2813 3344 nota
2832 3285 3089 3343 nominis
3110 3286 3251 3343 Jesu
3275 3285 3336 3341 in
3368 3283 3634 3341 nomina-

1981 3378 2096 3434 tivo
2118 3394 2258 3434 casu
2281 3379 2564 3435 ducentos
2586 3374 3029 3449 exprimit,quia
3046 3375 3304 3450 perfecta
3322 3374 3478 3431 Deus
3499 3360 3635 3429 alite

1984 3466 2214 3535 saecula,
2236 3467 2528 3538 perfectus
2549 3465 2724 3522 homo
2743 3465 2933 3521 factus
2949 3468 3039 3522 est
3053 3463 3113 3520 in
3129 3464 3246 3520 fine
3261 3462 3632 3520 seculorum:

1983 3555 2269 3613 Denarius
2299 3572 2433 3612 vero
2476 3554 2537 3610 in
2569 3553 2845 3627 decalogo
2887 3554 3182 3627 perfectus
3210 3556 3301 3609 est
3328 3566 3635 3619 numerus,

1982 3645 2289 3702 continens
2328 3643 2390 3699 in
2435 3660 2497 3700 se
2546 3642 2890 3717 mysterium
2923 3642 3220 3715 quadrigae
3268 3638 3632 3713 evangelicae.

1982 3735 2269 3806 Computa
2298 3733 2455 3789 enim
2486 3732 2560 3789 ab
2590 3749 2709 3787 uno
2739 3747 2843 3804 per
2865 3731 3130 3787 ordinem
3162 3745 3351 3802 usque
3379 3728 3453 3785 ad
3484 3743 3636 3799 qua-

1980 3828 2135 3890 tuor,
2176 3826 2235 3878 et
2282 3821 2542 3877 invenies
2584 3821 2807 3876 decem.
2840 3818 3187 3875 Octonarius
3239 3832 3473 3889 quoque
3524 3832 3634 3871 nu-

1983 3930 2183 3970 merus
2213 3913 2454 3968 docetur
2499 3927 2628 3967 esse
2678 3910 2969 3982 perfectus
3000 3908 3060 3963 in
3090 3908 3232 3965 Jesu
3278 3910 3491 3962 octavae
3521 3903 3637 3961 diei

1983 4001 2406 4060 resurrectione
2441 4018 2453 4057 :
2489 4000 2589 4073 qui
2620 3998 2731 4055 etsi
2777 4002 3048 4055 mortuus
3078 3999 3168 4053 est
3197 4012 3266 4051 ex
3294 3993 3637 4050 inﬁmitate

1985 4096 2206 4158 nostra,
2227 4091 2327 4148 sed
2349 4089 2489 4146 vivit
2515 4106 2584 4145 ex
2602 4088 2816 4144 virtute
2847 4086 3087 4159 Dei,qui
3119 4101 3222 4159 per
3251 4084 3487 4157 signum
3517 4099 3636 4139 sua

1985 4179 2299 4253 passionis,
2324 4179 2478 4252 quod
2513 4178 2558 4233 T
2589 4181 2691 4233 tau
2733 4176 2927 4232 littera
2956 4175 3171 4247 signat,
3194 4172 3500 4230 continens
3529 4188 3638 4227 nu-

1987 4287 2216 4325 merum
2252 4269 2663 4335 tricentenum,
2699 4265 2855 4321 elisit
2898 4262 3217 4330 diabolum,
3242 4260 3455 4318 occidit
3483 4275 3640 4317 mor-

1987 4356 2529 4430 tem,triumphavit
2559 4354 2888 4422 infernum;
2914 4352 3007 4409 cui
3040 4352 3089 4409 si
3111 4368 3288 4424 super
3309 4354 3645 4407 transversa

1987 4447 2141 4505 linea
2168 4449 2227 4503 id
2260 4447 2414 4520 quod
2447 4445 2504 4500 in
2538 4459 2708 4500 cruce
2737 4446 2826 4499 est
2864 4442 3193 4508 adderetur,
3218 4456 3334 4496 non
3359 4440 3487 4512 jam
3518 4455 3645 4496 cru-

1989 4554 2073 4593 OlS
2105 4537 2351 4609 species,
2385 4536 2485 4591 sed
2527 4534 2838 4606 ipsa‘crux
2887 4535 3060 4587 esset.
3088 4529 3305 4604 Collige
3355 4533 3552 4585 autem
3583 4526 3643 4583 in

1989 4642 2175 4681 unum
2208 4624 2361 4696 signi
2394 4622 2709 4679 Dominicis
2742 4618 3036 4694 passionis
3061 4623 3119 4676 et
3148 4617 3407 4676 nominis
3438 4632 3645 4673 nume-

1990 4732 2143 4782 rum,
2182 4713 2442 4769 invenies
2472 4710 2936 4784 quadringentos
2967 4710 3169 4765 decem
3201 4711 3258 4764 et
3286 4711 3436 4764 octo.
3461 4705 3645 4772 Quin-

1991 4804 2149 4878 genti
2181 4802 2435 4875 denique
2456 4798 2961 4873 quinquagenario
2983 4814 3229 4854 numero
3250 4795 3441 4853 decies
3469 4794 3645 4849 ducto

224 4908 473 4948 numero
504 4892 602 4965 qui
636 4897 763 4949 octo
793 4893 1028 4949 decadis
1050 4897 1302 4960 constat,
1330 4895 1595 4965 patenter
1616 4890 1887 4946 innuitur
1916 4882 1961 4948 D
1994 4892 2381 4966 complentur,
2398 4890 2537 4963 quia
2566 4888 2757 4964 gratia
2786 4887 3020 4945 Domini
3049 4888 3189 4944 Jesu
3219 4881 3502 4951 cruciﬁxi,
3525 4884 3584 4938 et
3612 4896 3649 4937 a

226 4982 372 5056 quia
393 4983 683 5055 quomodo
704 4982 972 5039 Christus
996 4983 1198 5040 octava
1220 4982 1315 5038 die
1337 4980 1654 5037 resurrexit
1675 4998 1709 5035 a
1729 4996 1885 5034 mor-

228 5072 355 5129 tuis
385 5089 488 5146 per
516 5071 763 5146 gloriam
795 5071 1006 5142 Patris,
1038 5073 1122 5128 ita
1152 5076 1208 5128 et
1247 5089 1356 5127 nos
1386 5071 1445 5125 in
1474 5070 1731 5126 novitate
1759 5067 1887 5123 vitae

230 5161 629 5232 ambulemus,
654 5166 711 5219 et
742 5162 871 5235 ipsa
899 5161 1242 5234 quotidiana
1262 5165 1463 5217 nostra
1493 5157 1886 5227 circumcisio,

231 5267 363 5324 quas
393 5250 452 5307 in
482 5250 673 5308 Veteri
709 5252 1082 5307 Testamento
1127 5253 1329 5306 octavo
1362 5250 1455 5305 die
1487 5249 1611 5305 fieri
1644 5246 1888 5314 solebat,

230 5341 295 5397 id
326 5343 435 5409 est,
458 5340 802 5414 quotidiana
838 5340 1031 5396 cordis
1074 5339 1258 5396 nostri
1300 5337 1628 5406 mundatio,
1662 5353 1894 5410 semper

232 5434 447 5487 octavae
478 5431 595 5486 diei
646 5434 1082 5487 sacramentum
1132 5428 1425 5485 celebrare
1472 5445 1587 5482 non
1638 5427 1889 5495 desinat,

235 5520 422 5577 donec
454 5519 815 5593 accipiamus
840 5520 1011 5576 binas
1034 5519 1236 5585 stolas,
1260 5515 1765 5572 immortalitatem
1788 5514 1894 5569 sci-

231 5610 373 5667 licet
409 5615 467 5666 et
515 5609 1014 5682 incorruptionem
1042 5607 1300 5681 corporis
1333 5605 1508 5662 simul
1555 5608 1611 5661 et
1663 5604 1890 5660 animae.

235 5701 393 5775 quod
445 5704 646 5757 octavo
695 5703 754 5755 et
802 5698 1195 5773 octogenario,
1230 5702 1295 5753 ut
1340 5695 1616 5763 diximus,
1651 5710 1895 5749 numero

237 5789 600 5867 designatur.
636 5789 747 5849 Sed
796 5787 951 5847 sicut
982 5789 1273 5864 majorum
1322 5784 1634 5845 traditione
1684 5781 1894 5840 didici—

1997 4982 2247 5039 mortuis
2278 4978 2565 5047 suscitati,
2590 4982 2647 5035 et
2692 4976 2752 5032 in
2802 4977 3038 5033 dextera
3068 4974 3166 5030 Dei
3216 4970 3494 5040 sedentis,
3528 4985 3646 5026 non

1998 5072 2190 5129 solum
2222 5070 2367 5144 legis
2388 5067 2755 5141 decalogum,
2774 5067 2875 5123 sed
2899 5069 2956 5122 et
2975 5068 3226 5138 quatuor
3252 5059 3440 5118 sancti
3460 5059 3649 5116 Evan-

1998 5160 2133 5234 gelii
2163 5159 2346 5215 libros
2387 5157 2722 5230 implemus,
2757 5159 2814 5210 et
2852 5158 3053 5209 octava
3082 5147 3526 5208 resurrectionis
3555 5146 3651 5203 die

1999 5248 2353 5314 resuscitati,
2376 5248 2448 5303 ad
2481 5245 2740 5319 reguiem
2774 5240 3215 5314 sempiternam,
3250 5256 3378 5312 quae
3400 5236 3649 5310 jubileo,

2000 5338 2060 5394 in
2092 5342 2180 5394 est
2209 5332 2711 5409 quinquagenaria
2742 5346 3006 5398 numero,
3032 5326 3393 5400 designatur,
3411 5326 3474 5382 in
3495 5329 3655 5382 eter-

2001 5444 2139 5484 nam
2177 5426 2380 5492 vitam,
2405 5441 2534 5497 quae
2583 5419 2913 5477 centenario
2972 5432 3217 5474 numero
3264 5418 3650 5485 monstratur,

2003 5517 2115 5572 fide
2146 5520 2303 5571 recta
2333 5516 2390 5569 et
2420 5510 2693 5584 operibus
2733 5507 2903 5564 bonis
2942 5505 3368 5581 perveniemus.
3400 5504 3472 5561 Et
3500 5506 3656 5561 recte

2004 5622 2172 5661 sacra
2212 5604 2445 5659 Nicaana
2474 5598 2732 5672 synodus
2784 5595 3036 5669 mystica
3082 5593 3316 5663 dicitur,
3349 5592 3491 5666 quia
3535 5608 3655 5649 non

2005 5694 2267 5751 humana
2312 5687 2626 5759 industria,
2657 5703 2774 5742 non
2823 5682 3246 5758 compositione
3288 5681 3508 5756 aliqua,
3540 5686 3657 5738 tre-

2005 5782 2158 5844 centi
2185 5783 2386 5841 decem
2412 5781 2470 5838 et
2490 5780 2619 5837 octo
2641 5772 2901 5854 episcopi
2925 5774 2996 5834 ad
3023 5773 3177 5834 idem
3199 5773 3514 5835 concilium
3536 5788 3662 5852 per-
