4074 6508
217 446 378 528 iaci

1545 469 1895 530 CARMINA
1939 470 2300 541 ALIQUOT.

3473 443 3646 533 1³ρόιέ

3311 634 3638 646 m

1763 823 2058 893 XXV.

1080 961 1626 1090 HINCMAni
1685 1003 2176 1092 CARMINA
2233 1003 2753 1115 ALIQUOT

1014 1341 1056 1395 Ι.

385 1439 739 1512 Epitaphium
777 1441 838 1495 in
867 1441 1124 1496 honorem
1159 1440 1364 1512 Tilpini
1392 1441 1678 1497 Pra'sulis.

309 1555 495 1629 [Apud
529 1553 858 1622 Flodoard.,
891 1556 1040 1612 Hist.
1073 1556 1226 1612 Eccl.
1262 1556 1491 1622 Rhem.,
1521 1555 1622 1612 lib.
1655 1555 1762 1628 111.]

207 1699 325 1757 Hac
352 1698 668 1771 requiescit
696 1698 877 1754 humo
909 1698 1178 1772 Tilpinus
1206 1698 1418 1772 praesul
1453 1698 1692 1756 honoris

277 1786 481 1844 Vivere
512 1787 606 1842 cui
638 1786 908 1843 Christus
935 1786 1069 1844 Vita
1097 1793 1154 1844 et
1185 1787 1346 1844 obire
1375 1788 1500 1843 fuit.

206 1881 374 1933 Hunc
405 1875 613 1957 Rhemi
644 1875 862 1950 populo
894 1881 1116 1950 martyr
1146 1877 1458 1952 Dionysius
1490 1877 1683 1934 almus

237 2035 244 2046 '
281 1965 577 2022 Pastorem
607 1964 844 2039 vigilem
877 1965 1058 2035 misit,
1093 1969 1151 2020 et
1181 1983 1308 2022 esse
1339 1971 1587 2039 patrem.

211 2051 393 2124 Quem
423 2062 670 2130 pascens
699 2053 1091 2128 quadragenis
1126 2059 1217 2111 ast
1246 2055 1502 2129 amplius
1533 2054 1724 2124 annis,

283 2143 452 2201 Veste
483 2143 801 2202 senectutis
827 2143 1186 2217 despoliatus
1217 2145 1359 2201 abit.

213 2225 460 2302 Quartus
490 2250 624 2290 cum
658 2233 853 2290 Nonas
885 2233 1104 2290 mensis
1137 2234 1478 2308 September
1506 2235 1764 2303 haberet,

268 2323 514 2406 .Mortua
543 2324 778 2396 quando
809 2323 920 2379 fuit
949 2341 1106 2381 mors
1137 2324 1249 2380 sibi
1281 2325 1398 2380 vita
1428 2328 1646 2380 manet.

213 2408 284 2470 Et
301 2411 576 2487 quoniam
596 2413 758 2470 locus
775 2416 948 2485 atque
978 2414 1199 2486 gradus
1229 2413 1337 2469 hoc
1362 2415 1658 2486 junxcrat,
1687 2413 1863 2469 [linc-

1645 2504 1795 2575 [mar

288 2591 430 2649 [luic
462 2585 597 2649 fecit
629 2591 946 2664 tumulum,
972 2593 1300 2666 composuit
1330 2591 1589 2649 titulum.

1011 2727 1078 2782 lI.

617 2825 968 2896 Epitaphium
995 2827 1176 2879 sancti
1204 2825 1456 2894 Remigii.

501 2934 774 3012 (Require
803 2935 983 3012 supra
1014 2940 1070 2994 in
1102 2938 1236 2994 Vita
1266 2937 1577 3011 ejusdem.)

991 3066 1091 3120 III.

571 3163 637 3218 In
663 3162 1012 3235 sepulchrum
1038 3163 1220 3218 sancti
1255 3163 1507 3232 Remigii.

677 3275 866 3350 [Apud
901 3275 1204 3332 Flodoard.
1236 3276 1400 3343 ibid.]

219 3378 335 3448 [ioc
366 3388 494 3460 tibi,
529 3391 776 3468 Rcmigi,
812 3390 1115 3448 fabricavit
1145 3409 1355 3464 magne
1381 3391 1738 3464 sepulcrum,

289 3477 640 3537 Hincmarus
671 3480 904 3554 praesul,
939 3482 1152 3538 ductus
1183 3498 1380 3537 amore
1410 3485 1530 3550 tuo,

215 3560 296 3627 Ut.
313 3569 572 3644 requiem
594 3570 880 3628 Dominus
909 3570 1130 3626 tribuat
1159 3570 1324 3638 mihi,
1343 3574 1563 3642 sancte,
1602 3574 1864 3642 precatu,

289 3659 359 3715 Et
387 3659 583 3734 dignis
611 3660 858 3730 meritis,
894 3661 976 3716 mi
1003 3661 1349 3729 venerande,
1384 3659 1522 3716 tuis.

993 3803 1086 3858 IV.

499 3901 564 3957 In
593 3902 766 3957 altari
795 3901 967 3958 beatae
993 3902 1231 3973 Virginis
1261 3907 1582 3956 restaurata.

216 3999 408 4092 [Apud
439 4003 601 4075 oram
629 4017 858 4074 Domini
889 4015 1204 4091 genetricis
1231 4017 1450 4072 honore
1481 4015 1757 4080 dicatam,

1889 1343 1944 1410 Α
1973 1341 2104 1398 Jam
2138 1343 2284 1398 bene
2314 1341 2621 1416 completis
2651 1342 2912 1400 centenis
2931 1341 3111 1400 octies
3130 1342 3324 1410 annis,

1971 1431 2369 1503 Quadraginta
2399 1432 2576 1488 simul
2601 1432 2807 1505 quinto
2835 1428 3100 1489 volvente
3124 1432 3236 1489 sub
3263 1430 3431 1506 ipsis,

1971 1521 2116 1578 Cum
2140 1519 2376 1592 juvenis
2407 1521 2649 1578 Carolus
2680 1525 2904 1594 regeret
2933 1519 3266 1578 diademata
3295 1520 3480 1595 regni,

1970 1608 2135 1665 Hunc
2167 1607 2277 1665 sibi
2309 1613 2601 1682 pastorem
2633 1609 3013 1684 poscentibus
3044 1610 3208 1667 urbis
3237 1609 3513 1668 alumnis.

2765 1755 2826 1810 V.

2020 1850 2098 1905 Ad
2126 1853 2422 1922 imaginem
2450 1852 2548 1908 Dei
2573 1854 2856 1925 genitricis
2891 1854 2950 1908 in
2980 1854 3094 1924 ipso
3121 1853 3293 1908 altari
3315 1853 3569 1925 positam.

1971 1966 2145 2039 Virgo
2176 1968 2548 2024 Mariaotenet
2575 1938 2908 2036 hominem,
2929 1953 3262 2046 regemque.
3289 1968 3618 2050 Deumque,

1970 2053 2309 2111 Visceribus
2340 2055 2593 2128 propriis
2623 2061 2829 2112 natum
2863 2056 2935 2112 de
2966 2043 3222 2112 Flamine
3253 2043 3486 2114 sancto?

2747 2198 2843 2254 VI.

1975 2315 2204 2370 Carmen
2225 2315 2547 2387 inscriptum
2570 2318 2627 2370 in
2653 2315 2792 2370 libro
2814 2315 3100 2385 Evangelii
3118 2319 3278 2387 quem’

2213 2385 2436 2442 donavit
2464 2385 2533 2440 ad
2558 2403 2718 2442 usum
2757 2389 2953 2442 altaris
2985 2385 3148 2443 beata}
3176 2386 3380 2442 Mariae;

1975 2502 2186 2556 Sancta
2214 2501 2314 2558 Dei
2345 2501 2616 2574 genitrix,
2649 2507 2706 2558 et
2736 2519 2967 2574 semper
2993 2501 3154 2576 virgo
3186 2499 3388 2568 Maria,

2047 2590 2395 2647 Hincmarus
2426 2591 2638 2664 praesul
2671 2591 2866 2666 defero
2897 2592 3049 2646 dona
3078 2585 3204 2656 tibi,

1897 2719 1942 2783 Β
1976 2679 2104 2734 Hmc
2134 2679 2230 2750 pia
2259 2697 2385 2752 quae
2415 2660 2617 2751 gessit,
2650 2662 2848 2735 docuit
2878 2697 2982 2736 nos
3013 2666 3277 2735 Christus
3307 2660 3480 2735 Jesus
3593 2728 3600 2736 .

2047 2771 2254 2824 Editus
2285 2786 2353 2824 ex
2384 2774 2566 2837 utero,
2601 2774 2761 2826 casta
2789 2768 3003 2843 puella,
3035 2773 3154 2824 tuo.

2736 2885 2856 2941 VII.

2414 2983 2498 3038 Ex
2527 2983 2750 3039 Ferculo
2778 2999 2822 3049 ι,
2854 2983 3182 3040 Salomonis.

2528 3097 2717 3170 [Apud
2753 3085 3078 3171 Sirinund.]

1973 3217 2195 3290 Agnus,
2229 3215 2329 3271 lux
2359 3215 2586 3283 mundi,
2620 3213 2854 3288 proprio
2881 3232 2988 3272 nos
3017 3231 3256 3297 corpore
3287 3195 3555 3289 pasceris,

2046 3308 2111 3359 In
2148 3304 2316 3360 nobis
2348 3308 2600 3372 maneat,
2627 3301 2855 3362 mansio
2884 3308 3086 3361 nostra
3111 3305 3236 3374 ﬁat,

1973 3395 2196 3466 Agnus,
2232 3393 2360 3448 fons
2389 3392 2540 3461 vitae,
2575 3391 2810 3466 proprio
2841 3410 2948 3449 nos
2979 3367 3526 3470 sanguinegpotans,

2048 3482 2290 3554 Semper
2319 3498 2479 3538 more
2510 3499 2617 3538 suo
2649 3481 2874 3538 debriet
2902 3472 3076 3556 atque
3111 3476 3276 3566 regat

2050 3529 2279 3554 """"l""
2319 3529 2477 3538 """"
2510 3529 2614 3538 *ν’*
2653 3529 2874 3538 ““’“’”“¹⁷
2903 3529 3076 3556 ν·“ι···ν
3111 3529 3275 3556 ’““Ὀ““”
3343 3551 3368 3560 .,
3499 3529 3510 3549 ⁸
3583 3532 3614 3562 ⁵.

1976 3571 2080 3628 Hic
2110 3571 2264 3627 Deus
2295 3571 2685 3644 omnipotens,
2712 3588 2814 3644 per
2842 3588 3018 3644 quem
3052 3555 3449 3628 Pater'om'nia
3472 3549 3627 3639 fecit,

2047 3662 2302 3716 Naturas
2334 3677 2529 3714 rerum
2563 3665 2753 3715 mutat
2783 3663 2848 3716 ut
2877 3660 3000 3732 ipse
3027 3658 3197 3728 volet,
3338 3728 3344 3736 ,
3403 3712 3408 3734 ,
3474 3711 3507 3738 _.
3569 3731 3573 3741 Ι

1980 3750 2076 3805 llic
2110 3767 2280 3805 cruce
2311 3754 2508 3804 nostro
2542 3753 2698 3805 creat
2729 3748 2980 3821 propriis
3008 3752 3068 3810 et
3095 3738 3594 3828 muneralVerbisi'

2049 3836 2254 3908 Fitque
2286 3852 2418 3890 caro
2451 3840 2506 3890 et
2536 3817 2778 3909 sanguis
2807 3817 2959 3907 pane
2985 3819 3213 3912 liquore
3243 3817 3420 3917 suus:
3475 3896 3544 3917 Μ

1978 3924 2039 3980 In
2061 3942 2232 3980 cruce
2250 3941 2384 3980 nam
2404 3941 2616 3996 corpus
2633 3924 2812 3978 ﬁxum
2827 3926 2934 3990 est,
2949 3906 3442 3998 sanguisquoque
3459 3898 3646 3980 Mitis”

2046 4013 2298 4087 Chrysti,
2335 4029 2507 4085 quem
2539 4011 2598 4068 in
2630 4029 2794 4068 ccena
2823 4013 2950 4086 jam
2983 4009 3142 4068 dedit
3172 4013 3305 4093 ante
3331 4001 3482 4093 suis,
3517 4085 3524 4093 ί
3551 4075 3570 4090 Ἴ

214 4081 418 4191 Cultor
445 4107 662 4181 ubique
695 4125 838 4164 suus
867 4081 1157 4162 decoravit
1181 4096 1500 4178 episcopus
1519 4105 1800 4160 Hincmar
1897 4090 1940 4156 C
1977 4101 2122 4157 Cum
2141 4119 2248 4158 nos
2269 4101 2494 4174 indigni
2516 4101 2636 4156 hinc
2656 4081 3647 4179 memoramusjussa,Redemptor.

214 4196 557 4254 Muneribus
590 4195 792 4266 sacris,
825 4195 1063 4252 functus
1092 4194 1201 4250 hac
1233 4195 1368 4250 sede
1401 4193 1674 4250 sacerdos

289 4373 311 4401 ι
343 4359 698 4416 Flodoardus
739 4357 840 4415 lib.
875 4375 960 4426 In,
991 4375 1119 4430 cap.
1167 4358 1250 4425 15,
1293 4356 1478 4430 libros
1513 4371 1867 4430 enumerans

215 4449 366 4505 quos
410 4432 759 4505 Hincmarus
801 4427 1137 4505 composuit
1165 4445 1178 4505 :_
1204 4452 1230 4478 «
1266 4428 1532 4505 Scripsit,
1564 4427 1868 4505 inquit,_ct

215 4498 302 4579 é’d'
318 4517 508 4579 negem
531 4498 969 4579 Carolumppus
987 4498 1604 4579 quoddamegregium
1629 4498 1866 4579 metrice

215 4575 291 4632 de
321 4570 516 4631 Grvatia
555 4580 612 4630 et
661 4570 1174 4630 Praedestinatione
1205 4570 1325 4637 Dei,
1354 4572 1424 4626 de
1461 4570 1864 4626 Sacr-amentis

213 4663 449 4720 quoque
469 4646 738 4719 Corporis
759 4651 814 4702 et
839 4645 1146 4718 sanguinis
1166 4643 1404 4714 Christi,
1427 4647 1484 4697 et
1515 4642 1585 4697 de
1615 4640 1863 4696 videndo

2055 4193 2395 4264 Emptorum
2427 4191 2679 4264 pretium
2713 4207 2958 4247 munera
2989 4195 3187 4247 nostra
3216 4189 3372 4248 facit.

1977 4356 2315 4435 Beotatque
2345 4352 2568 4435 origine
2598 4351 2825 4418 animae,
2859 4349 3046 4435 simul
3067 4367 3147 4435 ag
3165 4351 3236 4407 de
3267 4352 3380 4435 fide
3407 4356 3623 4435 sancte

1976 4419 2307 4500 Trinitatis;
2343 4419 2498 4496 quod
2548 4441 2707 4500 opus,
2743 4419 3056 4500 appellavit
3107 4422 3623 4500 Eerculurpwgglg-

1976 4439 2307 4496 Trinitatis;
2343 4439 2498 4496 quoa
2548 4441 2695 4495 opus
2743 4439 3056 4548 ap'pcuavn
3108 4439 3622 4500 rleﬁ0u1Qm.f§aj9.

1976 4497 2186 4552 monis.
2211 4499 2333 4562 Quo
2363 4513 2637 4578 excepere
2675 4495 2798 4550 Duo
2845 4511 2985 4549 enos
3014 4503 3236 4577 versus
3258 4487 3622 4624 profatu“:

1976 4568 2196 4623 randus
2229 4569 2409 4623 abbas
2441 4585 2497 4622 1n
2531 4565 2680 4621 libro
2711 4567 2781 4620 de
2813 4565 3061 4624 Corpore
3090 4571 3150 4622 et
3181 4563 3399 4624 Sanuul
3507 4567 3622 4624 Do-

1975 4568 2196 4640 randus
2229 4569 2409 4640 abbas
2441 4563 2683 4640 in’libro
2711 4567 2781 4620 de
2813 4565 3061 4638 Corpore
3090 4563 3152 4622 et
3181 4563 3477 4640 sanguine
3507 4563 3623 4625 D61-

1974 4637 2120 4694 mini
2150 4643 2351 4696 contra
2380 4637 2814 4710 Berengarium.
2843 4658 2870 4686 »
