4074 6502
452 411 607 474 1203

901 779 1039 926 All
1131 777 1480 926 OPEM
1579 777 2100 925 lllNCllAlll

1501 411 1602 470 AD
1649 411 1906 472 OPERA
1957 409 2345 471 HINCMARI
2391 409 2809 470 APPENDIX.

3720 408 3876 469 12οι

2197 775 2790 949 IlllllllENSIS
2881 775 3418 924 APPENDIX

1336 1025 2151 1158 HINCMARI
2245 1011 2972 1157 ANNALES

2067 1226 2242 1288 SIVE

977 1361 1570 1451 ANNALIUM
1611 1359 2567 1450 BERTINIANOBUM
2607 1361 2888 1449 PARS
2929 1361 3345 1448 TERTIA

1571 1531 1667 1592 ΑΙ)
1695 1549 1852 1593 αηηο
1882 1531 1994 1593 861
2032 1550 2213 1612 usque
2241 1529 2325 1594 ad
2347 1549 2570 1592 annum
2599 1531 2742 1592 882.

1390 1665 1580 1737 (Apud
1611 1664 1922 1734 Pertzium,
1953 1665 2216 1722 Monum.
2249 1664 2444 1722 Germ.
2477 1663 2644 1732 bist.,
2677 1667 2818 1720 tom.
2855 1663 2924 1732 l.)

521 1984 766 2044 Galindo
785 1992 1170 2062 cognomento
1193 1989 1570 2058 Prudentius,
1591 1969 1939 2047 Tricassinae
1970 1988 2104 2045 civi-

448 2075 589 2132 tatis
619 2074 952 2150 episcopus,
986 2077 1222 2135 natione
1251 2079 1564 2152 Hispanus,
1599 2077 1862 2152 adprime
1893 2078 2103 2135 litteris

448 2164 736 2233 eruditus,
764 2165 866 2238 qui
897 2170 1032 2222 ante
1060 2165 1284 2240 aliquot
1310 2185 1496 2224 annos
1526 2167 1860 2224 Getesealco
1893 2168 2106 2240 praede-

450 2253 769 2311 stinatiano
817 2253 1128 2323 restiterat,
1162 2261 1294 2328 post
1343 2256 1473 2313 felle
1523 2261 1854 2313 commotus
1901 2261 2106 2313 contra

453 2341 742 2414 quosdam
774 2341 1078 2415 episcopos
1112 2360 1310 2400 secum
1343 2345 1598 2401 heretico
1631 2345 1987 2414 resistentes,
2018 2346 2104 2418 ip-

455 2431 582 2488 sius
611 2430 850 2488 haaresis
879 2433 1150 2489 defensor
1177 2433 1523 2503 acerrimus,
1545 2435 1795 2507 indeque
1835 2453 1950 2492 non
1981 2451 2104 2490 mo-

457 2519 588 2576 dica
615 2520 768 2576 inter
797 2536 858 2576 se
881 2521 1110 2578 diversa
1129 2527 1185 2576 et
1207 2522 1337 2579 ﬁdei
1365 2525 1608 2580 adversa
1629 2523 1968 2596 scriptitans
1991 2541 2109 2580 mo-

459 2607 637 2678 ritur;
672 2609 893 2682 sicque,
917 2609 1052 2666 licet
1079 2609 1304 2667 diutino
1340 2611 1619 2686 languore
1651 2613 2008 2686 fatigaretur,
2045 2619 2109 2669 ut

455 2696 686 2756 vivendi
718 2697 800 2754 ita
829 2702 886 2754 et
915 2699 1205 2756 scribendi
1241 2699 1418 2756 finem
1450 2702 1605 2757 fecit.

528 2785 1011 2856 Carolomannus,
1045 2787 1372 2845 Hludowiei
1395 2790 1719 2846 Germaniae
1753 2791 1905 2865 regis
1927 2791 2104 2860 ﬁlius,

457 2892 590 2932 cum
620 2875 873 2934 Resticio
891 2876 1264 2935 Winidorum
1298 2879 1496 2953 regulo
1527 2879 1858 2951 foederatur,
1881 2898 1915 2936 a
1947 2885 2109 2954 patre

458 2963 746 3033 deficit,et
766 2965 1004 3022 Restieii
1021 2965 1238 3022 auxilio
1255 2984 1530 3042 magnam
1549 2967 1662 3026 sibi
1679 2972 1904 3042 partem
1923 2986 2110 3042 usque

458 3053 532 3109 ad
552 3053 662 3110 Hin
679 3053 756 3127 (α)
775 3054 1016 3110 ﬂuvium
1035 3054 1261 3128 paterni
1280 3056 1442 3130 regni
1465 3057 1788 3130 praesumit.
1814 3057 2111 3115 Hludowi-

457 3159 563 3198 cus
593 3159 861 3199 socerum
886 3142 1261 3202 Karlomanni
1285 3144 1388 3200 filii
1422 3144 1534 3214 sui,
1557 3147 1898 3216 Arnustum,
1928 3147 2108 3204 hono-

459 3231 624 3287 ribus
655 3231 863 3305 privat,
887 3237 944 3290 et
972 3238 1210 3307 nepotes
1243 3233 1429 3306 ipsius
1449 3252 1483 3291 a
1503 3251 1680 3308 regno
1714 3253 1820 3292 suo
1842 3237 2109 3309 expellit;

457 3319 558 3392 qui
598 3337 735 3377 cum
782 3321 1094 3389 Adalardo,
1121 3321 1496 3379 Irmintrudis
1546 3323 1756 3396 reginae
1797 3323 2106 3392 avunculo,

458 3425 564 3464 suo
596 3413 794 3465 autem
824 3408 1173 3484 propinquo,
1207 3427 1382 3484 quem
1417 3412 1723 3470 Letharius
1774 3413 1964 3486 patrui
2015 3414 2105 3470 sui

457 3495 784 3554 Illudowici
811 3498 1061 3555 factione
1083 3498 1523 3572 insequebatur.
1551 3502 1824 3558 Karolum
1857 3505 2103 3571 adeunt;

457 3603 492 3641 a
519 3603 635 3658 quo
666 3586 915 3660 benigne
945 3588 1354 3661 suscipiuntur
1373 3595 1430 3646 ct
1457 3589 1775 3648 honoribus
1807 3591 2108 3649 consolan-

454 3679 574 3731 tur.
596 3675 706 3732 Sed
739 3680 796 3732 et
825 3693 970 3750 pene
999 3694 1204 3735 omnes
1229 3677 1329 3751 qui
1361 3695 1547 3752 nuper
1576 3698 1610 3736 a
1643 3680 1842 3738 Karolo
1875 3683 1945 3737 ad
1976 3682 2108 3738 Illu-

455 3763 753 3821 dowieum
775 3765 1126 3834 defecerant,
1147 3767 1218 3824 ad
1242 3767 1521 3826 Karolum
1546 3774 1932 3840 revertuntur,
1955 3775 2013 3827 et
2033 3771 2105 3827 ab

454 3868 523 3910 eo
553 3852 949 3911 familiaritate
977 3860 1036 3912 et
1065 3856 1390 3914 honoribus
1420 3859 1796 3914 redonantur.

525 3941 671 3998 Dani
693 3943 772 4012 (ὁ)
792 3943 894 4016 qui
919 3943 1146 4016 pridem
1179 3945 1474 4002 Morinum
1497 3947 1564 4020 (ε)
1589 3947 1883 4004 civitatem
1908 3949 2105 4006 incen-

451 4031 678 4099 derant,
701 4031 774 4088 de
817 4032 1021 4107 Anglis
1070 4039 1442 4102 revertentes,
1476 4036 1624 4092 duce
1652 4035 1938 4093 Welando
1972 4053 2106 4094 cum

452 4118 720 4177 ducentis
739 4123 797 4176 et
811 4137 877 4176 eo
897 4121 1154 4195 amplius
1170 4124 1419 4180 navibus
1438 4141 1542 4196 per
1557 4125 1888 4198 Sequanam
1910 4143 2108 4182 ascen-

451 4209 620 4279 dunt,
642 4212 700 4266 et
727 4209 1034 4267 castellum
1063 4211 1124 4268 in
1157 4211 1352 4269 insula
1379 4229 1507 4286 qua:
1537 4213 1799 4272 Oscellus
1821 4215 2038 4272 dicitur
2064 4232 2099 4272 a

2125 1899 2180 1967 Α
2209 1896 2586 1954 Nortmannis
2605 1893 3007 1953 constructum
3019 1899 3096 1962 ,et
3111 1895 3346 1953 eosdem
3360 1896 3768 1953 Nortmannos
3785 1896 3882 1954 ob-

2212 1986 2516 2043 sident.Ad
2529 2003 2782 2059 quorum
2794 1984 3190 2042 obsidentium
3207 1984 3473 2042 videlicet
3488 1985 3786 2042 locarium
3801 1988 3880 2058 (εἰ)

2213 2075 2473 2149 quinque
2504 2074 2688 2130 millia
2712 2074 2895 2131 libras
2916 2074 3139 2148 argenti
3165 2091 3300 2131 cum
3327 2074 3682 2131 animalium
3701 2081 3878 2150 atque

2212 2182 2457 2222 annonae
2488 2180 2724 2220 summa
2754 2180 2869 2220 non
2911 2162 3142 2219 modica
3171 2164 3243 2220 de
3285 2179 3460 2237 regno
3500 2181 3635 2234 suo,
3668 2181 3746 2221 ne
3777 2166 3877 2222 de-

2214 2253 2592 2328 praadaretur,
2617 2251 2766 2324 exigi
2815 2251 3058 2308 Karolus
3104 2252 3396 2326 praecepit,
3429 2257 3488 2308 et
3531 2254 3876 2327 Sequanam

2213 2340 2524 2409 transiens,
2542 2340 2886 2396 Meidunum
2905 2341 2974 2414 (ε)
2992 2357 3169 2414 super
3185 2341 3438 2414 Ligerim
3454 2341 3598 2411 adit,
3614 2343 3880 2400 Rodber-

2213 2434 2341 2486 tum
2361 2431 2425 2502 (Γ)
2445 2447 2580 2486 cum
2603 2428 2832 2502 placitis
2852 2429 3174 2486 honoribus
3196 2429 3547 2504 recipit.0ua
3563 2432 3878 2490 occasione

2215 2518 2561 2576 Guntl‘ridus
2601 2524 2658 2574 et
2690 2519 3016 2588 Gozfridus,
3041 2535 3296 2592 quorum
3326 2519 3568 2577 consilio
3619 2521 3876 2579 Karolus

2217 2626 2331 2681 prae
2341 2609 2523 2664 fatum
2549 2608 2905 2664 Rodbertum
2929 2612 3244 2682 receperat,
3265 2625 3398 2666 cum
3420 2608 3544 2670 suis
3565 2610 3876 2684 complici-

2217 2699 2328 2754 bus
2355 2696 2645 2770 gentilitia
2683 2697 3009 2754 mobilitate
3049 2702 3109 2754 et
3147 2698 3350 2754 inolita
3379 2700 3810 2756 consuetudine
3841 2718 3877 2757 ι

2217 2786 2416 2842 Carolo
2441 2787 2513 2841 ad
2545 2785 2937 2854 Salomonem,
2953 2785 3258 2844 Britonum
3281 2788 3296 2824 ¹
3320 2788 3872 2856 ducem,deﬁciunt.

2219 2875 2443 2932 Interea
2464 2875 2761 2932 Danorum
2783 2891 2920 2948 pars
2939 2875 3120 2932 altera
3139 2893 3274 2932 cum
3297 2877 3598 2951 sexaginta
3619 2879 3876 2935 navibus

2218 2981 2320 3038 per
2336 2964 2666 3036 Sequanam
2689 2963 2749 3020 in
2774 2963 3018 3020 ﬂuvium
3042 2964 3235 3022 Tellas
3255 2967 3333 3038 (θ)
3353 2967 3700 3036 ascendunt,
3717 2967 3879 3024 inde-

2219 3070 2332 3126 que
2362 3053 2432 3108 ad
2466 3052 2802 3109 obsidentes
2842 3051 3150 3110 castellum
3194 3055 3554 3128 perveniunt,
3579 3060 3638 3112 et
3665 3073 3877 3113 eorum

2220 3142 2493 3199 societate
2515 3143 2870 3214 junguntur.
2898 3142 3136 3199 Obsessi
3166 3148 3362 3200 autem
3390 3143 3560 3201 famis
3592 3144 3790 3201 inedia
3818 3149 3880 3201 et

2221 3231 2467 3288 miseria:
2488 3231 2682 3288 omnis
2699 3234 2720 3266 ²
2735 3229 3028 3304 squallore
3046 3232 3463 3306 compulsi,sex
3484 3233 3670 3290 millia
3691 3234 3878 3292 libras

2220 3321 2372 3377 inter
2387 3337 2596 3376 aurum
2617 3325 2674 3376 et
2691 3324 2998 3394 argentum
3013 3320 3421 3380 obsidentibus
3434 3324 3656 3380 donant
3668 3323 3880 3397 eisque

2219 3409 2537 3478 sociantur,
2563 3415 2620 3466 et
2651 3409 2733 3465 sic
2766 3427 2869 3482 per
2894 3411 3226 3484 Sequanam
3259 3429 3444 3486 usque
3473 3413 3545 3469 ad
3576 3430 3741 3470 mare
3769 3414 3874 3471 de-

2215 3499 2523 3555 scendunt.
2549 3501 2704 3565 Quos
2735 3498 3052 3558 imminens
3077 3499 3267 3558 hiems
3297 3500 3521 3576 ingredi
3543 3519 3705 3559 mare
3734 3520 3870 3576 pro-

2215 3587 2426 3655 hibuit,
2452 3589 2604 3644 unde
2627 3606 2688 3644 se
2713 3606 2818 3660 per
2847 3588 3112 3663 singulos
3134 3593 3338 3663 portus
3357 3591 3431 3646 ab
3453 3591 3580 3664 ipso
3611 3589 3741 3649 loco
3763 3592 3870 3648 Pa-

2215 3675 2392 3733 risius
2426 3694 2612 3749 usque
2641 3678 2966 3733 secundum
3015 3695 3154 3736 suas
3202 3678 3543 3737 sodalitates
3571 3681 3867 3738 dividunt.

2214 3765 2540 3822 Welandus
2565 3771 2766 3844 autem
2799 3783 2901 3839 per
2926 3767 3258 3840 Sequanam
3285 3785 3472 3842 usque
3502 3770 3574 3826 ad
3607 3775 3872 3827 castrum

2216 3854 2572 3911 Milidunum
2594 3871 2729 3911 cum
2753 3856 2927 3913 sociis
2948 3856 3075 3913 suis
3095 3857 3380 3914 ascendit.
3398 3857 3716 3915 Castellani
3736 3877 3874 3917 vero

2215 3961 2350 4000 cum
2373 3944 2640 4001 Welandi
2659 3946 2681 3980 ³
2703 3944 2822 4002 lilio
2858 3945 3110 4003 Fossatis
3133 3948 3212 4017 (Ιι)
3234 3947 3656 4004 monasterium
3691 3966 3873 4006 occu-

2216 4039 2377 4107 pant.
2390 4033 2735 4090 llincmarus
2751 4035 3216 4108 (i),Durocortori
3243 4036 3558 4093 Remorum
3580 4038 3874 4113 archiepi-

2215 4140 2450 4196 scopus,
2467 4125 2689 4196 synodo
2718 4124 3190 4198 comprovinciali
3214 4127 3369 4198 apud
3401 4129 3827 4184 monasterium
3847 4129 3875 4164 ⁸

2213 4219 2550 4272 sanctorum
2582 4214 2833 4286 Crispini
2873 4220 2932 4271 et
2971 4215 3326 4289 Crispiniani
3357 4233 3528 4274 secus
3571 4217 3871 4276 civitatem

1718 4341 2129 4399 VARIANTES
2169 4339 2591 4398 LECTIONES.

522 4433 540 4468 ²
571 4430 902 4512 Brittonum
949 4433 1070 4512 Ch.
1096 4435 1178 4490 ita
1221 4439 1470 4512 s.;epius._
1520 4439 1541 4473 ³
1572 4439 1811 4496 miseria
1859 4441 2019 4497 omni
2071 4439 2168 4497 Ch.
2199 4447 2250 4496 et
2284 4440 2348 4494 Β.
2425 4440 2448 4474 ³
2477 4437 2746 4496 welando
2779 4439 2874 4495 Ch.
2905 4447 2959 4496 et
2985 4441 3051 4496 Β.
3129 4443 3152 4476 ι
3180 4443 3266 4497 ita
3292 4444 3541 4512 correxi,-
3591 4443 3687 4501 Ch.
3718 4451 3772 4500 ει
3799 4445 3864 4499 Β.

448 4502 828 4577 martyrium;
863 4508 924 4563 in
945 4504 1126 4564 codice
1153 4502 1414 4582 scriptum
1439 4510 1612 4580 fuerit
1638 4512 1876 4568 mrium.

2045 4627 2278 4685 NOTAE.

516 4717 595 4843 ςᾳ)
606 4716 748 4774 Vide
767 4718 949 4789 hujus
967 4718 1207 4776 editoris
1229 4723 1516 4780 monitum
1536 4725 1685 4798 parti
1704 4728 1972 4782 secundae
1989 4729 2096 4784 An-
2130 4733 2173 4798 D

516 4835 522 4843 .
548 4805 670 4843 tum
702 4790 1171 4843 Bertinianorum
1211 4796 1505 4843 nrmﬁxnm
1557 4797 1894 4843 Pntmlnaim
1938 4805 2093 4843 tnmn

447 4787 1172 4870 naliutnBertinianqrum
1211 4796 1508 4870 praefixum
1536 4787 1894 4870 ‘Patrologiae
1938 4805 2093 4856 temo

446 4859 584 4916 CXV
616 4860 770 4942 inter
796 4861 984 4942 Opera
1015 4859 1332 4942 Prudentii,
1359 4866 1418 4921 in
1450 4884 1564 4938 quo
1596 4859 1907 4942 Hincniaro
1930 4871 2092 4942 Rhe-

449 4937 636 5006 mensi
666 4937 950 5006 asseritur
988 4951 1124 5006 pars
1172 4937 1343 4994 tertia
1387 4937 1726 4995 eorumdem
1757 4941 2094 4998 Annalium.

449 5002 726 5079 Nonnulli
757 5002 1156 5079 tamenfinter
1171 5024 1322 5079 quos
1353 5014 1618 5065 auctores
1639 5010 1835 5066 Galliis
1859 5013 2096 5069 Littera-

447 5074 566 5145 τίω,
592 5074 772 5148 hujus
799 5075 930 5133 libri
956 5074 1364 5150 paternitatem
1393 5081 1704 5136 Hinemaro
1735 5083 2092 5152 abjudicant.

1588 5153 1746 5208 Eurr.
1781 5153 2023 5210 PATROL.

519 5217 708 5302 ςῡλςΐ.
737 5216 1050 5302 gbron._de
1079 5220 1272 5302 gestis.
1292 5221 1490 5302 Norm_.

519 5288 588 5361 (c)
607 5289 769 5344 Hunf
768 5288 850 5344 rid
859 5288 1308 5370 us,M_orinensis
1321 5294 1865 5370 s_eu_'l‘arvanncns_is
1879 5297 2096 5370 episco-

446 5376 577 5432 pus,
599 5377 629 5416 e
649 5377 758 5416 sua
787 5361 929 5438 urbe
950 5379 982 5416 a
1005 5363 1386 5438 Nortmannis
1402 5365 1668 5438 fugatus,
1693 5361 1999 5424 abdicandi
2034 5371 2090 5426 in

445 5437 790 5512 perpetuum
817 5434 1189 5559 episcpjmtns
1211 5434 1518 5492 consilium
1545 5441 1822 5521 suscepit,
1845 5459 2092 5514 eamque

447 5520 504 5556 in
529 5520 650 5558 rem
667 5521 847 5559 censu
880 5513 965 5559 ult
984 5537 999 5559 ι
1035 5508 1284 5559 icolaum
1312 5511 1658 5559 nanammni
1683 5529 1732 5559 m
1757 5513 1838 5559 ain
1863 5531 2092 5559 rmnnn-

447 5505 650 5586 inrem
667 5505 965 5586 consuluit
983 5505 1284 5586 Nicolaum
1312 5525 1544 5586 papam,
1559 5511 1658 5586 qui
1683 5505 1736 5566 ei
1757 5505 1838 5567 sic
1862 5505 2092 5586 respon-

443 5573 568 5629 dit;
593 5574 768 5653 Scias,
789 5573 1331 5653 (ﬁrmissime/mter;
1352 5573 1489 5650 ᾳξιοιι
1529 5573 1590 5635 in"
1615 5573 1984 5653 [urmiciosmh
2013 5595 2091 5640 est

442 5653 717 5728 prorem?
746 5647 1231 5728 ίγξ-ιναηίίαιίιίιαιθ
1259 5647 1451 5705 nauem
1469 5647 1727 5715 descrbrr,
1751 5665 1950 5728 (manto
1982 5675 2089 5712 ma-

446 5717 528 5783 gis
560 5719 615 5770 in
645 5717 919 5785 ﬂuctibus.
955 5717 1241 5783 Bouourrr.

2271 4725 2352 4795 (vi)
2387 4723 2640 4780 Pretium
2677 4724 3002 4782 locationis.

2275 4801 2350 4865 (θ)
2380 4796 2557 4859 Mean.
2591 4796 2746 4852 infra
2780 4798 3146 4854 Aurelianos.

2273 4869 2339 4940 (ί)
2373 4867 2660 4953 Itobcrtus
2709 4868 2816 4953 ille
2853 4876 2963 4953 est,
2991 4871 3634 4953 cognomento_l“ortis,
3667 4891 3702 4953 a
3741 4891 3862 4953 quo

2207 4957 2372 5067 f3chs
2405 4940 2756 4996 Francorum
2805 4940 2983 4998 tertia:
3022 4940 3223 5016 stirpis
3262 4943 3552 5016 originem
3593 4940 3858 5001 trahunt.

2253 5029 2498 5067 υυουετ.

2253 5029 2498 5074 υυΟυΕΤ.

2275 5081 2562 5210 (ἐξέθνὲ
2587 5082 2945 5151 Normannia
2973 5085 3030 5141 in
3052 5101 3201 5160 pago
3228 5086 3430 5143 Tellau.
3447 5086 3650 5144 Valus.
3674 5088 3858 5145 Notit.

2250 5195 2262 5209 .
2293 5177 2391 5210 DQ!
2407 5195 2420 5216 ν
2453 5177 2580 5209 ΟΊΟ.

2204 5170 2262 5226 p.
2293 5170 2420 5216 ου,
2453 5170 2580 5209 om.

2274 5228 2350 5297 (Ιι)
2381 5226 2728 5282 Saint-Maur
2753 5225 2846 5281 des
2875 5227 3076 5284 Posses.

2272 5301 2337 5376 (Αἱ)
2371 5297 2721 5376 Hincmarus
2746 5313 2856 5376 per
2884 5304 3012 5355 octo
3056 5317 3242 5376 annos
3273 5301 3578 5376 occasione
3608 5304 3858 5376 quaesita

2203 5367 2534 5444 Rothadum
2565 5369 2638 5444 ab
2669 5367 3006 5444 episcopatu
3056 5372 3385 5444 dejiciendi,
3421 5374 3570 5429 hunc
3611 5367 3852 5432 t'amlem

2201 5441 2468 5518 captavit.
2495 5439 2795 5518 Rothndns
2819 5439 3216 5518 presbyterum
3237 5439 3552 5518 quemdam
3575 5464 3692 5502 sua:
3715 5448 3852 5504 dite

2199 5529 2396 5591 eoseos
2422 5512 2478 5591 in
2499 5517 2704 5591 stupro
2724 5512 3449 5591 deprchensumranonice
3465 5520 3848 5591 deposuerat:

2197 5584 2381 5664 et__il|e
2404 5584 2474 5638 ad
2500 5583 3012 5664 metropolitanum
3035 5587 3333 5664 cenfugit:
3367 5583 3556 5661 quem'
3573 5591 3768 5664 episco

2198 5656 2492 5733 infensum
2505 5661 2772 5733 noverat.
2794 5655 3138 5733 Hincmarus
3163 5655 3566 5733 presbyterum
3585 5655 3853 5719 sacerdo-

2199 5728 2276 5782 tio
2309 5726 2466 5796 fungi
2493 5726 2676 5798 jussit
2717 5733 2846 5799 post
2888 5726 3230 5798 triennium,
3263 5726 3481 5804 injuste
3511 5735 3844 5809 depositum
