4074 6552
233 519 258 582 1
271 519 388 582 205

1043 520 1402 584 ANNALES
1451 521 1858 582 lllNCMARt)
1903 521 2410 586 DUBlTANTElt
2455 527 2838 590 ASCRIPTI.

3491 528 3647 592 1206

232 633 565 712 Βαθεείοηίδε
589 652 921 709 Rothadum
946 654 983 720 ι,
1007 653 1196 726 ipsius
1217 654 1381 711 urbis
1402 653 1764 728 episcopum,
1788 670 1878 710 re-
1911 654 1963 721 Α
1994 654 2238 730 singulae
2263 675 2447 732 aquae,
2474 662 2632 718 lsara
2653 662 2723 734 (θ)
2748 661 2988 731 scilicet,
3009 661 3278 720 Matrona
3299 665 3358 720 et
3377 662 3650 738 Sequana

233 743 388 818 gulis
410 741 821 799 coclesiasticis
843 743 1076 799 obedire
1107 743 1400 800 nolentem
1423 743 1736 816 episcopali
1763 743 1884 815 pri-

229 837 329 890 vat
351 831 762 888 communione
783 833 1107 889 secundum
1129 834 1359 888 decreta
1374 850 1687 902 canonum,
1705 834 1886 888 donec

234 922 488 980 obediat.

310 1011 834 1079 Karolus,dimisso
858 1011 976 1068 filio
1005 1029 1111 1067 suo
1136 1011 1481 1068 Hludowico
1512 1014 1622 1068 sub
1641 1013 1885 1068 Adalar-

235 1100 312 1169 di,
341 1099 715 1156 Irmintrudis
741 1098 951 1172 reginae
975 1099 1265 1167 avunculi,
1286 1099 1642 1172 bajulatione
1665 1101 1737 1155 ad
1761 1116 1888 1155 cus-

234 1189 455 1247 todiam
477 1187 636 1260 regni
658 1197 860 1245 contra
881 1189 1292 1256 Nortmannos,
1315 1206 1348 1244 a
1369 1189 1726 1261 quibusdam
1747 1189 1888 1243 invi-

234 1283 395 1335 tatus
419 1279 586 1351 quasi
619 1295 866 1350 regnum
899 1279 1206 1334 Provinciae
1241 1279 1579 1352 adepturus,
1606 1280 1885 1352 quoniam

235 1369 506 1436 Karolus,
537 1367 792 1423 Lotharii
816 1363 1112 1441 quondam
1145 1369 1513 1442 imperatoris
1539 1369 1695 1424 filius
1715 1367 1888 1423 inuti-

233 1457 309 1514 lis
331 1461 503 1530 atque
533 1456 950 1514 inconveniens
981 1459 1137 1531 regio
1167 1457 1369 1513 honori
1399 1463 1456 1514 et
1487 1457 1709 1513 nomini
1742 1459 1886 1512 fere-

236 1549 428 1615 batur,
451 1564 583 1604 cum
617 1564 793 1603 uxore
826 1549 1225 1620 Burgundiam
1272 1565 1459 1620 usque
1491 1549 1562 1603 ad
1596 1547 1886 1603 civitatem

237 1636 686 1694 Matescensium
715 1637 790 1708 (α)
812 1643 1099 1710 peragrat.
1127 1638 1234 1693 Ubi
1267 1639 1441 1693 rebus
1477 1655 1683 1710 parum
1717 1654 1886 1710 pros-

237 1742 373 1800 pere
416 1726 626 1799 gestis,
668 1731 725 1782 et
773 1727 1303 1799 depraedationibus
1353 1726 1622 1800 plurimis
1673 1726 1885 1800 populo

236 1819 402 1872 terra:
433 1815 701 1888 ingestis,
734 1816 1112 1894 Pontigonpm
1162 1817 1442 1890 palatium
1489 1817 1656 1881 redit,
1689 1815 1886 1889 ibique

237 1903 603 1961 missaticum
625 1921 692 1961 ex
713 1909 876 1978 parte
901 1905 1224 1962 Hludowici
1250 1906 1447 1962 fratris
1469 1905 1580 1972 sui,
1605 1909 1662 1962 et
1685 1907 1888 1962 Lotha-

238 1994 324 2094 rii.
358 1995 585 2066 nepotis
617 1995 729 2060 sui,
765 1994 836 2052 ab
875 1996 1177 2062 Adventio,
1212 1995 1583 2052 Mettensium
1634 1994 1887 2050 civitatis
1923 2031 1965 2094 Β

237 2082 528 2156 episcopo,
555 2088 612 2140 et
638 2085 927 2140 Leutardo
949 2083 1160 2140 comite
1183 2084 1442 2140 delatum
1466 2085 1648 2150 audit,
1672 2101 1887 2156 eosque

239 2173 503 2242 absolvit,
526 2176 584 2229 et
612 2173 766 2229 diem
800 2173 1011 2229 natalis
1037 2173 1340 2229 dominicae
1371 2174 1588 2242 festive,
1613 2177 1678 2228 ut
1707 2173 1887 2228 moris

238 2266 346 2329 est,
381 2261 652 2319 celebrat.

889 2353 1237 2408 DCCCLXII.

309 2441 549 2498 Carolus
597 2459 700 2514 per
745 2442 943 2497 Remis
966 2443 986 2476 ²
1017 2441 1304 2497 civitatem
1345 2441 1678 2498 Suessionis
1710 2443 1885 2509 venit,

239 2529 338 2586 ubi
369 2547 486 2586 non
515 2530 734 2586 incerto
765 2531 979 2586 nuncio
1003 2533 1304 2603 comperit,
1329 2531 1467 2603 quia
1498 2531 1618 2586 filia
1637 2532 1764 2602 ejus
1793 2531 1892 2587 Ju-

242 2619 388 2688 dith,
414 2619 616 2675 relicta
637 2615 858 2675 scilicet
882 2619 1179 2676 Edelboldi
1214 2620 1368 2692 regis
1390 2621 1732 2693 Anglorum,
1762 2639 1890 2693 qum

241 2707 712 2780 possessionibus
731 2708 982 2765 venditis
1002 2726 1150 2782 quas
1169 2709 1230 2764 in
1250 2709 1569 2781 Anglorum
1593 2726 1770 2781 regno
1793 2711 1891 2765 ob-

241 2797 516 2862 tinuerat,
539 2798 611 2852 ad
633 2803 857 2870 patrem
890 2797 1080 2865 rediit,
1108 2803 1164 2854 et
1189 2798 1248 2854 in
1281 2799 1624 2854 Silvanectis
1645 2799 1718 2872 (ὁ)
1753 2799 1890 2854 civi-

242 2889 420 2943 tatem
450 2886 643 2943 debito
675 2887 887 2960 reginae
911 2887 1128 2944 honore
1151 2888 1261 2943 sub
1287 2887 1534 2943 tuitionc
1567 2893 1807 2960 paterna
1837 2891 1895 2944 et

243 2975 402 3048 regia
423 2980 596 3048 atque
616 2975 934 3049 episcopali
959 2975 1224 3032 custodia
1245 2977 1826 3043 scrvabatu1',doncc,
1843 2977 1892 3032 si

245 3081 307 3121 se
337 3065 632 3121 continere
663 3081 779 3120 non
814 3069 1028 3138 posset,
1055 3067 1379 3121 secundum
1413 3065 1764 3137 apostolum,
1790 3065 1894 3120 sci-

243 3153 378 3210 licet
409 3157 804 3225 compctentcr
834 3171 899 3209 ac
930 3153 1212 3226 legaliter,
1247 3155 1512 3220 nuberet,
1539 3153 1890 3210 Balduinum

245 3242 517 3298 comitem
549 3243 618 3312 (ε)
651 3241 775 3314 ipso
809 3242 1190 3310 lenocinante,
1217 3247 1272 3298 et
1303 3244 1478 3298 fratre
1509 3260 1614 3298 suo
1647 3243 1722 3311 (ίὶ)
1754 3243 1892 3298 Hlu-

245 3331 471 3388 dowico
493 3331 912 3402 consentiente,
938 3335 1162 3387 mutato
1196 3331 1397 3387 habitu
1419 3337 1508 3386 est
1529 3335 1760 3398 secuta;
1793 3331 1889 3386 sed

247 3424 305 3478 et
325 3420 462 3492 quia
483 3401 1057 3488 Hludowicus,filius
1079 3421 1226 3492 ejus,
1253 3438 1286 3476 a
1307 3419 1562 3492 praefatis
1585 3420 1892 3476 Guntt‘rido
1923 3401 1964 3466 (ἶ

245 3513 304 3566 et
325 3507 590 3566 Gozfrido
608 3509 976 3579 sollicitatus,
997 3509 1224 3565 relectis
1247 3510 1520 3566 ﬁdelibus
1543 3509 1746 3582 patris,
1761 3527 1893 3564 cum

248 3597 450 3672 paucis
472 3602 644 3654 noctu
668 3598 913 3671 aufugit,
938 3602 994 3654 et
1014 3599 1318 3670 transfuga
1340 3599 1410 3654 ad
1435 3616 1496 3654 se
1518 3598 1896 3655 sollicitantes

247 3687 525 3760 pervenit.
559 3687 725 3743 Unde
767 3704 865 3742 rex
915 3685 1159 3743 Karolus
1207 3687 1511 3759 episcopos
1558 3694 1614 3743 et
1661 3693 1896 3744 caeteros

248 3775 410 3849 regni
443 3775 532 3830 sui
567 3776 851 3848 primores
881 3775 1216 3844 consulens,
1252 3782 1381 3848 post
1411 3777 1720 3831 mundana:
1753 3776 1897 3847 legis

237 3863 533 3936 judicium
563 3865 906 3920 canonicam
928 3865 949 3898 ³
979 3865 1038 3919 in
1073 3865 1426 3934 jamdictum
1458 3865 1810 3920 Balduinum
1843 3870 1899 3920 et

245 3953 473 4020 Judith,
491 3970 616 4026 quas
641 3971 772 4009 cum
797 3955 922 4008 fure
947 3953 1207 4008 cucurrit
1221 3957 1275 4009 et
1298 3953 1545 4008 adulteri
1571 3953 1895 4025 portionem

244 4058 308 4099 se
335 4041 488 4110 fecit,
505 4043 828 4099 secundum
853 4041 1040 4097 edicta
1071 4043 1222 4098 beati
1255 4042 1513 4114 Gregorii
1537 4065 1565 4091 «
1591 4045 1653 4096 ut
1686 4041 1734 4097 si
1765 4042 1896 4114 quis

245 4133 482 4188 viduam
513 4132 572 4187 in
607 4150 843 4188 uxorem
891 4133 1119 4188 furatus
1166 4133 1360 4200 fuerit,
1382 4136 1437 4187 et.
1468 4133 1897 4188 consentientes

247 4221 320 4288 ei,
346 4221 656 4278 anathema
675 4222 850 4290 sint,»
867 4222 1126 4293 depromi
1149 4221 1496 4278 sententiam
1521 4223 1592 4277 ab
1610 4219 1896 4294 episc0pis

250 4309 433 4382 petiit.
457 4311 766 4367 Abbatiam
801 4327 1033 4383 quoque
1082 4311 1268 4367 sancti
1319 4309 1575 4381 Martini,
1600 4327 1775 4382 quam
1809 4309 1896 4365 in-

250 4398 515 4455 consulte
548 4400 882 4472 praescripto
917 4399 1033 4454 filio
1067 4417 1172 4455 suo
1197 4399 1896 4466 Hludcwico-donaverat,

250 4505 366 4544 non
399 4487 540 4544 satis
563 4488 828 4544 consulte
859 4489 1173 4554 Hucberto,
1200 4489 1406 4544 clerico
1439 4490 1770 4560 conjugato,
1795 4491 1896 4544 do-

249 4577 426 4632 navit.
458 4577 712 4650 Indeque
748 4578 1141 4633 Silvanectum
1175 4577 1442 4649 perrexit,
1471 4579 1570 4632 ubi
1597 4579 1737 4633 dum
1774 4596 1896 4634 mo-

247 4670 498 4731 raretur,
521 4671 863 4739 exspectans
885 4671 949 4721 ut
977 4667 1048 4722 ad
1087 4683 1220 4722 eum
1264 4665 1514 4738 populus
1546 4667 1895 4734 conveniret,

1997 747 2532 817 custodirentur,ne
2551 750 2901 808 Nortmanni
2920 750 2980 806 in
2997 753 3252 824 praedam
3265 751 3348 809 ire
3364 751 3646 822 valerent,

1997 835 2280 892 nuncium
2314 839 2554 911 accepit,
2580 839 2719 912 quia
2739 841 3037 896 Danorum
3057 840 3222 897 electi
3252 842 3322 897 de
3342 841 3438 896 his
3459 841 3558 914 qui
3583 841 3646 897 in

1998 925 2256 981 Fossatis
2301 929 2656 997 resederant,
2683 947 2817 986 cum
2859 929 3054 1002 parvis
3095 930 3344 986 navibus
3387 929 3645 986 Meldeno

1996 1014 2150 1070 sium
2174 1015 2242 1086 (Γ)
2261 1015 2553 1072 civitatem
2573 1019 2822 1074 adirent.
2849 1019 2978 1091 Ipse
2999 1023 3197 1074 autem
3220 1009 3354 1074 cum
3383 1018 3466 1075 eis
3497 1035 3646 1090 quos

1997 1120 2197 1160 secum
2229 1105 2436 1160 habuit
2464 1105 2562 1162 illo
2608 1125 2845 1180 pergere
2877 1107 3220 1176 maturavit;
3256 1112 3313 1164 et
3340 1106 3642 1180 quoniam,

1996 1194 2274 1265 pontibus
2291 1211 2325 1250 a
2341 1195 2719 1252 Nortmannis
2737 1199 3051 1254 destructis
3070 1201 3126 1254 et
3142 1197 3390 1254 navibus
3406 1212 3650 1269 occupa-

1996 1282 2094 1350 tis,
2113 1299 2212 1338 eos
2240 1283 2398 1339 adire
2431 1301 2544 1339 non
2579 1290 2820 1357 poterat,
2847 1287 3172 1342 necessario
3210 1303 3355 1343 usus
3377 1285 3644 1353 consilio,

1997 1376 2234 1443 pontem
2266 1374 2338 1428 ad
2370 1373 2625 1428 insulam
2676 1391 2845 1430 secus
2893 1377 3226 1447 Trejectum
3248 1375 3320 1447 (g)
3351 1373 3555 1446 reficit,
3587 1377 3648 1431 et

1996 1459 2374 1516 Nortmannis
2397 1462 2788 1518 descendendi
2810 1463 3038 1519 aditum
3060 1463 3426 1531 intercludit;
3451 1479 3647 1519 scaras

1997 1548 2380 1607 nihilominus
2401 1567 2469 1606 ex
2489 1556 2738 1624 utraque
2769 1553 2895 1626 ripa
2925 1553 3201 1609 Matronae
3223 1553 3295 1610 ad
3318 1550 3646 1608 custodiam

1997 1639 2256 1710 deputat.
2283 1642 2406 1707 Qua
2435 1641 2506 1696 de
2533 1659 2593 1697 re
2625 1643 2968 1698 Nortmanni
3000 1641 3168 1698 valde
3197 1639 3520 1707 constricti,
3544 1639 3646 1696 ob-

1997 1726 2151 1798 sides
2173 1727 2386 1785 electos
2413 1735 2469 1785 et
2489 1730 2688 1786 Carolo
2713 1731 2926 1787 missos
2957 1749 3023 1788 ea
3052 1731 3382 1787 conditione
3402 1731 3645 1800 donant,

1997 1821 2063 1872 ut
2093 1835 2294 1874 omnes
2327 1819 2584 1892 captivos
2617 1837 2762 1892 quos
2795 1825 3065 1893 ceperant
3097 1825 3408 1893 postquam
3440 1819 3648 1876 Matro-

1997 1925 2134 1962 nam
2169 1908 2542 1978 intraverant,
2569 1909 2694 1965 sine
2718 1927 2880 1966 mora
2902 1911 3098 1982 aliqua
3120 1911 3444 1978 redderent,
3467 1912 3524 1965 et
3543 1911 3656 1964 aut-

1997 2014 2131 2051 cum
2163 1997 2292 2052 aliis
2325 1999 2703 2054 Nortmannis
2744 1999 3060 2056 constituto
3111 2000 3203 2055 die
3253 1998 3449 2071 placiti
3483 2014 3516 2054 a
3545 1997 3646 2052 Se-

1997 2103 2194 2158 quana
2226 2089 2554 2145 recedentes
2580 2106 2738 2145 mare
2760 2093 3040 2162 peterent,
3070 2093 3172 2145 aut
3195 2088 3247 2144 si
3277 2087 3382 2162 alii
3397 2103 3530 2144 cum
3561 2085 3646 2142 eis

1998 2175 2184 2230 redire
2233 2193 2346 2231 non
2376 2177 2606 2242 vellent,
2632 2197 2750 2234 una
2779 2195 2912 2234 cum
2945 2177 3198 2234 exercitu
3229 2150 3414 2234 Cardii
3464 2180 3645 2232 retra-

1997 2269 2219 2320 ctantes
2251 2265 2333 2320 ire
2383 2265 2532 2321 bello
2584 2272 2946 2340 appeterent;
3001 2267 3221 2339 sicque,
3243 2265 3398 2323 datis
3444 2265 3645 2322 decem

1998 2351 2322 2420 obsidibus,
2360 2359 2497 2408 sunt
2543 2356 2612 2410 ad
2654 2372 2792 2410 suos
2837 2355 3024 2410 redire
3072 2354 3364 2428 permissi.
3397 2355 3470 2410 Et
3515 2355 3648 2425 post

1996 2440 2202 2513 viginti
2234 2441 2464 2497 circiter
2495 2443 2618 2498 dies
2650 2443 2775 2516 ipse
2799 2444 3124 2502 Welandus
3155 2446 3224 2500 ad
3257 2442 3530 2500 Carolum
3558 2458 3654 2497 ve-

2001 2531 2188 2598 niens,
2209 2529 2292 2584 illi
2325 2549 2385 2586 se
2429 2533 2876 2599 commendavit,
2909 2537 2966 2588 et
3005 2537 3373 2589 sacramenta
3400 2547 3536 2588 cum
3567 2528 3652 2586 eis

2001 2636 2149 2691 quos
2169 2636 2366 2674 secum
2388 2620 2596 2677 habuit
2613 2621 2809 2677 statim
2834 2621 3100 2694 praebuit.
3119 2622 3373 2692 Indeque
3388 2621 3458 2676 ad
3482 2635 3654 2676 naves

2002 2724 2323 2780 regressus,
2341 2727 2472 2764 cum
2499 2711 2660 2765 omni
2685 2711 2978 2765 Danorum
3003 2709 3232 2781 navigio
3251 2726 3436 2782 usque
3455 2709 3528 2764 ad
3549 2708 3653 2765 Ge-

2003 2799 2283 2853 meticum
2305 2801 2404 2866 (Ιι),
2431 2800 2528 2854 ubi
2563 2799 2795 2854 illorum
2844 2817 3020 2855 naves
3059 2803 3390 2856 statuerunt
3420 2798 3656 2854 reﬁcere

2003 2891 2060 2942 et
2088 2886 2320 2942 vernale
2351 2886 2766 2959 aequinoctium
2807 2892 3162 2960 exspectare,
3193 2886 3512 2943 descendit.
3547 2887 3656 2943 Re-

2002 2975 2168 3031 tectis
2188 2975 2454 3042 navibus,
2477 2976 2622 3031 Dani
2644 2994 2802 3032 mare
2820 2981 3084 3048 petentes
3105 2993 3208 3048 per
3223 2975 3420 3048 plures
3437 2974 3659 3031 classes

2003 3082 2065 3120 se
2099 3063 2382 3132 dividunt,
2416 3070 2474 3120 et
2515 3070 2688 3137 prout
2725 3065 2933 3138 cuique
2971 3065 3163 3122 visum
3194 3069 3302 3134 est,
3335 3063 3395 3120 in
3426 3063 3656 3120 diversa

2001 3152 2314 3220 velificant,
2350 3154 2538 3223 major
2569 3157 2764 3208 autem
2813 3170 2948 3225 pars
2996 3151 3326 3221 Britannos,
3359 3150 3461 3224 qui
3492 3149 3654 3206 Salo-

2004 3259 2176 3296 mone
2205 3242 2351 3298 duce
2374 3240 2640 3298 habitant
2659 3241 2717 3296 in
2743 3241 3022 3308 Niustria,
3047 3241 3219 3314 petit;
3243 3241 3459 3314 quibus
3479 3243 3538 3296 et
3567 3238 3654 3295 illi

1994 3330 2350 3402 junguntur,
2377 3331 2476 3402 qui
2503 3330 2562 3385 in
2585 3329 2859 3402 Hispania
2879 3331 3128 3386 fuerant.
3155 3330 3235 3386 De
3255 3329 3476 3403 quibus
3499 3328 3652 3385 Rod-

2007 3420 2205 3474 bertus
2227 3419 2533 3474 duodecim
2560 3436 2756 3487 naves,
2780 3436 2928 3492 quas
2949 3418 3224 3476 Salomon
3253 3417 3314 3474 in
3345 3417 3656 3475 contrarie-

2003 3512 2184 3564 tatem
2216 3509 2346 3580 ejus
2377 3507 2590 3563 locario
2611 3509 2746 3580 jure
2776 3509 3151 3574 conduxerat,
3178 3507 3238 3563 in
3266 3506 3442 3564 ﬂuvio
3463 3504 3654 3580 Ligeri

2007 3597 2182 3669 capit,
2208 3615 2529 3670 omnesque
2549 3598 2647 3670 qui
2681 3598 2738 3652 in
2772 3597 2869 3654 illo
2902 3597 3058 3653 fuere
3089 3595 3318 3670 navigio
3342 3595 3653 3664 interfecit,
3696 3587 3701 3595 ’

2007 3692 2216 3758 praeter
2238 3688 2582 3759 paucos,qui
2606 3689 2744 3759 fuga
2765 3687 2912 3759 lapsi
2937 3687 3311 3742 delituerunt.
3329 3685 3659 3742 Radbertus

2008 3781 2200 3830 autem
2235 3775 2604 3832 Salomonem
2639 3777 2928 3831 sustinere
2961 3793 3073 3830 non
3106 3775 3326 3843 valens,
3351 3791 3484 3830 cum
3518 3791 3661 3846 prae-

2007 3865 2140 3920 fatis
2161 3865 2538 3920 Nortmannis
2555 3864 2652 3936 qui
2673 3866 2742 3920 dc
2755 3866 3026 3936 Sequana
3041 3863 3326 3930 exierunt,
3339 3867 3657 3934 antequam

2005 3952 2136 4008 illos
2169 3951 2442 4008 Salomon
2475 3953 2586 4008 sibi
2621 3953 2900 4008 adversus
2933 3969 3066 4007 eum
3099 3951 3470 4020 adscisceret,
3504 3949 3658 4006 datis

2008 4041 2304 4112 utrimque
2335 4041 2660 4110 obsidibus,
2689 4041 2748 4096 in
2781 4059 2879 4096 sex
2909 4040 3172 4096 millibus
3200 4039 3424 4112 argenti
3457 4043 3660 4096 contra

2007 4131 2276 4185 eumdem
2301 4130 2672 4184 Salomonem
2689 4129 2974 4184 convenit.
2991 4129 3308 4186 Welandus
3325 4144 3458 4183 cum
3481 4143 3657 4184 uxore

2007 4225 2063 4274 et
2094 4219 2232 4274 ﬁliis
2263 4219 2334 4274 ad
2367 4217 2633 4274 (larolum
2665 4218 2822 4274 venit
2850 4223 2904 4273 et
2942 4217 3311 4274 Christianus
3356 4233 3492 4273 cum
3531 4215 3656 4274 suis

2007 4309 2280 4366 efficitur.

2079 4399 2523 4468 Carlomannus,
2551 4399 2875 4455 llludowici
2917 4399 3070 4471 regis
3111 4397 3434 4455 Germaniae
3477 4399 3657 4467 filius,

2008 4506 2287 4544 concessa
2318 4489 2430 4544 sibi
2461 4508 2493 4545 a
2525 4493 2688 4561 patre
2734 4487 2896 4561 regni
2925 4487 3187 4560 portione
3221 4504 3398 4560 quam
3431 4487 3659 4560 pridem

2007 4580 2389 4644 invaserat,et
2411 4580 2545 4633 dato
2578 4582 2964 4641 sacramento,
2990 4595 3061 4632 ne
3093 4575 3348 4650 amplius
3379 4576 3514 4634 inde
3536 4577 3661 4634 sine

2009 4667 2191 4739 patris
2223 4667 2516 4722 voluntate
2553 4667 2848 4722 invaderet
2869 4669 2909 4735 ⁸,
2935 4683 3068 4722 cum
3102 4672 3265 4740 patre
3295 4666 3656 4740 paciﬁcatur.

249 4759 543 4828 quatenus
588 4756 824 4812 aciebus
857 4755 1156 4828 dispositis
1187 4773 1252 4811 ex
1283 4755 1546 4827 utrisque
1582 4758 1708 4812 suis
1753 4759 1898 4830 ripis
1931 4773 1974 4836 υ
2009 4756 2390 4813 llludowicus
2438 4756 2708 4829 denique,
2762 4755 2920 4812 {ilius
2968 4755 3157 4814 Caroli
3208 4755 3383 4830 regis,
3416 4754 3659 4811 consilio

1523 4881 1930 4940 VARIANTES
1971 4883 2384 4940 LECTIONES.

323 4982 339 5016 ¹
371 4979 716 5037 rothardum
750 4980 843 5036 Ch.
923 4983 942 5014 ²
970 4979 1139 5035 remi.
1176 4979 1270 5034 Ch.
1346 4979 1367 5013 ³
1399 4979 1744 5037 canonicum
1777 4982 1871 5038 Ch.

1951 4984 1972 5018 ⁵
2003 4983 2270 5039 evaderet
2300 4983 2362 5037 Β.

1835 5099 2068 5156 NOTAE.

249 5183 698 5258 causatus,licet
720 5184 961 5258 triginta
983 5185 1232 5258 duorum
1257 5187 1660 5258 episcoporum
1677 5187 1901 5258 judicio

251 5203 547 5253 causatus,
567 5203 698 5240 licet
720 5203 961 5257 triginta
983 5203 1232 5240 auorum
1257 5203 1660 5312 episcoporum
1677 5203 1901 5258 judicio

251 5257 382 5328 ejus
413 5255 804 5332 eaauctoratio
837 5257 1069 5332 decreta
1097 5257 1324 5332 fuisset.
1349 5259 1451 5332 Ad,
1491 5276 1577 5332 aac
1601 5259 1901 5332 presbyte-

252 5327 387 5384 rum
417 5327 883 5400 alterum,quem
925 5327 1225 5400 Rothadus
1255 5329 1541 5400 depositio
1582 5327 1900 5386 substitue-

253 5403 365 5474 rat,
389 5399 741 5474 Hincmarus
775 5399 1192 5474 communione
1236 5399 1512 5474 privavit;
1549 5401 1899 5474 illumivero,

253 5471 354 5544 qui
377 5471 450 5526 ob
469 5475 740 5544 stuprum
759 5472 1060 5544 depositus
1085 5471 1297 5535 fuerat;
1312 5471 1588 5544 ecclosim,
1603 5473 1695 5526 cui
1716 5473 1905 5528 fuerat

254 5543 426 5616 antea
455 5543 1130 5616 prmpositusprcstituit.
1163 5545 1305 5616 Tam
1344 5543 1648 5616 irregulari
1677 5545 1902 5612 judicio

254 5615 558 5671 Rothadus
589 5617 913 5687 refragatus
958 5621 1074 5684 est;
1109 5621 1166 5671 et
1215 5615 1583 5687 Hincmarus,
1611 5615 1718 5670 hoc
1750 5634 1902 5671 anno

252 5689 354 5742 861
393 5686 764 5760 congregata
789 5688 1006 5759 synodo
1037 5687 1097 5741 in
1140 5686 1901 5760 suburbioﬂSuessionensi,

253 5775 390 5814 eum
425 5763 488 5814 ut
507 5757 905 5815 “contumaciae
941 5777 1099 5814 reum
1143 5757 1454 5830 episcopali
1493 5759 1904 5815 communione

258 5829 526 5886 privavit.
561 5831 740 5886 Bono.

257 5829 526 5902 privavit.
561 5831 740 5893 Bono.

2081 5188 2159 5260 (α)
2189 5188 2394 5244 Μασοη.

2083 5263 2158 5329 (ὁ)
2187 5261 2388 5316 Srmtz's.

2081 5333 2156 5402 (τε)
2191 5332 2494 5386 Flandrirc.

2084 5403 2158 5543 (li;
2193 5403 2251 5457 ld
2286 5408 2393 5470 est,
2427 5402 2700 5458 Judithze.

2084 5478 2134 5539 (θ
2188 5473 2328 5529 Oisc.

2083 5473 2152 5539 (θ)
2188 5473 2328 5529 Oisc.

2083 5549 2154 5616 (Γ)
2188 5546 2398 5599 Iliadum.

2035 5611 2159 5685 ‘('g)
2193 5617 2526 5686 Trajectum
2559 5613 2802 5668 Baldulfi
2849 5617 3105 5681 vocatur,
3137 5611 3310 5686 vulgo
3349 5612 3660 5686 Tribaldgu.

2015 5684 2156 5744 Rom
2189 5684 2356 5742 aliter
2377 5686 2610 5756 exponit
2628 5691 2796 5757 vetus
2821 5690 3044 5751 auctor,
3071 5685 3169 5757 qui
3199 5684 3415 5741 librum
3442 5686 3513 5742 de
3534 5684 3666 5742 Vita

2015 5759 2201 5814 sancti
2238 5757 2472 5813 Faronis
2503 5756 2848 5829 composuit.
2886 5757 3062 5819 BOUQ.

2086 5832 2164 5903 (h)
2193 5831 2488 5900 Jumidgcs.
