4074 6556
255 501 399 560 1221

1049 504 1407 564 ANNALES
1457 501 1868 597 HINCMAllO
1897 501 2418 577 _DUBITANTEl-{
2462 501 2844 562 ASCRIPTI.

3491 508 3520 566 1
3538 505 3646 569 ι22

246 635 420 689 fidem
445 632 631 688 Caroli
662 633 840 701 venit,
865 635 956 689 cui
990 635 1229 692 Carolus
1257 637 1650 692 Avenniacum
1675 635 1750 708 ((ι)
1773 651 1891 690 mo—
1921 636 1969 702 Α
2003 651 2247 706 qumque
2277 635 2718 707 depopulantes,
2754 635 2826 688 ad
2877 636 3188 692 stationem
3235 655 3402 694 suam
3434 641 3646 700 reversi

245 722 569 778 nasterium
601 722 799 792 donat,
822 727 878 778 et
908 724 1202 780 abbatiam
1234 726 1421 782 sancti
1445 725 1678 780 Martini
1703 723 1892 796 lnge]-

243 811 424 879 wino,
473 809 718 866 diacono
768 801 974 884 palatii
1019 815 1132 879 sui,
1171 815 1507 870 committit.
1541 815 1890 881 Rodbertus,

244 917 440 956 comes
467 900 922 974 Andegavensis.
959 903 1342 976 aggrediensI
1379 904 1526 959 duos
1557 919 1774 958 cuneos
1823 903 1894 957 de

244 987 624 1044 Nortmannis
654 989 753 1061 qui
785 989 842 1044 in
877 990 1066 1064 Ligeri
1101 991 1274 1046 ﬂuvio
1306 991 1660 1057 residebant,
1707 1007 1892 1046 unum

245 1077 483 1150 quidem
516 1079 770 1150 exceptis
819 1080 1023 1151 paucis
1071 1081 1450 1136 evadentibus
1491 1079 1803 1146 interfecit,
1837 1082 1896 1136 et

245 1165 426 1222 altero
457 1167 678 1238 majore
699 1171 851 1224 retro
869 1168 1313 1240 superveniente
1337 1169 1702 1236 vulneratur;
1741 1169 1896 1224 unde

242 1254 448 1328 paucis
483 1271 727 1312 suorum
777 1256 1034 1327 amissis,
1069 1257 1180 1314 sibi
1219 1274 1456 1314 secessu
1488 1257 1803 1326 consuluit,
1837 1259 1896 1313 et

245 1349 378 1418 post
397 1361 612 1416 paucos
643 1343 770 1400 dies
799 1345 1112 1401 convaluit.

901 1434 1245 1491 DCCCLVV.

316 1522 558 1579 Carolus
586 1540 686 1579 rex
716 1523 1079 1580 nativitatem
1111 1523 1343 1580 Domini
1376 1525 1436 1580 in
1474 1525 1762 1581 Carisiaco
1793 1542 1895 1597 pa-

245 1611 382 1667 latio
406 1607 684 1668 celebrati
696 1613 956 1668 Vernum
976 1613 1173 1669 villam
1195 1613 1432 1669 veniens
1457 1613 1610 1670 circa
1633 1615 1894 1670 medium

247 1701 627 1757 Februarium
650 1702 1182 1770 mensem,fratrem
1204 1720 1378 1758 suum
1400 1702 1812 1758 Hludowicum
1835 1703 1894 1758 in

244 1788 640 1846 villaTusiaco
657 1790 734 1864 (ὁ)
756 1807 890 1846 cum
913 1789 1050 1848 ﬁliis
1061 1791 1262 1848 venicn
1275 1797 1388 1847 tem
1413 1791 1558 1848 satis
1578 1791 1896 1849 honoriﬁce

246 1879 526 1952 suscepit,
549 1879 750 1950 ibique
793 1880 1070 1936 omnibus
1129 1882 1306 1936 cumal
1337 1880 1570 1936 illorum
1622 1881 1895 1938 ﬁdelibus

247 1965 1025 2037 consideratis,missaticu‘m
1046 1985 1149 2040 per
1165 1967 1810 2041 episcopos,Altfridum
1824 1973 1894 2040 (ε)

244 2055 514 2112 videlicet
560 2061 618 2113 et
662 2057 1088 2114 Erchanratum
1111 2058 1501 2130 ((1),Lothario
1548 2057 1742 2131 nepoti
1789 2075 1894 2116 suo

247 2143 676 2212 transmittunt,
709 2147 1058 2202 mandantes
1087 2151 1153 2202 ut
1182 2147 1320 2219 quia
1370 2164 1522 2218 seepc
1571 2148 1802 2204 dicebat
1833 2164 1895 2204 se

249 2233 491 2290 Romam
515 2235 928 2308 iturum,prius
951 2237 1276 2292 secundum
1297 2237 1496 2292 domui
1517 2237 1820 2309 apostolici
1838 2241 1895 2293 et

247 2338 447 2378 eorum
479 2323 912 2380 hortamentum
943 2325 1298 2393 emendaret,
1323 2326 1479 2398 quod
1511 2330 1713 2382 contra
1737 2326 1894 2398 leges

247 2411 473 2466 divinas
502 2416 559 2467 et
586 2413 878 2469 humanas
909 2413 1284 2469 commiserat
1313 2415 1370 2468 in
1403 2414 1679 2482 Ecclesia,
1715 2433 1892 2487 quam

247 2517 356 2555 sua
403 2501 730 2558 temeritate
780 2501 1292 2568 scandalizaverat,
1326 2507 1383 2558 et
1425 2507 1566 2558 tunc
1625 2506 1894 2560 ordinato

248 2605 427 2661 regno
459 2589 649 2658 suo,si
673 2589 865 2658 vellet,
887 2609 990 2663 pro
1013 2591 1380 2664 indulgentia
1403 2593 1652 2663 petenda
1671 2594 1894 2648 etobti-

247 2677 438 2734 nenda
456 2679 528 2734 ad
551 2679 948 2750 apostolorum
975 2679 1182 2735 limina
1211 2685 1564 2752 properaret.
1589 2681 1896 2738 Lotharius

244 2783 378 2821 vero
407 2771 640 2838 putans.
663 2769 818 2840 quod
851 2767 961 2823 sibi
987 2785 1231 2841 regnum
1259 2769 1561 2841 subripere
1585 2774 1640 2824 et
1663 2769 1814 2826 inter
1835 2788 1895 2826 se

244 2855 457 2910 vellent
482 2855 757 2925 dividere,
792 2856 1170 2926 Liutfridum,
1204 2857 1558 2912 avunculum
1591 2875 1787 2928 suum,
1823 2861 1894 2914 ad

245 2944 482 3000 fratrem
517 2949 574 3000 et
617 2945 788 3002 italia:
836 2946 1249 3018 imperatorem
1289 2947 1656 3015 transmittit,
1689 2952 1894 3020 petens

244 3029 413 3088 illum
445 3033 600 3106 apud
633 3034 1020 3106 apostolicum
1053 3033 1334 3101 obtinere,
1363 3040 1654 3108 quatenus
1695 3053 1798 3108 pro
1828 3053 1895 3092 eo

244 3120 466 3194 patruis
499 3121 622 3178 suis
643 3123 665 3157 ³
695 3122 972 3196 epistolas
1003 3123 1276 3192 mitteret,
1311 3127 1376 3179 ut
1406 3140 1608 3196 pacem
1657 3140 1894 3179 servan-

244 3215 332 3266 tes
353 3211 422 3266 de
441 3227 618 3284 regno
642 3229 748 3267 suo
767 3211 992 3268 nullum
1017 3212 1067 3268 ei
1089 3212 1576 3284 impedimentum
1611 3212 1891 3282 facerent;

244 3301 397 3372 quod
430 3303 487 3356 et
516 3299 898 3356 Hludowicus
929 3301 1248 3374 imperator
1275 3302 1552 3357 obtinuit.

1997 726 2161 791 sunt.
2195 723 2275 777 De
2323 723 2570 779 Tusiaco
2606 721 2986 778 [lludowicus
3017 725 3342 796 Bajoariam
3375 745 3643 802 pergens,

2002 810 2424 866 Carolomanno
2474 810 2592 866 filio
2667 810 2778 866 sibi
2836 810 3202 876 familiariter
3253 817 3645 888 reconciliata,

2002 915 2231 954 marcas
2263 915 2411 972 quas
2441 899 2513 954 ab
2544 917 2610 956 eo
2631 899 2846 956 tulerat
2864 901 3203 971 reddidit,et
3223 904 3296 960 ad
3327 906 3650 962 Francono-

2001 988 2128 1044 ford
2161 987 2443 1060 palatium
2470 989 2660 1045 rediit.
2681 989 2922 1046 Carolus
2955 995 3150 1048 autem
3170 1009 3276 1065 per
3291 996 3648 1054 Attiniacum

2003 1077 2074 1132 ad
2107 1077 2422 1132 Silviacum
2451 1077 2518 1150 (Γ)
2550 1077 2808 1146 veniens,
2834 1078 3052 1136 ibidem
3083 1099 3310 1138 sacram
3331 1085 3652 1159 quadrage-

2003 1165 2252 1222 simam‘
2273 1170 2331 1222 et
2350 1166 2570 1238 pascha
2593 1167 2824 1222 Domini
2844 1167 3180 1240 celebrat,et
3201 1173 3561 1230 Bernardum
3581 1191 3653 1232 ex

2003 1255 2260 1327 quodam
2291 1255 2584 1311 Bernardo
2605 1255 2683 1327 (g)
2713 1259 2770 1311 et
2798 1256 2920 1312 ﬁlia
2949 1257 3256 1332 Rorigonis
3287 1263 3520 1320 comitis
3543 1281 3648 1320 na-

2003 1347 2152 1412 tum,
2167 1343 2228 1398 in
2251 1343 2521 1400 Gothiam
2543 1344 2803 1414 mittens,
2818 1349 3043 1418 partem
3073 1347 3260 1424 ipsius
3282 1353 3554 1410 marchia:
3570 1353 3649 1428 (ἡ)

2002 1431 2086 1487 illi
2108 1432 2446 1503 committit;
2469 1437 2526 1489 et
2541 1433 2626 1490 sic
2648 1435 2888 1490 demum
2903 1435 3162 1492 Vernum
3173 1438 3370 1496 villam
3389 1443 3651 1512 veniens,

2003 1539 2306 1596 episcopos
2337 1539 2403 1578 ac
2449 1527 2671 1579 ceteros
2719 1523 3048 1596 Aquitania
3099 1526 3382 1598 primores
3432 1530 3652 1589 ibidem

2004 1611 2210 1667 obvius
2253 1611 2532 1684 suscepit.
2586 1613 2633 1667 A
2690 1629 2942 1684 quorum
3001 1617 3252 1673 multam
3307 1619 3651 1690 petitionem

2003 1699 2189 1756 filium
2223 1717 2398 1756 suum
2420 1700 2689 1756 Carolum
2712 1703 2962 1758 necdum
2986 1704 3132 1760 bene
3153 1712 3488 1778 spassatum
3503 1710 3566 1783 (ἢ
3591 1710 3651 1767 in

2001 1789 2372 1862 Aquitaniam
2405 1806 2538 1844 cum
2573 1789 2727 1863 regio
2758 1790 2995 1848 nomine
3023 1810 3090 1848 ac
3139 1799 3424 1866 potestate
3464 1797 3652 1856 redire

2003 1877 2306 1950 permittit.

2073 1965 2348 2023 Nicolaus
2379 1983 2530 2040 papa
2547 1967 2880 2036 Arsenium,
2897 1969 3202 2026 Ortensem
3229 1970 3570 2046 episcopum
3591 1979 3650 2031 et

2004 2055 2403 2112 consiliarium
2421 2073 2618 2125 suum,
2633 2073 2766 2112 cum
2780 2056 3042 2130 epistolis
3064 2059 3136 2114 ad
3163 2059 3572 2120 Hludowicum
3593 2068 3652 2123 et

2003 2145 2271 2202 Carolum
2303 2145 2535 2213 fratres,
2559 2147 2659 2201 sed
2709 2149 2768 2201 et
2815 2147 2886 2202 ad
2934 2147 3238 2221 episcopos
3268 2167 3333 2206 ac
3365 2152 3652 2224 primores

2006 2250 2319 2306 regnorum
2352 2234 2609 2306 illorum,
2642 2252 2710 2290 ea
2757 2251 2884 2307 quae
2941 2236 3251 2294 Lotharius
3281 2257 3386 2311 per
3415 2241 3652 2300 fratrem

2006 2324 2268 2395 petierat,
2303 2324 2791 2392 continentibus“,
2822 2342 2936 2379 non
2969 2342 3102 2381 cum
3135 2328 3456 2398 apostolica
3486 2347 3654 2386 man-

2005 2413 2317 2468 suetudine
2353 2415 2410 2468 et
2457 2413 2628 2468 solita
2676 2413 3148 2482 honorabilitate,
3189 2415 3343 2472 sicut
3397 2419 3654 2494 episcopi

2006 2501 2251 2557 Romani
2283 2518 2448 2574 reges
2479 2505 2900 2557 consueverant
2929 2502 2988 2557 in
3019 2503 3142 2558 suis
3172 2505 3435 2576 epistolis
3471 2507 3655 2565 hono-

2007 2607 2154 2658 rare,
2171 2591 2273 2646 sed
2305 2608 2438 2646 cum
2464 2589 2757 2646 malitiosa
2787 2591 3260 2648 interminatione
3280 2596 3652 2654 transmittit.

2007 2681 2200 2735 Isdem
2231 2686 2424 2736 autem
2457 2679 2738 2734 Arsenius
2770 2697 2874 2751 per
2901 2680 3136 2736 Curiam
3167 2685 3226 2737 et
3246 2683 3654 2742 Alamanniam

2005 2769 2076 2824 ad
2099 2767 2530 2835 Hludowicum,
2557 2768 2880 2824 Germania:
2911 2785 3126 2840 regem,
3145 2769 3202 2824 in
3219 2771 3653 2830 Franconofurd

2005 2857 2288 2929 palatium
2307 2855 2563 2923 veniens,
2583 2855 2864 2928 epistolas
2900 2857 3202 2928 apostolici
3225 2858 3274 2914 ei
3306 2861 3564 2930 tradidit,
3596 2866 3656 2920 et

2005 2945 2141 3000 inde
2171 2945 2230 3000 in
2263 2945 2539 3000 Gundulﬁ
2571 2943 2768 3000 villam
2818 2946 2890 3000 ad
2941 2945 3310 3002 Hlotharium
3340 2948 3514 3004 venit.
3549 2950 3652 3007 Cui

2005 3038 2062 3090 et
2091 3033 2382 3106 episcopis
2404 3051 2470 3089 ac
2501 3033 2858 3106 primoribus
2890 3033 3053 3106 regni
3078 3035 3169 3091 sui
3200 3036 3476 3108 epistolas
3491 3055 3652 3112 papas

2005 3123 2186 3189 dedit,
2220 3122 2604 3191 continentes,
2639 3121 2798 3194 quia,
2823 3122 2936 3178 nisi
2985 3139 3226 3180 uxorem
3265 3141 3435 3182 suam
3466 3127 3655 3184 Theo-

2005 3211 2266 3283 tbergam
2302 3211 2578 3284 reciperet
2623 3217 2680 3266 et
2711 3210 3083 3267 Waldradam
3115 3211 3412 3282 abjicerct,
3447 3230 3658 3270 renun-

2005 3300 2186 3356 tiante
2208 3301 2318 3356 sibi
2342 3299 2583 3356 Arsenio
2615 3297 2782 3354 illum
2801 3300 2872 3354 ab
2894 3300 3052 3354 omni
3076 3299 3526 3358 christianorum
3561 3321 3655 3358 so-

315 3389 539 3446 Interca
561 3391 628 3464 (β)
660 3391 1006 3446 Nortmanni
1058 3391 1380 3447 residentes
1409 3391 1469 3446 in
1512 3389 1722 3464 Ligeri,
1755 3407 1889 3446 cum
1923 3384 1964 3450 C
2001 3389 2206 3445 cietate
2223 3389 2524 3444 debuisset
2544 3388 2802 3460 rejicere,
2825 3405 3000 3460 quem
3024 3387 3083 3443 in
3110 3387 3376 3460 pluribus
3391 3391 3654 3464 epistolis

244 3477 496 3534 maxime
529 3478 771 3552 impetu,
805 3480 1053 3534 faciente
1105 3479 1298 3534 divino
1336 3478 1582 3550 judicio,
1630 3480 1887 3536 secundo

242 3573 410 3623 vento
441 3586 544 3641 per
571 3570 840 3624 eumdem
877 3569 1118 3624 ﬂuvium
1150 3587 1336 3642 usque
1367 3570 1438 3625 ad
1463 3570 1888 3625 monasterium

243 3657 430 3712 sancti
463 3658 755 3714 Benedicti
775 3659 928 3731 quod
959 3658 1250 3714 Fleriacus
1271 3657 1488 3714 dicitur
1507 3657 1806 3731 navigant,
1833 3663 1892 3713 et

245 3745 396 3800 idem
431 3745 852 3802 monasterium
885 3747 1230 3818 incendunt,
1263 3752 1320 3802 et
1359 3746 1416 3802 in
1449 3748 1744 3803 redeundo
1773 3749 1890 3802 Au-

241 3834 476 3892 relianis
510 3835 804 3892 civitatem
837 3840 893 3892 et
921 3837 1278 3892 monasteria
1309 3836 1527 3892 ibidem
1559 3841 1616 3890 et
1646 3836 1892 3890 circum-

239 3924 396 3980 circa
425 3925 806 3982 consistentia
835 3925 968 3997 igne
1013 3930 1296 3994 cremant,
1330 3931 1536 3996 przeter
1584 3924 1889 3980 ecclesiam

241 4018 456 4084 sanctae
507 4014 726 4082 Crucis,
763 4028 940 4086 quam
989 4016 1244 4082 ﬂamma,
1280 4031 1414 4069 cum
1463 4013 1598 4070 inde
1637 4013 1892 4070 multum

235 4100 565 4158 laboratum
599 4121 632 4159 a
662 4103 1042 4159 Nortmannis
1072 4103 1265 4168 fuerit,
1299 4119 1498 4158 vorare
1532 4119 1646 4158 non
1679 4103 1888 4175 potuit.

237 4190 451 4264 Sicque
485 4211 586 4265 per
615 4193 808 4256 amnis
858 4194 1085 4248 alveum
1133 4193 1554 4248 descendentes
1603 4195 1660 4246 et
1704 4191 1896 4248 vicina

2003 3479 2110 3534 has
2136 3477 2596 3550 prmcedentibus
2619 3476 3195 3532 excommunicatum
3215 3482 3273 3533 et
3303 3496 3336 3533 a
3367 3481 3657 3538 consortio

2009 3567 2464 3623 christianorum
2498 3567 2750 3638 ejectum
2783 3565 3084 3623 multoties
3124 3568 3556 3640 przedicaverat.
3590 3571 3660 3628 Et
3693 3621 3699 3626 .

2001 3659 2084 3714 sic
2115 3658 2184 3712 de
2220 3657 2490 3712 Lothario
2521 3657 2593 3711 ad
2636 3654 2904 3712 Carolum
2936 3655 3091 3711 circa
3132 3657 3395 3713 medium
3427 3658 3656 3716 Julium

1999 3763 2262 3802 mensem
2292 3745 2350 3800 in
2380 3744 2736 3800 Attiniacum
2769 3744 3055 3816 palatium
3086 3743 3369 3802 Arsenius
3391 3747 3650 3816 veniens,

2001 3835 2322 3890 uniformes
2350 3833 2522 3889 sicuti
2546 3831 2888 3889 Hludowico
2908 3837 2965 3888 et
2987 3833 3258 3888 Lothario
3281 3833 3518 3904 regibus
3537 3837 3652 3908 epi-

2001 3922 2181 3979 stolas
2201 3940 2341 3978 suas
2370 3922 2516 3978 satis
2545 3921 2864 3976 honorifice
2897 3921 3158 3989 tradidit,
3193 3925 3250 3978 et
3295 3923 3654 3996 Rothadum,

2002 4011 2594 4084 canoniceaquinque
2616 4009 3044 4084 provinciarum
3059 4010 3653 4084 episcopisdejectum

2002 4106 2060 4156 et
2091 4119 2125 4157 a
2152 4101 2386 4157 Nicolao
2410 4117 2561 4174 papa
2591 4117 2705 4155 non
2739 4098 3082 4172 regulariter
3116 4099 3218 4156 sed
3266 4101 3660 4172 potentialiter

2005 4191 2582 4257 restitutum,secum
2605 4189 2910 4257 reducens,
2931 4187 3134 4244 Carolo
3165 4190 3553 4261 praesentavit.
3587 4191 3658 4248 Et

1519 4307 1926 4364 VARIANTES
1968 4307 2388 4364 LECTIONES.

312 4424 324 4456 '
361 4424 589 4480 rediens
623 4425 717 4480 Ch.
795 4428 816 4460 ²
839 4443 974 4481 cum
1007 4427 1282 4481 omnibus
1315 4426 1408 4480 Ch.
1485 4427 1506 4459 ³
1528 4429 1774 4498 patruus
1805 4441 1951 4481 suus
1982 4424 2076 4480 Ch.
2155 4425 2175 4458 ‘
2197 4440 2433 4479 sacrum
2463 4425 2918 4496 quadragesima
2951 4423 3048 4479 Ch.
3125 4423 3146 4456 ⁵
3167 4423 3536 4481 continentes
3559 4423 3656 4482 Ch.

1825 4550 2056 4606 NOT/E.

305 4673 382 4744 (ιι)
418 4676 632 4744 ﬂuendi
663 4675 718 4729 in
749 4677 983 4732 direcesi
1019 4677 1354 4732 Rhemcnsi.
1389 4678 1570 4739 liHIQ.

237 4817 528 4892 Germano
558 4817 659 4872 lib.
678 4817 769 4886 71v,
805 4821 874 4876 de
905 4822 984 4876 Ite
1015 4821 1069 4874 di
1079 4820 1392 4892 plematica
1428 4817 1892 4891 Tullci-u-u.z:-gro-

237 4888 440 4944 scidas.
477 4889 655 4952 Bono.

307 4959 383 5044 ές)
415 4958 1000 5044 ξειμεξειιείπιεηξοωε
1237 5035 1249 5044 .
1427 5034 1436 5044 .

308 5030 388 5099 (d)
416 5031 658 5158 Vige'ttur
687 5049 815 5090 esse
846 5035 1305 5104 Catalaunensis,
1339 5034 1440 5106 qui
1489 5033 1641 5089 infra
1677 5035 1894 5090 Erkan-

312 5119 382 5158 us
413 5119 485 5158 au
533 5121 548 5158 1
585 5147 597 5158 .

239 5119 382 5158 raus
413 5104 597 5160 audit.

311 5175 382 5248 (cf)
413 5174 497 5248 Cf.
531 5175 743 5232 Chron.
779 5177 849 5248 de
881 5177 1062 5248 gestis
1095 5179 1294 5233 Norm.

221 5301 233 5308 ,
309 5246 392 5321 (Γ).
413 5245 590 5321 Vicus
621 5245 1368 5321 Servais,Himidiaileuca
1416 5267 1449 5305 a
1481 5249 1626 5304 Fara
1657 5249 1890 5321 oppido,

237 5317 396 5393 quod
421 5319 492 5373 ad
526 5319 745 5374 Isaram
778 5320 960 5376 citum
990 5326 1097 5377 est.
1129 5320 1274 5376 Vide
1325 5320 1426 5376 lib.
1458 5338 1530 5393 Iv,
1565 5321 1634 5376 de
1682 5317 1762 5376 ne
1813 5320 1896 5376 di-

239 5388 446 5463 plom.,
472 5405 605 5463 pag.
639 5393 763 5446 325.
799 5393 978 5454 Bouo.

309 5465 389 5531 (9)
421 5461 749 5536 Bern—ardus
766 5463 1067 5536 iste,pater
1080 5461 1356 5536 Bernardi
1371 5462 1592 5536 Gothiae
1613 5462 1896 5536 marchio-

235 5531 504 5606 nis,n_on
537 5533 688 5606 alius
736 5539 826 5590 est
873 5531 920 5590 a‘
954 5535 1267 5604 Bernardo,
1293 5533 1413 5606 qui,
1445 5538 1594 5590 teste
1623 5535 1894 5606 Ademari

237 5603 669 5672 Chabannensi,
685 5623 818 5662 cum
842 5607 1020 5662 fratre
1041 5624 1148 5662 suo
1170 5603 1466 5662 Emchone
1487 5606 1698 5661 comite
1719 5605 1897 5662 Picta-

237 5676 402 5732 vensi
429 5694 582 5734 anno
599 5679 706 5733 839
729 5677 787 5732 in
813 5677 1088 5734 Ludovici
1117 5677 1197 5732 Pii
1221 5677 1603 5732 offensionem
1627 5676 1895 5745 incurrit,

239 5751 300 5802 et
329 5747 426 5821 qui
463 5766 614 5805 anno
648 5751 752 5805 844
784 5753 988 5805 contra
1019 5750 1393 5805 Lambertum
1440 5749 1894 5821 Namnetensem

242 5819 519 5880 comitem
550 5822 840 5881 dimicans
869 5822 1100 5882 occisus
1131 5825 1238 5882 est.
1265 5821 1417 5882 Uxor
1435 5822 1566 5898 ejus
1594 5820 1898 5882 Blichildis

1921 4681 1965 4744 D
1996 4675 2254 4743 nomine,
2288 4673 2408 4730 ﬁlia
2435 4679 2560 4729 erat
2587 4673 2892 4730 Roriconis
2923 4675 3380 4732 Cenomanensis
3402 4675 3656 4744 comitis,

307 4743 386 4812 (ὁ)
417 4743 570 4819 Villa
586 4745 652 4819 in
675 4765 821 4819 pago
843 4749 1128 4812 'l‘ullensi,
1148 4749 1375 4804 Labbeo
1403 4751 1594 4819 Tousy,
1614 4747 1884 4803 Michaoli

2003 4747 2103 4841 qui
2121 4764 2290 4841 tapno
2312 4746 2876 4841 82‘4nmonasteriu'm
2911 4749 3256 4841 liossatense
3286 4747 3654 4841 instauravit.

2001 4817 2201 4892 Exstat
2230 4819 2384 4892 apud
2417 4817 2684 4892 Bassium
2718 4818 2776 4872 in
2809 4819 3063 4892 Historia
3092 4819 3498 4892 episcoporum
3533 4819 3660 4874 Pic-

2003 4895 2114 4946 tav.
2131 4889 2338 4946 charta
2363 4889 2664 4963 Roriconis
2687 4890 2940 4958 comitis,
2958 4891 3015 4946 in
3033 4889 3152 4963 qua
3173 4889 3461 4963 memorat
3481 4905 3659 4946 suum

2003 4967 2228 5034 patrem
2282 4961 2652 5034 Gauzlinum,
2687 4967 2934 5018 matrem
2983 4959 3382 5034 Aldetrudem,
3419 4959 3660 5034 fratrem

2003 5031 2394 5089 Gauzbertum
2410 5033 2766 5090 monachum
2784 5035 3270 5098 Fossatensem,et
3283 5031 3469 5086 {ilium
3484 5032 3663 5088 Gauz-

2003 5104 2191 5160 linum
2211 5105 2566 5168 monachum
2595 5105 3152 5168 Glannafoliensem,
3173 5103 3534 5158 Gauzbertus
3549 5102 3660 5160 fuit

2005 5177 2188 5232 abbas
2211 5178 2658 5244 Fossatensis,et
2681 5182 2950 5233 mortuus
2971 5179 3061 5231 est
3079 5175 3233 5231 circa
3263 5192 3316 5230 a.
3341 5175 3662 5230 845.Gauz-

2002 5247 2161 5304 linus
2190 5249 2298 5304 fuit
2329 5251 2512 5304 abbas
2543 5245 3055 5305 Glannat‘oliensis.
3076 5247 3406 5302 Bcrnardus
3437 5244 3658 5302 Gothiaa

2005 5319 2274 5392 mai-chio,
2295 5319 2619 5376 honoribus
2649 5320 2907 5392 privatus
2931 5321 3019 5374 est
3049 5335 3141 5374 an.
3175 5319 3280 5373 878
3318 5318 3377 5372 in
3411 5317 3658 5374 concilio

2005 5391 2300 5448 Trecensi.
2339 5393 2516 5455 Bouo.

2076 5465 2154 5531 (Ιι)
2185 5465 2353 5536 Tunc
2382 5461 2598 5536 Gothiﬁze
2631 5460 3074 5536 marchia,_qu:e
3117 5460 3347 5536 integra
3385 5475 3660 5536 possessa

2007 5534 2195 5590 fuerat
2218 5536 2289 5590 ab
2316 5535 2620 5599 Hunt'rido,
2637 5533 2695 5587 in
2729 5533 2875 5588 duas
2905 5531 3095 5588 divisa
3114 5537 3224 5588 est.
3239 5531 3480 5589 Carolus
3499 5531 3660 5588 enim

2007 5605 2427 5678 Septimaniam
2453 5604 2683 5678 proprie
2705 5603 2922 5660 dictam
2941 5621 3076 5678 cum
3091 5603 3452 5660 Narbonensi
3467 5603 3661 5678 prima

2007 5695 2040 5732 a
2071 5675 2332 5733 fnarchia
2367 5675 2678 5748 Ilispanica
2708 5675 3028 5748 separavit.
3051 5676 3226 5739 BOUQ.

2081 5751 2144 5822 (ί)
2181 5751 2240 5804 Id
2272 5753 2361 5804 est
2381 5746 2730 5824 castigatum
2747 5746 2900 5816 ;‘cfd.
2928 5747 3140 5805 Italum
3161 5750 3505 5824 spatmreﬁt
3527 5746 3659 5808 Gal-

2007 5821 2186 5880 licum
2217 5827 2563 5900 espousseter,
2587 5823 2910 5898 c‘pousseter.
3187 5821 3202 5823 ’
3429 5821 3437 5824 ⁷
3533 5835 3540 5842 ‘
