4074 6504
471 417 626 480 1235

1523 422 1626 484 AD
1671 421 1931 484 OPERA
1973 419 2356 482 HINCMARI
2399 419 2823 481 APPENDIX.

3747 414 3898 478 im

383 536 388 540 ’
468 551 753 608 convenit.
779 551 884 610 Ubi
914 551 1153 626 quidam
1175 553 1534 627 episcopi,ut
1563 555 1794 621 assolet,
1809 554 1998 628 gratia
2029 572 2113 611 re-
2145 555 2200 623 Α
2227 570 2334 609 suo
2365 569 2480 609 non
2501 569 2831 620 cessamus;
2867 551 3125 608 dicentes
3143 548 3340 619 etiam,
3373 549 3538 624 quod
3571 549 3637 606 in
3675 549 3896 607 Pascha

467 641 559 714 gis
586 641 770 698 Caroli
791 642 1070 698 Wull‘ado
1093 644 1652 716 faventes,qu:edam
1684 649 1884 700 contra
1915 647 2119 702 verita-

468 733 588 785 tem
618 732 723 786 ac‘
761 747 1052 788 canonum
1101 749 1329 790 sacram
1379 734 1783 790 auctoritatem
1842 735 2119 792 adversus

470 818 851 875 Hincmarum
869 821 1059 876 moliri
1077 828 1401 895 cmpernnt;
1436 825 1533 879 sed
1561 825 1748 880 isdem
1772 825 2120 882 Hincmarus

469 923 672 963 eorum
705 908 1112 967 molitionibus
1141 911 1362 968 ratione
1386 917 1444 968 et
1475 914 1822 970 auctoritate
1859 914 2120 982 obvians,

470 994 863 1068 plurimorum
895 999 1184 1056 sententia
1223 1001 1552 1073 praevalere,
1585 1019 1781 1058 rerum
1825 1008 2123 1075 gestarum

471 1084 737 1142 ordinem
751 1087 823 1143 de
835 1088 1054 1158 quibus
1075 1089 1685 1161 agebatur,communi
1709 1109 1997 1149 consensu
2012 1094 2128 1165 epi-

471 1167 624 1230 stola
654 1175 938 1248 scriptum
970 1194 1074 1249 per
1101 1179 1440 1248 Actardum,
1462 1181 1850 1237 venerabilem
1877 1183 2126 1239 Namne-

469 1266 695 1320 tensem
719 1265 1081 1338 episcopum,
1109 1284 1268 1340 papae
1301 1268 1538 1325 Nicolao
1571 1270 1826 1344 episcopi
1862 1272 1960 1344 qui
1993 1289 2129 1329 con-

468 1357 750 1408 venerant
780 1355 1472 1430 transmiseruntpcujus
1501 1359 1758 1431 epistolae
1791 1365 1956 1417 tenor
1976 1363 2130 1419 idem

472 1440 684 1512 extitit,
708 1442 809 1514 qui
831 1441 942 1499 fuit
973 1445 1030 1500 in
1061 1445 1309 1517 epistola
1339 1449 1657 1517 llincmari,
1678 1450 1992 1506 Remorum
2015 1453 2135 1525 epi'

472 1530 655 1601 scopi,
691 1548 869 1604 quam
915 1551 1018 1606 per
1065 1534 1307 1592 clericos
1355 1555 1496 1594 suos
1548 1540 1658 1594 sub
1694 1540 2136 1612 peregrinorum

471 1618 678 1676 habitu
712 1626 949 1694 propter
978 1625 1406 1682 contrariorum
1429 1628 1700 1685 vitandas
1721 1630 1972 1687 insidias
1988 1649 2136 1704 prai-

477 1709 720 1766 cedente
749 1710 904 1767 Julio
929 1729 1131 1771 mense
1153 1715 1399 1772 Romam
1424 1718 1681 1775 miserat.
1699 1720 2020 1792 Epistolam
2043 1738 2140 1776 au-

471 1800 588 1853 tem
628 1797 688 1854 in
726 1801 1066 1874 prazscripta
1097 1806 1316 1877 synodo
1339 1806 1552 1862 factam
1585 1812 1643 1863 et
1673 1807 2138 1882 archiepiscopO'

2227 660 2389 699 more
2417 644 2754 699 Judaaorum
2788 659 2966 714 super
2984 640 3168 698 altare
3189 641 3410 714 pariter
3427 657 3572 696 cum
3595 641 3898 696 dominico

2229 749 2466 804 corpore
2497 748 2714 804 agnum
2747 730 3162 787 benedicamus
3191 734 3251 786 et
3280 730 3632 794 offeramus,
3647 745 3898 786 succen-

2231 825 2426 876 sentes
2455 821 2628 876 etiam
2663 821 2945 892 nos,quia
2975 819 3168 876 clerici
3199 819 3356 892 apud
3379 836 3488 874 nos
3509 819 3742 874 barbas
3761 834 3896 872 suas

2233 909 2776 976 radunt,diccntes°
2799 909 2898 981 qui
2933 909 3234 976 diaconus,
3270 923 3386 963 non
3415 911 3708 979 suscepto
3745 923 3896 978 pres-

2235 999 2534 1071 byteratus
2563 998 2775 1066 ofﬁcio,
2801 998 2954 1070 apud
2989 1013 3094 1053 nos
3123 996 3432 1070 episcopus
3462 995 3895 1052 ordinatur.De

2236 1086 2452 1160 quibus
2480 1086 2754 1142 omnibus
2785 1103 2886 1159 per
2907 1085 3169 1158 singulas
3192 1084 3518 1158 provincias
3542 1090 3898 1157 ametropo—

2237 1175 2434 1232 litanis
2455 1194 2590 1232 cum
2611 1192 2812 1232 eorum
2830 1174 3187 1248 coepiscopis
3199 1173 3310 1231 sibi
3333 1174 3576 1231 rescribi
3595 1174 3898 1246 praecepit,

2239 1265 2542 1337 alloquens
2555 1265 2825 1320 eumdem
2841 1265 3218 1320 Hincmarum
3232 1264 3292 1318 in
3305 1262 3786 1335 epistolae(a)fine
3799 1263 3902 1319 hoc

2243 1355 2414 1410 modo
2449 1372 2462 1410 :
2500 1376 2526 1402 «
2557 1355 2702 1421 Tua,
2735 1353 2946 1426 inquit,
2996 1354 3212 1408 frater?
3243 1352 3582 1419 Hincmare,
3637 1351 3906 1408 charitas

2243 1459 2376 1498 cum
2409 1443 2560 1499 hanc
2590 1442 2897 1516 epistolam
2922 1441 3143 1514 legerit,
3177 1459 3312 1498 mox
3331 1447 3397 1496 ut
3423 1441 3610 1498 etiam
3661 1441 3743 1497 ad
3765 1443 3788 1476 ⁸
3819 1459 3906 1497 ar-

2245 1532 2666 1605 chiepiscopos,
2691 1532 2790 1604 qui
2815 1532 2872 1587 in
2899 1548 3074 1604 regno
3096 1531 3198 1586 filii
3221 1531 3402 1588 nostri
3425 1531 3646 1598 Caroli,
3657 1530 3906 1602 gloriosi

2248 1621 2420 1693 regis,
2441 1622 2790 1688 consistunt,
2824 1622 3136 1686 deferatur,
3160 1637 3531 1693 summopere
3562 1637 3748 1693 agere
3779 1625 3907 1676 stu-

2248 1712 2464 1776 deat,et
2493 1715 2558 1766 ut
2579 1712 2650 1765 de
2681 1711 2774 1766 his
2802 1710 3016 1782 singuli
3047 1710 3106 1764 in
3129 1709 3476 1765 dioecesibus
3498 1710 3770 1782 propriis
3793 1727 3906 1765 una

2249 1817 2382 1856 cum
2418 1800 2801 1872 suifraganeis
2840 1799 2985 1865 suis,
3019 1799 3078 1854 in
3109 1800 3516 1871 cujusounque
3563 1815 3759 1871 regno
3790 1798 3906 1854 sint

474 1903 606 1996 Eum
621 1887 721 1996 qjui
745 1897 1134 1948 convenerant
1158 1893 1371 1967 sigillis
1394 1895 1685 1967 signatam
1698 1898 1986 1953 Actardus
2008 1901 2123 1970 per'

2249 1888 2992 1957 constituti,convenienter
3011 1893 3257 1944 tractare
3287 1894 3344 1943 et
3373 1887 3541 1943 nobis
3573 1905 3714 1960 quas
3749 1904 3906 1961 repe-

473 1976 773 2032 ferendam
805 1979 1155 2052 suscipiens,
1188 2001 1324 2038 cum
1359 1985 1716 2056 quibusdam
1747 1987 2038 2060 episcopis
2057 1989 2124 2044 ad

473 2063 772 2132 Carolum,
803 2067 956 2124 sicut
983 2068 1110 2142 ipse
1137 2077 1508 2147 praeceperat,
1533 2075 1701 2130 redit.
1753 2075 1996 2133 Carolus
2025 2095 2128 2133 au-

474 2156 594 2209 tem
631 2154 942 2212 immemor
979 2159 1280 2217 fidelitatis
1322 2167 1496 2235 atque
1527 2163 1815 2231 labornm,
1850 2183 1996 2237 quos
2025 2184 2128 2239 pro

473 2243 602 2313 ejus
631 2243 851 2301 honore
881 2251 941 2302 et
967 2250 1127 2320 regni
1159 2251 1400 2307 obtentu
1426 2269 1576 2324 smpe
1601 2254 1754 2310 fatus
1777 2255 2128 2312 Hincmarns

475 2347 580 2403 per
595 2331 793 2403 plures
809 2351 992 2392 annos
1014 2338 1566 2407 subierat,eamdem
1590 2342 1897 2414 epistolam
1922 2344 2031 2400 sibi
2055 2345 2126 2400 ab

478 2420 730 2476 Actardo
752 2423 773 2456 ²
802 2423 926 2478 dari
977 2425 1184 2499 exegit,
1216 2433 1274 2483 et
1315 2429 1884 2502 archiepiscoporum
1933 2433 2129 2504 sigilla

479 2509 874 2583 confringens,
907 2518 1072 2584 gesta
1103 2515 1306 2586 synodi
1340 2516 1560 2590 relegit.
1576 2519 1645 2574 Et
1663 2519 1826 2590 quia,
1847 2521 2001 2576 sicut
2030 2538 2126 2576 vo-

477 2595 684 2666 luerat,
700 2597 759 2654 in
791 2601 993 2656 eadem
1026 2604 1248 2675 synodo
1271 2603 1620 2662 Hincmarus
1642 2625 1756 2664 non
1780 2608 1970 2665 extitit
1987 2627 2126 2666 con-

477 2685 719 2755 tutatus,
738 2689 1044 2760 epistolam
1079 2709 1186 2749 suo
1216 2694 1453 2750 nomine
1484 2696 1556 2751 ad
1589 2696 1891 2754 Nicolaum
1912 2716 2123 2771 papam

483 2773 691 2831 dictari
720 2776 780 2833 in
812 2781 1282 2837 contrarietatem
1316 2782 1613 2840 Hincmari
1661 2787 1816 2850 fecit.
1849 2804 2026 2860 quam
2071 2793 2128 2844 et

473 2862 636 2920 bulla
657 2865 750 2921 sui
774 2867 1029 2926 nominis
1048 2869 1345 2943 sigillavit,
1364 2876 1569 2929 etcum
1593 2874 1840 2947 epistola
1861 2877 2122 2949 synodali

473 2967 577 3022 per
599 2952 794 3025 ipsum
816 2955 1132 3012 Actardum
1159 2957 1404 3014 Romam
1429 2961 1656 3017 direxit.
1683 2961 1906 3018 Praefati
1928 2968 2122 3020 autem

473 3039 769 3098 Iiincmari
801 3043 992 3101 clerici
1020 3046 1076 3102 in
1102 3065 1302 3104 mense
1321 3050 1584 3120 Augusto
1607 3052 1848 3107 Romam
1888 3052 2122 3109 venien-

469 3132 578 3196 tes,
615 3131 916 3190 Nicolaum
950 3153 1163 3208 papam
1186 3137 1314 3208 jam
1344 3139 1512 3195 valde
1544 3141 1906 3196 inﬁrmatam
1957 3146 2014 3196 et
2061 3143 2118 3198 in

469 3220 840 3278 contentione
869 3239 1047 3295 quam
1079 3230 1283 3282 contra
1322 3228 1652 3285 Graecorum
1699 3230 2078 3303 imperatores
2100 3233 2122 3266 ³

2239 1980 2421 2035 rerint
2452 1995 2763 2052 suggerere
2794 1983 3018 2044 curent,
3035 1995 3134 2034 eos
3154 1977 3396 2033 incitare
3415 1994 3530 2033 non
3552 1976 3900 2050 negligant;

2239 2072 2321 2124 ita
2345 2073 2407 2122 nt
2428 2085 2628 2122 eorum
2653 2068 3074 2138 omnium,qua3
3098 2066 3397 2138 praesentis
3420 2065 3686 2139 epistolae
3713 2067 3900 2123 nostri

2238 2156 2692 2212 circumstantia:
2725 2156 3075 2223 continent”,
3101 2160 3163 2211 tu
3192 2160 3250 2211 et
3291 2160 3568 2212 strenuus
3621 2161 3901 2214 executor

2237 2244 2353 2300 illis
2384 2245 2618 2311 existas,
2651 2250 2708 2300 et
2737 2245 2891 2317 apud
2925 2261 3032 2300 nos
3061 2261 3230 2300 verax
3260 2249 3316 2300 et
3347 2244 3607 2316 prudens
3639 2245 3900 2317 scripto-

2238 2351 2368 2389 rum
2401 2340 2635 2390 tuorum
2671 2334 2817 2390 serie
2849 2333 3061 2390 relator
3089 2333 3423 2389 invenieris.
3453 2333 3603 2390 Data
3627 2336 3671 2369 ¹⁰
3699 2336 3772 2388 10
3801 2334 3902 2390 Ca-

2236 2423 2391 2479 lend.
2425 2423 2784 2490 Novembris,
2819 2421 3135 2479 indictione
3185 2425 3236 2478 1.
3271 2444 3298 2472 n
3345 2425 3532 2488 Quam
3575 2422 3899 2494 epistolam

2237 2511 2586 2569 Hincmarus
2637 2512 3246 2568 Idus1'Decembrias
3295 2510 3494 2584 prima:
3544 2509 3900 2567 indictionis

2235 2601 2584 2673 suscipiens,
2618 2601 2678 2656 in
2708 2601 3040 2657 Corbonaco
3059 2602 3134 2673 (b)
3162 2599 3374 2673 palatio
3394 2600 3750 2657 consistenti
3773 2602 3898 2674 regi

2235 2690 2436 2746 Carolo
2467 2707 2600 2746 cum
2636 2691 2904 2762 pluribus
2934 2689 3226 2762 episcopis
3257 2688 3478 2761 relegit,
3511 2695 3572 2745 et
3601 2706 3712 2762 per
3747 2690 3898 2746 alios

2235 2779 2724 2852 archiepiscopos,
2741 2779 2896 2835 sicut
2921 2778 2978 2834 in
3012 2779 3288 2836 mandato
3309 2778 3903 2851 acceperat,dirigere

2234 2868 2480 2924 studuit.
2514 2868 2787 2925 Nicolaus
2819 2886 2969 2941 papa
3019 2868 3158 2924 Idus
3197 2868 3455 2941 proxime
3503 2869 3902 2940 praecedentis

2233 2957 2455 3014 mensis
2506 2958 2843 3014 Decembris
2892 2958 3054 3025 obiit,
3087 2957 3182 3013 cui
3208 2959 3250 2993 ¹²
3278 2958 3564 3013 successit
3590 2959 3902 3013 Adrianus

2231 3063 2380 3118 papa
2411 3047 2690 3103 electione
2719 3046 3062 3102 clericorum
3102 3051 3161 3102 et
3211 3063 3497 3103 consensu
3547 3047 3897 3103 Hludowici

2228 3133 2597 3208 imperatoris
2624 3136 2681 3190 in
2712 3136 3074 3208 pontificatu.
3104 3137 3286 3202 Quem
3316 3136 3602 3191 Actardus
3627 3136 3887 3193 Romam

2227 3225 2464 3280 veniens
2495 3242 2628 3281 cum
2657 3242 2834 3296 supra
2864 3223 3096 3297 scriptis
3127 3224 3410 3296 epistolis,
3444 3223 3502 3280 in
3550 3224 3888 3298 apostolica

470 3307 811 3366 Michaclem
835 3313 1204 3382 etBasilium,
1231 3317 1330 3371 sed
1363 3321 1417 3373 et
1439 3322 1640 3373 contra
1661 3318 1972 3375 orientales
2003 3321 2118 3392 epi-
2149 3306 2191 3373 C
2230 3314 2366 3370 sede
2388 3315 2514 3386 jam
2548 3313 2882 3370 ordinatum
2913 3313 3129 3369 invenit
3151 3315 3213 3368 ‘3.

468 3413 676 3469 scopos
707 3399 1336 3476 habebat,magnopere
1357 3405 1716 3462 laborantem
1739 3408 2115 3475 invenerunt;

469 3491 824 3558 quapropter
835 3507 1020 3562 usque
1033 3492 1103 3546 ad
1119 3509 1380 3548 mensem
1396 3494 1732 3550 Octobrium
1747 3495 1964 3552 ibidem
1980 3491 2120 3552 sunt

470 3573 786 3632 immorati.
819 3577 1092 3636 Nicolaus
1122 3597 1254 3638 vero
1287 3600 1437 3654 papa
1467 3587 1769 3654 gratanter
1791 3585 2118 3657 suscipiens

468 3678 596 3734 qua:
630 3664 977 3724 Hincmarus
1009 3669 1323 3742 scripserat
1351 3671 1399 3726 ei
1425 3673 1446 3705 ⁴
1477 3671 1546 3726 de
1576 3672 1852 3728 omnibus
1883 3675 1992 3729 sibi
2026 3693 2116 3731 sa-

466 3752 766 3810 tisfactum
799 3772 928 3811 esse
957 3757 1288 3831 rescripsit;
1322 3759 1422 3814 sed
1454 3763 1510 3813 et
1539 3759 1780 3816 alteram
1811 3761 2118 3833 epistolam

465 3840 654 3897 eidem
675 3847 731 3899 et
752 3846 974 3902 ceteris
996 3847 1453 3919 archiepiscopis
1474 3848 1530 3902 in
1569 3865 1743 3919 regno
1769 3849 1950 3906 Caroli
1980 3868 2119 3906 con-

463 3928 686 3987 stitutis
717 3934 1068 4002 transmisit,
1091 3935 1462 3992 innotescens
1483 3938 1756 4008 praefatos
1773 3939 2117 3995 Graecorum

460 4016 980 4093 imperatores,sed
1011 4028 1070 4080 et
1099 4024 1409 4081 orientales
1429 4011 2122 4099 episcOpos,calumniari

460 4115 726 4166 sanctam
761 4112 1086 4170 Romanam
1117 4113 1446 4184 ecclesiam,
1473 4115 1654 4172 immo
1685 4133 1921 4173 omnem
1945 4115 2123 4174 eccle'

2295 3404 2576 3460 Arsonius
2607 3409 2822 3470 autem,
2849 3420 3072 3476 magna:
3093 3402 3430 3459 calliditatis
3469 3408 3526 3459 et
3563 3404 3762 3459 nimia:
3785 3422 3890 3460 cu-

2227 3492 2490 3564 piditatis
2521 3492 2826 3565 homo,spc
2857 3492 3003 3548 falsa
3031 3493 3317 3548 seducens
3339 3492 3800 3564 Theutgaudum
3828 3501 3890 3550 et

2228 3580 2617 3636 Gnntharium
2639 3583 2709 3637 de
2723 3582 3088 3638 restitutione
3109 3581 3550 3653 ipsorum,utab
3563 3583 3648 3638 eis
3671 3585 3886 3638 exenia

2228 3667 2534 3739 acciperet,
2570 3669 2813 3724 Romam
2846 3669 3039 3724 venire
3074 3669 3236 3738 fecit;
3271 3668 3372 3742 qui
3401 3669 3625 3726 diutius
3647 3669 3730 3725 ibi
3755 3689 3888 3727 ma-

2228 3762 2455 3828 nentes,
2470 3774 2646 3829 penes
2677 3775 2882 3814 omnes
2904 3775 3044 3814 suos
3060 3757 3404 3824 amiserunt,
3417 3758 3654 3814 tandem
3677 3763 3886 3815 autem

2229 3845 2651 3917 Theutgaudus
2679 3845 2893 3902 ibidem
2919 3851 3186 3903 mortuus
3203 3851 3311 3916 est,
3327 3851 3380 3902 et
3403 3846 3770 3904 Guntharius
3789 3851 3890 3904 vix

2229 3935 2486 4006 corporis
2519 3939 2764 3991 mortem
2796 3935 2996 3991 evasit.

2303 4024 2610 4080 Lotharius
2623 4025 2782 4080 Theu
2793 4025 3051 4097 tbergam
3077 4040 3311 4080 uxorem
3327 4041 3496 4081 suam
3511 4025 3758 4081 Romam
3777 4026 3888 4082 mi-

2229 4114 2324 4181 sit,
2345 4118 2408 4169 ut
2436 4114 2691 4186 seipsam
2723 4113 3150 4182 criminaretur,
3170 4119 3465 4185 quatenus
3487 4114 3559 4169 ab
3589 4114 3720 4185 ejus
3739 4132 3886 4171 con-

459 4199 610 4254 siam
641 4217 768 4272 qua;
811 4201 997 4257 latina
1026 4201 1216 4258 utitur
1247 4203 1470 4278 lingua,
1505 4205 1648 4277 quia
1669 4207 2015 4277 jejunamus
2061 4208 2118 4262 in
2220 4203 2388 4276 jugio
2437 4202 2690 4276 separari
2723 4203 2957 4258 valeret.
3010 4204 3119 4258 Sed
3165 4202 3457 4259 Adrianus
3509 4220 3662 4277 papa
3699 4211 3883 4276 atque

459 4289 746 4358 sabbatis,
780 4291 935 4363 quod
963 4291 1249 4364 Spiritum
1284 4299 1554 4351 sanctum
1579 4313 1649 4351 ex
1670 4295 1836 4351 Patre
1862 4296 2119 4369 Filioque

459 4379 771 4450 procedere
784 4379 1210 4453 dicimus,quia
1230 4383 1600 4456 presbyteros
1623 4385 1816 4441 sortiri
1839 4387 1966 4456 conj
1977 4403 2118 4457 ages

457 4465 860 4538 prohibemus,
885 4469 972 4521 ets
1002 4470 1278 4540 quoniam
1305 4473 1538 4529 eosdem
1570 4473 1936 4547 presbyteros
1959 4473 2117 4529 chri-

459 4559 645 4610 smate
675 4554 844 4610 linire
877 4556 1304 4628 baptizatorum
1343 4561 1564 4617 frontes
1613 4562 1986 4631 inhibemus;
2021 4565 2112 4618 di-

2229 4293 2474 4350 Romani
2507 4293 2724 4348 talibus
2757 4292 2960 4348 neniis
2992 4309 3107 4348 non
3136 4293 3461 4360 credentes,
3477 4293 3651 4364 jussa
3677 4299 3772 4349 est
3800 4295 3878 4350 ad

2225 4382 2414 4438 virum
2447 4400 2622 4438 suum
2655 4381 2881 4437 rev'erti.

2296 4471 2536 4528 Carolus
2566 4488 2853 4527 consensu
2889 4471 3085 4527 fratris
3114 4472 3205 4526 sui
3228 4470 3876 4547 Hludowicinquosdam

2225 4561 2528 4633 episcopos
2587 4562 2658 4616 ad
2709 4561 3178 4617 Autissiodornm
3224 4560 3282 4616 in
3334 4563 3551 4618 futuris
3595 4563 3876 4619 Kalendis

458 4649 656 4698 centes
689 4642 796 4715 ipsi
829 4643 1030 4711 Graeci,
1063 4649 1217 4718 quod
1251 4649 1508 4706 chrisma
1538 4670 1606 4706 ex
1652 4669 1806 4722 aqua
1852 4652 2112 4708 ﬂuminis
2141 4687 2189 4752 Β
2227 4649 2521 4706 Februarii
2555 4651 2860 4706 convenire
2894 4650 3182 4723 praecepit,
3201 4655 3264 4705 ut
3295 4650 3365 4706 de
3395 4668 3574 4707 causa
3613 4652 3872 4707 Lotharii

459 4730 647 4752 Y_L.',,2
708 4732 1019 4752 _-_n_3_n_,
1311 4737 1323 4752 I
1447 4740 1460 4752 1
1550 4745 1558 4752 .
1849 4742 1872 4752 ο
1936 4743 1970 4752 ,ο
2369 4740 2382 4752 ι
2524 4744 2532 4752 .
2649 4744 2658 4752 .
2817 4746 2824 4752 .
2892 4741 2927 4752 ιι
3039 4739 3050 4752 ι
3186 4740 3200 4752 ς
3290 4741 3300 4750 ο
3637 4740 3648 4751 ο
3833 4742 3847 4752 ι

459 4730 648 4787 Latini
699 4732 1100 4803 conﬁciamus,
1144 4737 1632 4807 reprehendentes
1690 4759 1795 4796 nos
1849 4742 2105 4810 Latinos,

2219 4740 2484 4812 quaedam
2521 4744 2853 4794 tractarent.
2889 4739 3129 4796 Carolus
3168 4740 3443 4812 denique,
3475 4740 3753 4812 quoniam
3794 4742 3871 4797 ab

458 4821 611 4892 quod
645 4827 774 4877 octo
802 4821 1267 4882 hebdomadibus
1296 4831 1430 4882 ante
1462 4827 1682 4884 Pascha
1710 4847 1742 4884 a
1764 4832 2029 4886 carnium
2051 4837 2108 4887 et
2216 4828 2446 4883 Acfrido
2479 4828 2775 4883 abbatiam
2807 4828 2990 4883 sancti
3023 4827 3222 4884 Hilarii
3256 4845 3392 4884 cum
3432 4827 3564 4885 aliis
3595 4829 3872 4902 plurimis

456 4914 679 4982 septem
714 4909 1182 4968 hebdomadibus
1213 4931 1244 4969 a
1276 4916 1428 4970 casei
1462 4920 1516 4970 et
1546 4934 1784 4972 ovorum
1817 4935 1920 4974 esu
1947 4935 2106 4974 more
2216 4916 2656 4972 honorabilibus
2688 4917 2987 4972 beneficiis
3016 4916 3286 4985 habente,
3319 4917 3470 4973 sicut
3500 4918 3740 4991 quidam
3773 4919 3870 4973 di-

1723 5032 2126 5089 VARIANTES
2167 5034 2587 5090 LECTIONES.

531 5143 636 5218 ’ret
666 5142 813 5218 F104.
891 5146 911 5177 ³
942 5144 1014 5218 ab
1045 5145 1291 5218 Actardo
1324 5145 1433 5199 sibi
1466 5147 1612 5201 Flml.
1691 5149 1712 5180 ³
1745 5148 1782 5201 i.
1816 5165 1868 5218 g.
1904 5149 2050 5203 Iv'lod.

2127 5152 2148 5184 ‘
2179 5149 2230 5206 ei
2263 5151 2581 5222 scripserat
2609 5149 2756 5203 Flml.

458 5217 657 5269 omissa
688 5231 722 5267 α
752 5213 846 5268 Ch.
880 5223 930 5269 et
959 5216 1020 5268 Β.
1053 5232 1122 5270 cx
1151 5217 1447 5271 Florlonrdo
1481 5221 1708 5272 inserui.
1787 5213 1894 5274 “et
1925 5222 2184 5275 dicentes
2217 5222 2363 5275 Πολ.

2835 5151 2855 5182 τι
2880 5155 2936 5204 et
2968 5149 3246 5222 quoniam
3296 5168 3466 5222 usque
3503 5150 3861 5215 inhibemus,

2442 5222 2461 5253 ⁷
2491 5221 2634 5275 deest
2664 5222 2808 5275 Flml.
2888 5225 2909 5254 ⁸
2941 5221 3011 5277 ad
3045 5221 3190 5278 alios
3239 5239 3290 5278 a.
3343 5221 3490 5278 Had.
3568 5224 3589 5257 ⁹
3617 5222 3862 5279 circum-

457 5285 674 5364 stantia
703 5284 960 5364 continet
987 5287 1420 5364 Flu_d.__‘°_data
1449 5306 1617 5364 usque
1647 5290 1958 5346 indictione
1989 5293 2131 5348 deest
2161 5294 2308 5349 Flod.
2391 5295 2426 5327 ¹¹
2463 5292 2594 5347 idus
2627 5293 2682 5348 d.
2711 5309 2766 5364 p.
2805 5293 2840 5348 i.
2877 5294 3021 5349 deest
3051 5294 3197 5349 Flod.
3279 5296 3320 5329 ¹²
3351 5295 3444 5350 cui
3473 5295 3856 5350 Adrianus....

455 5357 796 5428 pontificatu
829 5359 1112 5413 successit
1142 5359 1290 5414 Flod.
1371 5361 1410 5393 ¹³
1441 5357 1716 5433 hucusque
1745 5364 2096 5419 Hadoardus.

2034 5479 2270 5535 NOT.E.

530 5580 604 5642 (a)
795 5579 1756 5671 epistola“intcgra‘recitaturapud
1787 5587 2096 5642 Baronium
2207 5587 2413 5671 axona:
2446 5591 2610 5671 porta
2642 5587 3163 5671 disparata,_vul‘go
3209 5588 3491 5671 Corbcny,‘
3531 5587 3616 5644 vel
3665 5591 3852 5671 διιένα-

461 5649 612 5723 ιιίίλξιλ,
635 5652 762 5723 βω.
799 5649 959 5706 nium.
995 5653 1080 5705 46.
1111 5649 1238 5723 sqq.
1274 5653 1454 5716 Bono.

531 5720 602 5788 (h)
634 5720 781 5775 Villa
798 5729 918 5776 erat
937 5724 1092 5792 regia
1110 5720 1240 5795 pagi
1264 5725 1686 5795 Lauduncnsis,
1705 5747 1820 5784 una
1844 5728 2004 5784 leuca
2028 5730 2099 5784 ab

2209 5651 2539 5717 .‘I(U'(‘I)il,-Oll
2572 5660 2628 5713 S.
2656 5651 2980 5730 Marculphi
3015 5651 3291 5732 reliquias
3321 5680 3388 5716 eo
3421 5651 3645 5716 allatas.
3675 5663 3846 5723 Bono.
