4074 6516
186 493 344 556 1241

1001 498 1360 564 ANNALES
1407 501 1822 565 HINCMAltO
1869 499 2379 564 DUBITANTEB.
2427 497 2811 562 ASCRIPTI.

3460 456 3614 560 4245

179 626 454 698 introire,
487 627 792 688 ecclesiam
851 629 1088 702 invasit,
1135 633 1294 692 velut
1345 635 1616 692 ethnicus
1675 639 1848 708 atque
1875 644 1933 713 Α
1965 650 2028 690 se
2051 635 2255 708 petens
2275 663 2344 673 —
2365 633 2523 706 quod
2553 631 2664 689 sibi
2689 629 2902 688 totiens
2932 629 3308 689 interdictum
3341 630 3616 688 fuerat—-

179 717 581 788 barbarus,ad
613 719 1002 792 perditionem
1025 739 1145 778 suae
1177 723 1387 778 animae
1421 728 1600 796 atque
1631 725 1858 797 pericu-

179 805 316 862 lum
346 806 528 879 hujus
555 809 899 865 venerandae
923 810 1130 884 synodi
1153 829 1288 868 cum
1317 813 1443 868 suis
1471 813 1856 886 nequissimis

181 896 600 953 consentaneis
630 899 807 971 atque
851 901 1204 972 sequacibus
1235 902 1527 973 picturam
1571 903 1858 958 destruxit

180 982 675 1058 imaginemque‘
723 987 954 1058 dejecit,
1015 1005 1194 1060 quam
1253 979 1637 1047 beatissimus
1705 1007 1855 1064 papa

182 1072 541 1129 Benedictus
582 1077 756 1146 atque
805 1077 1076 1149 egregius
1125 1079 1473 1134 restauravit
1501 1083 1556 1134 et
1599 1078 1854 1136 luciﬂuis

187 1160 489 1219 coloribus
520 1163 834 1220 decoravit.

266 1272 296 1303 ‹‹
315 1251 608 1310 Adrianus
631 1253 964 1328 episcopus,
988 1273 1190 1315 servus
1216 1273 1518 1315 servorum
1541 1257 1662 1314 Dei.
1683 1255 1854 1314 Omni

187 1339 294 1397 Dei
325 1339 582 1398 ecclesiae
617 1345 822 1398 notum
855 1347 962 1415 est,
996 1345 1138 1418 quid
1193 1347 1545 1403 Anastasius
1594 1351 1856 1420 tempore

187 1429 690 1502 praedecessorum
725 1436 1064 1490 nostrorum
1096 1435 1442 1507 pontiﬁcum
1471 1437 1737 1510 gesserit,
1753 1437 1854 1492 sed

188 1521 252 1574 et
279 1517 530 1592 qualiter
558 1520 633 1577 ob
664 1519 725 1578 id
747 1523 770 1556 ²
799 1523 870 1578 de
901 1522 1000 1579 illo
1034 1528 1249 1581 sanctae
1296 1525 1716 1582 recordationis
1742 1525 1855 1581 Leo

187 1611 249 1664 et
272 1608 650 1679 Benedictus,
686 1611 885 1667 exlmii
919 1613 1220 1684 praesules,
1255 1613 1634 1684 instituerint,
1660 1613 1855 1689 palam

189 1699 284 1753 est
310 1695 558 1754 cunctis.
575 1699 838 1765 Quorum
870 1718 1024 1758 unus
1054 1719 1188 1758 eum
1221 1702 1852 1775 deposuit,excommu-

189 1784 406 1844 nicavit
431 1791 491 1843 et
537 1789 1070 1860 anathematizavit,
1104 1791 1252 1848 alter
1296 1809 1430 1849 vero
1483 1793 1855 1850 sacerdotali-

189 1875 307 1932 bus
336 1876 670 1949 exspolians
699 1879 1089 1949 vestimentis,
1113 1879 1268 1937 inter
1299 1881 1480 1938 laicos
1508 1883 1567 1938 in
1599 1900 1856 1940 commu-

189 1963 366 2022 nione
395 1964 630 2038 recepit.
665 1966 948 2024 Decessor
978 1969 1184 2042 itaque
1215 1975 1412 2027 noster
1444 1973 1855 2028 sanctissimus

199 2069 354 2126 papa
385 2052 677 2124 Nicolaus,
711 2071 847 2112 eum
879 2061 1100 2130 postea,
1137 2059 1188 2114 si
1225 2058 1476 2116 ﬁdeliter
1533 2078 1670 2134 erga
1717 2079 1851 2118 san-

191 2146 348 2198 ctam
408 2144 733 2210 Romanam
793 2145 1101 2202 ecclesiam
1161 2148 1474 2218 incederet,
1508 2149 1568 2206 in
1628 2151 1850 2224 gremio

193 2229 320 2303 pari
347 2232 519 2288 modo
547 2233 862 2307 recepisset
904 2235 1206 2304 Ecclesiae;
1251 2237 1351 2293 sed
1381 2237 1696 2296 infidelitas
1723 2241 1851 2313 ejus

194 2337 352 2376 nunc
381 2320 442 2378 in
471 2325 704 2378 tantum
755 2323 1048 2397 apparuit,
1083 2329 1148 2381 ut
1177 2331 1311 2399 post
1359 2328 1850 2400 depraedationem

193 2409 538 2482 patriarchii
567 2413 753 2468 nostri
785 2413 1258 2488 ablationemque
1305 2416 1676 2488 synodalium
1708 2418 1849 2476 scri-

195 2501 522 2572 pturarum,
558 2518 706 2574 quas
753 2505 874 2559 tam
917 2521 1096 2576 super
1127 2521 1188 2561 se
1221 2522 1402 2578 quam
1435 2524 1612 2580 super
1642 2507 1848 2580 hujus-

198 2586 808 2648 modiasanctissimis
831 2591 1184 2664 praesulibus
1213 2593 1456 2650 diversis
1485 2596 1852 2668 temporibus

197 2675 460 2733 decretas
515 2685 806 2751 repererat
829 2681 870 2749 3,
905 2681 1339 2738 institutionem
1398 2701 1630 2758 quoque
1687 2702 1850 2742 vene-

197 2765 392 2820 randae
423 2765 631 2838 synodi
661 2767 732 2824 ab
761 2767 906 2840 ipsis
955 2769 1176 2826 sanctis
1224 2771 1605 2844 pontiﬁcibus
1637 2774 1851 2830 factam

197 2856 374 2924 atque
431 2855 542 2910 sub
599 2853 1040 2929 interpositione
1117 2859 1510 2918 anathematis
1573 2866 1850 2919 retectam

193 2939 400 2998 violari
454 2941 623 3000 nobis
681 2945 1064 3024 subripiendo
1121 2947 1340 3018 fecerit,
1374 2953 1432 3006 et
1481 2950 1750 3008 homines
1779 2953 1851 3008 ad

197 3029 610 3088 seminandum
632 3032 783 3090 inter
801 3034 1104 3106 piissimos
1143 3037 1437 3111 principes
1457 3044 1514 3095 et
1531 3040 1850 3098 Ecclesia'm

197 3119 636 3178 Deidiscordias
667 3139 770 3194 per
799 3140 1002 3180 muros
1033 3125 1220 3198 hujus
1251 3127 1502 3184 civitatis
1535 3145 1694 3186 more
1709 3129 1852 3188 furis

200 3209 352 3267 exire
379 3210 1098 3287 cocgerit,quemdamque
1125 3215 1532 3290 Adalgrimum
1565 3221 1638 3276 ad
1678 3221 1856 3277 eccle-

203 3297 350 3356 siam
381 3299 723 3374 confugium
767 3302 1078 3359 facientem
1109 3304 1294 3362 oculis
1325 3311 1384 3362 et
1411 3306 1614 3382 lingua
1639 3311 1850 3382 privari

1964 726 2184 779 temere
2225 721 2546 794 usurpavit,
2575 737 2642 777 ac
2699 721 2944 777 vetitum
3001 719 3196 777 locum
3253 721 3612 790 conscendit,

1965 811 2110 868 satis
2134 814 2334 868 nostra
2353 809 2600 868 ecclesia
2619 810 3011 866 murmuravit
3027 813 3083 866 et
3103 810 3616 868 murmurat.Sane

1965 898 2014 955 si
2045 899 2132 954 vel
2165 899 2238 955 ab
2269 899 2412 954 urbe
2443 899 2627 954 Roma
2655 898 3001 972 quantisper
3029 897 3382 967 discesserit,
3402 897 3489 954 vel
3520 915 3613 955 sa-

1965 987 2291 1044 cerdotium
2303 986 2387 1042 vel
2402 987 2728 1043 clericalem
2741 987 3000 1060 aliquem
3013 985 3280 1043 ordinem
3306 986 3425 1043 sive
3447 987 3616 1043 mini-

1965 1077 2210 1132 sterium
2222 1076 2525 1148 quodlibet
2549 1080 2804 1149 repetere
2826 1080 2926 1132 aut
2947 1075 3202 1148 recipere
3227 1092 3616 1148 praesumpse-

1965 1165 2058 1234 rit,
2085 1165 2256 1238 quia‘
2271 1168 2472 1220 contra
2494 1167 2716 1220 statuta
2730 1165 3100 1237 praefatorum
3123 1164 3443 1238 praisulum
3477 1181 3613 1220 con-

1965 1258 2172 1327 traque
2182 1255 2603 1327 jusjurandum
2617 1255 2771 1328 quod
2785 1253 3076 1327 pollicitus
3098 1258 3538 1326 est,numquam
3550 1271 3614 1310 se

1967 1345 2039 1400 ab
2061 1345 2205 1400 urbe
2234 1343 2369 1417 plus
2397 1345 2466 1399 40
2495 1342 2758 1399 millibus
2789 1343 3226 1412 abscessurum,
3255 1359 3360 1399 nec
3379 1343 3400 1378 ⁵
3421 1359 3613 1399 sacer-

1966 1431 2191 1489 dotium
2221 1433 2308 1488 vel
2340 1435 2589 1506 gradum
2638 1431 2926 1490 clericalis
2973 1447 3102 1488 esse
3131 1431 3442 1488 ministerii
3469 1431 3614 1504 peti-

1965 1523 2187 1594 turum,
2220 1523 2407 1578 facere
2443 1522 2756 1592 videbitur,
2789 1537 2926 1580 cum
2974 1519 3250 1578 omnibus
3296 1519 3615 1578 factoribus

1965 1611 2375 1670 consentaneis
2387 1614 2443 1670 et
2454 1611 2808 1685 sequacibus
2819 1611 2946 1669 suis
2963 1609 3322 1668 anathemati
3341 1607 3615 1684 perenni'5

1967 1704 2286 1776 subjaceat.
2321 1703 2551 1761 Prolata
2581 1703 2639 1759 in
2671 1705 2986 1775 conspectu
3027 1701 3210 1758 totius
3249 1702 3464 1758 sanctae
3496 1699 3613 1756 Ro-

1966 1809 2151 1848 manae
2171 1792 2438 1849 Ecclesiae
2462 1796 2594 1848 ante
2614 1792 2771 1848 hunc
2783 1787 3443 1848 eumdemAnastasium
3454 1787 3612 1862 apud
3705 1833 3716 1842 .

1966 1884 2231 1937 sanctam
2291 1881 2607 1938 Praxedem
2665 1881 2946 1954 positum,
3007 1896 3160 1937 anno
3236 1877 3611 1952 pontificatus

1967 1970 2167 2026 domni
2223 1970 2484 2039 Adriani,
2542 1969 2741 2026 sumni
2803 1969 3096 2042 pontificis
3153 1971 3212 2025 et
3249 1964 3612 2024 .universalis

1962 2077 2146 2133 papae,
2179 2059 2368 2134 primo
2399 2077 2502 2132 per
2521 2056 2566 2116 ’4
2595 2060 2733 2116 Idus
2761 2057 3049 2128 Octobris,
3081 2055 3400 2115 indictione
3426 2059 3480 2112 2.
3509 2077 3538 2106 »

2035 2149 2344 2205 Lotharius
2375 2152 2715 2222 suspectum
2747 2149 2970 2204 habens
2991 2145 3372 2220 Carolum,ad
3392 2143 3610 2202 illude-

1961 2236 2183 2294 wicum
2215 2255 2276 2295 se
2307 2237 2517 2294 iterum
2549 2237 2881 2310 contulit,et
2909 2235 3166 2294 obtinuit
3193 2239 3259 2291 ut
3286 2249 3612 2292 sacramen-

1961 2331 2090 2383 tum
2113 2326 2198 2382 illi
2221 2327 2344 2384 {ieri
2367 2345 2435 2383 ex
2456 2345 2565 2383 sua
2584 2331 2746 2400 parte
2777 2328 3010 2395 faceret,
3034 2329 3328 2400 quatenus
3359 2323 3419 2378 in
3450 2321 3611 2378 nullo

1964 2419 2316 2472 nocumento
2374 2415 2458 2470 illi
2517 2416 2684 2482 foret,
2717 2415 2766 2472 si
2797 2415 2859 2470 in
2887 2415 3198 2488 conjugem
3237 2411 3612 2470 Waldradam

1963 2503 2290 2574 acciperet;
2323 2504 2526 2575 sicque
2557 2504 2629 2559 ad
2662 2503 2948 2576 palatium
2977 2502 3337 2558 Attiniacum
3369 2500 3442 2556 ad
3473 2517 3610 2556 con—

1960 2592 2227 2666 loquium
2258 2591 2446 2648 Caroli
2497 2592 2672 2657 venit,
2705 2592 2902 2665 ibique
2949 2590 3232 2666 placitum
3275 2588 3518 2662 accepit,
3549 2591 3615 2644 ut

1962 2687 2096 2756 post
2116 2683 2344 2737 futuras
2366 2680 2656 2737 Kalendas
2679 2681 2944 2737 Octobris
2975 2678 3153 2736 simul
3183 2678 3396 2735 iterum
3418 2677 3614 2752 loque-

1963 2775 2185 2828 rentur.
2218 2770 2458 2828 Carolus
2515 2774 2709 2826 autem
2767 2786 2870 2842 per
2925 2773 3119 2826 curtes
3150 2767 3340 2842 regias
3368 2767 3430 2823 in
3460 2783 3610 2840 pago

1963 2859 2340 2916 Laudunensi
2365 2858 2752 2916 consistentes
2774 2855 3612 2933 pergens,Hincmarum,Lau-

1961 2950 2287 3006 dunensem
2310 2946 2846 3022 episcopum,nullo
2867 2948 3140 3021 episcopo
3161 2963 3280 3002 suae
3301 2943 3609 3018 provinciae

1963 3037 2216 3106 conscio,
2231 3037 2435 3109 jussit,
2455 3042 2520 3092 ut
2540 3038 2612 3093 ad
2644 3054 2853 3094 causas
2884 3035 3118 3104 suas,id
3143 3035 3325 3091 estad
3347 3033 3610 3090 seculare

1953 3127 2272 3200 judicium,
2296 3126 2641 3183 advocatum
2677 3143 2852 3183 suum
2883 3127 3068 3194 daret,
3099 3141 3203 3198 pro
3233 3139 3298 3180 eo
3330 3121 3487 3196 quod
3518 3121 3610 3178 be-

1963 3216 2171 3273 neficia
2209 3216 2564 3288 quibusdam
2597 3215 2722 3272 suis
2751 3214 3092 3271 hominibus
3119 3211 3380 3272 abstulit.
3409 3211 3608 3290 iisdem

1963 3310 2158 3362 autem
2189 3305 2500 3378 episcopus
2531 3323 2594 3362 se
2624 3304 2973 3373 reclamans,
3007 3303 3164 3376 quod
3196 3301 3394 3359 relicto
3423 3299 3608 3356 eccle-

204 3388 582 3462 suggesserit.
599 3389 768 3447 Modo
779 3408 934 3460 vero,
959 3392 1111 3448 sicut
1126 3393 1296 3450 multi
1325 3399 1584 3452 vestrum
1617 3415 1849 3455 mecum
1881 3395 1923 3462 C
1963 3395 2198 3452 siastico
2215 3395 2438 3468 judicio
2453 3412 2567 3452 non
2589 3395 2828 3451 auderet
2843 3391 3104 3450 seculare
3119 3389 3605 3464 adirejudicium,

203 3493 239 3533 a
267 3477 518 3550 quodam
564 3479 900 3553 presbytero
948 3483 1384 3555 consanguineo
1428 3486 1580 3557 ejus,
1611 3487 1846 3546 nomine

194 3564 411 3634 Adone,
427 3566 699 3638 audistis,
715 3573 772 3625 et
802 3569 932 3626 aliis
964 3571 1156 3627 modis
1187 3572 1356 3628 nobis
1388 3575 1711 3632 revelatum
1734 3582 1842 3647 est,

195 3653 609 3712 beneﬁciorum
659 3673 892 3730 quoque
921 3663 1258 3716 nostrorum
1290 3661 1621 3740 immemor,
1656 3665 1844 3721 homi-

198 3757 330 3798 nem
342 3743 413 3800 ad
428 3743 828 3802 Eleutherium
851 3746 1034 3818 misit,
1049 3747 1363 3806 exhortans
1385 3750 1702 3810 homicidia
1724 3772 1848 3828 per-

195 3831 432 3903 petrari,
463 3849 614 3906 quae,
647 3833 801 3890 sicut
829 3835 1016 3906 scitis,
1047 3837 1194 3910 proh
1226 3837 1391 3894 dolor
1414 3839 1568 3898 facta
1593 3847 1750 3898 sunt.
1776 3844 1846 3900 Et

193 3917 322 3976 ideo
370 3935 476 3994 pro
527 3919 622 3980 bis
677 3922 955 3980 omnibus
988 3927 1047 3981 et
1075 3941 1179 3999 pro
1211 3925 1342 3983 aliis
1371 3926 1595 4001 multis,
1628 3930 1846 4004 quibus

194 4007 500 4068 ecclesiam
531 4011 764 4069 Domini
796 4014 1046 4086 perculit
1073 4019 1250 4088 atque
1272 4015 1440 4086 laesit,
1461 4035 1639 4091 quam
1670 4021 1846 4078 etiam

196 4099 458 4157 subdolis
515 4102 1052 4160 machinationibus
1108 4104 1394 4163 hactenus
1453 4111 1696 4167 tundere
1729 4127 1845 4167 non

197 4189 446 4259 desistit,
501 4191 850 4249 auctoritate
878 4193 982 4249 Dei
1011 4193 1432 4268 omnipotentis
1462 4199 1846 4274 omniumque

199 4283 536 4336 sanctorum
584 4280 822 4339 Patrum
855 4299 921 4340 ac
949 4285 1413 4342 venerandorum
1465 4287 1844 4346 conciliorum

199 4369 722 4445 praedictorumque
752 4373 1097 4445 pontiﬁcum
1129 4373 1308 4430 simul
1339 4378 1396 4430 et
1416 4376 1627 4446 judicii
1662 4380 1846 4435 nostri

199 4459 489 4518 sententia
511 4463 833 4532 sancimus,
849 4462 1017 4520 illum
1035 4464 1308 4520 eumdem
1326 4466 1705 4523 Anastasium
1718 4485 1846 4526 esse

121 4615 130 4618 _
195 4551 1050 4625 tenendum,quemadmodum
1082 4553 1153 4609 de
1179 4569 1244 4609 eo
1276 4553 1454 4611 iidem
1485 4556 1685 4612 domni
1706 4575 1848 4631 pon-

198 4639 384 4697 tiﬁces
435 4639 548 4698 Leo
605 4645 662 4698 et
712 4641 1060 4699 Benedictus
1114 4641 1456 4701 solemniter
1484 4649 1541 4701 et
1571 4647 1845 4719 synodice

199 4732 544 4800 statuerunt,
577 4730 724 4787 nihil
753 4731 814 4787 in
845 4731 974 4803 ejus
1015 4733 1386 4790 anathemate
1417 4735 1503 4791 vel
1535 4753 1716 4794 causa
1743 4755 1844 4810 pe-

198 4818 356 4876 nitus
385 4818 774 4896 adjungentes
803 4820 890 4878 vel
924 4821 1402 4892 minuentes,nisi
1427 4828 1491 4880 ut
1521 4826 1856 4883 omnicom-

1955 3486 2110 3542 sicut
2137 3485 2188 3540 ei
2211 3485 2451 3557 jussum
2486 3484 2692 3553 fuerat,
2722 3483 2795 3540 ad
2825 3483 3022 3540 locum
3053 3481 3426 3538 nominatum
3449 3496 3610 3536 secu-

1953 3575 2096 3632 laris
2119 3573 2329 3646 judicii
2361 3591 2477 3629 non
2500 3572 2680 3644 venit,
2714 3573 2814 3628 sed
2847 3588 3057 3628 causas
3087 3587 3206 3626 suae
3235 3566 3612 3643 impossibili-

1953 3665 2094 3721 tatis
2127 3663 2246 3738 regi
2279 3663 2596 3720 mandavit.
2616 3665 2736 3720 Rex
2757 3667 2954 3719 autem
2974 3659 3212 3718 Carolus
3237 3659 3458 3732 jubens
3475 3656 3610 3715 inde

1955 3752 2243 3824 quasdam
2285 3753 2552 3824 judicare
2611 3752 2786 3808 etiam
2845 3751 3094 3807 infames
3137 3766 3438 3822 personas,
3471 3747 3612 3820 quia

1955 3859 2266 3916 personam
2289 3841 2567 3915 praefatus
2587 3840 2896 3914 episcopus
2919 3857 3036 3896 non
3058 3837 3222 3897 misit
3241 3837 3340 3911 qui
3355 3837 3604 3910 juraret,

1955 3929 2109 4004 quod
2140 3929 2281 3988 illuc
2309 3929 2505 3988 venire
2537 3947 2654 3986 non
2685 3935 2903 4003 posset,
2937 3932 2994 3986 et
3024 3926 3304 4001 quoniam
3363 3925 3607 4006 advoca-

1953 4023 2080 4078 tum
2105 4037 2278 4078 suum
2301 4021 2372 4092 de
2391 4037 2454 4076 se
2475 4019 2536 4076 in
2547 4017 2771 4092 judicio
2792 4016 3041 4074 seculari
3065 4033 3182 4074 non
3203 4015 3382 4084 dedit,
3397 4011 3605 4086 praedi-

1955 4115 2185 4167 ctarum
2215 4091 2599 4182 personarum
2623 4107 2848 4182 judicio
2879 4104 3167 4180 quidquid
3184 4104 3373 4160 isdem
3388 4101 3609 4176 episco-

1955 4217 2067 4273 pus
2098 4199 2168 4256 de
2199 4199 2376 4256 rebus
2397 4202 2455 4254 et
2485 4197 2868 4254 facultatibus
2889 4193 3298 4252 ecclesiasticis
3319 4192 3380 4248 in
3399 4191 3608 4247 usibus

1954 4287 2232 4362 episcopii
2265 4286 2595 4360 specialiter
2624 4286 2896 4354 habebat,
2927 4283 3321 4358 proscriptum
3343 4284 3460 4349 est;
3491 4279 3606 4337 sic-

1955 4395 2068 4451 que
2099 4379 2252 4434 idem
2285 4395 2382 4433 rex
2414 4376 2486 4432 ad
2519 4375 2706 4433 Pistas
2757 4375 2948 4432 medio
2995 4390 3198 4430 mense
3225 4373 3488 4446 Augusto
3512 4386 3605 4426 ve-

1955 4468 2146 4536 niens,
2169 4483 2367 4522 annua
2396 4466 2550 4522 dona
2583 4483 2690 4521 sua
2720 4465 2936 4520 ibidem
2968 4461 3274 4536 accepit,et
3295 4458 3608 4518 castellum

1955 4572 2329 4621 mensurans,
2347 4554 2646 4627 pedi‘turas
2659 4553 2734 4627 (ιι)
2749 4552 2998 4627 singulis
3013 4570 3082 4610 ex
3099 4569 3206 4610 suo
3225 4569 3402 4626 regno
3423 4549 3604 4607 dedit.

2029 4646 2376 4702 Hincmarus
2445 4647 2668 4711 autem,
2725 4643 3044 4700 Remorum
3107 4640 3603 4714 archiepiscopus,

1957 4736 2338 4793 Hincmarum
2380 4733 2722 4807 episcopum
2764 4732 3216 4790 Laudunensem
3255 4745 3457 4788 secum
3497 4727 3604 4782 du-

1965 4842 2122 4895 cens,
2158 4824 2311 4896 apud
2345 4821 2534 4880 Pistas
2563 4839 2698 4878 cum
2730 4821 2860 4880 aliis
2889 4821 3180 4897 episcOpis
3201 4817 3434 4892 scriptis
3455 4815 3528 4890 (b)
3551 4817 3608 4872 et

199 4908 477 4966 munione
523 4909 921 4968 ecclesiastica
975 4911 1236 4984 privatus
1295 4914 1527 4983 existat,
1563 4915 1746 4972 donec
1775 4917 1847 4972 de
1953 4910 2146 4974 verbis
2178 4929 2374 4988 regem
2414 4912 2580 4980 adiit,
2613 4913 2927 4970 ostendens
2986 4915 3272 4986 quantum
3329 4903 3606 4980 praejudi-

200 4997 474 5056 omnibus
521 4999 736 5071 quibus
788 4999 1095 5074 impetitur
1148 5001 1316 5058 nobis
1374 5020 1570 5060 coram
1625 5007 1846 5079 synodo
1957 5005 2114 5062 cium
2145 5007 2204 5060 et
2233 5001 2581 5076 episcopalis
2609 5002 2926 5058 auctoritas
2957 5007 3014 5058 et
3036 4995 3382 5056 universalis
3411 4990 3604 5052 Eccle-

201 5087 484 5144 rationem
513 5092 733 5160 ponat;
783 5092 851 5147 et.
870 5089 970 5162 qui
1002 5107 1138 5147 cum
1179 5108 1244 5148 eo
1278 5091 1337 5148 in
1369 5091 1683 5162 locutione,
1717 5095 1846 5151 cibo
1957 5095 2046 5152 sia
2073 5093 2134 5149 in
2164 5092 2267 5149 tali
2300 5094 2450 5148 facto
2481 5092 2832 5165 patiebatur,
2865 5095 2923 5146 et
2949 5087 3220 5156 obtinuit,
3247 5088 3313 5142 ut
3335 5083 3604 5165 revestito

201 5175 288 5234 vel
317 5180 456 5251 potu
503 5177 1042 5247 communicaverit,
1073 5179 1200 5252 pari
1247 5183 1849 5241 excommunicatione
1957 5183 2228 5257 episcopo
2259 5181 2477 5254 quibus
2507 5181 2697 5238 fuerat
2725 5179 3032 5253 spoliatus,
3056 5175 3210 5233 sicut
3237 5191 3415 5233 saera:
3447 5171 3604 5246 leges

203 5282 336 5324 cum
364 5283 430 5324 eo
461 5269 729 5324 teneatur
757 5267 1192 5342 annexus,quia
1221 5287 1327 5342 pro
1355 5273 1613 5345 eo,quod
1645 5272 1851 5331 altiora
1958 5273 2324 5346 praecipiunt,
2355 5271 2416 5327 in
2445 5268 2744 5344 provincia
2772 5268 2871 5324 ubi
2902 5267 3232 5324 haeccausa
3279 5261 3606 5337 judicanda

1469 5371 1880 5430 VARIANTES
1921 5372 2228 5430 LECTION
2235 5371 2340 5428 ES.

1435 5443 1458 5476 ³
1486 5443 1738 5516 qualiter
1769 5447 1839 5502 ab
1871 5444 1954 5502 eis
1986 5445 2082 5501 Ch.
2171 5446 2194 5480 ³
2225 5445 2558 5517 reppererat
2590 5440 2683 5496 Ch.

1781 5589 2016 5646 NOTIE.

271 5668 348 5744 (ᾳ)
378 5667 648 5726 Peditura
678 5687 780 5744 seu
793 5670 1400 5744 pedatura,quodlibet
1413 5673 1669 5744 spatium
1691 5681 1846 5734 certo
1956 5677 2078 5733 lum
2111 5676 2347 5732 Calvum
2379 5689 2531 5729 anno
2562 5673 2668 5728 868
2699 5670 2998 5744 scriptam,
3031 5674 3088 5728 et
3118 5669 3336 5726 Labbei
3381 5665 3602 5725 Concil.

206 5741 691 5819 pedumnumero
720 5741 1048 5819 definitum.
1120 5741 1173 5819 λ
1319 5813 1328 5819 _
1376 5818 1380 5819 ν
1430 5741 1462 5819 ξ
1954 5753 2097 5806 tom.
2124 5748 2272 5817 VIII,
2307 5761 2439 5819 pag.
2477 5744 2632 5799 1735.

274 5812 348 5886 (b)
376 5811 521 5868 Vide
543 5812 838 5870 Hincmari
861 5813 1209 5871 Rhemensis
1240 5813 1546 5888 epistolam
1567 5819 1638 5873 ad
1669 5820 1843 5877 Caro-

274 5438 290 5473 ¹
324 5439 401 5512 ita
427 5437 750 5512 emendavi,-
782 5438 881 5512 Ch.
908 5439 1049 5512 etB.
1083 5437 1337 5512 imaque.

2779 5439 2800 5472 ⁴
2830 5455 2948 5510 qua
2977 5437 3072 5494 Ch.
3148 5437 3170 5472 ⁸
3200 5452 3307 5494 nec
3334 5435 3480 5492 deest
3506 5433 3600 5490 Ch.

207 5509 574 5568 anathemate
601 5509 885 5582 perhenni
919 5509 1014 5565 Ch.
