4074 6526
476 407 631 473 1243

1525 415 1626 475 AD
1671 412 1929 476 OPERA
1976 413 2361 477 HINCMAHI
2405 413 2820 477 APPENDIX.

3757 414 3908 476 1244

473 546 618 614 erat,
650 541 968 602 electorum
1022 545 1270 619 judicio,
1303 551 1361 604 et
1409 546 1454 602 si
1506 565 1743 604 necesse
1790 547 1957 615 foret,
1990 551 2124 620 post
2153 550 2208 617 Α
2237 553 2361 606 tare
2390 549 2624 618 resedit,
2657 552 2716 606 et
2752 547 3106 622 quibusdam
3136 546 3429 623 episcopis
3459 545 3908 620 satagentibas,

475 633 585 690 hoc
615 634 882 708 synodali
912 635 1328 694 terminaretur
1369 638 1654 694 examine.
1690 638 1801 694 Sed
1833 643 1892 693 et
1921 639 2124 694 eodem

475 721 688 796 placito
764 741 863 781 rex
937 727 1272 783 markiones
1329 727 1424 799 (a),
1485 729 1848 784 Bernardum
1907 726 2128 783 scilicet

475 811 762 886 Tholosae,
795 807 861 869 et
899 815 1110 872 iterum
1169 816 1532 872 Bernardum
1591 815 1832 884 Gothiae,
1870 817 2158 888 itemque‘

475 901 840 959 Bernardum
863 903 1042 960 alium
1075 905 1350 978 suscepit.
1385 905 1632 962 Missum
1661 905 1837 961 etiam
1871 905 2128 962 Salomo-

477 989 590 1060 nis,
626 992 929 1048 Britonum
961 995 1149 1063 ducis,
1182 994 1262 1050 ibi
1296 995 1526 1052 obviam
1558 995 1787 1064 habuit,
1820 1011 1924 1067 per
1952 1011 2127 1067 quem

478 1077 753 1137 Salomon
784 1081 870 1137 illi
901 1084 1220 1150 mandavit,
1253 1089 1321 1140 ut
1351 1084 1509 1141 haud
1569 1085 1692 1158 ipse
1741 1087 2004 1157 pergeret
2055 1084 2128 1140 ad

477 1172 898 1244 expugnandos
927 1171 1323 1230 Nortmannos
1345 1173 1444 1246 qui
1479 1174 1811 1230 residebant
1832 1174 1891 1228 in
1915 1173 2126 1244 Ligeri,

477 1257 618 1330 quia
647 1257 833 1316 isdem
867 1260 1143 1318 Salomon
1173 1278 1307 1318 cum
1353 1263 1547 1319 valida
1595 1280 1775 1319 manu
1824 1262 2127 1318 Britonum

477 1351 720 1420 paratus
749 1353 871 1404 erat
899 1349 1032 1406 illos
1063 1353 1298 1424 aggredi
1309 1356 1566 1420 ,tantum
1600 1357 1664 1408 ut
1683 1351 2040 1424 adjutorium
2063 1368 2130 1407 ex

479 1437 645 1507 parte
675 1435 863 1493 Caroli
896 1438 1156 1496 haberet.
1191 1442 1277 1497 Ad
1323 1458 1498 1514 quem
1559 1442 1712 1498 idem
1744 1459 1842 1497 rex
1874 1439 2130 1513 praemit-

481 1525 613 1580 tens
648 1525 1128 1598 Engelramnum,
1157 1531 1545 1587 camerarium
1603 1536 1660 1588 et
1713 1529 2130 1586 hostiariorum

481 1611 830 1685 magistrum
861 1620 1033 1690 atque
1049 1635 1082 1674 a
1099 1619 1340 1676 secretis
1359 1620 1759 1677 consiliarium
1792 1635 2129 1689 suum,eum

479 1716 694 1758 corona
727 1720 868 1761 auro
916 1711 974 1762 et
1021 1708 1272 1780 gemmis
1329 1714 1554 1776 ornata,
1589 1710 1687 1766 sed
1717 1715 1773 1764 et
1803 1725 1938 1764 cum
1971 1707 2131 1764 omni

365 1791 376 1800 “
479 1797 822 1863 peramento
853 1797 1012 1868 regio
1044 1797 1205 1854 cultu
1255 1798 1504 1865 exculto,
1539 1799 2030 1855 Carolomannum
2065 1798 2130 1852 {i-

479 1877 627 1936 lium
671 1900 871 1951 suum,
905 1884 1216 1943 diaconum
1265 1893 1324 1943 et
1369 1889 1664 1954 abbatem,
1712 1905 1847 1944 cum
1907 1903 2074 1943 sacra
2103 1904 2132 1942 e

479 1969 748 2044 vestigio,
781 1973 936 2030 sicut
993 1974 1268 2032 Salomon
1325 1977 1375 2032 ei
1431 1978 1832 2047 mandaverat,
1867 1976 2050 2044 misit,
2085 1991 2145 2042 et

482 2059 619 2116 inde
647 2062 999 2120 Andriacam
1057 2065 1257 2122 villam
1315 2067 1504 2140 gratia
1561 2066 1814 2123 venandi
1871 2065 2142 2139 perrexit.

483 2148 664 2205 Scara
692 2166 821 2223 quis
852 2169 988 2208 cum
1015 2153 1440 2211 Carolomanno
1473 2174 1504 2212 a
1531 2154 1738 2211 Carolo
1797 2171 1933 2228 rege
1980 2158 2146 2210 trans

485 2236 820 2310 Sequanam
852 2241 1055 2310 missa,
1090 2247 1305 2300 terram
1338 2243 1576 2316 quidem
1609 2243 1995 2310 vastavit,sed
2023 2239 2149 2299 nul.

483 2323 601 2382 lius
632 2327 904 2386 utilitatis
934 2332 1206 2387 effectum
1235 2349 1304 2388 ex
1334 2333 1731 2400 Nortmannis,
1761 2333 1833 2388 ad
1867 2349 2015 2405 quos
2056 2347 2148 2386 re-

485 2413 816 2472 sistendum
839 2419 1024 2476 missa
1049 2420 1760 2494 fuerat,faciens,jubente
1783 2437 1917 2494 rege
1939 2419 2143 2476 Carolo

487 2501 697 2574 rediit;
729 2508 784 2562 et
815 2506 898 2564 sic
931 2510 1338 2582 unusquisque
1379 2511 1451 2566 ad
1493 2528 1600 2568 sua
1648 2509 1917 2584 perrexit.
1953 2509 2145 2564 Picta-

483 2607 694 2651 venses
725 2601 921 2652 autem
948 2601 1080 2654 vota
1123 2599 1402 2656 facientes
1435 2599 1549 2656 Deo
1581 2603 1638 2656 et
1673 2603 1875 2656 sancto
1911 2597 2148 2678 Hilario,

486 2681 658 2741 tertio
688 2685 924 2742 eosdem
954 2688 1348 2746 Nortmannos
1376 2690 1542 2746 fuere
1577 2689 1860 2762 aggressi,
1893 2704 2150 2760 quorum

487 2769 688 2844 plures
719 2775 1079 2846 occiderunt,
1098 2783 1323 2835 ceteros
1353 2796 1486 2836 vero
1516 2779 1576 2835 in
1608 2780 1808 2852 fugam
1840 2778 2150 2834 miserunt.

487 2866 546 2920 et
574 2863 646 2920 de
686 2864 848 2920 omni
896 2867 1111 2939 praeda,
1143 2873 1382 2942 excepta
1436 2868 1768 2924 voluntaria
1821 2866 2146 2930 oblatione,

489 2951 779 3009 decimam
812 2958 1014 3011 sancto
1065 2955 1282 3013 Hilario
1341 2957 1738 3013 contulerunt.
1773 2954 2023 3012 Carolus
2055 2955 2153 3010 rex

485 3041 778 3099 Kalendas
800 3043 1138 3102 Decembris
1169 3046 1530 3103 Carisiacum
1556 3046 1820 3113 veniens,
1857 3044 2150 3117 quosdam

484 3131 928 3204 primores,tam
953 3151 1024 3191 ex
1051 3135 1344 3209 episcopis
1375 3151 1554 3208 quam
1585 3151 1654 3191 ex
1683 3133 1815 3190 aliis
1833 3134 1996 3206 regni
2030 3133 2146 3200 sui,

489 3220 721 3278 obviam
745 3221 857 3278 sibi
881 3223 1203 3294 accersivit,
1230 3228 1286 3281 et
1305 3228 1635 3281 commotus
1657 3227 1860 3279 contra
1883 3222 2152 3278 Hincma-

2235 643 2431 696 actum
2463 644 2553 696 est
2590 643 2656 696 ut
2702 639 2815 712 ipsi
2861 639 2975 712 Qui
3024 638 3188 696 missi
3239 639 3490 705 fuerant,
3531 637 3609 694 de
3663 635 3912 693 ecclesia

2237 745 2372 784 eum
2428 746 2544 784 non
2603 727 3011 796 extraherent;
3072 728 3171 784 sed
3247 728 3373 784 sine
3429 727 3534 784 illo
3597 727 3678 782 ad
3741 727 3912 782 Caro-

2236 818 2360 874 lum
2421 819 2737 887 redierunt,
2799 835 3122 892 omnesque
3198 817 3470 875 homines
3529 815 3738 890 ipsius
3797 815 3910 888 epi-

2237 907 2420 981 scopii
2477 907 2694 964 liberos
2750 907 2860 963 sibi
2916 912 3285 964 sacramenta
3342 906 3467 962 fleri
3533 904 3706 961 fecit.
3739 904 3912 960 Cano-

2237 995 2330 1052 lus
2357 1001 2553 1053 autem
2597 994 2764 1052 valde
2811 1000 3163 1064 commotus,
3198 995 3493 1068 synodum
3526 994 3606 1064 (ο)
3640 993 3909 1049 omnium

2237 1085 2644 1158 episcoporum
2702 1084 2866 1158 regni
2919 1084 3010 1140 sui
3045 1101 3142 1141 VIII
3177 1083 3420 1140 Kalend.
3457 1082 3605 1140 Maii
3640 1083 3912 1139 secunda

2239 1173 2578 1230 indictionis
2609 1174 2762 1246 apud
2794 1173 3156 1230 Vermeriam
3189 1171 3608 1244 condixit,quo
3632 1171 3912 1227 eumdem

2239 1261 2618 1318 Hincmarum
2651 1261 2727 1330 (ἀ)
2768 1262 3109 1334 episcopum
3161 1261 3352 1318 vocari
3410 1260 3730 1334 praecepit.
3795 1259 3914 1332 Ipse

2240 1354 2434 1407 autem
2467 1351 2538 1406 ad
2571 1351 2864 1408 Conadam
2897 1351 2967 1423 (e)
2998 1349 3193 1408 vicum
3226 1349 3402 1406 nimis
3441 1349 3916 1423 incongruenter

2240 1444 2298 1496 et
2327 1457 2431 1512 pro
2480 1439 2762 1512 qualitate
2819 1440 3100 1513 temporis
3151 1444 3208 1496 et
3251 1456 3354 1512 pro
3387 1439 3713 1495 nimietate
3750 1437 3915 1494 famis

2241 1529 2509 1601 perrexit,
2526 1529 2625 1585 ubi
2657 1529 2948 1601 quosdam
2967 1528 3291 1601 Aquitanos
3311 1528 3516 1586 obvios
3538 1527 3798 1595 habuit;
3821 1527 3912 1583 sed

2240 1619 2593 1684 markiones,
2625 1623 2742 1674 tres
2773 1617 3040 1674 videlicet
3096 1617 3451 1684 Bernardos,
3479 1633 3642 1690 quos
3674 1616 3796 1672 sibi
3827 1633 3914 1672 oc-

2239 1723 2470 1762 currere
2494 1706 2740 1779 putavit,
2769 1723 2883 1763 non
2907 1705 3130 1764 habens
3157 1705 3380 1774 obvios,
3401 1723 3518 1762 non
3543 1705 3684 1762 sine
3707 1704 3915 1761 sollici-

2238 1797 2440 1852 tudine
2453 1800 2508 1852 et
2520 1796 2646 1852 sine
2671 1795 2942 1852 utilitatis
2966 1797 3171 1852 effectu
3197 1796 3268 1852 ad
3291 1795 3705 1853 Silvanectum
3721 1794 3911 1850 rediit:

2243 1885 2498 1958 indeque
2517 1890 2728 1958 quarta
2751 1885 2892 1942 feria
2913 1903 2988 1942 an
2999 1891 3054 1942 te
3077 1885 3312 1941 initium
3335 1885 3820 1959 quadragesima
3851 1886 3914 1941 ad

2253 1973 2675 2030 monasterium
2689 1973 3138 2058 sanctipionysii
3151 1973 3368 2048 perrexi
3377 1972 3628 2046 t,ibique
3641 1979 3914 2030 sanctum

2256 2063 2717 2137 quadragesimae
2767 2063 3063 2136 jejunium
3125 2063 3315 2136 exegit
3345 2066 3402 2120 et
3421 2061 3650 2135 pascha
3680 2061 3912 2118 Domini

2255 2151 2586 2224 celebravit,
2611 2156 2666 2209 et
2688 2150 2992 2209 castellum
3015 2151 3075 2207 in
3095 2167 3236 2226 gyro
3267 2151 3451 2224 ipsius
3473 2150 3830 2209 monasterii
3853 2169 3918 2208 ex

2256 2240 2418 2314 ligno
2441 2246 2497 2296 et
2515 2240 2708 2314 lapide
2737 2242 3020 2298 conﬁcere
3051 2241 3327 2315 cmpit.Et
3357 2245 3679 2314 antequam
3715 2241 3794 2297 ad
3817 2243 3916 2297 Co-

2258 2331 2472 2386 nadam
2502 2335 2787 2404 pergeret,
2821 2347 2925 2403 per
2953 2347 3126 2387 omne
3157 2346 3402 2404 regnum
3452 2346 3635 2387 suum
3687 2328 3916 2386 litteras

2260 2418 2442 2487 misit,
2475 2425 2543 2476 ut
2570 2420 2851 2494 episcopi,
2885 2420 3126 2477 abbates
3157 2425 3216 2475 et
3243 2419 3554 2476 abbatissae
3605 2419 3822 2478 breves
3848 2420 3918 2475 de

2261 2507 2582 2566 honoribus
2626 2508 2771 2576 suis,
2801 2513 3023 2582 quanta
3077 2525 3286 2566 mansa
3343 2507 3594 2581 quisque
3650 2508 3916 2572 haberet,

2263 2600 2334 2656 ad
2359 2600 2373 2634 ¹
2403 2599 2631 2656 futuras
2660 2598 2950 2656 Kalendas
2980 2597 3116 2654 Maii
3147 2599 3369 2656 deferre
3397 2603 3697 2666 curarent,
3711 2598 3918 2656 vasalli

2262 2694 2456 2746 autem
2479 2688 2758 2744 dominici
2778 2687 3058 2745 comitum
3078 2686 3441 2757 beneficia,et
3461 2687 3717 2744 comites
3739 2687 3921 2744 vasa]-

2261 2777 2452 2835 lorum
2499 2777 2786 2835 beneficia
2836 2776 3251 2844 inbreviarent,
3285 2781 3342 2834 et
3371 2776 3651 2850 praedicto
3702 2776 3918 2850 placito

2261 2867 2474 2924 aedium
2506 2868 2707 2924 breves
2734 2867 2869 2924 inde
2901 2867 3210 2932 deferrent,
3234 2870 3291 2922 et
3319 2866 3390 2922 de
3419 2871 3661 2923 centum
3695 2867 3922 2923 mansis

2261 2973 2446 3012 unum
2468 2955 2827 3013 haistaldum
2841 2956 2977 3028 (Det
2989 2957 3058 3012 de
3072 2953 3232 3012 mille
3245 2955 3468 3013 mansis
3481 2972 3672 3012 unum
3685 2972 3920 3012 carrum

2261 3062 2394 3101 cum
2411 3045 2640 3102 duobus
2652 3045 2842 3102 bobus
2855 3044 3127 3118 praedicto
3143 3043 3355 3118 placito
3366 3047 3388 3079 ²
3399 3059 3534 3100 cum
3549 3044 3687 3102 aliis
3699 3045 3920 3102 exeniis

2261 3153 2388 3209 quae
2411 3150 2654 3208 regnum
2678 3133 2837 3191 illius
2859 3134 3176 3190 admodum
3197 3137 3460 3208 gravant,
3476 3133 3548 3190 ad
3574 3133 3775 3190 Pistas
3797 3134 3926 3190 mit-

2260 3225 2304 3280 ti
2329 3223 2622 3298 praecepit,
2645 3227 2936 3295 quatenus
2957 3223 3070 3296 ipsi
3093 3221 3368 3279 baistaldi
3398 3221 3734 3289 castellum,
3765 3225 3924 3296 quod

489 3325 644 3377 rum,
678 3311 1128 3368 Laudunensem
1173 3313 1536 3386 episcopum,
1571 3313 1710 3385 quia
1742 3313 1987 3369 Romam
2021 3311 2146 3367 sine
2179 3299 2222 3367 C
2259 3315 2477 3371 ibidem
2509 3330 2578 3370 ex
2607 3313 2767 3387 ligno
2797 3318 2856 3369 et
2888 3312 3080 3386 lapide
3111 3311 3231 3368 fieri
3266 3312 3560 3385 praecepit,
3583 3312 3924 3369 exeolerent

491 3396 652 3454 illius
677 3399 1031 3458 conscientia
1052 3401 1399 3472 miserat(b),
1414 3400 1770 3476 et'epistolas
1791 3418 1894 3473 pro
1925 3400 2144 3474 quibus

495 3504 612 3544 non
641 3487 989 3546 cenvenerat
1045 3491 1397 3559 obtinuerat,
1433 3492 1624 3548 eidem
1681 3508 1814 3547 vero
1873 3490 2145 3563 episcopo

495 3576 924 3634 contumaciter
970 3579 1080 3636 sibi
1131 3580 1427 3636 resistenti
1470 3581 1637 3636 valde
1686 3581 1952 3636 infensus
2001 3583 2144 3635 erat.

497 3663 661 3723 Unde
681 3665 866 3724 isdem
899 3666 1207 3741 episcopus
1231 3669 1356 3725 sine
1385 3659 1546 3726 illius
1577 3669 1974 3735 licentia,cum
1997 3686 2146 3740 saepe

496 3754 569 3810 ab
590 3771 657 3811 eo
679 3761 952 3813 evocatus
982 3757 1170 3814 fuerat
1198 3763 1254 3814 et
1283 3759 1353 3814 ad
1387 3757 1554 3814 illum
1573 3758 1767 3814 venire
1799 3757 2146 3828 distulisset,

497 3844 570 3900 ad
603 3845 800 3901 sedem
833 3862 1002 3903 suam
1035 3847 1304 3920 perrexit,
1337 3851 1395 3904 et
1427 3846 1682 3920 amplius
1714 3863 1892 3919 quam
1924 3847 2147 3920 episco-

496 3932 647 4007 palis
675 3935 934 4008 gravitas
965 3935 1243 4010 postulat,
1277 3938 1552 3994 eumdem
1611 3954 1805 4010 regem
1855 3941 2058 3992 contra
2087 3953 2149 3991 se

497 4022 787 4081 excitavit.
819 4024 1060 4082 Carolus
1086 4031 1282 4084 autem
1315 4025 1740 4100 Compendium
1761 4024 2030 4094 veniens,
2049 4025 2150 4081 ibi-

498 4111 633 4168 dem
664 4113 1028 4170 nativitatem
1059 4116 1286 4172 Domini
1318 4114 1648 4172 celebravit.

1149 4257 1508 4313 DCCCLXIX.

572 4381 643 4437 Et
683 4382 960 4456 quoniam
1019 4383 1206 4439 isdem
1267 4383 1596 4456 episcopus,
1631 4383 1805 4439 etiam
1853 4399 1956 4456 per
2005 4383 2151 4440 alios

504 4471 812 4545 episcopos
841 4476 1114 4530 evocatus
1144 4479 1208 4530 ut
1237 4475 1308 4530 ad
1343 4472 1511 4529 illum
1553 4473 1794 4542 veniret,
1819 4474 2150 4545 jussioncm

499 4558 660 4617 illius
692 4561 934 4635 implere
963 4563 1325 4630 detrectavit,
1355 4581 1581 4620 scaram
1605 4581 1674 4620 ex
1697 4564 2152 4637 quamplurimis

500 4649 816 4708 comitibus
849 4651 1012 4725 regni
1043 4653 1136 4708 sui
1167 4654 1489 4711 confectam
1523 4655 1873 4710 Laudunum
1899 4653 2153 4722 misit,ut

501 4739 699 4812 ipsum
730 4739 1071 4814 episcopum
1102 4743 1176 4799 ad
1219 4759 1354 4800 eum
1407 4743 1690 4800 violenter
1746 4744 2150 4816 perducerent.

502 4830 694 4888 Isdem
727 4835 924 4889 autem
951 4831 1260 4904 episcopus
1293 4850 1428 4889 cum
1461 4833 1686 4889 clericis
1717 4834 1843 4890 suis
1865 4835 2036 4906 juxta
2066 4833 2155 4889 a1-

2253 3407 2310 3461 et
2339 3402 2726 3460 custodirent.
2760 3401 3090 3469 Lotharius,
3116 3400 3354 3457 mittens
3377 3399 3450 3456 ad
3473 3415 3610 3456 eum
3641 3400 3748 3456 sed
3769 3401 3916 3456 etad

2254 3492 2689 3560 Hludowicum,
2711 3491 2896 3564 petiit,
2911 3495 2977 3546 ut
2997 3491 3056 3546 in
3080 3506 3186 3546 suo
3209 3505 3388 3563 regno
3411 3487 3646 3545 nullum
3672 3488 3920 3562 impedi-

2256 3585 2521 3638 mentum
2551 3580 2603 3637 ei
2632 3581 2910 3647 facerent,
2945 3579 3128 3636 donec
3186 3579 3312 3652 ipse
3352 3578 3537 3634 Roma
3594 3578 3841 3634 rediret.
3871 3582 3914 3634 Α

2255 3669 2460 3726 Carolo
2490 3674 2685 3726 autem
2719 3667 2942 3725 nullam
2976 3667 3312 3724 firmitatem
3344 3666 3695 3740 accepit,sed
3719 3685 3754 3724 a
3785 3667 3922 3724 Hlu—

2259 3760 2488 3816 dowico
2521 3759 2675 3815 sicut
2693 3758 2910 3814 dicitur
2932 3756 3270 3812 firmitatem
3292 3756 3428 3813 inde
3449 3755 3921 3829 suscipiens,Ro-

2261 3865 2420 3905 mam
2444 3847 3028 3921 perrexit,locuturus
3042 3845 3208 3919 prius
3223 3862 3355 3902 cum
3370 3844 3719 3902 Hludowico
3741 3845 3918 3902 fratre

2259 3957 2364 3995 suo
2397 3938 2774 4010 imperatore,
2809 3942 2876 3992 ut
2908 3943 3070 4004 tunc,
3103 3937 3154 3993 si
3187 3941 3404 4009 posset,
3435 3953 3540 4010 per
3583 3952 3722 3992 eum
3761 3937 3918 4010 apud

2257 4028 2576 4084 Adrianum
2603 4043 2814 4100 papam
2837 4026 3145 4094 obtineret,
3171 4030 3460 4099 quatenus
3481 4024 3918 4099 Theutbergun

2259 4118 2522 4188 rejiceret
2544 4121 2601 4172 et
2622 4115 2998 4173 Waldradam
3022 4115 3687 4188 resumeret,ipsamque
3706 4115 3922 4172 Theat-

2259 4207 2498 4280 bergam
2522 4210 2656 4278 post
2679 4222 2741 4262 se
2765 4206 3010 4262 Romam
3035 4204 3119 4261 ire
3143 4205 3417 4278 praecepit
3441 4221 3455 4272 ;
3479 4205 3580 4261 sed
3609 4205 3920 4261 utdiceba—

2259 4295 2771 4362 tur,Hludowicus
2793 4295 3111 4368 imperator
3123 4295 3193 4352 ab
3215 4293 3554 4351 obsessione
3572 4295 3914 4350 Sarraceno

2263 4402 2394 4441 rum
2409 4403 2512 4459 pro
2527 4385 2723 4440 fratris
2738 4385 2827 4440 sui
2845 4385 3125 4457 petitione
3137 4401 3252 4440 non
3268 4384 3570 4441 debuisset
3594 4385 3914 4446 discedere.

2261 4475 2354 4532 cui
2379 4473 2634 4548 amplius
2665 4490 2843 4547 quam
2875 4475 3160 4530 ducentas
3186 4490 3359 4530 naves
3391 4491 3492 4530 rex
3510 4473 3916 4531 Graecorumin

2263 4564 2545 4622 auxilium
2567 4567 2770 4621 contra
2789 4564 3026 4621 eosdem
3049 4564 3398 4621 Sarracenos
3416 4563 3691 4620 festinato
3721 4564 3916 4622 mitte-

2185 4677 2231 4742 Ι)
2263 4656 2382 4710 bat.
2419 4652 2734 4711 Lotharius
2765 4652 2897 4723 iter,
2932 4654 3088 4726 quod
3147 4657 3408 4726 tempore
3465 4652 3914 4720 inconvenienti,

2265 4743 2488 4802 scilicet
2503 4759 2706 4800 mense
2724 4742 2922 4812 Junio,
2945 4761 3122 4800 causa
3143 4760 3389 4800 uxorum
3411 4744 3730 4800 suarumin
3753 4749 3914 4816 parte

2266 4834 2460 4890 Romae
2480 4835 2752 4905 coeperat,
2777 4832 3138 4889 contendens
3159 4833 3454 4905 perlicere,
3477 4849 3666 4904 usque
3688 4833 3912 4890 Raven-

1777 4932 2188 4990 VARIANTES
2230 4931 2540 4989 LECTION
2545 4931 2648 4987 ES.

576 5028 590 5063 ¹
623 5028 696 5086 ad
726 5027 870 5086 deest
899 5029 994 5086 Ch.
1107 5033 1128 5066 ⁸
1157 5031 1431 5104 praedicto
1462 5030 1677 5103 placito
1704 5029 1847 5086 deest
1875 5029 1968 5086 Ch.

2098 5137 2329 5194 NOT/E.

575 5243 908 5299 Bernardus
963 5247 1080 5302 dux
1135 5247 1478 5315 Tolosanus,
1539 5243 1857 5301 Raimundi
1912 5243 1935 5299 Ι
1994 5243 2152 5300 filius

504 5319 660 5382 erat;
691 5315 1018 5374 Bernardus
1049 5319 1167 5374 dux
1197 5319 1439 5386 Gothiae,
1475 5317 1717 5373 alterius
1751 5315 2027 5371 Bernardi
2059 5315 2155 5372 Ce-

504 5388 925 5460 noman‘nensis
957 5390 1187 5445 comitis
1221 5389 1414 5458 (ilius;
1446 5389 1654 5445 tertius
1689 5388 2152 5460 Bernardus,qui

504 5457 828 5530 honoribus
860 5460 1144 5530 privatus
1193 5457 1580 5516 fuerat’anno
1628 5461 1733 5516 864
1776 5459 1834 5514 in
1867 5457 2152 5516 conventu

505 5528 787 5605 Pistensi,
809 5528 968 5605 filius
996 5539 1119 5605 erat
1145 5531 1438 5605 Bernardi
1457 5531 1825 5605 Septimanize
1857 5531 2152 5604 ducis,qui

508 5617 661 5656 anno
691 5604 796 5658 854
827 5620 860 5659 a
890 5603 1092 5660 Carolo
1124 5603 1292 5660 Calvo
1324 5603 1551 5661 occisus
1582 5610 1688 5661 est.
1721 5605 1898 5667 Bono.

579 5673 768 5739 (ὁ)ρῇ
821 5676 1108 5747 synodum
1172 5676 1600 5747 Duziacensem,
1657 5683 1711 5732 et
1770 5677 2150 5732 llincmarum

509 5742 895 5804 Rhemensem
931 5747 989 5804 in
1023 5746 1302 5821 opusculo
1332 5752 1508 5822 Capp.
1541 5749 1652 5804 LV.
1686 5749 1864 5810 Bono.

2333 5247 2406 5315 (ε)
2437 5245 2501 5302 In
2531 5245 2639 5301 hac
2669 5244 2890 5317 synodo
2921 5244 3264 5301 confirmata
3293 5247 3433 5301 sunt
3461 5249 3745 5317 praecepta
3763 5261 3904 5317 eon-

2263 5334 2428 5374 cessa
2458 5316 2811 5373 monasterio
2842 5316 3190 5373 Carrofensi.
3225 5316 3737 5373 Conﬁrmationem
3759 5316 3901 5373 hanc

2264 5389 2466 5446 recitat
2496 5389 2766 5461 Labbeus
2797 5389 2863 5461 Τ,
2899 5388 2920 5444 I
2951 5388 3194 5457 Concil.,
3231 5405 3288 5461 p.
3328 5390 3483 5444 1527.

2356 5461 2411 5601 αξ
2443 5461 2528 5517 Cf.
2562 5459 2859 5516 Hincmari
2889 5477 2979 5533 ep.
3011 5461 3101 5517 35.

2356 5551 2383 5589 ο
2439 5534 2626 5588 Come.
2661 5533 2840 5595 Bouo.

2355 5533 2406 5595 ο)
2439 5534 2626 5588 Come.
2661 5533 2840 5595 Bouo.

2333 5602 2398 5676 (Γ)
2429 5603 2764 5671 Ιιηὶδιαιιὶιιε,
2789 5602 3044 5676 agricola
3063 5603 3228 5676 liber,
3264 5605 3373 5676 qui
3398 5622 3510 5658 non
3544 5608 3703 5676 tenet
3733 5603 3898 5676 ᾔει-τεῖ-

2261 5676 2503 5780 ditgteni
2536 5695 2568 5732 a
2598 5677 2778 5732 curia.
2813 5675 2896 5732 Cf.
2931 5675 3260 5744 Hontheim,
3286 5675 3457 5732 illist.
3510 5675 3753 5745 Trevir.,
3783 5681 3822 5729 t.
3857 5675 3896 5730 Ι.

2264 5766 2320 5820 p.
2355 5751 2480 5803 664.
