4074 6512
225 507 380 570 1245

1035 509 1403 572 ANNALES
1449 510 1861 572 HINCMARO
1907 509 2412 574 DUBl'l‘ANTER
2453 513 2838 575 ASCRIPTI.

3499 475 3654 575 1246

223 657 361 698 nam
388 639 566 710 venit,
592 639 691 698 ubi
723 640 940 698 missos
969 641 1170 698 fratris
1191 641 1284 698 sui
1309 643 1508 699 obvios
1529 643 1758 713 habuit,
1785 661 1886 716 per
1913 642 1968 710 Α
1996 643 2062 698 Ει
2090 661 2186 714 ego
2216 643 2321 700 tibi
2347 647 2572 702 concedo
2623 644 2827 702 laicam
2871 648 3323 716 communionem,
3355 663 3419 702 ea
3465 647 3655 706 condi‘

222 746 372 802 quos
401 733 460 787 et
487 728 937 798 contradixit,ut
968 747 1074 787 nec
1107 731 1169 786 in
1199 735 1374 788 antea
1407 733 1764 806 procederet,
1785 750 1891 790 nec

221 817 449 876 diutius
477 817 536 874 in
567 819 773 875 eodem
794 835 971 893 regno
1001 819 1446 887 immoraretur,
1477 823 1578 878 sed
1603 824 1674 878 ad
1709 837 1887 879 suum

223 925 472 981 regnum
500 908 734 980 rediret,
759 913 816 964 et
843 912 1104 982 tempore
1127 911 1440 966 commodo
1473 914 1530 966 et
1560 917 1889 984 opportuno

225 996 353 1055 loco
384 997 562 1054 simul
592 997 986 1065 convenirent,
1011 1003 1070 1054 et
1101 999 1172 1055 de
1203 999 1424 1071 quibus
1458 999 1629 1056 vellet
1657 1017 1793 1058 cum
1825 1018 1890 1058 eo

229 1091 539 1160 satageret.
559 1086 872 1144 Lotharius
894 1091 1089 1143 autem
1114 1087 1362 1144 Romam
1393 1089 1644 1156 rediens,
1661 1089 1891 1148 a-latere

227 1175 300 1232 ad
333 1193 509 1257 suum
529 1175 770 1232 fratrem
793 1175 852 1232 in
884 1177 1283 1234 Beneventum
1307 1193 1499 1250 usque
1529 1180 1811 1252 pervenit,
1835 1185 1893 1236 et

225 1264 384 1338 apud
411 1280 548 1323 eum
578 1281 682 1338 per
707 1264 1132 1338 Engelbergam
1175 1265 1380 1322 multis
1409 1266 1803 1338 petitionibus
1835 1271 1892 1324 et

226 1353 572 1411 muneribus
589 1359 763 1427 atque
780 1352 1246 1411 inconvenientis
1263 1355 1539 1423 obtinuit,
1554 1359 1621 1411 ut
1638 1355 1769 1428 ipsa
1783 1357 1893 1411 En'

224 1442 500 1517 gelberga
516 1460 652 1500 cum
671 1459 738 1500 eo
759 1459 950 1516 usque
967 1444 1038 1500 ad
1060 1444 1485 1501 monasterium
1507 1445 1892 1502 sanetiBene’

226 1531 388 1601 dicti,
409 1533 562 1605 quod
585 1532 646 1588 in
668 1537 866 1589 monte
891 1532 1132 1590 Cassino
1173 1533 1353 1591 situm
1377 1539 1484 1601 est,
1511 1533 1742 1590 rediret.
1767 1535 1890 1600 Quo

227 1620 404 1678 etiam
423 1620 750 1678 Adrianum
772 1638 986 1694 papam
1009 1621 1198 1678 eidem
1216 1622 1592 1696 Engelbergae
1614 1626 1670 1678 et
1691 1621 1802 1679 sibi
1823 1639 1892 1679 ex

220 1710 490 1784 jussione
515 1709 888 1783 imperatoris
909 1711 1106 1766 venire
1130 1710 1282 1780 fecit,
1309 1717 1366 1766 et
1386 1713 1542 1785 apud
1567 1729 1724 1783 eum,
1741 1713 1892 1769 datis

227 1797 314 1854 illi
338 1797 542 1855 multis
567 1799 936 1872 muneribus,
960 1815 1064 1872 per
1083 1799 1274 1872 ipsam
1296 1800 1720 1874 Engelbergam
1744 1800 1890 1856 obti-

231 1887 380 1954 nuit,
403 1891 468 1944 ut
489 1887 644 1944 idem
667 1905 820 1962 papa
839 1887 922 1943 illi
948 1889 1195 1945 missam
1219 1889 1558 1958 cantavcrit,
1583 1894 1640 1945 et
1660 1907 1888 1946 sacram

232 1975 707 2034 communionem
756 1977 866 2033 hac
904 1976 1310 2034 convenientia
1356 1977 1407 2033 ei
1456 1979 1776 2046 donaverit,
1812 1979 1882 2045 si,
1915 2015 1961 2080 Β

230 2068 544 2138 postquam
578 2065 851 2122 Nicolaus
882 2083 1034 2139 papa
1068 2065 1444 2122 Waldradam
1479 2066 1879 2123 excommuni-

231 2153 400 2226 cavit,
423 2153 653 2210 nullum
677 2171 813 2211 cum
834 2170 903 2211 ea
923 2155 1373 2211 contubernium
1393 2155 1482 2212 vel
1513 2155 1765 2212 carnalis
1785 2173 1879 2212 co-

229 2241 379 2316 pulte
410 2242 858 2300 mercimonium
881 2243 1025 2316 quin
1048 2259 1154 2299 nec
1185 2242 1562 2316 conloquium
1584 2244 1881 2316 quoddam

222 2331 518 2389 habuerit.
544 2333 672 2405 Ipse
709 2337 906 2389 autem
955 2333 1175 2402 infelix,
1200 2349 1359 2390 more
1389 2333 1421 2390 J
1430 2333 1579 2404 udae,
1608 2333 1886 2389 simulata

229 2421 384 2478 bona
413 2420 773 2478 conscientia
804 2426 862 2478 et
892 2421 1220 2495 impudenti
1251 2421 1458 2491 fronte,
1492 2423 1758 2480 eamdem
1791 2440 1882 2479 sa-

227 2526 387 2566 cram
418 2511 895 2568 communionem
927 2511 1036 2568 sub
1073 2511 1184 2568 hac
1214 2512 1596 2568 conventione
1626 2511 1888 2584 accipere

232 2616 348 2655 non
380 2599 684 2672 pertimuit
723 2617 828 2658 nec
875 2601 1197 2670 recusavit;
1231 2601 1332 2657 sed
1385 2607 1442 2656 et
1488 2601 1580 2657 sui
1633 2601 1889 2658 fautores

231 2705 366 2744 cum
397 2705 464 2746 eo
495 2689 569 2746 ab
598 2689 726 2762 ipso
759 2707 911 2762 papa
941 2707 1250 2762 percepere
1283 2691 1782 2758 communionem,
1814 2691 1873 2746 in

230 2781 320 2834 ter
351 2795 496 2850 quos
547 2796 604 2834 e.
634 2777 1016 2848 Gunlbarius,
1042 2783 1248 2836 auctor
1295 2783 1354 2835 et
1401 2779 1666 2835 incentor
1711 2779 1892 2850 hujus

235 2865 456 2938 publici
484 2866 780 2936 adulterii,
803 2867 1278 2925 communionem
1310 2867 1462 2923 inter
1489 2866 1672 2926 laicos
1701 2867 1774 2924 ab
1803 2885 1890 2924 eo-

239 2955 372 3012 dem
401 2956 658 3013 Adriano
705 2974 856 3030 papa
897 2957 1140 3030 accepit,
1165 2957 1304 3012 data
1350 2956 1434 3012 illi
1484 2957 1649 3030 prius
1697 2974 1892 3014 coram

239 3045 517 3102 omnibus
547 3046 926 3120 professione,
953 3063 1080 3119 quae
1111 3045 1194 3102 ita
1222 3045 1474 3102 habetur
1507 3063 1520 3102 :

222 3175 226 3179 .
311 3157 338 3186 «
375 3135 652 3192 Profiteor
682 3152 788 3210 ego
813 3135 1177 3192 Guntharius
1217 3152 1414 3192 coram
1441 3135 1558 3192 Deo
1591 3142 1648 3192 et
1676 3137 1896 3192 sanctis

230 3223 361 3296 ejus
383 3223 568 3296 vobis,
583 3223 824 3280 domino
845 3241 974 3281 meo
995 3223 1271 3293 Adriano,
1296 3240 1529 3280 summo
1553 3225 1814 3298 pontifici
1839 3223 1897 3281 et

235 3311 551 3370 universali
582 3331 769 3386 papa,
795 3329 860 3370 ac
891 3313 1236 3370 venerandis
1257 3313 1362 3370 tibi
1393 3314 1648 3370 subditis
1671 3313 1895 3388 episco-

1999 732 2163 799 tione,
2195 741 2257 788 ut
2300 733 2398 803 ita,
2447 734 2696 806 quandiu
2742 735 2972 801 vixeris,
3020 736 3286 806 observes,
3314 737 3458 792 sicut
3502 735 3656 794 modo

1994 822 2272 892 professus
2301 825 2481 893 fuisti.

2073 909 2436 984 Engelberga
2465 911 2718 984 denique
2750 913 3030 969 redeunte
3061 913 3134 968 ad
3171 915 3381 970 suum‘
3411 914 3658 988 impera-

2000 999 2518 1066 torem,Adrianus
2541 1017 2692 1072 papa
2713 1001 2959 1058 Romam
2995 1018 3262 1058 reversus
3291 1005 3398 1071 est,
3417 1019 3594 1075 quem
3624 1020 3657 1059 e

1998 1087 2242 1162 vestigio
2273 1087 2588 1144 Dotharius
2610 1093 2700 1145 est
2727 1093 3095 1161 prosecutus.
3121 1091 3192 1146 Et
3219 1089 3473 1147 Adriano
3505 1107 3658 1164 papa

2003 1177 2249 1233 Romam
2279 1175 2664 1250 ingrediente,
2697 1177 3009 1235 Lotharius
3042 1179 3115 1236 ad
3163 1179 3470 1236 ecclesiam
3501 1179 3655 1236 beati

2001 1265 2150 1323 Petri
2183 1265 2358 1335 venit,
2394 1265 2496 1323 ubi
2544 1265 2775 1324 nullum
2816 1265 3094 1324 clericum
3142 1268 3377 1326 obvium
3423 1267 3651 1337 habuit,

2001 1355 2102 1411 sed
2143 1358 2378 1410 tantum
2409 1355 2536 1428 ipse
2574 1371 2758 1428 usque
2789 1355 2860 1412 ad
2895 1355 3231 1428 sepulcrum
3273 1357 3460 1413 sancti
3501 1357 3654 1414 Petri

2001 1460 2136 1500 cum
2156 1443 2279 1500 suis
2301 1443 2580 1516 pervenit,
2596 1444 2850 1518 indeque
2864 1443 3144 1504 solarium
3161 1461 3332 1502 secus
3350 1444 3654 1503 ecclesiam

1999 1532 2154 1590 beati
2173 1533 2323 1590 Petri
2342 1533 2710 1590 mansionem
2731 1534 3043 1592 habiturus
3065 1535 3333 1605 intravit;
3353 1552 3532 1609 quem
3550 1553 3656 1592 nec

2001 1623 2177 1680 etiam
2197 1638 2375 1696 scopa
2401 1623 2753 1680 mundatum
2779 1623 3018 1682 invenit.
3047 1624 3391 1698 Putavitque
3433 1625 3495 1682 in
3524 1642 3653 1682 cra-

1999 1713 2176 1780 stina,
2197 1713 2590 1785 subsequente
2607 1712 2875 1770 videlicet
2894 1713 3190 1772 dominica
3206 1746 3274 1754 —
3291 1731 3426 1772 nam
3451 1715 3658 1772 sabba-

1997 1805 2056 1858 to
2079 1803 2150 1858 ad
2176 1801 2480 1858 basilicam
2509 1802 2698 1858 sancti
2731 1802 2882 1859 Petri
2913 1803 3175 1876 pervenit
3197 1834 3264 1845 —
3287 1803 3400 1860 sibi
3430 1803 3655 1860 cantari

1998 1891 2208 1948 debere
2231 1891 2504 1960 missam;
2529 1893 2629 1948 sed
2653 1909 2688 1948 a
2707 1893 2947 1964 praefato
2969 1893 3242 1966 pontiﬁce
3263 1892 3372 1950 hoc
3393 1891 3656 1950 obtinere

1999 1996 2114 2035 non
2146 1979 2357 2054 potuit.
2383 1980 2520 2036 Inde
2551 1983 2810 2038 secunda
2838 1981 2984 2038 feria
3015 1982 3262 2038 Romam
3293 1981 3652 2055 ingrediens,

1993 2069 2051 2124 in
2070 2068 2284 2142 palatio
2302 2069 2678 2126 Lateranensi
2695 2087 2830 2126 cum
2845 2069 2973 2143 ipso
2993 2069 3316 2144 apostolico
3332 2070 3653 2144 prandidit,

1991 2161 2049 2213 et
2078 2157 2230 2214 datis
2261 2157 2311 2214 ei
2345 2158 2690 2215 muneribus
2728 2158 2789 2215 in
2817 2159 2974 2217 vasis
3022 2159 3216 2218 aureis
3245 2165 3303 2217 et
3331 2158 3648 2232 argenteis,

1993 2246 2268 2315 obtinuit,
2286 2250 2350 2302 ut
2365 2247 2415 2303 ei
2437 2246 2562 2320 ipse
2585 2247 2844 2321 pontifex
2861 2247 3072 2304 laenam
3089 2249 3111 2283 ²
3131 2249 3207 2321 (b)
3229 2253 3286 2307 et
3303 2248 3563 2322 palmam
3585 2265 3652 2304 ac

1993 2334 2242 2391 ferulam
2275 2337 2458 2404 daret,
2491 2336 2646 2392 sicut
2688 2341 2746 2392 et
2776 2336 2930 2393 fecit.
2955 2338 3090 2404 Quae
3137 2353 3384 2394 munera
3413 2337 3496 2392 ita
3528 2337 3652 2408 ipse

1995 2427 2053 2479 et
2082 2423 2174 2480 sui
2207 2423 2570 2496 interpretati
2603 2429 2766 2496 sunt,
2790 2425 3058 2482 videlicet
3098 2429 3163 2480 ut
3201 2442 3305 2498 per
3340 2424 3552 2482 lmnam
3581 2425 3652 2482 de

1997 2511 2314 2568 Waldrada
2345 2513 2740 2582 rcvestiretur,
2763 2531 2864 2586 per
2903 2513 3162 2586 palmam
3193 2513 3472 2571 victorem
3501 2531 3564 2572 se
3593 2513 3652 2569 in

1997 2601 2092 2657 his
2121 2618 2248 2674 quae
2271 2606 2521 2673 coeperat
2544 2603 2996 2670 demonstraret,
3021 2620 3124 2676 per
3151 2602 3398 2659 ferulam
3422 2601 3652 2676 episco-

2000 2707 2106 2762 pos
2135 2707 2255 2748 suze
2285 2689 2573 2746 voluntati
2605 2691 2944 2748 resistentes
2973 2692 3314 2748 obsistendo
3336 2691 3656 2764 distringe-

2000 2783 2106 2835 ret.
2131 2779 2242 2834 Sed
2266 2778 2436 2835 aliter
2455 2780 2526 2836 ab
2549 2781 2752 2836 eodem
2775 2797 2928 2854 papa
2956 2785 3014 2836 et
3043 2779 3323 2837 Romanis
3345 2781 3504 2837 fuere
3530 2779 3650 2838 dis-

2000 2868 2217 2942 posita;
2243 2886 2380 2924 nam
2403 2868 2558 2925 idem
2579 2869 2838 2942 pontifex
2867 2869 3212 2926 Formosum
3233 2869 3576 2942 episcopum
3595 2873 3652 2926 et

2002 2956 2181 3014 alium
2215 2957 2390 3014 etiam
2421 2975 2556 3014 cum
2588 2975 2654 3014 eo
2687 2958 3028 3032 episcopum
3081 2959 3142 3013 in
3189 2957 3298 3015 has
3328 2957 3650 3015 Galliarum

2005 3048 2200 3117 partes
2233 3043 2546 3101 mittendos
2572 3045 2883 3117 disposuit,
2905 3049 2970 3100 ut
3001 3061 3138 3101 cum
3169 3044 3503 3119 pluralitate
3529 3045 3650 3118 epi-

2003 3149 2314 3206 scoporum
2338 3134 2410 3190 de
2437 3133 2531 3190 his
2551 3151 2679 3207 quae
2713 3133 3023 3191 Lotharius
3054 3134 3286 3208 petebat
3311 3137 3648 3202 tractarent,

2005 3227 2061 3278 et
2089 3221 2173 3277 illi
2197 3221 2470 3278 Kalendis
2493 3222 2706 3294 Martii,
2720 3241 2848 3296 quae
2867 3223 3103 3280 inventa
3122 3224 3330 3294 forent,
3347 3222 3410 3279 in
3430 3223 3652 3298 synodo

2007 3311 2429 3380 renuntiarent,
2453 3328 2632 3384 quam
2665 3313 2858 3369 Romae
2883 3312 2944 3368 in
2974 3312 3121 3386 ipsis
3150 3311 3429 3370 Kalendis
3460 3311 3653 3368 Martii

231 3401 324 3475 pis
354 3401 697 3476 reliquoque
723 3403 1324 3474 conventu,quoniam
1347 3403 1644 3474 judicium
1666 3386 1892 3476 deposi-
1919 3386 1963 3454 C
2000 3401 2514 3474 denuntiavit,quo
2547 3400 2724 3458 etiam
2757 3407 3012 3474 quatuor
3040 3401 3346 3475 episcopos
3375 3419 3445 3458 ex
3473 3418 3652 3474 regno

229 3490 410 3548 tionis
440 3491 500 3548 in
532 3508 625 3549 me
656 3509 692 3548 a
719 3492 935 3548 domno
967 3491 1202 3548 Nicolao
1233 3491 1511 3548 canonice
1551 3491 1738 3548 latum
1771 3510 1887 3549 non

231 3580 612 3654 reprehendo,
637 3581 740 3638 sed
770 3581 1076 3636 humiliter
1104 3584 1290 3654 porto.
1317 3580 1480 3637 Unde
1501 3597 1606 3636 nec
1641 3581 1886 3639 ulterius

126 3705 132 3711 -
233 3686 466 3726 sacrum
498 3669 894 3726 ministerium
929 3669 1266 3743 contingere
1296 3686 1608 3742 praesumo,
1643 3669 1756 3727 nisi
1787 3688 1888 3743 per

233 3757 696 3816 misericordiam
738 3757 884 3814 mihi
933 3757 1240 3816 subvenire
1267 3757 1591 3828 volueritis,
1624 3776 1728 3815 nec
1781 3759 1884 3815 ali-

231 3848 467 3922 quando
497 3851 702 3904 contra
743 3852 1010 3904 sanctam
1061 3848 1387 3906 Romanam
1434 3847 1756 3904 Ecclesium
1787 3853 1888 3904 aut

231 3938 360 4010 ejus
390 3935 729 4011 pontificem
771 3934 1010 4010 aliquod
1041 3935 1389 3995 scandalum
1431 3935 1521 3994 vel
1563 3937 1886 4011 quidquam

233 4025 460 4083 adversi
491 4043 720 4083 movere
742 4025 892 4095 volo,
916 4027 1018 4083 sed
1041 4027 1316 4084 devotum
1347 4043 1440 4084 me
1461 4027 1650 4084 eidem
1672 4031 1885 4084 sanctae

234 4115 406 4172 matri
427 4113 693 4172 Ecclesiae
717 4117 766 4188 ej
778 4132 962 4189 usque
993 4115 1227 4187 praesuli
1251 4115 1520 4172 exhibere
1545 4121 1722 4189 atque
1751 4119 1884 4174 obe-

234 4205 490 4262 dientem
521 4220 863 4278 permanere
883 4207 1190 4278 protestor.
1215 4204 1332 4278 Ego
1355 4205 1718 4263 Guntharius
1747 4206 1886 4263 huic

233 4293 580 4368 professioni
611 4309 646 4350 a
675 4309 769 4350 me
807 4294 971 4352 factae
1021 4309 1201 4351 manu
1251 4295 1487 4368 propria
1537 4295 1882 4369 subscripsi.

233 4383 381 4440 Data
400 4381 690 4440 Kalendas
719 4383 883 4452 Julii,
906 4382 1222 4440 indictione
1241 4386 1304 4452 2;
1337 4383 1397 4440 in
1423 4383 1667 4440 ecclesia
1697 4387 1884 4441 sancti

235 4471 548 4529 Salvatoris
574 4473 673 4546 (a),
698 4489 826 4547 quee
859 4477 948 4530 est
991 4473 1050 4528 in
1095 4473 1450 4530 monasterio
1483 4474 1669 4530 sancti
1700 4474 1884 4530 Bene-

233 4561 375 4619 dicti
401 4561 462 4618 in
491 4561 756 4620 Cassino.
787 4585 815 4613 »

302 4649 606 4724 Accipiens
637 4655 832 4708 autem
863 4653 1052 4708 isdem
1092 4668 1244 4724 papa
1273 4669 1307 4708 a
1335 4651 1658 4708 Gunthario
1689 4654 1885 4710 consi-

235 4743 422 4797 stente
452 4739 605 4796 inter
625 4739 806 4798 laicos
836 4739 988 4797 hanc
1018 4741 1462 4814 professionem,
1491 4741 1764 4798 relectam
1795 4741 1883 4798 in-
1915 4763 1962 4828 D

235 4833 326 4886 ter
349 4827 529 4886 laicos
550 4829 623 4885 ab
646 4828 774 4902 ipso
803 4827 1034 4902 publice
1057 4845 1252 4886 coram
1273 4829 1570 4898 omnibus,
1595 4829 1741 4886 dixit
1761 4830 1841 4886 illi
1869 4850 1881 4886 :

1997 3488 2346 3557 Hludowici,
2381 3490 2534 3562 regis
2564 3489 2907 3560 Germaniae,
2937 3506 3074 3546 cum
3114 3489 3304 3564 ipsius
3342 3489 3574 3564 legatis,
3597 3492 3656 3546 et

1997 3583 2251 3652 quatuor
2269 3579 2574 3652 episcopos
2591 3595 2661 3637 ex
2678 3596 2855 3654 regno
2874 3579 3066 3636 Karoli
3085 3596 3220 3636 cum
3237 3580 3366 3652 ejus
3383 3578 3593 3653 legatis
3607 3579 3653 3648 ³,

1997 3673 2056 3725 et
2084 3669 2372 3741 quosdam
2406 3667 2711 3742 episcopos
2743 3686 2812 3726 ex
2841 3686 3018 3742 regno
3059 3668 3316 3727 Lotharii
3347 3667 3611 3742 epistolis
3632 3669 3654 3704 ⁴

1996 3759 2122 3815 suis
2143 3759 2253 3813 hac
2275 3757 2608 3814 conditione
2628 3759 2824 3814 venire
2845 3757 3220 3831 praecepit,ut
3241 3775 3368 3830 quae
3394 3757 3454 3812 in
3477 3775 3650 3830 syno-

1997 3848 2068 3903 do
2092 3845 2179 3902 vcl
2212 3845 2602 3902 examinanda
2641 3846 2730 3902 vel
2772 3847 3030 3920 gerenda
3058 3847 3266 3913 forent,
3291 3845 3350 3900 in
3384 3845 3652 3918 personis

1997 3935 2246 3993 aliorum
2269 3935 2702 4004 conﬁrmarent,
2728 3939 2850 3992 tam
2882 3953 2950 3993 ex
2981 3933 3442 3992 occidentalibus
3470 3933 3651 4008 parti-

1995 4026 2108 4082 bus
2139 4043 2318 4098 quam
2348 4041 2416 4080 ex
2445 4023 2849 4082 orientalibus.
2877 4024 3041 4082 Unde
3071 4022 3284 4080 missos
3317 4041 3478 4095 suos,
3502 4027 3650 4095 quos

1995 4133 2184 4188 nuper
2238 4113 2804 4188 Constantinopolim
2862 4131 2966 4187 pro
3035 4111 3407 4170 contentione
3471 4129 3650 4186 quam

1995 4203 2305 4261 orientales
2355 4220 2488 4260 eum
2539 4202 2773 4260 Nicolao
2823 4220 2976 4276 papa
3022 4201 3341 4268 habebant,
3386 4201 3647 4269 miserat,

1994 4297 2134 4350 tunc
2162 4296 2438 4350 venturos
2469 4293 2798 4366 separabat.

2069 4382 2378 4440 Lotharius
2401 4383 2422 4416 ⁵
2453 4399 2585 4438 vero
2617 4382 2804 4438 Roma
2849 4380 3017 4438 laetus
3059 4395 3426 4453 promovens,
3462 4395 3652 4452 usque

1996 4473 2215 4528 Lucam
2242 4471 2534 4527 civitatem
2556 4471 2734 4537 venit,
2755 4469 2857 4526 ubi
2889 4469 3049 4526 febre
3069 4466 3402 4542 corripitur,
3417 4473 3476 4524 et
3494 4485 3653 4542 gras-

1995 4565 2161 4620 sante
2179 4560 2342 4616 clade
2357 4559 2416 4614 in
2435 4575 2592 4627 suos,
2610 4575 2758 4632 quos
2778 4557 2838 4614 in
2861 4558 3061 4615 oculos
3081 4559 3252 4614 suos“
3268 4557 3650 4615 coacervatim

1995 4651 2143 4709 mori
2174 4647 2590 4722 conspiciebat,
2616 4649 2716 4704 sed
2739 4647 3036 4720 judicium
3063 4645 3166 4703 Dei
3195 4645 3522 4720 intelligere
3554 4663 3652 4702 no-

1994 4741 2141 4810 lens,
2187 4757 2373 4813 usque
2423 4735 2780 4795 Placentiam
2811 4739 2845 4793 8
2875 4736 3014 4795 Idus
3061 4733 3312 4810 Augusti
3357 4733 3644 4807 pervenit;

1994 4831 2194 4902 ibique
2237 4829 2534 4885 dominica
2583 4826 2676 4884 die
2725 4826 3210 4900 superdiurnans,
3244 4823 3398 4880 circa
3441 4821 3647 4880 horam

1509 4982 1921 5042 VARLANTES
1963 4983 2396 5057 LECTIONES,

308 5099 323 5134 ¹
355 5097 532 5155 deem
559 5096 1100 5185 υίάθίανέηανξςιιων
1132 5098 1600 5185 maioreve.
1645 5102 1666 5134 ’
1697 5100 1799 5185 01-.
1825 5100 2086 5185 Ιθθῑιεηιρ,
2103 5101 2500 5185 mmmam;
2523 5099 2701 5185 facile
2727 5097 3043 5185 amicti:
3061 5091 3647 5185 --θεῖίυιεξῒδιξοεὲρὲ-

236 5187 443 5256 scopos
471 5185 540 5226 ex
571 5186 748 5255 regno
780 5168 971 5254 Karoli
1001 5187 1134 5226 cum
1167 5171 1295 5243 ejus
1326 5170 1535 5256 legatis
1565 5173 1710 5229 deest
1739 5172 1833 5228 Ch.
1912 5174 1934 5208 ‘
1965 5168 2222 5229 Lotharii
2271 5189 2407 5229 curn
2447 5168 2710 5244 epistolis
2735 5171 2856 5254 βῆ..
2968 5168 3430 5251 Qum-sequuntur
3457 5173 3647 5222 contu-

235 5243 400 5317 limus
429 5258 554 5298 cnm
595 5241 796 5317 codice
823 5258 978 5312 regio
1029 5243 1274 5317 8394(1)
1305 5260 1401 5315 qui
1449 5261 1513 5300 ea
1560 5253 1774 5300 tantum
1819 5245 1978 5300 habet
2026 5261 2152 5317 qua:
2199 5251 2416 5301 exstant
2473 5243 2618 5316 apud
2675 5243 2918 5317 Azmoznz
2975 5247 3428 5317 continuatoreni.
3461 5238 3643 5317 B999.

232 5315 341 5443 €33
369 5330 432 5372 ea
463 5330 588 5371 cum
617 5313 863 5371 Aimoini
889 5311 1298 5371 continuatione
1311 5311 1426 5371 'lib.
1459 5333 1513 5383 ν,
1549 5333 1666 5388 cap.
1696 5319 1887 5372 21-40.
1920 5311 2092 5388 (apud
2119 5317 2412 5373 Freherum
2452 5311 2519 5372 in’
2554 5329 2772 5385 corpore
2801 5311 2928 5367 hist.
2963 5312 3248 5394 Francicec
3277 5319 3316 5367 t.
3337 5311 3406 5376 ll,
3424 5326 3478 5382 ρ.
3513 5311 3646 5392 4η-

346 5389 384 5443 .)
412 5386 640 5443 contuli.
673 5393 726 5442 et
749 5387 976 5443 maiori:
1003 5388 1264 5443 momenti
1292 5388 1542 5443 lectiones
1583 5389 1765 5443 littera
1793 5389 1832 5443 A
1868 5389 2114 5443 adposita
2160 5389 2365 5443 notavi.
2397 5387 2586 5442 multis
2617 5385 2677 5440 in
2707 5391 2916 5440 textum
2945 5389 3190 5443 receptis.
3268 5383 3290 5418 θ
3317 5382 3428 5438 sub
3459 5379 3646 5438 oculis

346 5389 384 5454 .)
412 5386 640 5460 contuli,
673 5393 726 5442 et
749 5387 976 5458 majori:
1003 5388 1264 5443 momenti
1292 5379 1542 5444 lectiones
1583 5379 1765 5445 littera
1793 5389 1832 5444 A
1868 5379 2114 5460 adposita
2160 5389 2365 5454 notavi,
2397 5387 2586 5442 multis
2617 5379 2677 5440 in
2707 5391 2916 5440 textum
2945 5384 3190 5454 receptis.
3268 5383 3290 5418 θ
3317 5379 3433 5438 sub
3459 5379 3648 5438 oculis

239 5458 365 5516 suis
389 5458 449 5514 A.

1822 5557 2056 5613 NOTfE.

309 5673 386 5800 (αὶ
426 5672 490 5728 In
533 5672 658 5728 vico
707 5671 1174 5742 Sun-Germano;
1246 5673 1304 5729 in
1375 5673 1578 5730 eadem
1646 5671 1892 5729 ecclesia

309 5771 334 5800 ι.
387 5745 513 5800 230.
539 5742 867 5800 Fridericus
898 5743 948 5800 II
981 5745 1298 5800 imperator
1319 5744 1593 5800 Gregorio
1625 5745 1696 5800 IX
1727 5761 1889 5800 uanae

239 5743 513 5818 an.1239,
539 5743 867 5802 Fridericus
898 5743 948 5802 II
981 5745 1298 5818 imperator
1319 5744 1593 5817 Gregorio
1625 5745 1696 5801 IX
1727 5761 1889 5818 papae

239 5815 648 5873 reconciliatus
677 5819 784 5872 est.

2071 5674 2140 5746 (ὁ)
2180 5676 2333 5729 Laena
2365 5679 2527 5739 λαΐνα,
2558 5679 2756 5744 χλαῖνα,
2787 5687 2996 5743 sagum
3027 5669 3297 5726 densum.
