  <div class='ocr_page' id='page_1' title='image "/cluster/home/n/w/nwhite01/storage/ocr_20150623/125/umn.31951002477418t/677.png"; bbox 0 0 4074 6512; ppageno 0'>
   <div class='ocr_carea' id='block_1_1' title="bbox 431 438 593 506">
    <p class='ocr_par' dir='ltr' id='par_1_1' title="bbox 431 438 593 506">
     <span class='ocr_line' id='line_1_1' title="bbox 431 438 593 506; baseline -0.031 0"><span class='ocrx_word' id='word_1_1' title='bbox 431 438 593 506; x_wconf 68' lang='grc'><strong>1247</strong></span> 
     </span>
    </p>
   </div>
   <div class='ocr_carea' id='block_1_2' title="bbox 1494 440 2799 510">
    <p class='ocr_par' dir='ltr' id='par_1_2' title="bbox 1494 440 2799 510">
     <span class='ocr_line' id='line_1_2' title="bbox 1494 440 2799 510; baseline -0.004 -3"><span class='ocrx_word' id='word_1_2' title='bbox 1494 447 1598 507; x_wconf 86' lang='lat' dir='ltr'><strong>AD</strong></span> <span class='ocrx_word' id='word_1_3' title='bbox 1643 443 1905 510; x_wconf 80' lang='lat' dir='ltr'><strong>OPERA</strong></span> <span class='ocrx_word' id='word_1_4' title='bbox 1948 440 2328 506; x_wconf 79' lang='lat' dir='ltr'><strong>HlNCMARl</strong></span> <span class='ocrx_word' id='word_1_5' title='bbox 2377 440 2799 504; x_wconf 86' lang='lat' dir='ltr'><strong>APPENDIX.</strong></span> 
     </span>
    </p>
   </div>
   <div class='ocr_carea' id='block_1_3' title="bbox 3717 442 3879 506">
    <p class='ocr_par' dir='ltr' id='par_1_3' title="bbox 3717 442 3879 506">
     <span class='ocr_line' id='line_1_3' title="bbox 3717 442 3879 506; baseline 0 0"><span class='ocrx_word' id='word_1_6' title='bbox 3717 442 3879 506; x_wconf 74' lang='grc'><strong>1248</strong></span> 
     </span>
    </p>
   </div>
   <div class='ocr_carea' id='block_1_4' title="bbox 425 573 3879 651">
    <p class='ocr_par' dir='ltr' id='par_1_4' title="bbox 425 573 3879 651">
     <span class='ocr_line' id='line_1_4' title="bbox 425 573 3879 651; baseline 0 -20"><span class='ocrx_word' id='word_1_7' title='bbox 425 589 652 632; x_wconf 81' lang='lat' dir='ltr'><strong>nonam</strong></span> <span class='ocrx_word' id='word_1_8' title='bbox 683 573 983 650; x_wconf 87' lang='lat' dir='ltr'><strong>inopinate</strong></span> <span class='ocrx_word' id='word_1_9' title='bbox 1011 575 1296 635; x_wconf 84' lang='lat' dir='ltr'><strong>exanimis</strong></span> <span class='ocrx_word' id='word_1_10' title='bbox 1329 594 1473 651; x_wconf 87' lang='lat' dir='ltr'><strong>pene</strong></span> <span class='ocrx_word' id='word_1_11' title='bbox 1504 579 1742 635; x_wconf 76' lang='lat' dir='ltr'><strong>effectus</strong></span> <span class='ocrx_word' id='word_1_12' title='bbox 1773 582 1862 634; x_wconf 90' lang='lat' dir='ltr'><strong>est</strong></span> <span class='ocrx_word' id='word_1_13' title='bbox 1891 581 1948 634; x_wconf 90' lang='lat' dir='ltr'><strong>et</strong></span> <span class='ocrx_word' id='word_1_14' title='bbox 1979 577 2084 634; x_wconf 90' lang='lat' dir='ltr'><strong>ob-</strong></span> <span class='ocrx_word' id='word_1_15' title='bbox 2118 577 2170 645; x_wconf 80' lang='grc' dir='ltr'><strong>Α</strong></span> <span class='ocrx_word' id='word_1_16' title='bbox 2201 573 2438 649; x_wconf 68' lang='grc' dir='ltr'><strong>[Αἱγηοη.</strong></span> <span class='ocrx_word' id='word_1_17' title='bbox 2493 573 2618 631; x_wconf 81' lang='lat' dir='ltr'><strong>add.</strong></span> <span class='ocrx_word' id='word_1_18' title='bbox 2671 573 2748 649; x_wconf 88' lang='lat' dir='ltr'><strong>et]</strong></span> <span class='ocrx_word' id='word_1_19' title='bbox 2799 573 3017 649; x_wconf 89' lang='lat' dir='ltr'><strong>scripto</strong></span> <span class='ocrx_word' id='word_1_20' title='bbox 3069 579 3127 633; x_wconf 89' lang='lat' dir='ltr'><strong>et</strong></span> <span class='ocrx_word' id='word_1_21' title='bbox 3157 576 3364 636; x_wconf 90' lang='lat' dir='ltr'><strong>&#39;verbis</strong></span> <span class='ocrx_word' id='word_1_22' title='bbox 3419 576 3816 634; x_wconf 71' lang='lat' dir='ltr'><strong>denuntiavit</strong></span> <span class='ocrx_word' id='word_1_23' title='bbox 3865 595 3879 632; x_wconf 91' lang='lat'>:</span> 
     </span>
    </p>
   </div>
   <div class='ocr_carea' id='block_1_5' title="bbox 435 663 2090 739">
    <p class='ocr_par' dir='ltr' id='par_1_5' title="bbox 435 663 2090 739">
     <span class='ocr_line' id='line_1_5' title="bbox 435 663 2090 739; baseline 0.002 -19"><span class='ocrx_word' id='word_1_24' title='bbox 435 663 657 720; x_wconf 89' lang='lat' dir='ltr'><strong>mutuit</strong></span> <span class='ocrx_word' id='word_1_25' title='bbox 687 665 726 734; x_wconf 90' lang='grc'><strong>¹,</strong></span> <span class='ocrx_word' id='word_1_26' title='bbox 757 669 931 739; x_wconf 89' lang='lat' dir='ltr'><strong>atque</strong></span> <span class='ocrx_word' id='word_1_27' title='bbox 981 665 1041 722; x_wconf 88' lang='lat' dir='ltr'><strong>in</strong></span> <span class='ocrx_word' id='word_1_28' title='bbox 1086 667 1343 724; x_wconf 88' lang='lat' dir='ltr'><strong>crastina</strong></span> <span class='ocrx_word' id='word_1_29' title='bbox 1363 670 1402 737; x_wconf 77' lang='grc'>³,</span> <span class='ocrx_word' id='word_1_30' title='bbox 1437 668 1581 725; x_wconf 89' lang='lat' dir='ltr'><strong>hora</strong></span> <span class='ocrx_word' id='word_1_31' title='bbox 1637 667 1750 724; x_wconf 89' lang='lat' dir='ltr'><strong>diei</strong></span> <span class='ocrx_word' id='word_1_32' title='bbox 1810 668 2090 736; x_wconf 90' lang='lat' dir='ltr'><strong>secunda,</strong></span> 
     </span>
    </p>
   </div>
   <div class='ocr_carea' id='block_1_6' title="bbox 437 753 2092 830">
    <p class='ocr_par' dir='ltr' id='par_1_6' title="bbox 437 753 2092 830">
     <span class='ocr_line' id='line_1_6' title="bbox 437 753 2092 830; baseline 0.004 -23"><span class='ocrx_word' id='word_1_33' title='bbox 437 753 705 820; x_wconf 90' lang='lat' dir='ltr'><strong>moritur,</strong></span> <span class='ocrx_word' id='word_1_34' title='bbox 729 758 787 810; x_wconf 92' lang='lat' dir='ltr'><strong>et</strong></span> <span class='ocrx_word' id='word_1_35' title='bbox 824 772 858 811; x_wconf 90' lang='lat' dir='ltr'><strong>a</strong></span> <span class='ocrx_word' id='word_1_36' title='bbox 895 756 1100 828; x_wconf 84' lang='lat' dir='ltr'><strong>paucis</strong></span> <span class='ocrx_word' id='word_1_37' title='bbox 1131 775 1372 814; x_wconf 90' lang='lat' dir='ltr'><strong>suorum</strong></span> <span class='ocrx_word' id='word_1_38' title='bbox 1409 759 1507 830; x_wconf 86' lang='lat' dir='ltr'><strong>qui</strong></span> <span class='ocrx_word' id='word_1_39' title='bbox 1537 776 1571 814; x_wconf 88' lang='lat' dir='ltr'><strong>a</strong></span> <span class='ocrx_word' id='word_1_40' title='bbox 1600 758 1764 814; x_wconf 84' lang='lat' dir='ltr'>clade</span> <span class='ocrx_word' id='word_1_41' title='bbox 1795 774 2092 814; x_wconf 89' lang='lat' dir='ltr'><strong>remanse-</strong></span> 
     </span>
    </p>
   </div>
   <div class='ocr_carea' id='block_1_7' title="bbox 437 843 2092 920">
    <p class='ocr_par' dir='ltr' id='par_1_7' title="bbox 437 843 2092 920">
     <span class='ocr_line' id='line_1_7' title="bbox 437 843 2092 920; baseline 0.003 -23"><span class='ocrx_word' id='word_1_42' title='bbox 437 846 589 911; x_wconf 92' lang='lat' dir='ltr'><strong>rant,</strong></span> <span class='ocrx_word' id='word_1_43' title='bbox 607 843 666 898; x_wconf 92' lang='lat' dir='ltr'><strong>in</strong></span> <span class='ocrx_word' id='word_1_44' title='bbox 689 845 948 916; x_wconf 88' lang='lat' dir='ltr'><strong>quodam</strong></span> <span class='ocrx_word' id='word_1_45' title='bbox 971 846 1385 902; x_wconf 90' lang='lat' dir='ltr'><strong>monasteriolo</strong></span> <span class='ocrx_word' id='word_1_46' title='bbox 1408 865 1576 903; x_wconf 89' lang='lat' dir='ltr'><strong>secus</strong></span> <span class='ocrx_word' id='word_1_47' title='bbox 1595 849 1783 920; x_wconf 88' lang='lat' dir='ltr'><strong>ipsam</strong></span> <span class='ocrx_word' id='word_1_48' title='bbox 1802 848 2092 904; x_wconf 85' lang='lat' dir='ltr'><strong>civitatem</strong></span> 
     </span>
    </p>
   </div>
   <div class='ocr_carea' id='block_1_8' title="bbox 437 933 2098 1010">
    <p class='ocr_par' dir='ltr' id='par_1_8' title="bbox 437 933 2098 1010">
     <span class='ocr_line' id='line_1_8' title="bbox 437 933 2098 1010; baseline 0.003 -24"><span class='ocrx_word' id='word_1_49' title='bbox 437 935 603 987; x_wconf 68' lang='lat' dir='ltr'><strong>terra:</strong></span> <span class='ocrx_word' id='word_1_50' title='bbox 628 933 963 990; x_wconf 83' lang='lat' dir='ltr'><strong>mandatur.</strong></span> <span class='ocrx_word' id='word_1_51' title='bbox 984 936 1146 1002; x_wconf 88' lang='lat' dir='ltr'><strong>Quod</strong></span> <span class='ocrx_word' id='word_1_52' title='bbox 1169 935 1410 992; x_wconf 85' lang='lat' dir='ltr'><strong>Carolus</strong></span> <span class='ocrx_word' id='word_1_53' title='bbox 1433 937 1589 1010; x_wconf 91' lang='lat' dir='ltr'><strong>apud</strong></span> <span class='ocrx_word' id='word_1_54' title='bbox 1613 936 1956 994; x_wconf 87' lang='lat' dir='ltr'><strong>Silvaneetis</strong></span> <span class='ocrx_word' id='word_1_55' title='bbox 1978 939 2000 970; x_wconf 84' lang='grc'><strong><em>³</em></strong></span> <span class='ocrx_word' id='word_1_56' title='bbox 2022 937 2098 992; x_wconf 91' lang='lat' dir='ltr'><strong>ci-</strong></span> 
     </span>
    </p>
   </div>
   <div class='ocr_carea' id='block_1_9' title="bbox 436 1019 2097 1098">
    <p class='ocr_par' dir='ltr' id='par_1_9' title="bbox 436 1019 2097 1098">
     <span class='ocr_line' id='line_1_9' title="bbox 436 1019 2097 1098; baseline 0.005 -23"><span class='ocrx_word' id='word_1_57' title='bbox 436 1019 678 1077; x_wconf 81' lang='lat' dir='ltr'><strong>vitatem</strong></span> <span class='ocrx_word' id='word_1_58' title='bbox 706 1021 924 1095; x_wconf 87' lang='lat' dir='ltr'><strong>degens</strong></span> <span class='ocrx_word' id='word_1_59' title='bbox 949 1055 1012 1064; x_wconf 94' lang='lat'>—</span> <span class='ocrx_word' id='word_1_60' title='bbox 1041 1024 1141 1080; x_wconf 91' lang='lat' dir='ltr'><strong>ubi</strong></span> <span class='ocrx_word' id='word_1_61' title='bbox 1172 1029 1293 1082; x_wconf 90' lang='lat' dir='ltr'><strong>tam</strong></span> <span class='ocrx_word' id='word_1_62' title='bbox 1327 1025 1450 1098; x_wconf 91' lang='lat' dir='ltr'><strong>ipse</strong></span> <span class='ocrx_word' id='word_1_63' title='bbox 1481 1043 1658 1098; x_wconf 90' lang='lat' dir='ltr'><strong>quam</strong></span> <span class='ocrx_word' id='word_1_64' title='bbox 1691 1030 1748 1082; x_wconf 86' lang='lat' dir='ltr'><strong>et</strong></span> <span class='ocrx_word' id='word_1_65' title='bbox 1778 1044 1921 1082; x_wconf 88' lang='lat' dir='ltr'><strong>uxor</strong></span> <span class='ocrx_word' id='word_1_66' title='bbox 1949 1045 2058 1084; x_wconf 85' lang='lat' dir='ltr'><strong>sua</strong></span> <span class='ocrx_word' id='word_1_67' title='bbox 2077 1029 2097 1060; x_wconf 75' lang='lat'><strong>‘</strong></span> 
     </span>
    </p>
   </div>
   <div class='ocr_carea' id='block_1_10' title="bbox 435 1109 2094 1189">
    <p class='ocr_par' dir='ltr' id='par_1_10' title="bbox 435 1109 2094 1189">
     <span class='ocr_line' id='line_1_10' title="bbox 435 1109 2094 1189; baseline 0.005 -24"><span class='ocrx_word' id='word_1_68' title='bbox 435 1109 768 1180; x_wconf 75' lang='lat' dir='ltr'><strong>thesauros,</strong></span> <span class='ocrx_word' id='word_1_69' title='bbox 793 1129 940 1186; x_wconf 89' lang='lat' dir='ltr'><strong>quos</strong></span> <span class='ocrx_word' id='word_1_70' title='bbox 973 1114 1031 1170; x_wconf 92' lang='lat' dir='ltr'><strong>in</strong></span> <span class='ocrx_word' id='word_1_71' title='bbox 1059 1115 1513 1189; x_wconf 90' lang='lat' dir='ltr'><strong>quibuseunque</strong></span> <span class='ocrx_word' id='word_1_72' title='bbox 1544 1117 1718 1174; x_wconf 87' lang='lat' dir='ltr'><strong>rebus</strong></span> <span class='ocrx_word' id='word_1_73' title='bbox 1749 1117 2094 1185; x_wconf 87' lang='lat' dir='ltr'><strong>habuerant,</strong></span> 
     </span>
    </p>
   </div>
   <div class='ocr_carea' id='block_1_11' title="bbox 438 1199 2096 1280">
    <p class='ocr_par' dir='ltr' id='par_1_11' title="bbox 438 1199 2096 1280">
     <span class='ocr_line' id='line_1_11' title="bbox 438 1199 2096 1280; baseline 0.005 -26"><span class='ocrx_word' id='word_1_74' title='bbox 438 1215 545 1273; x_wconf 89' lang='lat' dir='ltr'><strong>per</strong></span> <span class='ocrx_word' id='word_1_75' title='bbox 565 1199 691 1258; x_wconf 90' lang='lat' dir='ltr'><strong>loca</strong></span> <span class='ocrx_word' id='word_1_76' title='bbox 713 1208 919 1260; x_wconf 89' lang='lat' dir='ltr'><strong>sancta</strong></span> <span class='ocrx_word' id='word_1_77' title='bbox 941 1205 999 1259; x_wconf 92' lang='lat' dir='ltr'><strong>in</strong></span> <span class='ocrx_word' id='word_1_78' title='bbox 1022 1222 1192 1261; x_wconf 90' lang='lat' dir='ltr'><strong>suam</strong></span> <span class='ocrx_word' id='word_1_79' title='bbox 1214 1205 1643 1278; x_wconf 79' lang='lat' dir='ltr'><strong>eleemosynam</strong></span> <span class='ocrx_word' id='word_1_80' title='bbox 1667 1208 2096 1280; x_wconf 88' lang='lat' dir='ltr'><strong>dispensantes,</strong></span> 
     </span>
    </p>
   </div>
   <div class='ocr_carea' id='block_1_12' title="bbox 435 1288 2101 1368">
    <p class='ocr_par' dir='ltr' id='par_1_12' title="bbox 435 1288 2101 1368">
     <span class='ocr_line' id='line_1_12' title="bbox 435 1288 2101 1368; baseline 0.005 -25"><span class='ocrx_word' id='word_1_81' title='bbox 435 1305 474 1344; x_wconf 92' lang='lat' dir='ltr'><strong>a</strong></span> <span class='ocrx_word' id='word_1_82' title='bbox 495 1288 672 1347; x_wconf 90' lang='lat' dir='ltr'><strong>Pistis</strong></span> <span class='ocrx_word' id='word_1_83' title='bbox 695 1291 930 1362; x_wconf 84' lang='lat' dir='ltr'><strong>reversi,</strong></span> <span class='ocrx_word' id='word_1_84' title='bbox 955 1294 1202 1351; x_wconf 89' lang='lat' dir='ltr'><strong>Domino</strong></span> <span class='ocrx_word' id='word_1_85' title='bbox 1225 1295 1297 1350; x_wconf 91' lang='lat' dir='ltr'><strong>de</strong></span> <span class='ocrx_word' id='word_1_86' title='bbox 1320 1296 1490 1367; x_wconf 84' lang='lat' dir='ltr'><strong>cujus</strong></span> <span class='ocrx_word' id='word_1_87' title='bbox 1513 1312 1691 1352; x_wconf 89' lang='lat' dir='ltr'><strong>manu</strong></span> <span class='ocrx_word' id='word_1_88' title='bbox 1720 1296 1849 1353; x_wconf 91' lang='lat' dir='ltr'><strong>illos</strong></span> <span class='ocrx_word' id='word_1_89' title='bbox 1871 1313 2101 1368; x_wconf 89' lang='lat' dir='ltr'><strong>accepe-</strong></span> 
     </span>
    </p>
   </div>
   <div class='ocr_carea' id='block_1_13' title="bbox 439 1379 2100 1458">
    <p class='ocr_par' dir='ltr' id='par_1_13' title="bbox 439 1379 2100 1458">
     <span class='ocr_line' id='line_1_13' title="bbox 439 1379 2100 1458; baseline 0.005 -24"><span class='ocrx_word' id='word_1_90' title='bbox 439 1383 592 1446; x_wconf 87' lang='lat' dir='ltr'><strong>rant,</strong></span> <span class='ocrx_word' id='word_1_91' title='bbox 608 1379 992 1438; x_wconf 90' lang='lat' dir='ltr'><strong>reddiderunt</strong></span> <span class='ocrx_word' id='word_1_92' title='bbox 1010 1415 1078 1422; x_wconf 99' lang='lat'>—</span> <span class='ocrx_word' id='word_1_93' title='bbox 1097 1400 1212 1440; x_wconf 88' lang='lat' dir='ltr'><strong>non</strong></span> <span class='ocrx_word' id='word_1_94' title='bbox 1242 1384 1462 1441; x_wconf 89' lang='lat' dir='ltr'><strong>incerto</strong></span> <span class='ocrx_word' id='word_1_95' title='bbox 1481 1386 1846 1458; x_wconf 86' lang='lat' dir='ltr'><strong>comperiens</strong></span> <span class='ocrx_word' id='word_1_96' title='bbox 1867 1387 2100 1454; x_wconf 87' lang='lat' dir='ltr'><strong>nuntio,</strong></span> 
     </span>
    </p>
   </div>
   <div class='ocr_carea' id='block_1_14' title="bbox 439 1467 2103 1543">
    <p class='ocr_par' dir='ltr' id='par_1_14' title="bbox 439 1467 2103 1543">
     <span class='ocr_line' id='line_1_14' title="bbox 439 1467 2103 1543; baseline 0.005 -19"><span class='ocrx_word' id='word_1_97' title='bbox 439 1467 512 1524; x_wconf 89' lang='lat' dir='ltr'><strong>ab</strong></span> <span class='ocrx_word' id='word_1_98' title='bbox 566 1467 696 1540; x_wconf 89' lang='lat' dir='ltr'><strong>ipsa</strong></span> <span class='ocrx_word' id='word_1_99' title='bbox 747 1468 977 1526; x_wconf 78' lang='lat' dir='ltr'><strong>civitate</strong></span> <span class='ocrx_word' id='word_1_100' title='bbox 1025 1488 1287 1541; x_wconf 87' lang='lat' dir='ltr'><strong>movens,</strong></span> <span class='ocrx_word' id='word_1_101' title='bbox 1317 1475 1678 1530; x_wconf 88' lang='lat' dir='ltr'><strong>Attiniaeum</strong></span> <span class='ocrx_word' id='word_1_102' title='bbox 1707 1475 1893 1543; x_wconf 85' lang='lat' dir='ltr'><strong>venit;</strong></span> <span class='ocrx_word' id='word_1_103' title='bbox 1937 1476 2038 1532; x_wconf 92' lang='lat' dir='ltr'><strong>ubi</strong></span> <span class='ocrx_word' id='word_1_104' title='bbox 2069 1493 2103 1532; x_wconf 87' lang='lat' dir='ltr'><strong>a</strong></span> 
     </span>
    </p>
   </div>
   <div class='ocr_carea' id='block_1_15' title="bbox 441 1555 2101 1638">
    <p class='ocr_par' dir='ltr' id='par_1_15' title="bbox 441 1555 2101 1638">
     <span class='ocr_line' id='line_1_15' title="bbox 441 1555 2101 1638; baseline 0.007 -28"><span class='ocrx_word' id='word_1_105' title='bbox 441 1555 803 1629; x_wconf 90' lang='lat' dir='ltr'><strong>quibusdam</strong></span> <span class='ocrx_word' id='word_1_106' title='bbox 844 1560 1156 1634; x_wconf 87' lang='lat' dir='ltr'><strong>episcopis,</strong></span> <span class='ocrx_word' id='word_1_107' title='bbox 1187 1565 1289 1619; x_wconf 89' lang='lat' dir='ltr'><strong>sed</strong></span> <span class='ocrx_word' id='word_1_108' title='bbox 1321 1565 1420 1619; x_wconf 63' lang='lat' dir='ltr'><strong>et“</strong></span> <span class='ocrx_word' id='word_1_109' title='bbox 1450 1564 1522 1620; x_wconf 88' lang='lat' dir='ltr'><strong>ab</strong></span> <span class='ocrx_word' id='word_1_110' title='bbox 1553 1563 1853 1637; x_wconf 84' lang='lat' dir='ltr'><strong>aliquibus</strong></span> <span class='ocrx_word' id='word_1_111' title='bbox 1885 1565 2101 1638; x_wconf 87' lang='lat' dir='ltr'><strong>primo-</strong></span> 
     </span>
    </p>
   </div>
   <div class='ocr_carea' id='block_1_16' title="bbox 441 1644 2104 1722">
    <p class='ocr_par' dir='ltr' id='par_1_16' title="bbox 441 1644 2104 1722">
     <span class='ocr_line' id='line_1_16' title="bbox 441 1644 2104 1722; baseline 0.005 -22"><span class='ocrx_word' id='word_1_112' title='bbox 441 1644 608 1702; x_wconf 90' lang='lat' dir='ltr'><strong>ribus</strong></span> <span class='ocrx_word' id='word_1_113' title='bbox 667 1647 834 1722; x_wconf 90' lang='lat' dir='ltr'><strong>regni</strong></span> <span class='ocrx_word' id='word_1_114' title='bbox 893 1651 1192 1722; x_wconf 89' lang='lat' dir='ltr'><strong>quondam</strong></span> <span class='ocrx_word' id='word_1_115' title='bbox 1245 1651 1502 1708; x_wconf 90' lang='lat' dir='ltr'><strong>Lotharii</strong></span> <span class='ocrx_word' id='word_1_116' title='bbox 1553 1652 1809 1708; x_wconf 62' lang='lat' dir='ltr'><strong>missos“</strong></span> <span class='ocrx_word' id='word_1_117' title='bbox 1851 1652 2104 1710; x_wconf 89' lang='lat' dir='ltr'><strong>directos</strong></span> 
     </span>
    </p>
   </div>
   <div class='ocr_carea' id='block_1_17' title="bbox 441 1734 2107 1814">
    <p class='ocr_par' dir='ltr' id='par_1_17' title="bbox 441 1734 2107 1814">
     <span class='ocr_line' id='line_1_17' title="bbox 441 1734 2107 1814; baseline 0.004 -24"><span class='ocrx_word' id='word_1_118' title='bbox 441 1734 721 1809; x_wconf 79' lang='lat' dir='ltr'><strong>suscepit,</strong></span> <span class='ocrx_word' id='word_1_119' title='bbox 739 1742 804 1793; x_wconf 91' lang='lat' dir='ltr'><strong>ut</strong></span> <span class='ocrx_word' id='word_1_120' title='bbox 825 1736 905 1794; x_wconf 89' lang='lat' dir='ltr'><strong>ibi</strong></span> <span class='ocrx_word' id='word_1_121' title='bbox 926 1738 1227 1807; x_wconf 87' lang='lat' dir='ltr'><strong>resideret,</strong></span> <span class='ocrx_word' id='word_1_122' title='bbox 1244 1745 1302 1796; x_wconf 88' lang='lat' dir='ltr'><strong>et</strong></span> <span class='ocrx_word' id='word_1_123' title='bbox 1320 1741 1378 1796; x_wconf 91' lang='lat' dir='ltr'><strong>in</strong></span> <span class='ocrx_word' id='word_1_124' title='bbox 1400 1758 1646 1814; x_wconf 85' lang='lat' dir='ltr'><strong>regnum</strong></span> <span class='ocrx_word' id='word_1_125' title='bbox 1669 1743 1822 1814; x_wconf 89' lang='lat' dir='ltr'><strong>quod</strong></span> <span class='ocrx_word' id='word_1_126' title='bbox 1848 1741 2107 1798; x_wconf 87' lang='lat' dir='ltr'><strong>Lotharii</strong></span> 
     </span>
    </p>
   </div>
   <div class='ocr_carea' id='block_1_18' title="bbox 2275 664 3886 740">
    <p class='ocr_par' dir='ltr' id='par_1_18' title="bbox 2275 664 3886 740">
     <span class='ocr_line' id='line_1_18' title="bbox 2275 664 3886 740; baseline 0.003 -22"><span class='ocrx_word' id='word_1_127' title='bbox 2275 689 2302 716; x_wconf 85' lang='lat'><strong><em>«</em></strong></span> <span class='ocrx_word' id='word_1_128' title='bbox 2335 665 2453 722; x_wconf 88' lang='lat' dir='ltr'><strong>Vos</strong></span> <span class='ocrx_word' id='word_1_129' title='bbox 2485 664 2648 722; x_wconf 91' lang='lat' dir='ltr'><strong>scitis</strong></span> <span class='ocrx_word' id='word_1_130' title='bbox 2683 665 2776 734; x_wconf 80' lang='lat' dir='ltr'><strong>[id.</strong></span> <span class='ocrx_word' id='word_1_131' title='bbox 2810 665 2937 722; x_wconf 83' lang='lat' dir='ltr'><strong>add.</strong></span> <span class='ocrx_word' id='word_1_132' title='bbox 2969 667 3221 736; x_wconf 79' lang='lat' dir='ltr'><strong>fratres],</strong></span> <span class='ocrx_word' id='word_1_133' title='bbox 3251 671 3310 723; x_wconf 89' lang='lat' dir='ltr'><strong>et</strong></span> <span class='ocrx_word' id='word_1_134' title='bbox 3349 667 3561 724; x_wconf 90' lang='lat' dir='ltr'><strong>multis</strong></span> <span class='ocrx_word' id='word_1_135' title='bbox 3593 667 3659 724; x_wconf 88' lang='lat' dir='ltr'><strong>in</strong></span> <span class='ocrx_word' id='word_1_136' title='bbox 3695 666 3886 740; x_wconf 86' lang='lat' dir='ltr'><strong>pluri-</strong></span> 
     </span>
    </p>
   </div>
   <div class='ocr_carea' id='block_1_19' title="bbox 2203 753 3886 830">
    <p class='ocr_par' dir='ltr' id='par_1_19' title="bbox 2203 753 3886 830">
     <span class='ocr_line' id='line_1_19' title="bbox 2203 753 3886 830; baseline 0.001 -19"><span class='ocrx_word' id='word_1_137' title='bbox 2203 753 2368 811; x_wconf 91' lang='lat' dir='ltr'><strong>rimis</strong></span> <span class='ocrx_word' id='word_1_138' title='bbox 2392 755 2588 828; x_wconf 87' lang='lat' dir='ltr'><strong>regnis</strong></span> <span class='ocrx_word' id='word_1_139' title='bbox 2609 759 2699 811; x_wconf 91' lang='lat' dir='ltr'><strong>est</strong></span> <span class='ocrx_word' id='word_1_140' title='bbox 2720 755 3300 830; x_wconf 89' lang='lat' dir='ltr'><strong>eognitum,quantos</strong></span> <span class='ocrx_word' id='word_1_141' title='bbox 3318 761 3377 813; x_wconf 89' lang='lat' dir='ltr'><strong>et</strong></span> <span class='ocrx_word' id='word_1_142' title='bbox 3393 755 3608 830; x_wconf 83' lang='lat' dir='ltr'><strong>quales</strong></span> <span class='ocrx_word' id='word_1_143' title='bbox 3629 761 3886 813; x_wconf 86' lang='lat' dir='ltr'><strong>eventus</strong></span> 
     </span>
    </p>
   </div>
   <div class='ocr_carea' id='block_1_20' title="bbox 2203 843 3882 918">
    <p class='ocr_par' dir='ltr' id='par_1_20' title="bbox 2203 843 3882 918">
     <span class='ocr_line' id='line_1_20' title="bbox 2203 843 3882 918; baseline 0.002 -18"><span class='ocrx_word' id='word_1_144' title='bbox 2203 848 2464 917; x_wconf 89' lang='lat' dir='ltr'><strong>tempore</strong></span> <span class='ocrx_word' id='word_1_145' title='bbox 2499 843 2746 901; x_wconf 88' lang='lat' dir='ltr'><strong>senioris</strong></span> <span class='ocrx_word' id='word_1_146' title='bbox 2778 845 2963 902; x_wconf 90' lang='lat' dir='ltr'><strong>nostri</strong></span> <span class='ocrx_word' id='word_1_147' title='bbox 2993 862 3168 918; x_wconf 88' lang='lat' dir='ltr'><strong>quem</strong></span> <span class='ocrx_word' id='word_1_148' title='bbox 3199 844 3486 903; x_wconf 91' lang='lat' dir='ltr'><strong>hactenus</strong></span> <span class='ocrx_word' id='word_1_149' title='bbox 3517 846 3882 915; x_wconf 77' lang='lat' dir='ltr'><strong>habuimus,</strong></span> 
     </span>
    </p>
   </div>
   <div class='ocr_carea' id='block_1_21' title="bbox 2203 933 3884 1006">
    <p class='ocr_par' dir='ltr' id='par_1_21' title="bbox 2203 933 3884 1006">
     <span class='ocr_line' id='line_1_21' title="bbox 2203 933 3884 1006; baseline 0.002 -18"><span class='ocrx_word' id='word_1_150' title='bbox 2203 950 2308 1006; x_wconf 87' lang='lat' dir='ltr'><strong>pro</strong></span> <span class='ocrx_word' id='word_1_151' title='bbox 2339 933 2535 990; x_wconf 85' lang='lat' dir='ltr'><strong>causis</strong></span> <span class='ocrx_word' id='word_1_152' title='bbox 2567 933 2894 990; x_wconf 87' lang='lat' dir='ltr'><strong>notissimis</strong></span> <span class='ocrx_word' id='word_1_153' title='bbox 2925 935 3315 990; x_wconf 75' lang='lat' dir='ltr'><strong>communiter</strong></span> <span class='ocrx_word' id='word_1_154' title='bbox 3357 935 3798 1004; x_wconf 80' lang='lat' dir='ltr'><strong>sustinuimus,</strong></span> <span class='ocrx_word' id='word_1_155' title='bbox 3827 941 3884 991; x_wconf 87' lang='lat' dir='ltr'><strong>et</strong></span> 
     </span>
    </p>
   </div>
   <div class='ocr_carea' id='block_1_22' title="bbox 2206 1021 3885 1098">
    <p class='ocr_par' dir='ltr' id='par_1_22' title="bbox 2206 1021 3885 1098">
     <span class='ocr_line' id='line_1_22' title="bbox 2206 1021 3885 1098; baseline 0.001 -20"><span class='ocrx_word' id='word_1_156' title='bbox 2206 1027 2426 1095; x_wconf 90' lang='lat' dir='ltr'><strong>quanto</strong></span> <span class='ocrx_word' id='word_1_157' title='bbox 2453 1021 2650 1078; x_wconf 90' lang='lat' dir='ltr'><strong>dolore</strong></span> <span class='ocrx_word' id='word_1_158' title='bbox 2674 1026 3009 1096; x_wconf 89' lang='lat' dir='ltr'><strong>quantaque</strong></span> <span class='ocrx_word' id='word_1_159' title='bbox 3029 1023 3303 1098; x_wconf 86' lang='lat' dir='ltr'><strong>angustia</strong></span> <span class='ocrx_word' id='word_1_160' title='bbox 3321 1024 3393 1080; x_wconf 91' lang='lat' dir='ltr'><strong>de</strong></span> <span class='ocrx_word' id='word_1_161' title='bbox 3412 1023 3578 1081; x_wconf 91' lang='lat' dir='ltr'><strong>illius</strong></span> <span class='ocrx_word' id='word_1_162' title='bbox 3611 1024 3885 1080; x_wconf 78' lang='lat' dir='ltr'><strong>infausta</strong></span> 
     </span>
    </p>
   </div>
   <div class='ocr_carea' id='block_1_23' title="bbox 2208 1111 3882 1185">
    <p class='ocr_par' dir='ltr' id='par_1_23' title="bbox 2208 1111 3882 1185">
     <span class='ocr_line' id='line_1_23' title="bbox 2208 1111 3882 1185; baseline 0.001 -18"><span class='ocrx_word' id='word_1_163' title='bbox 2208 1115 2396 1167; x_wconf 90' lang='lat' dir='ltr'><strong>morte</strong></span> <span class='ocrx_word' id='word_1_164' title='bbox 2420 1128 2606 1185; x_wconf 89' lang='lat' dir='ltr'><strong>nuper</strong></span> <span class='ocrx_word' id='word_1_165' title='bbox 2623 1111 2898 1169; x_wconf 90' lang='lat' dir='ltr'><strong>cordibus</strong></span> <span class='ocrx_word' id='word_1_166' title='bbox 2919 1112 3170 1185; x_wconf 86' lang='lat' dir='ltr'><strong>perculsi</strong></span> <span class='ocrx_word' id='word_1_167' title='bbox 3195 1129 3423 1169; x_wconf 90' lang='lat' dir='ltr'><strong>sumus.</strong></span> <span class='ocrx_word' id='word_1_168' title='bbox 3441 1113 3610 1170; x_wconf 89' lang='lat' dir='ltr'><strong>Unde</strong></span> <span class='ocrx_word' id='word_1_169' title='bbox 3626 1113 3882 1169; x_wconf 86' lang='lat' dir='ltr'><strong>unicum</strong></span> 
     </span>
    </p>
   </div>
   <div class='ocr_carea' id='block_1_24' title="bbox 2208 1199 3882 1276">
    <p class='ocr_par' dir='ltr' id='par_1_24' title="bbox 2208 1199 3882 1276">
     <span class='ocr_line' id='line_1_24' title="bbox 2208 1199 3882 1276; baseline 0.002 -20"><span class='ocrx_word' id='word_1_170' title='bbox 2208 1199 2500 1274; x_wconf 87' lang='lat' dir='ltr'><strong>refugium</strong></span> <span class='ocrx_word' id='word_1_171' title='bbox 2533 1206 2591 1257; x_wconf 92' lang='lat' dir='ltr'><strong>et</strong></span> <span class='ocrx_word' id='word_1_172' title='bbox 2620 1200 2919 1275; x_wconf 87' lang='lat' dir='ltr'><strong>singulare</strong></span> <span class='ocrx_word' id='word_1_173' title='bbox 2942 1203 2981 1236; x_wconf 77' lang='grc'>¹⁷</span> <span class='ocrx_word' id='word_1_174' title='bbox 3014 1218 3081 1258; x_wconf 91' lang='lat' dir='ltr'><strong>ac</strong></span> <span class='ocrx_word' id='word_1_175' title='bbox 3111 1201 3344 1258; x_wconf 90' lang='lat' dir='ltr'><strong>salubre</strong></span> <span class='ocrx_word' id='word_1_176' title='bbox 3367 1201 3722 1270; x_wconf 85' lang='lat' dir='ltr'><strong>consilium,</strong></span> <span class='ocrx_word' id='word_1_177' title='bbox 3746 1219 3882 1276; x_wconf 75' lang='lat' dir='ltr'><strong>rege</strong></span> 
     </span>
    </p>
   </div>
   <div class='ocr_carea' id='block_1_25' title="bbox 2209 1290 3884 1364">
    <p class='ocr_par' dir='ltr' id='par_1_25' title="bbox 2209 1290 3884 1364">
     <span class='ocr_line' id='line_1_25' title="bbox 2209 1290 3884 1364; baseline 0 -17"><span class='ocrx_word' id='word_1_178' title='bbox 2209 1295 2266 1347; x_wconf 89' lang='lat' dir='ltr'><strong>et</strong></span> <span class='ocrx_word' id='word_1_179' title='bbox 2295 1290 2556 1364; x_wconf 88' lang='lat' dir='ltr'><strong>principe</strong></span> <span class='ocrx_word' id='word_1_180' title='bbox 2586 1296 2786 1348; x_wconf 91' lang='lat' dir='ltr'><strong>nostro</strong></span> <span class='ocrx_word' id='word_1_181' title='bbox 2808 1290 3072 1348; x_wconf 88' lang='lat' dir='ltr'><strong>destituti</strong></span> <span class='ocrx_word' id='word_1_182' title='bbox 3105 1307 3170 1348; x_wconf 91' lang='lat' dir='ltr'><strong>ac</strong></span> <span class='ocrx_word' id='word_1_183' title='bbox 3192 1290 3458 1360; x_wconf 89' lang='lat' dir='ltr'><strong>desolati,</strong></span> <span class='ocrx_word' id='word_1_184' title='bbox 3482 1292 3665 1350; x_wconf 88' lang='lat' dir='ltr'><strong>nobis</strong></span> <span class='ocrx_word' id='word_1_185' title='bbox 3685 1293 3884 1349; x_wconf 87' lang='lat' dir='ltr'><strong>omni—</strong></span> 
     </span>
    </p>
   </div>
   <div class='ocr_carea' id='block_1_26' title="bbox 2211 1379 3888 1454">
    <p class='ocr_par' dir='ltr' id='par_1_26' title="bbox 2211 1379 3888 1454">
     <span class='ocr_line' id='line_1_26' title="bbox 2211 1379 3888 1454; baseline 0.002 -19"><span class='ocrx_word' id='word_1_186' title='bbox 2211 1380 2322 1436; x_wconf 91' lang='lat' dir='ltr'><strong>bus</strong></span> <span class='ocrx_word' id='word_1_187' title='bbox 2353 1396 2481 1436; x_wconf 89' lang='lat' dir='ltr'><strong>esse</strong></span> <span class='ocrx_word' id='word_1_188' title='bbox 2511 1379 3029 1450; x_wconf 89' lang='lat' dir='ltr'><strong>consideravimus,</strong></span> <span class='ocrx_word' id='word_1_189' title='bbox 3057 1385 3123 1438; x_wconf 90' lang='lat' dir='ltr'><strong>ut</strong></span> <span class='ocrx_word' id='word_1_190' title='bbox 3141 1381 3387 1454; x_wconf 90' lang='lat' dir='ltr'><strong>jejuniis</strong></span> <span class='ocrx_word' id='word_1_191' title='bbox 3415 1385 3473 1437; x_wconf 91' lang='lat' dir='ltr'><strong>et</strong></span> <span class='ocrx_word' id='word_1_192' title='bbox 3501 1381 3888 1439; x_wconf 80' lang='lat' dir='ltr'><strong>orationibus</strong></span> 
     </span>
    </p>
   </div>
   <div class='ocr_carea' id='block_1_27' title="bbox 2213 1468 3890 1544">
    <p class='ocr_par' dir='ltr' id='par_1_27' title="bbox 2213 1468 3890 1544">
     <span class='ocr_line' id='line_1_27' title="bbox 2213 1468 3890 1544; baseline 0.001 -20"><span class='ocrx_word' id='word_1_193' title='bbox 2213 1468 2286 1524; x_wconf 91' lang='lat' dir='ltr'><strong>ad</strong></span> <span class='ocrx_word' id='word_1_194' title='bbox 2308 1484 2444 1524; x_wconf 90' lang='lat' dir='ltr'><strong>cum</strong></span> <span class='ocrx_word' id='word_1_195' title='bbox 2467 1486 2574 1525; x_wconf 91' lang='lat' dir='ltr'><strong>nos</strong></span> <span class='ocrx_word' id='word_1_196' title='bbox 2597 1473 3084 1539; x_wconf 85' lang='lat' dir='ltr'><strong>converteremus,</strong></span> <span class='ocrx_word' id='word_1_197' title='bbox 3102 1471 3201 1543; x_wconf 90' lang='lat' dir='ltr'><strong>qui</strong></span> <span class='ocrx_word' id='word_1_198' title='bbox 3225 1474 3315 1526; x_wconf 90' lang='lat' dir='ltr'><strong>est</strong></span> <span class='ocrx_word' id='word_1_199' title='bbox 3331 1470 3572 1543; x_wconf 89' lang='lat' dir='ltr'><strong>adjutor</strong></span> <span class='ocrx_word' id='word_1_200' title='bbox 3592 1470 3656 1526; x_wconf 91' lang='lat' dir='ltr'><strong>in</strong></span> <span class='ocrx_word' id='word_1_201' title='bbox 3673 1487 3890 1544; x_wconf 87' lang='lat' dir='ltr'><strong>oppor-</strong></span> 
     </span>
    </p>
   </div>
   <div class='ocr_carea' id='block_1_28' title="bbox 2212 1556 3888 1632">
    <p class='ocr_par' dir='ltr' id='par_1_28' title="bbox 2212 1556 3888 1632">
     <span class='ocr_line' id='line_1_28' title="bbox 2212 1556 3888 1632; baseline 0.003 -20"><span class='ocrx_word' id='word_1_202' title='bbox 2212 1556 2590 1620; x_wconf 91' lang='lat' dir='ltr'><strong>tunitatibus.</strong></span> <span class='ocrx_word' id='word_1_203' title='bbox 2611 1557 2668 1614; x_wconf 90' lang='lat' dir='ltr'><strong>in</strong></span> <span class='ocrx_word' id='word_1_204' title='bbox 2702 1557 3098 1626; x_wconf 85' lang='lat' dir='ltr'><strong>tribulatione,</strong></span> <span class='ocrx_word' id='word_1_205' title='bbox 3123 1563 3182 1616; x_wconf 89' lang='lat' dir='ltr'><strong>et</strong></span> <span class='ocrx_word' id='word_1_206' title='bbox 3211 1560 3383 1632; x_wconf 87' lang='lat' dir='ltr'><strong>cujus</strong></span> <span class='ocrx_word' id='word_1_207' title='bbox 3411 1564 3504 1616; x_wconf 90' lang='lat' dir='ltr'><strong>est</strong></span> <span class='ocrx_word' id='word_1_208' title='bbox 3530 1558 3888 1626; x_wconf 85' lang='lat' dir='ltr'><strong>consilium,</strong></span> 
     </span>
    </p>
   </div>
   <div class='ocr_carea' id='block_1_29' title="bbox 2219 1647 3892 1721">
    <p class='ocr_par' dir='ltr' id='par_1_29' title="bbox 2219 1647 3892 1721">
     <span class='ocr_line' id='line_1_29' title="bbox 2219 1647 3892 1721; baseline 0.001 -18"><span class='ocrx_word' id='word_1_209' title='bbox 2219 1647 2507 1720; x_wconf 89' lang='lat' dir='ltr'><strong>cujusque</strong></span> <span class='ocrx_word' id='word_1_210' title='bbox 2523 1652 2613 1705; x_wconf 90' lang='lat' dir='ltr'><strong>est</strong></span> <span class='ocrx_word' id='word_1_211' title='bbox 2627 1648 2666 1683; x_wconf 81' lang='grc'><strong>¹⁸</strong></span> <span class='ocrx_word' id='word_1_212' title='bbox 2686 1652 3017 1721; x_wconf 89' lang='lat' dir='ltr'><strong>regnum,et</strong></span> <span class='ocrx_word' id='word_1_213' title='bbox 3033 1652 3098 1703; x_wconf 93' lang='lat' dir='ltr'><strong>ut</strong></span> <span class='ocrx_word' id='word_1_214' title='bbox 3111 1647 3392 1721; x_wconf 88' lang='lat' dir='ltr'><strong>scriptum</strong></span> <span class='ocrx_word' id='word_1_215' title='bbox 3411 1652 3556 1717; x_wconf 80' lang='lat' dir='ltr'><strong>est,«</strong></span> <span class='ocrx_word' id='word_1_216' title='bbox 3580 1649 3680 1705; x_wconf 90' lang='lat' dir='ltr'><strong>cui</strong></span> <span class='ocrx_word' id='word_1_217' title='bbox 3699 1647 3892 1706; x_wconf 84' lang='lat' dir='ltr'><strong>volue-</strong></span> 
     </span>
    </p>
   </div>
   <div class='ocr_carea' id='block_1_30' title="bbox 2215 1734 3886 1810">
    <p class='ocr_par' dir='ltr' id='par_1_30' title="bbox 2215 1734 3886 1810">
     <span class='ocr_line' id='line_1_30' title="bbox 2215 1734 3886 1810; baseline 0.001 -18"><span class='ocrx_word' id='word_1_218' title='bbox 2215 1734 2291 1792; x_wconf 89' lang='lat' dir='ltr'><strong>rit</strong></span> <span class='ocrx_word' id='word_1_219' title='bbox 2312 1735 2477 1792; x_wconf 88' lang='lat' dir='ltr'><strong>dabit</strong></span> <span class='ocrx_word' id='word_1_220' title='bbox 2505 1735 2651 1792; x_wconf 91' lang='lat' dir='ltr'><strong>illud</strong></span> <span class='ocrx_word' id='word_1_221' title='bbox 2678 1760 2706 1786; x_wconf 87' lang='lat'>»</span> <span class='ocrx_word' id='word_1_222' title='bbox 2729 1741 2787 1792; x_wconf 89' lang='lat' dir='ltr'><strong>ct</strong></span> <span class='ocrx_word' id='word_1_223' title='bbox 2807 1735 2866 1792; x_wconf 92' lang='lat' dir='ltr'><strong>in</strong></span> <span class='ocrx_word' id='word_1_224' title='bbox 2889 1737 3061 1809; x_wconf 88' lang='lat' dir='ltr'><strong>cujus</strong></span> <span class='ocrx_word' id='word_1_225' title='bbox 3082 1753 3261 1794; x_wconf 89' lang='lat' dir='ltr'><strong>manu</strong></span> <span class='ocrx_word' id='word_1_226' title='bbox 3284 1741 3424 1794; x_wconf 91' lang='lat' dir='ltr'><strong>sunt</strong></span> <span class='ocrx_word' id='word_1_227' title='bbox 3441 1738 3626 1795; x_wconf 88' lang='lat' dir='ltr'><strong>corda</strong></span> <span class='ocrx_word' id='word_1_228' title='bbox 3648 1754 3886 1810; x_wconf 82' lang='lat' dir='ltr'><strong>regum,</strong></span> 
     </span>
    </p>
   </div>
   <div class='ocr_carea' id='block_1_31' title="bbox 441 1823 3886 1912">
    <p class='ocr_par' dir='ltr' id='par_1_31' title="bbox 441 1823 3886 1912">
     <span class='ocr_line' id='line_1_31' title="bbox 441 1823 3886 1912; baseline 0.003 -33"><span class='ocrx_word' id='word_1_229' title='bbox 441 1823 633 1881; x_wconf 78' lang='lat' dir='ltr'><strong>fuerat</strong></span> <span class='ocrx_word' id='word_1_230' title='bbox 664 1842 781 1882; x_wconf 91' lang='lat' dir='ltr'><strong>non</strong></span> <span class='ocrx_word' id='word_1_231' title='bbox 812 1826 1085 1897; x_wconf 88' lang='lat' dir='ltr'><strong>intraret,</strong></span> <span class='ocrx_word' id='word_1_232' title='bbox 1109 1829 1293 1885; x_wconf 87' lang='lat' dir='ltr'><strong>donec</strong></span> <span class='ocrx_word' id='word_1_233' title='bbox 1317 1830 1494 1886; x_wconf 84' lang='lat' dir='ltr'><strong>frater</strong></span> <span class='ocrx_word' id='word_1_234' title='bbox 1520 1848 1666 1887; x_wconf 90' lang='lat' dir='ltr'><strong>suus</strong></span> <span class='ocrx_word' id='word_1_235' title='bbox 1697 1829 2105 1897; x_wconf 89' lang='lat' dir='ltr'><strong>Hludowicus,</strong></span> <span class='ocrx_word' id='word_1_236' title='bbox 2136 1846 2183 1912; x_wconf 83' lang='grc' dir='ltr'><strong>Β</strong></span> <span class='ocrx_word' id='word_1_237' title='bbox 2215 1828 2272 1881; x_wconf 78' lang='lat' dir='ltr'><strong>et</strong></span> <span class='ocrx_word' id='word_1_238' title='bbox 2287 1825 2427 1881; x_wconf 74' lang='lat' dir='ltr'><strong>facit</strong></span> <span class='ocrx_word' id='word_1_239' title='bbox 2448 1826 2758 1883; x_wconf 76' lang='lat' dir='ltr'><strong>unanimes</strong></span> <span class='ocrx_word' id='word_1_240' title='bbox 2777 1825 3042 1883; x_wconf 75' lang='lat' dir='ltr'><strong>habitam</strong></span> <span class='ocrx_word' id='word_1_241' title='bbox 3065 1827 3124 1882; x_wconf 83' lang='lat' dir='ltr'><strong>in</strong></span> <span class='ocrx_word' id='word_1_242' title='bbox 3146 1826 3341 1898; x_wconf 83' lang='lat' dir='ltr'><strong>domO,</strong></span> <span class='ocrx_word' id='word_1_243' title='bbox 3356 1826 3594 1884; x_wconf 72' lang='lat' dir='ltr'><strong>solvens</strong></span> <span class='ocrx_word' id='word_1_244' title='bbox 3616 1826 3886 1884; x_wconf 79' lang='lat' dir='ltr'><strong>medium</strong></span> 
     </span>
    </p>
   </div>
   <div class='ocr_carea' id='block_1_32' title="bbox 442 1914 2104 1999">
    <p class='ocr_par' dir='ltr' id='par_1_32' title="bbox 442 1914 2104 1999">
     <span class='ocr_line' id='line_1_32' title="bbox 442 1914 2104 1999; baseline 0.004 -29"><span class='ocrx_word' id='word_1_245' title='bbox 442 1930 542 1970; x_wconf 80' lang='lat' dir='ltr'><strong>rex</strong></span> <span class='ocrx_word' id='word_1_246' title='bbox 562 1914 908 1985; x_wconf 68' lang='lat' dir='ltr'><strong>Germaniae,</strong></span> <span class='ocrx_word' id='word_1_247' title='bbox 943 1917 1014 1974; x_wconf 89' lang='lat' dir='ltr'><strong>ab</strong></span> <span class='ocrx_word' id='word_1_248' title='bbox 1049 1918 1418 1992; x_wconf 81' lang='lat' dir='ltr'><strong>expeditione</strong></span> <span class='ocrx_word' id='word_1_249' title='bbox 1451 1919 1648 1976; x_wconf 88' lang='lat' dir='ltr'><strong>hostili</strong></span> <span class='ocrx_word' id='word_1_250' title='bbox 1689 1921 1761 1975; x_wconf 92' lang='lat' dir='ltr'><strong>de</strong></span> <span class='ocrx_word' id='word_1_251' title='bbox 1791 1920 2104 1999; x_wconf 62' lang='lat' dir='ltr'><strong>Winidisl,</strong></span> 
     </span>
    </p>
   </div>
   <div class='ocr_carea' id='block_1_33' title="bbox 442 2004 2099 2082">
    <p class='ocr_par' dir='ltr' id='par_1_33' title="bbox 442 2004 2099 2082">
     <span class='ocr_line' id='line_1_33' title="bbox 442 2004 2099 2082; baseline 0.004 -24"><span class='ocrx_word' id='word_1_252' title='bbox 442 2018 575 2058; x_wconf 90' lang='lat' dir='ltr'><strong>cum</strong></span> <span class='ocrx_word' id='word_1_253' title='bbox 599 2004 816 2076; x_wconf 90' lang='lat' dir='ltr'><strong>quibus</strong></span> <span class='ocrx_word' id='word_1_254' title='bbox 846 2007 1118 2078; x_wconf 66' lang='lat' dir='ltr'><strong>praesenti</strong></span> <span class='ocrx_word' id='word_1_255' title='bbox 1152 2012 1208 2064; x_wconf 89' lang='lat' dir='ltr'><strong>et</strong></span> <span class='ocrx_word' id='word_1_256' title='bbox 1237 2009 1527 2080; x_wconf 63' lang='lat' dir='ltr'><strong>praeterito</strong></span> <span class='ocrx_word' id='word_1_257' title='bbox 1550 2026 1702 2065; x_wconf 90' lang='lat' dir='ltr'><strong>anno</strong></span> <span class='ocrx_word' id='word_1_258' title='bbox 1734 2027 1885 2082; x_wconf 70' lang='lat' dir='ltr'><strong>saepe</strong></span> <span class='ocrx_word' id='word_1_259' title='bbox 1923 2010 2099 2066; x_wconf 91' lang='lat' dir='ltr'><strong>comi-</strong></span> 
     </span>
    </p>
   </div>
   <div class='ocr_carea' id='block_1_34' title="bbox 442 2088 2097 2172">
    <p class='ocr_par' dir='ltr' id='par_1_34' title="bbox 442 2088 2097 2172">
     <span class='ocr_line' id='line_1_34' title="bbox 442 2088 2097 2172; baseline 0.005 -24"><span class='ocrx_word' id='word_1_260' title='bbox 442 2108 556 2149; x_wconf 89' lang='lat' dir='ltr'><strong>nus</strong></span> <span class='ocrx_word' id='word_1_261' title='bbox 575 2093 667 2149; x_wconf 92' lang='lat' dir='ltr'><strong>sui</strong></span> <span class='ocrx_word' id='word_1_262' title='bbox 691 2093 1153 2168; x_wconf 89' lang='lat' dir='ltr'><strong>congredientes,</strong></span> <span class='ocrx_word' id='word_1_263' title='bbox 1181 2101 1280 2153; x_wconf 88' lang='lat' dir='ltr'><strong>aut</strong></span> <span class='ocrx_word' id='word_1_264' title='bbox 1303 2095 1447 2153; x_wconf 89' lang='lat' dir='ltr'><strong>nihil</strong></span> <span class='ocrx_word' id='word_1_265' title='bbox 1469 2103 1570 2154; x_wconf 88' lang='lat' dir='ltr'><strong>aut</strong></span> <span class='ocrx_word' id='word_1_266' title='bbox 1590 2088 1800 2172; x_wconf 73' lang='lat' dir='ltr'><strong>pdrum</strong></span> <span class='ocrx_word' id='word_1_267' title='bbox 1825 2099 2097 2156; x_wconf 87' lang='lat' dir='ltr'><strong>utilitatis</strong></span> 
     </span>
    </p>
   </div>
   <div class='ocr_carea' id='block_1_35' title="bbox 441 2185 2100 2258">
    <p class='ocr_par' dir='ltr' id='par_1_35' title="bbox 441 2185 2100 2258">
     <span class='ocr_line' id='line_1_35' title="bbox 441 2185 2100 2258; baseline 0.004 -21"><span class='ocrx_word' id='word_1_268' title='bbox 441 2185 706 2255; x_wconf 90' lang='lat' dir='ltr'><strong>egerunt,</strong></span> <span class='ocrx_word' id='word_1_269' title='bbox 722 2185 822 2242; x_wconf 92' lang='lat' dir='ltr'><strong>sed</strong></span> <span class='ocrx_word' id='word_1_270' title='bbox 844 2186 864 2220; x_wconf 86' lang='grc'><strong><em>⁸</em></strong></span> <span class='ocrx_word' id='word_1_271' title='bbox 887 2185 1171 2244; x_wconf 88' lang='lat' dir='ltr'><strong>damnum</strong></span> <span class='ocrx_word' id='word_1_272' title='bbox 1195 2188 1519 2244; x_wconf 83' lang='lat' dir='ltr'><strong>maximum</strong></span> <span class='ocrx_word' id='word_1_273' title='bbox 1544 2187 1892 2258; x_wconf 90' lang='lat' dir='ltr'><strong>retulerunt,</strong></span> <span class='ocrx_word' id='word_1_274' title='bbox 1918 2206 2100 2245; x_wconf 92' lang='lat' dir='ltr'><strong>rever-</strong></span> 
     </span>
    </p>
   </div>
   <div class='ocr_carea' id='block_1_36' title="bbox 441 2272 2094 2351">
    <p class='ocr_par' dir='ltr' id='par_1_36' title="bbox 441 2272 2094 2351">
     <span class='ocr_line' id='line_1_36' title="bbox 441 2272 2094 2351; baseline 0.004 -25"><span class='ocrx_word' id='word_1_275' title='bbox 441 2272 665 2328; x_wconf 88' lang='lat' dir='ltr'><strong>teretur</strong></span> <span class='ocrx_word' id='word_1_276' title='bbox 683 2273 723 2328; x_wconf 66' lang='lat'><strong>“.</strong></span> <span class='ocrx_word' id='word_1_277' title='bbox 756 2273 1053 2331; x_wconf 90' lang='lat' dir='ltr'><strong>Petierunt</strong></span> <span class='ocrx_word' id='word_1_278' title='bbox 1089 2293 1246 2350; x_wconf 91' lang='lat' dir='ltr'><strong>ergo,</strong></span> <span class='ocrx_word' id='word_1_279' title='bbox 1281 2282 1345 2332; x_wconf 94' lang='lat' dir='ltr'><strong>ut</strong></span> <span class='ocrx_word' id='word_1_280' title='bbox 1389 2277 1449 2332; x_wconf 92' lang='lat' dir='ltr'><strong>in</strong></span> <span class='ocrx_word' id='word_1_281' title='bbox 1499 2277 1715 2350; x_wconf 90' lang='lat' dir='ltr'><strong>palatio</strong></span> <span class='ocrx_word' id='word_1_282' title='bbox 1765 2277 2094 2351; x_wconf 88' lang='lat' dir='ltr'><strong>lngiliheim</strong></span> 
     </span>
    </p>
   </div>
   <div class='ocr_carea' id='block_1_37' title="bbox 444 2359 2094 2440">
    <p class='ocr_par' dir='ltr' id='par_1_37' title="bbox 444 2359 2094 2440">
     <span class='ocr_line' id='line_1_37' title="bbox 444 2359 2094 2440; baseline 0.003 -23"><span class='ocrx_word' id='word_1_283' title='bbox 444 2359 729 2428; x_wconf 86' lang='lat' dir='ltr'><strong>residens,</strong></span> <span class='ocrx_word' id='word_1_284' title='bbox 754 2363 826 2419; x_wconf 89' lang='lat' dir='ltr'><strong>ad</strong></span> <span class='ocrx_word' id='word_1_285' title='bbox 863 2380 998 2420; x_wconf 91' lang='lat' dir='ltr'><strong>eum</strong></span> <span class='ocrx_word' id='word_1_286' title='bbox 1031 2365 1245 2422; x_wconf 88' lang='lat' dir='ltr'><strong>missos</strong></span> <span class='ocrx_word' id='word_1_287' title='bbox 1275 2384 1416 2424; x_wconf 89' lang='lat' dir='ltr'><strong>suos</strong></span> <span class='ocrx_word' id='word_1_288' title='bbox 1445 2367 1739 2440; x_wconf 89' lang='lat' dir='ltr'><strong>dirigeret,</strong></span> <span class='ocrx_word' id='word_1_289' title='bbox 1763 2372 1820 2424; x_wconf 91' lang='lat' dir='ltr'><strong>et</strong></span> <span class='ocrx_word' id='word_1_290' title='bbox 1849 2367 1900 2424; x_wconf 90' lang='lat' dir='ltr'><strong>ei</strong></span> <span class='ocrx_word' id='word_1_291' title='bbox 1932 2383 2094 2424; x_wconf 84' lang='lat' dir='ltr'><strong>man-</strong></span> 
     </span>
    </p>
   </div>
   <div class='ocr_carea' id='block_1_38' title="bbox 444 2449 2096 2530">
    <p class='ocr_par' dir='ltr' id='par_1_38' title="bbox 444 2449 2096 2530">
     <span class='ocr_line' id='line_1_38' title="bbox 444 2449 2096 2530; baseline 0.004 -24"><span class='ocrx_word' id='word_1_292' title='bbox 444 2449 630 2516; x_wconf 88' lang='lat' dir='ltr'><strong>daret,</strong></span> <span class='ocrx_word' id='word_1_293' title='bbox 651 2451 750 2507; x_wconf 92' lang='lat' dir='ltr'><strong>ubi</strong></span> <span class='ocrx_word' id='word_1_294' title='bbox 772 2452 814 2486; x_wconf 87' lang='grc'><strong>¹⁰</strong></span> <span class='ocrx_word' id='word_1_295' title='bbox 834 2455 891 2508; x_wconf 90' lang='lat' dir='ltr'><strong>et</strong></span> <span class='ocrx_word' id='word_1_296' title='bbox 911 2455 1144 2526; x_wconf 88' lang='lat' dir='ltr'><strong>quando</strong></span> <span class='ocrx_word' id='word_1_297' title='bbox 1167 2455 1345 2512; x_wconf 90' lang='lat' dir='ltr'><strong>simul</strong></span> <span class='ocrx_word' id='word_1_298' title='bbox 1368 2457 1744 2514; x_wconf 89' lang='lat' dir='ltr'><strong>convenirent</strong></span> <span class='ocrx_word' id='word_1_299' title='bbox 1765 2461 1822 2512; x_wconf 92' lang='lat' dir='ltr'><strong>et</strong></span> <span class='ocrx_word' id='word_1_300' title='bbox 1843 2457 1914 2512; x_wconf 91' lang='lat' dir='ltr'><strong>de</strong></span> <span class='ocrx_word' id='word_1_301' title='bbox 1934 2457 2096 2530; x_wconf 88' lang='lat' dir='ltr'><strong>regni</strong></span> 
     </span>
    </p>
   </div>
   <div class='ocr_carea' id='block_1_39' title="bbox 444 2535 2094 2618">
    <p class='ocr_par' dir='ltr' id='par_1_39' title="bbox 444 2535 2094 2618">
     <span class='ocr_line' id='line_1_39' title="bbox 444 2535 2094 2618; baseline 0.004 -24"><span class='ocrx_word' id='word_1_302' title='bbox 444 2535 634 2612; x_wconf 89' lang='lat' dir='ltr'><strong>ipsius</strong></span> <span class='ocrx_word' id='word_1_303' title='bbox 681 2539 966 2598; x_wconf 89' lang='lat' dir='ltr'><strong>divisione</strong></span> <span class='ocrx_word' id='word_1_304' title='bbox 1008 2545 1352 2614; x_wconf 85' lang='lat' dir='ltr'><strong>tractarent;</strong></span> <span class='ocrx_word' id='word_1_305' title='bbox 1387 2544 1586 2618; x_wconf 91' lang='lat' dir='ltr'><strong>plures</strong></span> <span class='ocrx_word' id='word_1_306' title='bbox 1634 2551 1829 2602; x_wconf 90' lang='lat' dir='ltr'><strong>autem</strong></span> <span class='ocrx_word' id='word_1_307' title='bbox 1878 2545 2094 2602; x_wconf 90' lang='lat' dir='ltr'><strong>saniori</strong></span> 
     </span>
    </p>
   </div>
   <div class='ocr_carea' id='block_1_40' title="bbox 445 2627 2093 2707">
    <p class='ocr_par' dir='ltr' id='par_1_40' title="bbox 445 2627 2093 2707">
     <span class='ocr_line' id='line_1_40' title="bbox 445 2627 2093 2707; baseline 0.005 -23"><span class='ocrx_word' id='word_1_308' title='bbox 445 2627 689 2686; x_wconf 91' lang='lat' dir='ltr'><strong>consilio</strong></span> <span class='ocrx_word' id='word_1_309' title='bbox 728 2628 813 2686; x_wconf 90' lang='lat' dir='ltr'><strong>illi</strong></span> <span class='ocrx_word' id='word_1_310' title='bbox 851 2633 1298 2700; x_wconf 90' lang='lat' dir='ltr'><strong>mandaverunt,</strong></span> <span class='ocrx_word' id='word_1_311' title='bbox 1331 2639 1414 2703; x_wconf 90' lang='lat' dir='ltr'><strong>ut,</strong></span> <span class='ocrx_word' id='word_1_312' title='bbox 1448 2635 1800 2707; x_wconf 89' lang='lat' dir='ltr'><strong>quantocius</strong></span> <span class='ocrx_word' id='word_1_313' title='bbox 1837 2651 2093 2692; x_wconf 90' lang='lat' dir='ltr'><strong>commo-</strong></span> 
     </span>
    </p>
   </div>
   <div class='ocr_carea' id='block_1_41' title="bbox 445 2717 2096 2798">
    <p class='ocr_par' dir='ltr' id='par_1_41' title="bbox 445 2717 2096 2798">
     <span class='ocr_line' id='line_1_41' title="bbox 445 2717 2096 2798; baseline 0.007 -25"><span class='ocrx_word' id='word_1_314' title='bbox 445 2717 517 2774; x_wconf 91' lang='lat' dir='ltr'><strong>de</strong></span> <span class='ocrx_word' id='word_1_315' title='bbox 537 2717 577 2753; x_wconf 82' lang='grc'>¹¹</span> <span class='ocrx_word' id='word_1_316' title='bbox 610 2722 826 2792; x_wconf 87' lang='lat' dir='ltr'><strong>posset,</strong></span> <span class='ocrx_word' id='word_1_317' title='bbox 851 2738 1038 2794; x_wconf 90' lang='lat' dir='ltr'><strong>usque</strong></span> <span class='ocrx_word' id='word_1_318' title='bbox 1060 2722 1254 2780; x_wconf 87' lang='lat' dir='ltr'><strong>Mettis</strong></span> <span class='ocrx_word' id='word_1_319' title='bbox 1277 2725 1319 2758; x_wconf 78' lang='lat'>“</span> <span class='ocrx_word' id='word_1_320' title='bbox 1345 2741 1687 2798; x_wconf 88' lang='lat' dir='ltr'><strong>prosperare</strong></span> <span class='ocrx_word' id='word_1_321' title='bbox 1709 2729 2015 2798; x_wconf 82' lang='lat' dir='ltr'><strong>satageret,</strong></span> <span class='ocrx_word' id='word_1_322' title='bbox 2039 2729 2096 2784; x_wconf 82' lang='lat' dir='ltr'><strong>et</strong></span> 
     </span>
    </p>
   </div>
   <div class='ocr_carea' id='block_1_42' title="bbox 443 2804 2098 2886">
    <p class='ocr_par' dir='ltr' id='par_1_42' title="bbox 443 2804 2098 2886">
     <span class='ocr_line' id='line_1_42' title="bbox 443 2804 2098 2886; baseline 0.005 -24"><span class='ocrx_word' id='word_1_323' title='bbox 443 2804 557 2880; x_wconf 89' lang='lat' dir='ltr'><strong>ipsi</strong></span> <span class='ocrx_word' id='word_1_324' title='bbox 587 2811 708 2864; x_wconf 91' lang='lat' dir='ltr'><strong>tam</strong></span> <span class='ocrx_word' id='word_1_325' title='bbox 740 2807 800 2864; x_wconf 91' lang='lat' dir='ltr'><strong>in</strong></span> <span class='ocrx_word' id='word_1_326' title='bbox 831 2808 1038 2869; x_wconf 90' lang='lat' dir='ltr'><strong>itinere</strong></span> <span class='ocrx_word' id='word_1_327' title='bbox 1068 2828 1247 2884; x_wconf 88' lang='lat' dir='ltr'><strong>quam</strong></span> <span class='ocrx_word' id='word_1_328' title='bbox 1279 2813 1352 2869; x_wconf 91' lang='lat' dir='ltr'><strong>ad</strong></span> <span class='ocrx_word' id='word_1_329' title='bbox 1384 2813 1574 2886; x_wconf 88' lang='lat' dir='ltr'><strong>ipsam</strong></span> <span class='ocrx_word' id='word_1_330' title='bbox 1606 2814 1899 2870; x_wconf 89' lang='lat' dir='ltr'><strong>civitatem</strong></span> <span class='ocrx_word' id='word_1_331' title='bbox 1929 2814 1980 2870; x_wconf 90' lang='lat' dir='ltr'><strong>ei</strong></span> <span class='ocrx_word' id='word_1_332' title='bbox 2009 2831 2098 2870; x_wconf 90' lang='lat' dir='ltr'><strong>oc-</strong></span> 
     </span>
    </p>
   </div>
   <div class='ocr_carea' id='block_1_43' title="bbox 445 2901 2100 2968">
    <p class='ocr_par' dir='ltr' id='par_1_43' title="bbox 445 2901 2100 2968">
     <span class='ocr_line' id='line_1_43' title="bbox 445 2901 2100 2968; baseline 0.004 -16"><span class='ocrx_word' id='word_1_333' title='bbox 445 2911 678 2953; x_wconf 89' lang='lat' dir='ltr'><strong>currere</strong></span> <span class='ocrx_word' id='word_1_334' title='bbox 707 2901 1090 2956; x_wconf 89' lang='lat' dir='ltr'><strong>maturarent.</strong></span> <span class='ocrx_word' id='word_1_335' title='bbox 1115 2903 1374 2968; x_wconf 89' lang='lat' dir='ltr'><strong>Quorum</strong></span> <span class='ocrx_word' id='word_1_336' title='bbox 1405 2902 1716 2960; x_wconf 89' lang='lat' dir='ltr'><strong>consilium</strong></span> <span class='ocrx_word' id='word_1_337' title='bbox 1738 2903 1980 2960; x_wconf 82' lang='lat' dir='ltr'><strong>Carolus</strong></span> <span class='ocrx_word' id='word_1_338' title='bbox 2011 2920 2100 2959; x_wconf 89' lang='lat' dir='ltr'><strong>ae-</strong></span> 
     </span>
    </p>
   </div>
   <div class='ocr_carea' id='block_1_44' title="bbox 445 2985 2094 3064">
    <p class='ocr_par' dir='ltr' id='par_1_44' title="bbox 445 2985 2094 3064">
     <span class='ocr_line' id='line_1_44' title="bbox 445 2985 2094 3064; baseline 0.005 -24"><span class='ocrx_word' id='word_1_339' title='bbox 445 2985 792 3058; x_wconf 89' lang='lat' dir='ltr'><strong>ceptabilius</strong></span> <span class='ocrx_word' id='word_1_340' title='bbox 821 2993 879 3045; x_wconf 91' lang='lat' dir='ltr'><strong>et</strong></span> <span class='ocrx_word' id='word_1_341' title='bbox 898 2988 1062 3062; x_wconf 82' lang='lat' dir='ltr'><strong>[Aim.</strong></span> <span class='ocrx_word' id='word_1_342' title='bbox 1088 2989 1218 3058; x_wconf 88' lang='lat' dir='ltr'><strong>sibi]</strong></span> <span class='ocrx_word' id='word_1_343' title='bbox 1252 2990 1550 3048; x_wconf 86' lang='lat' dir='ltr'><strong>salubrius</strong></span> <span class='ocrx_word' id='word_1_344' title='bbox 1582 3009 1710 3048; x_wconf 84' lang='lat' dir='ltr'><strong>esse</strong></span> <span class='ocrx_word' id='word_1_345' title='bbox 1741 2992 2094 3064; x_wconf 89' lang='lat' dir='ltr'><strong>intelligens,</strong></span> 
     </span>
    </p>
   </div>
   <div class='ocr_carea' id='block_1_45' title="bbox 2218 1913 3888 1990">
    <p class='ocr_par' dir='ltr' id='par_1_45' title="bbox 2218 1913 3888 1990">
     <span class='ocr_line' id='line_1_45' title="bbox 2218 1913 3888 1990; baseline 0.002 -21"><span class='ocrx_word' id='word_1_346' title='bbox 2218 1913 2497 1986; x_wconf 86' lang='lat' dir='ltr'><strong>parietem</strong></span> <span class='ocrx_word' id='word_1_347' title='bbox 2545 1920 2602 1970; x_wconf 92' lang='lat' dir='ltr'><strong>et</strong></span> <span class='ocrx_word' id='word_1_348' title='bbox 2646 1914 2852 1971; x_wconf 82' lang='lat' dir='ltr'><strong>faciem</strong></span> <span class='ocrx_word' id='word_1_349' title='bbox 2912 1919 3158 1988; x_wconf 89' lang='lat' dir='ltr'><strong>utraque</strong></span> <span class='ocrx_word' id='word_1_350' title='bbox 3215 1933 3431 1985; x_wconf 89' lang='lat' dir='ltr'><strong>unum;</strong></span> <span class='ocrx_word' id='word_1_351' title='bbox 3493 1917 3888 1990; x_wconf 82' lang='lat' dir='ltr'><strong>deprecantes</strong></span> 
     </span>
    </p>
   </div>
   <div class='ocr_carea' id='block_1_46' title="bbox 2220 2002 3887 2078">
    <p class='ocr_par' dir='ltr' id='par_1_46' title="bbox 2220 2002 3887 2078">
     <span class='ocr_line' id='line_1_46' title="bbox 2220 2002 3887 2078; baseline 0.002 -20"><span class='ocrx_word' id='word_1_352' title='bbox 2220 2003 2407 2076; x_wconf 89' lang='lat' dir='ltr'><strong>ipsius</strong></span> <span class='ocrx_word' id='word_1_353' title='bbox 2429 2002 2912 2077; x_wconf 88' lang='lat' dir='ltr'><strong>misericordiam,</strong></span> <span class='ocrx_word' id='word_1_354' title='bbox 2937 2010 3002 2060; x_wconf 92' lang='lat' dir='ltr'><strong>ut</strong></span> <span class='ocrx_word' id='word_1_355' title='bbox 3021 2005 3187 2061; x_wconf 86' lang='lat' dir='ltr'><strong>daret</strong></span> <span class='ocrx_word' id='word_1_356' title='bbox 3211 2005 3380 2062; x_wconf 91' lang='lat' dir='ltr'><strong>nobis</strong></span> <span class='ocrx_word' id='word_1_357' title='bbox 3409 2021 3613 2078; x_wconf 89' lang='lat' dir='ltr'><strong>regem</strong></span> <span class='ocrx_word' id='word_1_358' title='bbox 3635 2022 3708 2061; x_wconf 89' lang='lat' dir='ltr'><strong>ac</strong></span> <span class='ocrx_word' id='word_1_359' title='bbox 3732 2005 3887 2078; x_wconf 85' lang='lat' dir='ltr'><strong>prin-</strong></span> 
     </span>
    </p>
   </div>
   <div class='ocr_carea' id='block_1_47' title="bbox 2212 2092 3886 2166">
    <p class='ocr_par' dir='ltr' id='par_1_47' title="bbox 2212 2092 3886 2166">
     <span class='ocr_line' id='line_1_47' title="bbox 2212 2092 3886 2166; baseline 0.002 -18"><span class='ocrx_word' id='word_1_360' title='bbox 2212 2092 2402 2165; x_wconf 91' lang='lat' dir='ltr'><strong>cipem</strong></span> <span class='ocrx_word' id='word_1_361' title='bbox 2438 2094 2764 2150; x_wconf 89' lang='lat' dir='ltr'><strong>secundum</strong></span> <span class='ocrx_word' id='word_1_362' title='bbox 2797 2111 2896 2150; x_wconf 91' lang='lat' dir='ltr'><strong>cor</strong></span> <span class='ocrx_word' id='word_1_363' title='bbox 2947 2111 3146 2162; x_wconf 90' lang='lat' dir='ltr'><strong>suum,</strong></span> <span class='ocrx_word' id='word_1_364' title='bbox 3182 2095 3281 2166; x_wconf 91' lang='lat' dir='ltr'><strong>qui</strong></span> <span class='ocrx_word' id='word_1_365' title='bbox 3329 2093 3387 2149; x_wconf 92' lang='lat' dir='ltr'><strong>in</strong></span> <span class='ocrx_word' id='word_1_366' title='bbox 3430 2094 3665 2165; x_wconf 86' lang='lat' dir='ltr'><strong>judicio</strong></span> <span class='ocrx_word' id='word_1_367' title='bbox 3717 2100 3778 2151; x_wconf 87' lang='lat' dir='ltr'><strong>et</strong></span> <span class='ocrx_word' id='word_1_368' title='bbox 3823 2097 3886 2152; x_wconf 85' lang='lat' dir='ltr'><strong>in</strong></span> 
     </span>
    </p>
   </div>
   <div class='ocr_carea' id='block_1_48' title="bbox 2201 2181 3880 2256">
    <p class='ocr_par' dir='ltr' id='par_1_48' title="bbox 2201 2181 3880 2256">
     <span class='ocr_line' id='line_1_48' title="bbox 2201 2181 3880 2256; baseline 0 -18"><span class='ocrx_word' id='word_1_369' title='bbox 2201 2182 2439 2254; x_wconf 88' lang='lat' dir='ltr'><strong>justitia</strong></span> <span class='ocrx_word' id='word_1_370' title='bbox 2460 2199 2566 2239; x_wconf 90' lang='lat' dir='ltr'><strong>nos</strong></span> <span class='ocrx_word' id='word_1_371' title='bbox 2589 2182 2647 2237; x_wconf 89' lang='lat' dir='ltr'><strong>in</strong></span> <span class='ocrx_word' id='word_1_372' title='bbox 2675 2181 2835 2239; x_wconf 90' lang='lat' dir='ltr'><strong>omni</strong></span> <span class='ocrx_word' id='word_1_373' title='bbox 2857 2182 3061 2238; x_wconf 90' lang='lat' dir='ltr'><strong>ordine</strong></span> <span class='ocrx_word' id='word_1_374' title='bbox 3081 2187 3139 2238; x_wconf 91' lang='lat' dir='ltr'><strong>et</strong></span> <span class='ocrx_word' id='word_1_375' title='bbox 3167 2181 3524 2256; x_wconf 89' lang='lat' dir='ltr'><strong>protectione</strong></span> <span class='ocrx_word' id='word_1_376' title='bbox 3546 2185 3590 2218; x_wconf 82' lang='grc'><strong>¹⁹</strong></span> <span class='ocrx_word' id='word_1_377' title='bbox 3625 2189 3880 2255; x_wconf 85' lang='lat' dir='ltr'><strong>regeret,</strong></span> 
     </span>
    </p>
   </div>
   <div class='ocr_carea' id='block_1_49' title="bbox 2208 2271 3882 2345">
    <p class='ocr_par' dir='ltr' id='par_1_49' title="bbox 2208 2271 3882 2345">
     <span class='ocr_line' id='line_1_49' title="bbox 2208 2271 3882 2345; baseline -0.001 -17"><span class='ocrx_word' id='word_1_378' title='bbox 2208 2271 2456 2328; x_wconf 89' lang='lat' dir='ltr'><strong>salvaret</strong></span> <span class='ocrx_word' id='word_1_379' title='bbox 2475 2277 2648 2344; x_wconf 90' lang='lat' dir='ltr'><strong>atque</strong></span> <span class='ocrx_word' id='word_1_380' title='bbox 2667 2273 3003 2328; x_wconf 88' lang='lat' dir='ltr'><strong>defenderet</strong></span> <span class='ocrx_word' id='word_1_381' title='bbox 3018 2273 3064 2307; x_wconf 80' lang='grc' dir='ltr'><strong>³ο</strong></span> <span class='ocrx_word' id='word_1_382' title='bbox 3078 2273 3250 2344; x_wconf 86' lang='lat' dir='ltr'><strong>juxta</strong></span> <span class='ocrx_word' id='word_1_383' title='bbox 3269 2271 3634 2328; x_wconf 87' lang='lat' dir='ltr'><strong>voluntatem</strong></span> <span class='ocrx_word' id='word_1_384' title='bbox 3659 2275 3882 2345; x_wconf 86' lang='lat' dir='ltr'><strong>ejus,et</strong></span> 
     </span>
    </p>
   </div>
   <div class='ocr_carea' id='block_1_50' title="bbox 2207 2360 3888 2418">
    <p class='ocr_par' dir='ltr' id='par_1_50' title="bbox 2207 2360 3888 2418">
     <span class='ocr_line' id='line_1_50' title="bbox 2207 2360 3888 2418; baseline 0.001 -2"><span class='ocrx_word' id='word_1_385' title='bbox 2207 2360 2382 2416; x_wconf 89' lang='lat' dir='ltr'><strong>corda</strong></span> <span class='ocrx_word' id='word_1_386' title='bbox 2405 2360 2670 2416; x_wconf 91' lang='lat' dir='ltr'><strong>omnium</strong></span> <span class='ocrx_word' id='word_1_387' title='bbox 2690 2365 2960 2416; x_wconf 90' lang='lat' dir='ltr'><strong>nostrum</strong></span> <span class='ocrx_word' id='word_1_388' title='bbox 2979 2361 3350 2418; x_wconf 89' lang='lat' dir='ltr'><strong>unanimiter</strong></span> <span class='ocrx_word' id='word_1_389' title='bbox 3366 2361 3438 2418; x_wconf 89' lang='lat' dir='ltr'><strong>ad</strong></span> <span class='ocrx_word' id='word_1_390' title='bbox 3460 2378 3602 2417; x_wconf 89' lang='lat' dir='ltr'><strong>eum</strong></span> <span class='ocrx_word' id='word_1_391' title='bbox 3629 2361 3790 2417; x_wconf 88' lang='lat' dir='ltr'><strong>decli</strong></span> <span class='ocrx_word' id='word_1_392' title='bbox 3811 2379 3888 2418; x_wconf 78' lang='lat' dir='ltr'><strong>na</strong></span> 
     </span>
    </p>
   </div>
   <div class='ocr_carea' id='block_1_51' title="bbox 2207 2449 3864 2524">
    <p class='ocr_par' dir='ltr' id='par_1_51' title="bbox 2207 2449 3864 2524">
     <span class='ocr_line' id='line_1_51' title="bbox 2207 2449 3864 2524; baseline 0.001 -20"><span class='ocrx_word' id='word_1_393' title='bbox 2207 2453 2292 2505; x_wconf 90' lang='lat' dir='ltr'><strong>ret</strong></span> <span class='ocrx_word' id='word_1_394' title='bbox 2307 2453 2482 2522; x_wconf 90' lang='lat' dir='ltr'><strong>atque</strong></span> <span class='ocrx_word' id='word_1_395' title='bbox 2501 2450 2894 2522; x_wconf 89' lang='lat' dir='ltr'><strong>uniret,quem</strong></span> <span class='ocrx_word' id='word_1_396' title='bbox 2911 2449 3037 2524; x_wconf 90' lang='lat' dir='ltr'><strong>ipse</strong></span> <span class='ocrx_word' id='word_1_397' title='bbox 3049 2449 3122 2506; x_wconf 88' lang='lat' dir='ltr'><strong>ad</strong></span> <span class='ocrx_word' id='word_1_398' title='bbox 3140 2449 3388 2507; x_wconf 87' lang='lat' dir='ltr'><strong>salutem</strong></span> <span class='ocrx_word' id='word_1_399' title='bbox 3401 2451 3444 2485; x_wconf 82' lang='grc'>²¹</span> <span class='ocrx_word' id='word_1_400' title='bbox 3458 2454 3517 2506; x_wconf 88' lang='lat' dir='ltr'><strong>et</strong></span> <span class='ocrx_word' id='word_1_401' title='bbox 3527 2450 3864 2524; x_wconf 84' lang='lat' dir='ltr'><strong>profectum</strong></span> 
     </span>
    </p>
   </div>
   <div class='ocr_carea' id='block_1_52' title="bbox 2206 2539 3864 2614">
    <p class='ocr_par' dir='ltr' id='par_1_52' title="bbox 2206 2539 3864 2614">
     <span class='ocr_line' id='line_1_52' title="bbox 2206 2539 3864 2614; baseline 0.002 -21"><span class='ocrx_word' id='word_1_402' title='bbox 2206 2543 2471 2596; x_wconf 90' lang='lat' dir='ltr'><strong>nostrum</strong></span> <span class='ocrx_word' id='word_1_403' title='bbox 2490 2539 2822 2612; x_wconf 76' lang='lat' dir='ltr'><strong>prmscitum</strong></span> <span class='ocrx_word' id='word_1_404' title='bbox 2840 2544 2898 2596; x_wconf 92' lang='lat' dir='ltr'><strong>et</strong></span> <span class='ocrx_word' id='word_1_405' title='bbox 2916 2539 3164 2597; x_wconf 88' lang='lat' dir='ltr'><strong>electum</strong></span> <span class='ocrx_word' id='word_1_406' title='bbox 3182 2543 3354 2614; x_wconf 89' lang='lat' dir='ltr'><strong>atque</strong></span> <span class='ocrx_word' id='word_1_407' title='bbox 3372 2540 3864 2613; x_wconf 64' lang='lat' dir='ltr'><strong>pradestinatum</strong></span> 
     </span>
    </p>
   </div>
   <div class='ocr_carea' id='block_1_53' title="bbox 2206 2628 3864 2697">
    <p class='ocr_par' dir='ltr' id='par_1_53' title="bbox 2206 2628 3864 2697">
     <span class='ocr_line' id='line_1_53' title="bbox 2206 2628 3864 2697; baseline 0.001 -12"><span class='ocrx_word' id='word_1_408' title='bbox 2206 2628 2510 2686; x_wconf 76' lang='lat' dir='ltr'><strong>habebat”</strong></span> <span class='ocrx_word' id='word_1_409' title='bbox 2523 2630 2848 2686; x_wconf 91' lang='lat' dir='ltr'><strong>secundum</strong></span> <span class='ocrx_word' id='word_1_410' title='bbox 2865 2628 3325 2685; x_wconf 89' lang='lat' dir='ltr'><strong>misericordiam</strong></span> <span class='ocrx_word' id='word_1_411' title='bbox 3344 2628 3864 2697; x_wconf 81' lang='lat' dir='ltr'><strong>suam.Quiadeni-</strong></span> 
     </span>
    </p>
   </div>
   <div class='ocr_carea' id='block_1_54' title="bbox 2205 2717 3862 2791">
    <p class='ocr_par' dir='ltr' id='par_1_54' title="bbox 2205 2717 3862 2791">
     <span class='ocr_line' id='line_1_54' title="bbox 2205 2717 3862 2791; baseline 0.001 -17"><span class='ocrx_word' id='word_1_412' title='bbox 2205 2735 2319 2791; x_wconf 92' lang='lat' dir='ltr'><strong>que</strong></span> <span class='ocrx_word' id='word_1_413' title='bbox 2337 2718 2696 2776; x_wconf 84' lang='lat' dir='ltr'><strong>voluntatem</strong></span> <span class='ocrx_word' id='word_1_414' title='bbox 2729 2718 2958 2791; x_wconf 90' lang='lat' dir='ltr'><strong>Dei,qui</strong></span> <span class='ocrx_word' id='word_1_415' title='bbox 2980 2720 3024 2754; x_wconf 75' lang='grc'><strong>³³</strong></span> <span class='ocrx_word' id='word_1_416' title='bbox 3043 2717 3400 2775; x_wconf 89' lang='lat' dir='ltr'><strong>voluntatem</strong></span> <span class='ocrx_word' id='word_1_417' title='bbox 3428 2718 3776 2775; x_wconf 87' lang='lat' dir='ltr'><strong>timentium</strong></span> <span class='ocrx_word' id='word_1_418' title='bbox 3799 2735 3862 2775; x_wconf 88' lang='lat' dir='ltr'><strong>se</strong></span> 
     </span>
    </p>
   </div>
   <div class='ocr_carea' id='block_1_55' title="bbox 2207 2805 3870 2882">
    <p class='ocr_par' dir='ltr' id='par_1_55' title="bbox 2207 2805 3870 2882">
     <span class='ocr_line' id='line_1_55' title="bbox 2207 2805 3870 2882; baseline -0.001 -18"><span class='ocrx_word' id='word_1_419' title='bbox 2207 2808 2364 2877; x_wconf 84' lang='lat' dir='ltr'><strong>facit,</strong></span> <span class='ocrx_word' id='word_1_420' title='bbox 2390 2813 2448 2864; x_wconf 88' lang='lat' dir='ltr'><strong>et</strong></span> <span class='ocrx_word' id='word_1_421' title='bbox 2475 2807 2914 2882; x_wconf 86' lang='lat' dir='ltr'><strong>deprecationes</strong></span> <span class='ocrx_word' id='word_1_422' title='bbox 2965 2825 3170 2864; x_wconf 90' lang='lat' dir='ltr'><strong>eorum</strong></span> <span class='ocrx_word' id='word_1_423' title='bbox 3219 2807 3476 2874; x_wconf 78' lang='lat' dir='ltr'><strong>exaudit,</strong></span> <span class='ocrx_word' id='word_1_424' title='bbox 3499 2805 3561 2864; x_wconf 92' lang='lat' dir='ltr'><strong>in</strong></span> <span class='ocrx_word' id='word_1_425' title='bbox 3592 2809 3870 2865; x_wconf 81' lang='lat' dir='ltr'><strong>concordi</strong></span> 
     </span>
    </p>
   </div>
   <div class='ocr_carea' id='block_1_56' title="bbox 2207 2895 3883 2970">
    <p class='ocr_par' dir='ltr' id='par_1_56' title="bbox 2207 2895 3883 2970">
     <span class='ocr_line' id='line_1_56' title="bbox 2207 2895 3883 2970; baseline -0.001 -16"><span class='ocrx_word' id='word_1_426' title='bbox 2207 2898 2601 2955; x_wconf 87' lang='lat' dir='ltr'><strong>unanimitate</strong></span> <span class='ocrx_word' id='word_1_427' title='bbox 2613 2899 2658 2933; x_wconf 72' lang='lat'><strong>&quot;</strong></span> <span class='ocrx_word' id='word_1_428' title='bbox 2669 2902 2870 2955; x_wconf 90' lang='lat' dir='ltr'><strong>nostra</strong></span> <span class='ocrx_word' id='word_1_429' title='bbox 2883 2897 3150 2954; x_wconf 89' lang='lat' dir='ltr'><strong>videmus</strong></span> <span class='ocrx_word' id='word_1_430' title='bbox 3167 2897 3201 2953; x_wconf 94' lang='lat' dir='ltr'><strong>h</strong></span> <span class='ocrx_word' id='word_1_431' title='bbox 3211 2913 3322 2954; x_wconf 91' lang='lat' dir='ltr'><strong>unc</strong></span> <span class='ocrx_word' id='word_1_432' title='bbox 3338 2895 3500 2970; x_wconf 86' lang='lat' dir='ltr'><strong>regni</strong></span> <span class='ocrx_word' id='word_1_433' title='bbox 3519 2897 3624 2969; x_wconf 87' lang='lat' dir='ltr'><strong>huj</strong></span> <span class='ocrx_word' id='word_1_434' title='bbox 3636 2914 3706 2954; x_wconf 89' lang='lat' dir='ltr'><strong>us</strong></span> <span class='ocrx_word' id='word_1_435' title='bbox 3721 2897 3883 2953; x_wconf 85' lang='lat' dir='ltr'><strong>here-</strong></span> 
     </span>
    </p>
   </div>
   <div class='ocr_carea' id='block_1_57' title="bbox 2209 2986 3882 3060">
    <p class='ocr_par' dir='ltr' id='par_1_57' title="bbox 2209 2986 3882 3060">
     <span class='ocr_line' id='line_1_57' title="bbox 2209 2986 3882 3060; baseline -0.001 -17"><span class='ocrx_word' id='word_1_436' title='bbox 2209 2987 2341 3044; x_wconf 92' lang='lat' dir='ltr'><strong>dem</strong></span> <span class='ocrx_word' id='word_1_437' title='bbox 2367 3004 2496 3044; x_wconf 89' lang='lat' dir='ltr'><strong>esse</strong></span> <span class='ocrx_word' id='word_1_438' title='bbox 2515 2986 2970 3060; x_wconf 89' lang='lat' dir='ltr'><strong>legitimum,cui</strong></span> <span class='ocrx_word' id='word_1_439' title='bbox 2987 3003 3094 3044; x_wconf 88' lang='lat' dir='ltr'><strong>nos</strong></span> <span class='ocrx_word' id='word_1_440' title='bbox 3111 2990 3317 3059; x_wconf 90' lang='lat' dir='ltr'><strong>sponte</strong></span> <span class='ocrx_word' id='word_1_441' title='bbox 3335 2986 3882 3052; x_wconf 83' lang='lat' dir='ltr'><strong>commisimus,do—</strong></span> 
     </span>
    </p>
   </div>
   <div class='ocr_carea' id='block_1_58' title="bbox 438 3075 3880 3179">
    <p class='ocr_par' dir='ltr' id='par_1_58' title="bbox 438 3075 3880 3179">
     <span class='ocr_line' id='line_1_58' title="bbox 438 3075 3880 3179; baseline -0 -48"><span class='ocrx_word' id='word_1_442' title='bbox 438 3075 611 3148; x_wconf 78' lang='lat' dir='ltr'><strong>juxta</strong></span> <span class='ocrx_word' id='word_1_443' title='bbox 629 3092 832 3134; x_wconf 90' lang='lat' dir='ltr'><strong>eorum</strong></span> <span class='ocrx_word' id='word_1_444' title='bbox 855 3079 1293 3153; x_wconf 87' lang='lat' dir='ltr'><strong>suggestionem</strong></span> <span class='ocrx_word' id='word_1_445' title='bbox 1319 3097 1490 3154; x_wconf 88' lang='lat' dir='ltr'><strong>agere</strong></span> <span class='ocrx_word' id='word_1_446' title='bbox 1512 3082 1825 3138; x_wconf 89' lang='lat' dir='ltr'><strong>festinavit.</strong></span> <span class='ocrx_word' id='word_1_447' title='bbox 1845 3082 2098 3138; x_wconf 87' lang='lat' dir='ltr'><strong>Veniens</strong></span> <span class='ocrx_word' id='word_1_448' title='bbox 2134 3112 2178 3179; x_wconf 63' lang='grc' dir='ltr'><strong>Ο</strong></span> <span class='ocrx_word' id='word_1_449' title='bbox 2214 3077 2445 3134; x_wconf 88' lang='lat' dir='ltr'><strong>minum</strong></span> <span class='ocrx_word' id='word_1_450' title='bbox 2462 3076 2730 3133; x_wconf 90' lang='lat' dir='ltr'><strong>videlicet</strong></span> <span class='ocrx_word' id='word_1_451' title='bbox 2748 3081 2805 3132; x_wconf 90' lang='lat' dir='ltr'><strong>et</strong></span> <span class='ocrx_word' id='word_1_452' title='bbox 2822 3078 2866 3112; x_wconf 76' lang='grc'><strong>³⁸</strong></span> <span class='ocrx_word' id='word_1_453' title='bbox 2883 3081 3228 3149; x_wconf 81' lang='lat' dir='ltr'><strong>praesentem</strong></span> <span class='ocrx_word' id='word_1_454' title='bbox 3247 3091 3526 3156; x_wconf 37' lang='lat' dir='ltr'><strong>regem-ac</strong></span> <span class='ocrx_word' id='word_1_455' title='bbox 3548 3075 3880 3149; x_wconf 72' lang='lat' dir='ltr'><strong>principem</strong></span> 
     </span>
    </p>
   </div>
   <div class='ocr_carea' id='block_1_59' title="bbox 445 3165 2102 3242">
    <p class='ocr_par' dir='ltr' id='par_1_59' title="bbox 445 3165 2102 3242">
     <span class='ocr_line' id='line_1_59' title="bbox 445 3165 2102 3242; baseline 0.002 -22"><span class='ocrx_word' id='word_1_456' title='bbox 445 3179 584 3238; x_wconf 86' lang='lat' dir='ltr'><strong>ergo</strong></span> <span class='ocrx_word' id='word_1_457' title='bbox 601 3165 645 3201; x_wconf 80' lang='grc'><strong>¹³</strong></span> <span class='ocrx_word' id='word_1_458' title='bbox 666 3181 854 3238; x_wconf 89' lang='lat' dir='ltr'><strong>usque</strong></span> <span class='ocrx_word' id='word_1_459' title='bbox 873 3165 1246 3236; x_wconf 89' lang='lat' dir='ltr'><strong>Viridunum,</strong></span> <span class='ocrx_word' id='word_1_460' title='bbox 1271 3167 1558 3242; x_wconf 91' lang='lat' dir='ltr'><strong>plurimos</strong></span> <span class='ocrx_word' id='word_1_461' title='bbox 1583 3169 1654 3224; x_wconf 92' lang='lat' dir='ltr'><strong>de</strong></span> <span class='ocrx_word' id='word_1_462' title='bbox 1676 3169 1878 3225; x_wconf 88' lang='lat' dir='ltr'><strong>eodem</strong></span> <span class='ocrx_word' id='word_1_463' title='bbox 1903 3185 2102 3240; x_wconf 90' lang='lat' dir='ltr'><strong>regno,</strong></span> 
     </span>
    </p>
   </div>
   <div class='ocr_carea' id='block_1_60' title="bbox 448 3252 2108 3330">
    <p class='ocr_par' dir='ltr' id='par_1_60' title="bbox 448 3252 2108 3330">
     <span class='ocr_line' id='line_1_60' title="bbox 448 3252 2108 3330; baseline 0.001 -20"><span class='ocrx_word' id='word_1_464' title='bbox 448 3252 548 3310; x_wconf 84' lang='lat' dir='ltr'><strong>sed</strong></span> <span class='ocrx_word' id='word_1_465' title='bbox 581 3255 638 3309; x_wconf 91' lang='lat' dir='ltr'><strong>et</strong></span> <span class='ocrx_word' id='word_1_466' title='bbox 666 3254 973 3312; x_wconf 85' lang='lat' dir='ltr'><strong>Hattonem</strong></span> <span class='ocrx_word' id='word_1_467' title='bbox 999 3257 1059 3324; x_wconf 71' lang='grc' dir='ltr'><strong>η,</strong></span> <span class='ocrx_word' id='word_1_468' title='bbox 1085 3255 1272 3329; x_wconf 90' lang='lat' dir='ltr'><strong>ipsius</strong></span> <span class='ocrx_word' id='word_1_469' title='bbox 1313 3255 1564 3313; x_wconf 86' lang='lat' dir='ltr'><strong>civitatis</strong></span> <span class='ocrx_word' id='word_1_470' title='bbox 1593 3258 1957 3330; x_wconf 88' lang='lat' dir='ltr'><strong>episcopum,</strong></span> <span class='ocrx_word' id='word_1_471' title='bbox 1987 3262 2044 3312; x_wconf 90' lang='lat' dir='ltr'><strong>et</strong></span> <span class='ocrx_word' id='word_1_472' title='bbox 2065 3258 2108 3292; x_wconf 78' lang='grc'>¹³</span> 
     </span>
    </p>
   </div>
   <div class='ocr_carea' id='block_1_61' title="bbox 443 3341 2108 3420">
    <p class='ocr_par' dir='ltr' id='par_1_61' title="bbox 443 3341 2108 3420">
     <span class='ocr_line' id='line_1_61' title="bbox 443 3341 2108 3420; baseline 0.004 -23"><span class='ocrx_word' id='word_1_473' title='bbox 443 3341 840 3415; x_wconf 81' lang='lat' dir='ltr'><strong>Arnulphum,</strong></span> <span class='ocrx_word' id='word_1_474' title='bbox 887 3344 1183 3402; x_wconf 90' lang='lat' dir='ltr'><strong>Tullensis</strong></span> <span class='ocrx_word' id='word_1_475' title='bbox 1241 3345 1404 3402; x_wconf 89' lang='lat' dir='ltr'><strong>urbis</strong></span> <span class='ocrx_word' id='word_1_476' title='bbox 1463 3346 1829 3420; x_wconf 89' lang='lat' dir='ltr'><strong>episcopum,</strong></span> <span class='ocrx_word' id='word_1_477' title='bbox 1883 3345 1995 3402; x_wconf 91' lang='lat' dir='ltr'><strong>sibi</strong></span> <span class='ocrx_word' id='word_1_478' title='bbox 2046 3363 2108 3403; x_wconf 88' lang='lat' dir='ltr'><strong>se</strong></span> 
     </span>
    </p>
   </div>
   <div class='ocr_carea' id='block_1_62' title="bbox 448 3433 2110 3508">
    <p class='ocr_par' dir='ltr' id='par_1_62' title="bbox 448 3433 2110 3508">
     <span class='ocr_line' id='line_1_62' title="bbox 448 3433 2110 3508; baseline 0.003 -21"><span class='ocrx_word' id='word_1_479' title='bbox 448 3433 935 3490; x_wconf 87' lang='lat' dir='ltr'><strong>commendantes</strong></span> <span class='ocrx_word' id='word_1_480' title='bbox 993 3435 1292 3507; x_wconf 88' lang='lat' dir='ltr'><strong>suscepit;</strong></span> <span class='ocrx_word' id='word_1_481' title='bbox 1351 3435 1602 3508; x_wconf 90' lang='lat' dir='ltr'><strong>indeque</strong></span> <span class='ocrx_word' id='word_1_482' title='bbox 1662 3435 1857 3493; x_wconf 91' lang='lat' dir='ltr'><strong>Mettis</strong></span> <span class='ocrx_word' id='word_1_483' title='bbox 1914 3435 2110 3492; x_wconf 88' lang='lat' dir='ltr'><strong>Nonas</strong></span> 
     </span>
    </p>
   </div>
   <div class='ocr_carea' id='block_1_63' title="bbox 449 3518 2108 3596">
    <p class='ocr_par' dir='ltr' id='par_1_63' title="bbox 449 3518 2108 3596">
     <span class='ocr_line' id='line_1_63' title="bbox 449 3518 2108 3596; baseline 0.004 -21"><span class='ocrx_word' id='word_1_484' title='bbox 449 3518 814 3591; x_wconf 89' lang='lat' dir='ltr'><strong>Septembris</strong></span> <span class='ocrx_word' id='word_1_485' title='bbox 858 3523 1120 3591; x_wconf 90' lang='lat' dir='ltr'><strong>veniens,</strong></span> <span class='ocrx_word' id='word_1_486' title='bbox 1171 3523 1556 3593; x_wconf 89' lang='lat' dir='ltr'><strong>Adventium,</strong></span> <span class='ocrx_word' id='word_1_487' title='bbox 1608 3524 1796 3596; x_wconf 89' lang='lat' dir='ltr'><strong>ipsius</strong></span> <span class='ocrx_word' id='word_1_488' title='bbox 1856 3523 2108 3581; x_wconf 89' lang='lat' dir='ltr'><strong>civitatis</strong></span> 
     </span>
    </p>
   </div>
   <div class='ocr_carea' id='block_1_64' title="bbox 449 3607 2104 3686">
    <p class='ocr_par' dir='ltr' id='par_1_64' title="bbox 449 3607 2104 3686">
     <span class='ocr_line' id='line_1_64' title="bbox 449 3607 2104 3686; baseline 0.003 -23"><span class='ocrx_word' id='word_1_489' title='bbox 449 3607 785 3680; x_wconf 73' lang='lat' dir='ltr'><strong>przesulem,</strong></span> <span class='ocrx_word' id='word_1_490' title='bbox 813 3614 871 3667; x_wconf 93' lang='lat' dir='ltr'><strong>et</strong></span> <span class='ocrx_word' id='word_1_491' title='bbox 900 3611 1280 3679; x_wconf 89' lang='lat' dir='ltr'><strong>Franconem,</strong></span> <span class='ocrx_word' id='word_1_492' title='bbox 1304 3613 1710 3686; x_wconf 90' lang='lat' dir='ltr'><strong>Tungrensem</strong></span> <span class='ocrx_word' id='word_1_493' title='bbox 1741 3612 2104 3685; x_wconf 89' lang='lat' dir='ltr'><strong>episcopum,</strong></span> 
     </span>
    </p>
   </div>
   <div class='ocr_carea' id='block_1_65' title="bbox 449 3696 2106 3774">
    <p class='ocr_par' dir='ltr' id='par_1_65' title="bbox 449 3696 2106 3774">
     <span class='ocr_line' id='line_1_65' title="bbox 449 3696 2106 3774; baseline 0.004 -23"><span class='ocrx_word' id='word_1_494' title='bbox 449 3711 586 3752; x_wconf 89' lang='lat' dir='ltr'><strong>cum</strong></span> <span class='ocrx_word' id='word_1_495' title='bbox 619 3696 822 3754; x_wconf 89' lang='lat' dir='ltr'><strong>multis</strong></span> <span class='ocrx_word' id='word_1_496' title='bbox 855 3698 986 3756; x_wconf 90' lang='lat' dir='ltr'><strong>aliis</strong></span> <span class='ocrx_word' id='word_1_497' title='bbox 1027 3699 1086 3756; x_wconf 94' lang='lat' dir='ltr'><strong>in</strong></span> <span class='ocrx_word' id='word_1_498' title='bbox 1127 3718 1235 3757; x_wconf 84' lang='lat' dir='ltr'><strong>sua</strong></span> <span class='ocrx_word' id='word_1_499' title='bbox 1274 3701 1780 3757; x_wconf 86' lang='lat' dir='ltr'><strong>commendatione</strong></span> <span class='ocrx_word' id='word_1_500' title='bbox 1810 3703 2106 3774; x_wconf 89' lang='lat' dir='ltr'><strong>suscepit;</strong></span> 
     </span>
    </p>
   </div>
   <div class='ocr_carea' id='block_1_66' title="bbox 450 3781 2108 3864">
    <p class='ocr_par' dir='ltr' id='par_1_66' title="bbox 450 3781 2108 3864">
     <span class='ocr_line' id='line_1_66' title="bbox 450 3781 2108 3864; baseline 0.004 -25"><span class='ocrx_word' id='word_1_501' title='bbox 450 3781 656 3858; x_wconf 89' lang='lat' dir='ltr'><strong>sicque</strong></span> <span class='ocrx_word' id='word_1_502' title='bbox 685 3786 722 3843; x_wconf 88' lang='lat'><strong>5</strong></span> <span class='ocrx_word' id='word_1_503' title='bbox 751 3787 890 3844; x_wconf 91' lang='lat' dir='ltr'><strong>Idus</strong></span> <span class='ocrx_word' id='word_1_504' title='bbox 919 3788 1106 3862; x_wconf 90' lang='lat' dir='ltr'><strong>ipsius</strong></span> <span class='ocrx_word' id='word_1_505' title='bbox 1153 3791 1376 3846; x_wconf 89' lang='lat' dir='ltr'><strong>mensis</strong></span> <span class='ocrx_word' id='word_1_506' title='bbox 1425 3789 1497 3846; x_wconf 92' lang='lat' dir='ltr'><strong>ab</strong></span> <span class='ocrx_word' id='word_1_507' title='bbox 1549 3791 1840 3864; x_wconf 89' lang='lat' dir='ltr'><strong>episcopis</strong></span> <span class='ocrx_word' id='word_1_508' title='bbox 1872 3790 1972 3862; x_wconf 92' lang='lat' dir='ltr'><strong>qui</strong></span> <span class='ocrx_word' id='word_1_509' title='bbox 2007 3791 2108 3846; x_wconf 88' lang='lat' dir='ltr'><strong>ad-</strong></span> 
     </span>
    </p>
   </div>
   <div class='ocr_carea' id='block_1_67' title="bbox 450 3872 2108 3946">
    <p class='ocr_par' dir='ltr' id='par_1_67' title="bbox 450 3872 2108 3946">
     <span class='ocr_line' id='line_1_67' title="bbox 450 3872 2108 3946; baseline 0.004 -18"><span class='ocrx_word' id='word_1_510' title='bbox 450 3872 712 3946; x_wconf 88' lang='lat' dir='ltr'><strong>fuerunt,</strong></span> <span class='ocrx_word' id='word_1_511' title='bbox 746 3878 1094 3934; x_wconf 91' lang='lat' dir='ltr'><strong>coeuntibus</strong></span> <span class='ocrx_word' id='word_1_512' title='bbox 1125 3877 1403 3935; x_wconf 91' lang='lat' dir='ltr'><strong>omnibus</strong></span> <span class='ocrx_word' id='word_1_513' title='bbox 1435 3879 1494 3934; x_wconf 93' lang='lat' dir='ltr'><strong>in</strong></span> <span class='ocrx_word' id='word_1_514' title='bbox 1527 3879 1770 3936; x_wconf 86' lang='lat' dir='ltr'><strong>basilica</strong></span> <span class='ocrx_word' id='word_1_515' title='bbox 1799 3880 1951 3936; x_wconf 87' lang='lat' dir='ltr'><strong>beati</strong></span> <span class='ocrx_word' id='word_1_516' title='bbox 1985 3880 2108 3936; x_wconf 89' lang='lat' dir='ltr'><strong>Ste-</strong></span> 
     </span>
    </p>
   </div>
   <div class='ocr_carea' id='block_1_68' title="bbox 451 3962 2112 4042">
    <p class='ocr_par' dir='ltr' id='par_1_68' title="bbox 451 3962 2112 4042">
     <span class='ocr_line' id='line_1_68' title="bbox 451 3962 2112 4042; baseline 0.005 -24"><span class='ocrx_word' id='word_1_517' title='bbox 451 3962 656 4037; x_wconf 63' lang='lat' dir='ltr'><strong>phani,</strong></span> <span class='ocrx_word' id='word_1_518' title='bbox 709 3965 830 4022; x_wconf 76' lang='lat' dir='ltr'><strong>hmc</strong></span> <span class='ocrx_word' id='word_1_519' title='bbox 879 3985 1008 4041; x_wconf 69' lang='lat' dir='ltr'><strong>quas</strong></span> <span class='ocrx_word' id='word_1_520' title='bbox 1059 3975 1410 4042; x_wconf 89' lang='lat' dir='ltr'><strong>sequuntur,</strong></span> <span class='ocrx_word' id='word_1_521' title='bbox 1451 3969 1797 4026; x_wconf 88' lang='lat' dir='ltr'><strong>denuntiata</strong></span> <span class='ocrx_word' id='word_1_522' title='bbox 1843 3974 1901 4024; x_wconf 91' lang='lat' dir='ltr'><strong>et</strong></span> <span class='ocrx_word' id='word_1_523' title='bbox 1948 3973 2112 4042; x_wconf 89' lang='lat' dir='ltr'><strong>gesta</strong></span> 
     </span>
    </p>
   </div>
   <div class='ocr_carea' id='block_1_69' title="bbox 451 4051 1006 4115">
    <p class='ocr_par' dir='ltr' id='par_1_69' title="bbox 451 4051 1006 4115">
     <span class='ocr_line' id='line_1_69' title="bbox 451 4051 1006 4115; baseline 0.013 -7"><span class='ocrx_word' id='word_1_524' title='bbox 451 4051 614 4110; x_wconf 87' lang='lat' dir='ltr'><strong>fuere</strong></span> <span class='ocrx_word' id='word_1_525' title='bbox 645 4053 754 4111; x_wconf 93' lang='lat' dir='ltr'><strong>hoc</strong></span> <span class='ocrx_word' id='word_1_526' title='bbox 785 4057 957 4114; x_wconf 91' lang='lat' dir='ltr'><strong>modo</strong></span> <span class='ocrx_word' id='word_1_527' title='bbox 993 4075 1006 4115; x_wconf 91' lang='lat'><strong>:</strong></span> 
     </span>
    </p>
   </div>
   <div class='ocr_carea' id='block_1_70' title="bbox 522 4144 2109 4220">
    <p class='ocr_par' dir='ltr' id='par_1_70' title="bbox 522 4144 2109 4220">
     <span class='ocr_line' id='line_1_70' title="bbox 522 4144 2109 4220; baseline 0.003 -22"><span class='ocrx_word' id='word_1_528' title='bbox 522 4165 550 4194; x_wconf 75' lang='grc' dir='ltr'><strong>«ι</strong></span> <span class='ocrx_word' id='word_1_529' title='bbox 563 4145 729 4200; x_wconf 88' lang='lat' dir='ltr'><strong>Anno</strong></span> <span class='ocrx_word' id='word_1_530' title='bbox 749 4144 1170 4204; x_wconf 88' lang='lat' dir='ltr'><strong>incarnationis</strong></span> <span class='ocrx_word' id='word_1_531' title='bbox 1184 4147 1497 4204; x_wconf 69' lang='lat' dir='ltr'><strong>Dominica:</strong></span> <span class='ocrx_word' id='word_1_532' title='bbox 1515 4147 1621 4202; x_wconf 84' lang='lat'><strong>869</strong></span> <span class='ocrx_word' id='word_1_533' title='bbox 1637 4146 2020 4212; x_wconf 77' lang='lat' dir='ltr'><strong>&#39;°,indictione</strong></span> <span class='ocrx_word' id='word_1_534' title='bbox 2031 4148 2109 4220; x_wconf 82' lang='grc' dir='ltr'><strong>(ιι)</strong></span> 
     </span>
    </p>
   </div>
   <div class='ocr_carea' id='block_1_71' title="bbox 452 4234 2110 4309">
    <p class='ocr_par' dir='ltr' id='par_1_71' title="bbox 452 4234 2110 4309">
     <span class='ocr_line' id='line_1_71' title="bbox 452 4234 2110 4309; baseline 0.002 -21"><span class='ocrx_word' id='word_1_535' title='bbox 452 4234 714 4288; x_wconf 90' lang='lat' dir='ltr'><strong>secunda</strong></span> <span class='ocrx_word' id='word_1_536' title='bbox 732 4235 773 4300; x_wconf 77' lang='grc'><strong>⁸,</strong></span> <span class='ocrx_word' id='word_1_537' title='bbox 803 4234 940 4293; x_wconf 90' lang='lat' dir='ltr'><strong>Idus</strong></span> <span class='ocrx_word' id='word_1_538' title='bbox 965 4237 1329 4309; x_wconf 88' lang='lat' dir='ltr'><strong>Septembris</strong></span> <span class='ocrx_word' id='word_1_539' title='bbox 1355 4235 1548 4292; x_wconf 85' lang='lat' dir='ltr'><strong>Mettis</strong></span> <span class='ocrx_word' id='word_1_540' title='bbox 1576 4235 1804 4292; x_wconf 87' lang='lat' dir='ltr'><strong>civitate</strong></span> <span class='ocrx_word' id='word_1_541' title='bbox 1838 4235 1896 4290; x_wconf 92' lang='lat' dir='ltr'><strong>in</strong></span> <span class='ocrx_word' id='word_1_542' title='bbox 1929 4235 2110 4292; x_wconf 83' lang='lat' dir='ltr'><strong>eccle-</strong></span> 
     </span>
    </p>
   </div>
   <div class='ocr_carea' id='block_1_72' title="bbox 453 4320 2114 4398">
    <p class='ocr_par' dir='ltr' id='par_1_72' title="bbox 453 4320 2114 4398">
     <span class='ocr_line' id='line_1_72' title="bbox 453 4320 2114 4398; baseline 0 -18"><span class='ocrx_word' id='word_1_543' title='bbox 453 4320 542 4380; x_wconf 84' lang='lat' dir='ltr'><strong>sia</strong></span> <span class='ocrx_word' id='word_1_544' title='bbox 573 4323 758 4378; x_wconf 88' lang='lat' dir='ltr'><strong>sancti</strong></span> <span class='ocrx_word' id='word_1_545' title='bbox 791 4324 1072 4398; x_wconf 89' lang='lat' dir='ltr'><strong>Stephani</strong></span> <span class='ocrx_word' id='word_1_546' title='bbox 1115 4323 1412 4397; x_wconf 73' lang='lat' dir='ltr'><strong>martyris,</strong></span> <span class='ocrx_word' id='word_1_547' title='bbox 1436 4324 1555 4380; x_wconf 73' lang='lat' dir='ltr'><strong>hmo</strong></span> <span class='ocrx_word' id='word_1_548' title='bbox 1605 4343 1734 4397; x_wconf 74' lang='lat' dir='ltr'><strong>quae</strong></span> <span class='ocrx_word' id='word_1_549' title='bbox 1783 4329 2114 4396; x_wconf 76' lang='lat' dir='ltr'><strong>sequuntl&#39;r</strong></span> 
     </span>
    </p>
   </div>
   <div class='ocr_carea' id='block_1_73' title="bbox 454 4409 2109 4488">
    <p class='ocr_par' dir='ltr' id='par_1_73' title="bbox 454 4409 2109 4488">
     <span class='ocr_line' id='line_1_73' title="bbox 454 4409 2109 4488; baseline 0.002 -22"><span class='ocrx_word' id='word_1_550' title='bbox 454 4409 712 4482; x_wconf 90' lang='lat' dir='ltr'><strong>capitula</strong></span> <span class='ocrx_word' id='word_1_551' title='bbox 728 4413 1068 4480; x_wconf 83' lang='lat' dir='ltr'><strong>Adventius,</strong></span> <span class='ocrx_word' id='word_1_552' title='bbox 1084 4413 1394 4487; x_wconf 89' lang='lat' dir='ltr'><strong>episcopus</strong></span> <span class='ocrx_word' id='word_1_553' title='bbox 1417 4414 1604 4488; x_wconf 88' lang='lat' dir='ltr'><strong>ipsius</strong></span> <span class='ocrx_word' id='word_1_554' title='bbox 1621 4414 1893 4481; x_wconf 88' lang='lat' dir='ltr'><strong>civitatis,</strong></span> <span class='ocrx_word' id='word_1_555' title='bbox 1913 4431 2109 4470; x_wconf 90' lang='lat' dir='ltr'><strong>coram</strong></span> 
     </span>
    </p>
   </div>
   <div class='ocr_carea' id='block_1_74' title="bbox 454 4501 2108 4576">
    <p class='ocr_par' dir='ltr' id='par_1_74' title="bbox 454 4501 2108 4576">
     <span class='ocr_line' id='line_1_74' title="bbox 454 4501 2108 4576; baseline 0.002 -20"><span class='ocrx_word' id='word_1_556' title='bbox 454 4515 589 4572; x_wconf 88' lang='lat' dir='ltr'><strong>rege</strong></span> <span class='ocrx_word' id='word_1_557' title='bbox 627 4505 685 4557; x_wconf 91' lang='lat' dir='ltr'><strong>et</strong></span> <span class='ocrx_word' id='word_1_558' title='bbox 726 4501 1017 4576; x_wconf 90' lang='lat' dir='ltr'><strong>episcopis</strong></span> <span class='ocrx_word' id='word_1_559' title='bbox 1069 4504 1168 4574; x_wconf 91' lang='lat' dir='ltr'><strong>qui</strong></span> <span class='ocrx_word' id='word_1_560' title='bbox 1221 4504 1555 4572; x_wconf 88' lang='lat' dir='ltr'><strong>adfuerunt,</strong></span> <span class='ocrx_word' id='word_1_561' title='bbox 1604 4503 1841 4576; x_wconf 91' lang='lat' dir='ltr'><strong>publice</strong></span> <span class='ocrx_word' id='word_1_562' title='bbox 1894 4503 2108 4576; x_wconf 90' lang='lat' dir='ltr'><strong>populo</strong></span> 
     </span>
    </p>
   </div>
   <div class='ocr_carea' id='block_1_75' title="bbox 2217 3163 3885 3238">
    <p class='ocr_par' dir='ltr' id='par_1_75' title="bbox 2217 3163 3885 3238">
     <span class='ocr_line' id='line_1_75' title="bbox 2217 3163 3885 3238; baseline -0.001 -16"><span class='ocrx_word' id='word_1_563' title='bbox 2217 3171 2485 3222; x_wconf 90' lang='lat' dir='ltr'><strong>nostrum</strong></span> <span class='ocrx_word' id='word_1_564' title='bbox 2507 3165 2885 3235; x_wconf 88' lang='lat' dir='ltr'><strong>Carolum,ut</strong></span> <span class='ocrx_word' id='word_1_565' title='bbox 2919 3164 3087 3222; x_wconf 89' lang='lat' dir='ltr'><strong>nobis</strong></span> <span class='ocrx_word' id='word_1_566' title='bbox 3117 3164 3316 3238; x_wconf 74' lang='lat' dir='ltr'><strong>praesit</strong></span> <span class='ocrx_word' id='word_1_567' title='bbox 3333 3168 3391 3220; x_wconf 88' lang='lat' dir='ltr'><strong>et</strong></span> <span class='ocrx_word' id='word_1_568' title='bbox 3420 3164 3628 3237; x_wconf 89' lang='lat' dir='ltr'><strong>prosit,</strong></span> <span class='ocrx_word' id='word_1_569' title='bbox 3643 3163 3885 3221; x_wconf 86' lang='lat' dir='ltr'><strong>videtur</strong></span> 
     </span>
    </p>
   </div>
   <div class='ocr_carea' id='block_1_76' title="bbox 2218 3252 3885 3327">
    <p class='ocr_par' dir='ltr' id='par_1_76' title="bbox 2218 3252 3885 3327">
     <span class='ocr_line' id='line_1_76' title="bbox 2218 3252 3885 3327; baseline -0.001 -15"><span class='ocrx_word' id='word_1_570' title='bbox 2218 3255 2408 3324; x_wconf 89' lang='lat' dir='ltr'><strong>nobis,</strong></span> <span class='ocrx_word' id='word_1_571' title='bbox 2437 3255 2486 3312; x_wconf 91' lang='lat' dir='ltr'><strong>si</strong></span> <span class='ocrx_word' id='word_1_572' title='bbox 2516 3254 2704 3327; x_wconf 90' lang='lat' dir='ltr'><strong>placet</strong></span> <span class='ocrx_word' id='word_1_573' title='bbox 2732 3255 2917 3323; x_wconf 90' lang='lat' dir='ltr'><strong>vobis,</strong></span> <span class='ocrx_word' id='word_1_574' title='bbox 2943 3260 3030 3327; x_wconf 87' lang='lat' dir='ltr'><strong>ut,</strong></span> <span class='ocrx_word' id='word_1_575' title='bbox 3051 3254 3206 3311; x_wconf 85' lang='lat' dir='ltr'><strong>sicut</strong></span> <span class='ocrx_word' id='word_1_576' title='bbox 3255 3258 3386 3327; x_wconf 90' lang='lat' dir='ltr'><strong>post</strong></span> <span class='ocrx_word' id='word_1_577' title='bbox 3437 3252 3598 3310; x_wconf 91' lang='lat' dir='ltr'><strong>illius</strong></span> <span class='ocrx_word' id='word_1_578' title='bbox 3628 3255 3816 3312; x_wconf 86' lang='lat' dir='ltr'><strong>verba</strong></span> <span class='ocrx_word' id='word_1_579' title='bbox 3838 3256 3885 3289; x_wconf 75' lang='grc'><strong>³⁸</strong></span> 
     </span>
    </p>
   </div>
   <div class='ocr_carea' id='block_1_77' title="bbox 2217 3341 3886 3416">
    <p class='ocr_par' dir='ltr' id='par_1_77' title="bbox 2217 3341 3886 3416">
     <span class='ocr_line' id='line_1_77' title="bbox 2217 3341 3886 3416; baseline 0 -16"><span class='ocrx_word' id='word_1_580' title='bbox 2217 3343 2380 3400; x_wconf 92' lang='lat' dir='ltr'><strong>vobis</strong></span> <span class='ocrx_word' id='word_1_581' title='bbox 2411 3343 2942 3413; x_wconf 88' lang='lat' dir='ltr'><strong>manifestahimus,</strong></span> <span class='ocrx_word' id='word_1_582' title='bbox 2963 3344 3130 3416; x_wconf 87' lang='lat' dir='ltr'><strong>signa</strong></span> <span class='ocrx_word' id='word_1_583' title='bbox 3154 3341 3481 3400; x_wconf 89' lang='lat' dir='ltr'><strong>certissimo</strong></span> <span class='ocrx_word' id='word_1_584' title='bbox 3514 3343 3886 3400; x_wconf 78' lang='lat' dir='ltr'><strong>demonstre-</strong></span> 
     </span>
    </p>
   </div>
   <div class='ocr_carea' id='block_1_78' title="bbox 2218 3430 3886 3506">
    <p class='ocr_par' dir='ltr' id='par_1_78' title="bbox 2218 3430 3886 3506">
     <span class='ocr_line' id='line_1_78' title="bbox 2218 3430 3886 3506; baseline 0 -18"><span class='ocrx_word' id='word_1_585' title='bbox 2218 3449 2373 3502; x_wconf 88' lang='lat' dir='ltr'><strong>mus,</strong></span> <span class='ocrx_word' id='word_1_586' title='bbox 2399 3434 2538 3506; x_wconf 90' lang='lat' dir='ltr'><strong>quia</strong></span> <span class='ocrx_word' id='word_1_587' title='bbox 2557 3433 2600 3466; x_wconf 79' lang='lat'><strong>&quot;&#39;</strong></span> <span class='ocrx_word' id='word_1_588' title='bbox 2633 3432 2800 3489; x_wconf 92' lang='lat' dir='ltr'><strong>illum</strong></span> <span class='ocrx_word' id='word_1_589' title='bbox 2840 3449 2874 3489; x_wconf 90' lang='lat' dir='ltr'><strong>a</strong></span> <span class='ocrx_word' id='word_1_590' title='bbox 2911 3431 3026 3488; x_wconf 92' lang='lat' dir='ltr'><strong>Deo</strong></span> <span class='ocrx_word' id='word_1_591' title='bbox 3075 3431 3326 3488; x_wconf 90' lang='lat' dir='ltr'><strong>electum</strong></span> <span class='ocrx_word' id='word_1_592' title='bbox 3357 3434 3417 3487; x_wconf 92' lang='lat' dir='ltr'><strong>et</strong></span> <span class='ocrx_word' id='word_1_593' title='bbox 3447 3430 3619 3487; x_wconf 88' lang='lat' dir='ltr'><strong>nobis</strong></span> <span class='ocrx_word' id='word_1_594' title='bbox 3668 3431 3886 3488; x_wconf 86' lang='lat' dir='ltr'><strong>datum</strong></span> 
     </span>
    </p>
   </div>
   <div class='ocr_carea' id='block_1_79' title="bbox 2218 3519 3885 3596">
    <p class='ocr_par' dir='ltr' id='par_1_79' title="bbox 2218 3519 3885 3596">
     <span class='ocr_line' id='line_1_79' title="bbox 2218 3519 3885 3596; baseline 0 -19"><span class='ocrx_word' id='word_1_595' title='bbox 2218 3521 2542 3596; x_wconf 84' lang='lat' dir='ltr'><strong>principem</strong></span> <span class='ocrx_word' id='word_1_596' title='bbox 2573 3520 2867 3578; x_wconf 89' lang='lat' dir='ltr'><strong>credimus</strong></span> <span class='ocrx_word' id='word_1_597' title='bbox 2889 3522 2952 3590; x_wconf 76' lang='grc'><strong>⁸⁸,</strong></span> <span class='ocrx_word' id='word_1_598' title='bbox 2977 3525 3035 3576; x_wconf 90' lang='lat' dir='ltr'><strong>et</strong></span> <span class='ocrx_word' id='word_1_599' title='bbox 3055 3521 3099 3555; x_wconf 79' lang='grc'><strong>²⁹</strong></span> <span class='ocrx_word' id='word_1_600' title='bbox 3126 3525 3194 3576; x_wconf 92' lang='lat' dir='ltr'><strong>ut</strong></span> <span class='ocrx_word' id='word_1_601' title='bbox 3231 3519 3418 3576; x_wconf 90' lang='lat' dir='ltr'><strong>eidem</strong></span> <span class='ocrx_word' id='word_1_602' title='bbox 3465 3519 3732 3594; x_wconf 88' lang='lat' dir='ltr'><strong>largitori</strong></span> <span class='ocrx_word' id='word_1_603' title='bbox 3761 3520 3885 3578; x_wconf 88' lang='lat' dir='ltr'><strong>Deo</strong></span> 
     </span>
    </p>
   </div>
   <div class='ocr_carea' id='block_1_80' title="bbox 2217 3608 3882 3683">
    <p class='ocr_par' dir='ltr' id='par_1_80' title="bbox 2217 3608 3882 3683">
     <span class='ocr_line' id='line_1_80' title="bbox 2217 3608 3882 3683; baseline 0.001 -17"><span class='ocrx_word' id='word_1_604' title='bbox 2217 3628 2286 3666; x_wconf 82' lang='lat' dir='ltr'><strong>ex</strong></span> <span class='ocrx_word' id='word_1_605' title='bbox 2315 3611 2440 3667; x_wconf 90' lang='lat' dir='ltr'><strong>suis</strong></span> <span class='ocrx_word' id='word_1_606' title='bbox 2470 3609 2770 3667; x_wconf 82' lang='lat' dir='ltr'><strong>beneficiis</strong></span> <span class='ocrx_word' id='word_1_607' title='bbox 2801 3626 2914 3666; x_wconf 92' lang='lat' dir='ltr'><strong>non</strong></span> <span class='ocrx_word' id='word_1_608' title='bbox 2940 3608 3129 3666; x_wconf 91' lang='lat' dir='ltr'><strong>simus</strong></span> <span class='ocrx_word' id='word_1_609' title='bbox 3153 3608 3390 3682; x_wconf 85' lang='lat' dir='ltr'><strong>ingrati,</strong></span> <span class='ocrx_word' id='word_1_610' title='bbox 3412 3609 3514 3665; x_wconf 90' lang='lat' dir='ltr'><strong>scd</strong></span> <span class='ocrx_word' id='word_1_611' title='bbox 3545 3610 3882 3683; x_wconf 82' lang='lat' dir='ltr'><strong>gratiarum</strong></span> 
     </span>
    </p>
   </div>
   <div class='ocr_carea' id='block_1_81' title="bbox 2218 3698 3882 3771">
    <p class='ocr_par' dir='ltr' id='par_1_81' title="bbox 2218 3698 3882 3771">
     <span class='ocr_line' id='line_1_81' title="bbox 2218 3698 3882 3771; baseline 0 -17"><span class='ocrx_word' id='word_1_612' title='bbox 2218 3699 2476 3756; x_wconf 79' lang='lat' dir='ltr'><strong>actiones</strong></span> <span class='ocrx_word' id='word_1_613' title='bbox 2507 3699 2588 3755; x_wconf 92' lang='lat' dir='ltr'><strong>illi</strong></span> <span class='ocrx_word' id='word_1_614' title='bbox 2623 3700 2956 3765; x_wconf 87' lang='lat' dir='ltr'><strong>referentes,</strong></span> <span class='ocrx_word' id='word_1_615' title='bbox 2981 3715 3218 3754; x_wconf 85' lang='lat' dir='ltr'><strong>oremus</strong></span> <span class='ocrx_word' id='word_1_616' title='bbox 3239 3698 3304 3766; x_wconf 78' lang='grc' dir='ltr'><strong>³ο,</strong></span> <span class='ocrx_word' id='word_1_617' title='bbox 3327 3702 3623 3771; x_wconf 82' lang='lat' dir='ltr'><strong>quatenus</strong></span> <span class='ocrx_word' id='word_1_618' title='bbox 3652 3703 3714 3754; x_wconf 84' lang='lat' dir='ltr'><strong>et</strong></span> <span class='ocrx_word' id='word_1_619' title='bbox 3741 3716 3882 3754; x_wconf 85' lang='lat' dir='ltr'><strong>eum</strong></span> 
     </span>
    </p>
   </div>
   <div class='ocr_carea' id='block_1_82' title="bbox 2219 3785 3884 3860">
    <p class='ocr_par' dir='ltr' id='par_1_82' title="bbox 2219 3785 3884 3860">
     <span class='ocr_line' id='line_1_82' title="bbox 2219 3785 3884 3860; baseline 0 -17"><span class='ocrx_word' id='word_1_620' title='bbox 2219 3789 2390 3846; x_wconf 92' lang='lat' dir='ltr'><strong>nobis</strong></span> <span class='ocrx_word' id='word_1_621' title='bbox 2450 3788 2549 3859; x_wconf 70' lang='lat'><strong>[£11.</strong></span> <span class='ocrx_word' id='word_1_622' title='bbox 2583 3788 2708 3844; x_wconf 86' lang='lat' dir='ltr'><strong>add.</strong></span> <span class='ocrx_word' id='word_1_623' title='bbox 2751 3789 2956 3844; x_wconf 90' lang='lat' dir='ltr'><strong>datum</strong></span> <span class='ocrx_word' id='word_1_624' title='bbox 3007 3785 3350 3860; x_wconf 87' lang='lat' dir='ltr'><strong>principem]</strong></span> <span class='ocrx_word' id='word_1_625' title='bbox 3385 3787 3456 3844; x_wconf 89' lang='lat' dir='ltr'><strong>ad</strong></span> <span class='ocrx_word' id='word_1_626' title='bbox 3507 3786 3764 3844; x_wconf 78' lang='lat' dir='ltr'><strong>salutem</strong></span> <span class='ocrx_word' id='word_1_627' title='bbox 3824 3795 3884 3844; x_wconf 84' lang='lat' dir='ltr'><strong>ct</strong></span> 
     </span>
    </p>
   </div>
   <div class='ocr_carea' id='block_1_83' title="bbox 2219 3875 3882 3945">
    <p class='ocr_par' dir='ltr' id='par_1_83' title="bbox 2219 3875 3882 3945">
     <span class='ocr_line' id='line_1_83' title="bbox 2219 3875 3882 3945; baseline -0.001 -13"><span class='ocrx_word' id='word_1_628' title='bbox 2219 3877 2617 3934; x_wconf 90' lang='lat' dir='ltr'><strong>defensionem</strong></span> <span class='ocrx_word' id='word_1_629' title='bbox 2648 3881 2864 3934; x_wconf 63' lang='lat' dir='ltr'><strong>sanctae</strong></span> <span class='ocrx_word' id='word_1_630' title='bbox 2907 3894 3026 3933; x_wconf 65' lang='lat' dir='ltr'><strong>sua:</strong></span> <span class='ocrx_word' id='word_1_631' title='bbox 3059 3875 3348 3945; x_wconf 67' lang='lat' dir='ltr'><strong>Ecclesiae,</strong></span> <span class='ocrx_word' id='word_1_632' title='bbox 3381 3881 3441 3932; x_wconf 88' lang='lat' dir='ltr'><strong>et</strong></span> <span class='ocrx_word' id='word_1_633' title='bbox 3483 3877 3558 3932; x_wconf 88' lang='lat' dir='ltr'><strong>ad</strong></span> <span class='ocrx_word' id='word_1_634' title='bbox 3589 3876 3882 3933; x_wconf 77' lang='lat' dir='ltr'><strong>auxilium</strong></span> 
     </span>
    </p>
   </div>
   <div class='ocr_carea' id='block_1_84' title="bbox 2220 3965 3878 4040">
    <p class='ocr_par' dir='ltr' id='par_1_84' title="bbox 2220 3965 3878 4040">
     <span class='ocr_line' id='line_1_84' title="bbox 2220 3965 3878 4040; baseline -0.001 -18"><span class='ocrx_word' id='word_1_635' title='bbox 2220 3971 2396 4040; x_wconf 89' lang='lat' dir='ltr'><strong>atque</strong></span> <span class='ocrx_word' id='word_1_636' title='bbox 2424 3968 2748 4040; x_wconf 88' lang='lat' dir='ltr'><strong>profectum</strong></span> <span class='ocrx_word' id='word_1_637' title='bbox 2767 3966 3034 4024; x_wconf 89' lang='lat' dir='ltr'><strong>omnium</strong></span> <span class='ocrx_word' id='word_1_638' title='bbox 3058 3971 3349 4034; x_wconf 89' lang='lat' dir='ltr'><strong>nostrum,</strong></span> <span class='ocrx_word' id='word_1_639' title='bbox 3371 3982 3508 4022; x_wconf 88' lang='lat' dir='ltr'><strong>cum</strong></span> <span class='ocrx_word' id='word_1_640' title='bbox 3535 3965 3731 4022; x_wconf 86' lang='lat' dir='ltr'><strong>salute</strong></span> <span class='ocrx_word' id='word_1_641' title='bbox 3759 3972 3818 4022; x_wconf 85' lang='lat' dir='ltr'><strong>et</strong></span> <span class='ocrx_word' id='word_1_642' title='bbox 3838 3969 3878 4000; x_wconf 83' lang='grc'><strong>³³</strong></span> 
     </span>
    </p>
   </div>
   <div class='ocr_carea' id='block_1_85' title="bbox 2220 4054 3884 4129">
    <p class='ocr_par' dir='ltr' id='par_1_85' title="bbox 2220 4054 3884 4129">
     <span class='ocr_line' id='line_1_85' title="bbox 2220 4054 3884 4129; baseline -0.002 -16"><span class='ocrx_word' id='word_1_643' title='bbox 2220 4074 2360 4129; x_wconf 88' lang='lat' dir='ltr'><strong>pace</strong></span> <span class='ocrx_word' id='word_1_644' title='bbox 2385 4061 2562 4129; x_wconf 91' lang='lat' dir='ltr'><strong>atque</strong></span> <span class='ocrx_word' id='word_1_645' title='bbox 2581 4054 3005 4128; x_wconf 89' lang='lat' dir='ltr'><strong>tranquillitate</strong></span> <span class='ocrx_word' id='word_1_646' title='bbox 3027 4055 3196 4112; x_wconf 89' lang='lat' dir='ltr'><strong>nobis</strong></span> <span class='ocrx_word' id='word_1_647' title='bbox 3219 4060 3521 4112; x_wconf 87' lang='lat' dir='ltr'><strong>conservet</strong></span> <span class='ocrx_word' id='word_1_648' title='bbox 3549 4054 3799 4122; x_wconf 89' lang='lat' dir='ltr'><strong>diutius,</strong></span> <span class='ocrx_word' id='word_1_649' title='bbox 3825 4063 3884 4111; x_wconf 83' lang='lat' dir='ltr'><strong>et</strong></span> 
     </span>
    </p>
   </div>
   <div class='ocr_carea' id='block_1_86' title="bbox 2220 4144 3882 4217">
    <p class='ocr_par' dir='ltr' id='par_1_86' title="bbox 2220 4144 3882 4217">
     <span class='ocr_line' id='line_1_86' title="bbox 2220 4144 3882 4217; baseline -0.002 -15"><span class='ocrx_word' id='word_1_650' title='bbox 2220 4163 2327 4202; x_wconf 91' lang='lat' dir='ltr'><strong>nos</strong></span> <span class='ocrx_word' id='word_1_651' title='bbox 2361 4145 2516 4202; x_wconf 81' lang='lat' dir='ltr'><strong>fideli</strong></span> <span class='ocrx_word' id='word_1_652' title='bbox 2564 4145 2867 4202; x_wconf 87' lang='lat' dir='ltr'><strong>devotione</strong></span> <span class='ocrx_word' id='word_1_653' title='bbox 2899 4144 2982 4200; x_wconf 92' lang='lat' dir='ltr'><strong>illi</strong></span> <span class='ocrx_word' id='word_1_654' title='bbox 3012 4145 3403 4217; x_wconf 90' lang='lat' dir='ltr'><strong>obsequentes</strong></span> <span class='ocrx_word' id='word_1_655' title='bbox 3450 4149 3630 4216; x_wconf 87' lang='lat' dir='ltr'><strong>atque</strong></span> <span class='ocrx_word' id='word_1_656' title='bbox 3678 4149 3882 4217; x_wconf 78' lang='lat' dir='ltr'><strong>aptata</strong></span> 
     </span>
    </p>
   </div>
   <div class='ocr_carea' id='block_1_87' title="bbox 2221 4231 3878 4303">
    <p class='ocr_par' dir='ltr' id='par_1_87' title="bbox 2221 4231 3878 4303">
     <span class='ocr_line' id='line_1_87' title="bbox 2221 4231 3878 4303; baseline -0.001 -13"><span class='ocrx_word' id='word_1_657' title='bbox 2221 4233 2540 4292; x_wconf 89' lang='lat' dir='ltr'><strong>salvatione</strong></span> <span class='ocrx_word' id='word_1_658' title='bbox 2558 4237 2603 4270; x_wconf 84' lang='grc'><strong>³³</strong></span> <span class='ocrx_word' id='word_1_659' title='bbox 2633 4236 2911 4303; x_wconf 88' lang='lat' dir='ltr'><strong>fruentes,</strong></span> <span class='ocrx_word' id='word_1_660' title='bbox 2939 4234 3050 4291; x_wconf 86' lang='lat' dir='ltr'><strong>sub</strong></span> <span class='ocrx_word' id='word_1_661' title='bbox 3083 4233 3245 4290; x_wconf 90' lang='lat' dir='ltr'><strong>illius</strong></span> <span class='ocrx_word' id='word_1_662' title='bbox 3276 4231 3787 4290; x_wconf 85' lang='lat' dir='ltr'><strong>administratione</strong></span> <span class='ocrx_word' id='word_1_663' title='bbox 3817 4234 3878 4289; x_wconf 90' lang='lat' dir='ltr'><strong>in</strong></span> 
     </span>
    </p>
   </div>
   <div class='ocr_carea' id='block_1_88' title="bbox 2221 4320 3876 4396">
    <p class='ocr_par' dir='ltr' id='par_1_88' title="bbox 2221 4320 3876 4396">
     <span class='ocr_line' id='line_1_88' title="bbox 2221 4320 3876 4396; baseline -0.001 -17"><span class='ocrx_word' id='word_1_664' title='bbox 2221 4340 2328 4379; x_wconf 89' lang='lat' dir='ltr'><strong>suo</strong></span> <span class='ocrx_word' id='word_1_665' title='bbox 2366 4323 2653 4396; x_wconf 90' lang='lat' dir='ltr'><strong>gubernet</strong></span> <span class='ocrx_word' id='word_1_666' title='bbox 2703 4321 2955 4380; x_wconf 88' lang='lat' dir='ltr'><strong>servitio.</strong></span> <span class='ocrx_word' id='word_1_667' title='bbox 2989 4323 3060 4379; x_wconf 87' lang='lat' dir='ltr'><strong>Et</strong></span> <span class='ocrx_word' id='word_1_668' title='bbox 3077 4323 3122 4357; x_wconf 81' lang='grc'>³³</span> <span class='ocrx_word' id='word_1_669' title='bbox 3153 4321 3201 4378; x_wconf 91' lang='lat' dir='ltr'><strong>si</strong></span> <span class='ocrx_word' id='word_1_670' title='bbox 3252 4320 3337 4377; x_wconf 91' lang='lat' dir='ltr'><strong>illi</strong></span> <span class='ocrx_word' id='word_1_671' title='bbox 3386 4320 3594 4394; x_wconf 83' lang='lat' dir='ltr'><strong>placet,</strong></span> <span class='ocrx_word' id='word_1_672' title='bbox 3628 4321 3876 4394; x_wconf 89' lang='lat' dir='ltr'><strong>dignum</strong></span> 
     </span>
    </p>
   </div>
   <div class='ocr_carea' id='block_1_89' title="bbox 2222 4410 3880 4488">
    <p class='ocr_par' dir='ltr' id='par_1_89' title="bbox 2222 4410 3880 4488">
     <span class='ocr_line' id='line_1_89' title="bbox 2222 4410 3880 4488; baseline -0.002 -20"><span class='ocrx_word' id='word_1_673' title='bbox 2222 4411 2336 4485; x_wconf 85' lang='lat' dir='ltr'><strong>ipsi</strong></span> <span class='ocrx_word' id='word_1_674' title='bbox 2359 4416 2416 4468; x_wconf 89' lang='lat' dir='ltr'><strong>et</strong></span> <span class='ocrx_word' id='word_1_675' title='bbox 2445 4411 2840 4468; x_wconf 89' lang='lat' dir='ltr'><strong>necessarium</strong></span> <span class='ocrx_word' id='word_1_676' title='bbox 2874 4411 3042 4468; x_wconf 91' lang='lat' dir='ltr'><strong>nobis</strong></span> <span class='ocrx_word' id='word_1_677' title='bbox 3075 4412 3193 4467; x_wconf 87' lang='lat' dir='ltr'><strong>fore</strong></span> <span class='ocrx_word' id='word_1_678' title='bbox 3214 4413 3259 4446; x_wconf 70' lang='lat'><strong>3‘</strong></span> <span class='ocrx_word' id='word_1_679' title='bbox 3279 4410 3528 4488; x_wconf 82' lang='lat' dir='ltr'><strong>videtur,</strong></span> <span class='ocrx_word' id='word_1_680' title='bbox 3555 4414 3620 4465; x_wconf 88' lang='lat' dir='ltr'><strong>ut</strong></span> <span class='ocrx_word' id='word_1_681' title='bbox 3648 4428 3718 4466; x_wconf 76' lang='lat' dir='ltr'><strong>ex</strong></span> <span class='ocrx_word' id='word_1_682' title='bbox 3751 4412 3880 4481; x_wconf 84' lang='lat' dir='ltr'><strong>ejus</strong></span> 
     </span>
    </p>
   </div>
   <div class='ocr_carea' id='block_1_90' title="bbox 2222 4498 3878 4574">
    <p class='ocr_par' dir='ltr' id='par_1_90' title="bbox 2222 4498 3878 4574">
     <span class='ocr_line' id='line_1_90' title="bbox 2222 4498 3878 4574; baseline -0.003 -15"><span class='ocrx_word' id='word_1_683' title='bbox 2222 4520 2319 4560; x_wconf 88' lang='lat' dir='ltr'><strong>ore</strong></span> <span class='ocrx_word' id='word_1_684' title='bbox 2345 4503 2678 4573; x_wconf 87' lang='lat' dir='ltr'><strong>audiamus,</strong></span> <span class='ocrx_word' id='word_1_685' title='bbox 2704 4503 2859 4574; x_wconf 92' lang='lat' dir='ltr'><strong>quod</strong></span> <span class='ocrx_word' id='word_1_686' title='bbox 2885 4519 2920 4558; x_wconf 90' lang='lat' dir='ltr'><strong>a</strong></span> <span class='ocrx_word' id='word_1_687' title='bbox 2943 4500 3449 4558; x_wconf 89' lang='lat' dir='ltr'><strong>Christianissimo</strong></span> <span class='ocrx_word' id='word_1_688' title='bbox 3471 4516 3605 4572; x_wconf 84' lang='lat' dir='ltr'><strong>rege</strong></span> <span class='ocrx_word' id='word_1_689' title='bbox 3627 4498 3786 4556; x_wconf 80' lang='lat' dir='ltr'><strong>ﬁdeli</strong></span> <span class='ocrx_word' id='word_1_690' title='bbox 3820 4513 3878 4562; x_wconf 71' lang='lat' dir='ltr'><strong>et</strong></span> 
     </span>
    </p>
   </div>
   <div class='ocr_carea' id='block_1_91' title="bbox 1730 4673 2600 4731">
    <p class='ocr_par' dir='ltr' id='par_1_91' title="bbox 1730 4673 2600 4731">
     <span class='ocr_line' id='line_1_91' title="bbox 1730 4673 2600 4731; baseline 0.002 -4"><span class='ocrx_word' id='word_1_691' title='bbox 1730 4673 2142 4731; x_wconf 76' lang='lat' dir='ltr'><strong>VARIANTES</strong></span> <span class='ocrx_word' id='word_1_692' title='bbox 2183 4673 2600 4730; x_wconf 83' lang='lat' dir='ltr'><strong>LECTIONES.</strong></span> 
     </span>
    </p>
   </div>
   <div class='ocr_carea' id='block_1_92' title="bbox 528 4815 2550 4877">
    <p class='ocr_par' dir='ltr' id='par_1_92' title="bbox 528 4815 2550 4877">
     <span class='ocr_line' id='line_1_92' title="bbox 528 4815 2550 4877; baseline 0 -6"><span class='ocrx_word' id='word_1_693' title='bbox 528 4815 544 4850; x_wconf 84' lang='grc'>¹</span> <span class='ocrx_word' id='word_1_694' title='bbox 573 4817 986 4874; x_wconf 87' lang='lat' dir='ltr'><strong>obmutescens</strong></span> <span class='ocrx_word' id='word_1_695' title='bbox 1025 4817 1085 4873; x_wconf 90' lang='lat' dir='ltr'><strong>in</strong></span> <span class='ocrx_word' id='word_1_696' title='bbox 1131 4820 1191 4873; x_wconf 83' lang='lat' dir='ltr'><strong>A.</strong></span> <span class='ocrx_word' id='word_1_697' title='bbox 1271 4821 1290 4854; x_wconf 80' lang='grc'><em>³</em></span> <span class='ocrx_word' id='word_1_698' title='bbox 1321 4821 1645 4876; x_wconf 90' lang='lat' dir='ltr'><strong>crastinum</strong></span> <span class='ocrx_word' id='word_1_699' title='bbox 1677 4821 1737 4874; x_wconf 86' lang='lat' dir='ltr'><strong>A.</strong></span> <span class='ocrx_word' id='word_1_700' title='bbox 1814 4823 1836 4853; x_wconf 82' lang='grc'>³</span> <span class='ocrx_word' id='word_1_701' title='bbox 1867 4819 2359 4877; x_wconf 87' lang='lat' dir='ltr'><strong>silvanectensum</strong></span> <span class='ocrx_word' id='word_1_702' title='bbox 2392 4819 2452 4872; x_wconf 86' lang='grc' dir='ltr'><strong>Α.</strong></span> <span class='ocrx_word' id='word_1_703' title='bbox 2529 4819 2550 4852; x_wconf 75' lang='grc'>⁸</span> 
     </span>
    </p>
   </div>
   <div class='ocr_carea' id='block_1_93' title="bbox 456 4884 3374 4962">
    <p class='ocr_par' dir='ltr' id='par_1_93' title="bbox 456 4884 3374 4962">
     <span class='ocr_line' id='line_1_93' title="bbox 456 4884 3374 4962; baseline 0.001 -20"><span class='ocrx_word' id='word_1_704' title='bbox 456 4884 680 4962; x_wconf 77' lang='lat' dir='ltr'><strong>legatos</strong></span> <span class='ocrx_word' id='word_1_705' title='bbox 721 4896 772 4962; x_wconf 82' lang='lat' dir='ltr'><strong>et</strong></span> <span class='ocrx_word' id='word_1_706' title='bbox 818 4889 1072 4962; x_wconf 86' lang='lat' dir='ltr'><strong>nuncius</strong></span> <span class='ocrx_word' id='word_1_707' title='bbox 1101 4906 1244 4962; x_wconf 58' lang='lat' dir='ltr'><strong>same</strong></span> <span class='ocrx_word' id='word_1_708' title='bbox 1273 4892 1509 4955; x_wconf 79' lang='lat' dir='ltr'><strong>adhibet,</strong></span> <span class='ocrx_word' id='word_1_709' title='bbox 1544 4892 1640 4947; x_wconf 81' lang='lat' dir='ltr'><strong>ubi</strong></span> <span class='ocrx_word' id='word_1_710' title='bbox 1671 4893 1765 4947; x_wconf 83' lang='lat' dir='ltr'><strong>Ch.</strong></span> <span class='ocrx_word' id='word_1_711' title='bbox 1799 4902 1849 4947; x_wconf 85' lang='lat' dir='ltr'><strong>et</strong></span> <span class='ocrx_word' id='word_1_712' title='bbox 1878 4893 1939 4946; x_wconf 86' lang='grc' dir='ltr'><strong>Β.</strong></span> <span class='ocrx_word' id='word_1_713' title='bbox 1975 4893 2214 4948; x_wconf 90' lang='lat' dir='ltr'><strong>missus.</strong></span> <span class='ocrx_word' id='word_1_714' title='bbox 2291 4892 2310 4924; x_wconf 83' lang='grc'>⁷</span> <span class='ocrx_word' id='word_1_715' title='bbox 2343 4884 2729 4947; x_wconf 73' lang='lat' dir='ltr'><strong>WinedisCh.</strong></span> <span class='ocrx_word' id='word_1_716' title='bbox 2798 4888 2827 4962; x_wconf 25' lang='lat'><strong>‘3</strong></span> <span class='ocrx_word' id='word_1_717' title='bbox 2857 4892 2916 4944; x_wconf 90' lang='lat' dir='ltr'><strong>et</strong></span> <span class='ocrx_word' id='word_1_718' title='bbox 2942 4886 3004 4942; x_wconf 83' lang='lat' dir='ltr'><strong>A.</strong></span> <span class='ocrx_word' id='word_1_719' title='bbox 3029 4884 3044 4886; x_wconf 68' lang='grc'><strong><em>“</em></strong></span> <span class='ocrx_word' id='word_1_720' title='bbox 3083 4889 3104 4922; x_wconf 72' lang='grc' dir='ltr'>θ</span> <span class='ocrx_word' id='word_1_721' title='bbox 3132 4904 3177 4943; x_wconf 92' lang='lat' dir='ltr'><strong>r.</strong></span> <span class='ocrx_word' id='word_1_722' title='bbox 3210 4892 3269 4962; x_wconf 85' lang='lat' dir='ltr'><strong>et</strong></span> <span class='ocrx_word' id='word_1_723' title='bbox 3315 4888 3374 4962; x_wconf 88' lang='lat' dir='ltr'><strong>in</strong></span> 
     </span>
    </p>
   </div>
   <div class='ocr_carea' id='block_1_94' title="bbox 453 4956 915 5015">
    <p class='ocr_par' dir='ltr' id='par_1_94' title="bbox 453 4956 915 5015">
     <span class='ocr_line' id='line_1_94' title="bbox 453 4956 915 5015; baseline 0.006 -2"><span class='ocrx_word' id='word_1_724' title='bbox 453 4956 701 5014; x_wconf 89' lang='lat' dir='ltr'><strong>linheim</strong></span> <span class='ocrx_word' id='word_1_725' title='bbox 731 4960 792 5015; x_wconf 82' lang='grc' dir='ltr'><strong>Α.</strong></span> <span class='ocrx_word' id='word_1_726' title='bbox 872 4961 915 4996; x_wconf 87' lang='grc'><strong>¹⁰</strong></span> 
     </span>
    </p>
   </div>
   <div class='ocr_carea' id='block_1_95' title="bbox 455 5029 874 5087">
    <p class='ocr_par' dir='ltr' id='par_1_95' title="bbox 455 5029 874 5087">
     <span class='ocr_line' id='line_1_95' title="bbox 455 5029 874 5087; baseline 0.002 -2"><span class='ocrx_word' id='word_1_727' title='bbox 455 5029 780 5087; x_wconf 84' lang='lat' dir='ltr'><strong>Haidonem</strong></span> <span class='ocrx_word' id='word_1_728' title='bbox 812 5033 874 5086; x_wconf 89' lang='lat' dir='ltr'><strong>A.</strong></span> 
     </span>
    </p>
   </div>
   <div class='ocr_carea' id='block_1_96' title="bbox 2581 4814 3872 4889">
    <p class='ocr_par' dir='ltr' id='par_1_96' title="bbox 2581 4814 3872 4889">
     <span class='ocr_line' id='line_1_96' title="bbox 2581 4814 3872 4889; baseline -0.002 -16"><span class='ocrx_word' id='word_1_729' title='bbox 2581 4832 2759 4889; x_wconf 84' lang='lat' dir='ltr'><strong>quam</strong></span> <span class='ocrx_word' id='word_1_730' title='bbox 2809 4815 3128 4889; x_wconf 77' lang='lat' dir='ltr'><strong>uxorejus</strong></span> <span class='ocrx_word' id='word_1_731' title='bbox 3158 4816 3217 4870; x_wconf 80' lang='grc' dir='ltr'><strong>Α.</strong></span> <span class='ocrx_word' id='word_1_732' title='bbox 3293 4814 3550 4889; x_wconf 15' lang='grc' dir='ltr'><strong>δίάεθδεᾼ.</strong></span> <span class='ocrx_word' id='word_1_733' title='bbox 3589 4887 3598 4889; x_wconf 96' lang='lat'><em>_</em></span> <span class='ocrx_word' id='word_1_734' title='bbox 3629 4817 3872 4889; x_wconf 67' lang='lat' dir='ltr'><strong>A._race.s</strong></span> 
     </span>
    </p>
   </div>
   <div class='ocr_carea' id='block_1_97' title="bbox 3465 4886 3872 5013">
    <p class='ocr_par' dir='ltr' id='par_1_97' title="bbox 3465 4886 3872 5013">
     <span class='ocr_line' id='line_1_97' title="bbox 3465 4886 3872 4943; baseline -0.002 -1"><span class='ocrx_word' id='word_1_735' title='bbox 3465 4886 3640 4943; x_wconf 88' lang='lat' dir='ltr'><strong>alatio</strong></span> <span class='ocrx_word' id='word_1_736' title='bbox 3690 4887 3772 4942; x_wconf 85' lang='lat' dir='ltr'><strong>En</strong></span> <span class='ocrx_word' id='word_1_737' title='bbox 3822 4888 3872 4928; x_wconf 86' lang='lat'><strong>&#39;-</strong></span> 
     </span>
     <span class='ocr_line' id='line_1_98' title="bbox 3465 4903 3870 5013; baseline 0 0"><span class='ocrx_word' id='word_1_738' title='bbox 3465 4959 3718 5013; x_wconf 78' lang='lat' dir='ltr'><strong>latonem</strong></span> 
     </span>
    </p>
   </div>
   <div class='ocr_carea' id='block_1_98' title="bbox 994 4959 3718 5035">
    <p class='ocr_par' dir='ltr' id='par_1_98' title="bbox 994 4959 3718 5035">
     <span class='ocr_line' id='line_1_99' title="bbox 994 4959 3718 5035; baseline -0.001 -19"><span class='ocrx_word' id='word_1_739' title='bbox 994 4978 1068 5017; x_wconf 90' lang='lat' dir='ltr'><strong>uo</strong></span> <span class='ocrx_word' id='word_1_740' title='bbox 1127 4959 1191 5016; x_wconf 74' lang='lat' dir='ltr'><strong>AI</strong></span> <span class='ocrx_word' id='word_1_741' title='bbox 1269 4963 1305 4997; x_wconf 87' lang='lat'>“</span> <span class='ocrx_word' id='word_1_742' title='bbox 1341 4965 1752 5035; x_wconf 88' lang='lat' dir='ltr'><strong>quoquomodo</strong></span> <span class='ocrx_word' id='word_1_743' title='bbox 1786 4964 1847 5018; x_wconf 82' lang='lat' dir='ltr'><strong>A.</strong></span> <span class='ocrx_word' id='word_1_744' title='bbox 1925 4965 1970 5035; x_wconf 53' lang='grc' dir='ltr'><strong>ξ’</strong></span> <span class='ocrx_word' id='word_1_745' title='bbox 2003 4962 2322 5035; x_wconf 25' lang='grc' dir='ltr'><strong>ηιθῑῑοεηΑ,</strong></span> <span class='ocrx_word' id='word_1_746' title='bbox 2403 4963 2445 4997; x_wconf 77' lang='grc'><strong>¹³</strong></span> <span class='ocrx_word' id='word_1_747' title='bbox 2477 4962 2541 5035; x_wconf 90' lang='lat' dir='ltr'><strong>f._</strong></span> <span class='ocrx_word' id='word_1_748' title='bbox 2569 4959 2920 5035; x_wconf 55' lang='lat' dir='ltr'><strong>etuveuiens</strong></span> <span class='ocrx_word' id='word_1_749' title='bbox 2977 4975 3164 5035; x_wconf 72' lang='lat' dir='ltr'><strong>usque</strong></span> <span class='ocrx_word' id='word_1_750' title='bbox 3221 4960 3282 5035; x_wconf 54' lang='grc' dir='ltr'><strong>Α,</strong></span> <span class='ocrx_word' id='word_1_751' title='bbox 3355 4960 3405 5035; x_wconf 77' lang='lat'><strong>_“</strong></span> <span class='ocrx_word' id='word_1_752' title='bbox 3429 4959 3718 5035; x_wconf 74' lang='lat' dir='ltr'><strong>Batonem</strong></span> 
     </span>
    </p>
   </div>
   <div class='ocr_carea' id='block_1_99' title="bbox 953 5029 3868 5104">
    <p class='ocr_par' dir='ltr' id='par_1_99' title="bbox 953 5029 3868 5104">
     <span class='ocr_line' id='line_1_100' title="bbox 953 5029 3868 5104; baseline -0.001 -16"><span class='ocrx_word' id='word_1_753' title='bbox 953 5029 995 5068; x_wconf 67' lang='grc'><strong>¹⁸</strong></span> <span class='ocrx_word' id='word_1_754' title='bbox 1025 5037 1082 5089; x_wconf 89' lang='lat' dir='ltr'><strong>et</strong></span> <span class='ocrx_word' id='word_1_755' title='bbox 1123 5050 1175 5088; x_wconf 87' lang='lat' dir='ltr'><strong>a.</strong></span> <span class='ocrx_word' id='word_1_756' title='bbox 1229 5037 1270 5089; x_wconf 91' lang='lat' dir='ltr'><strong>t.</strong></span> <span class='ocrx_word' id='word_1_757' title='bbox 1324 5029 1381 5089; x_wconf 44' lang='lat' dir='ltr'><strong>ul</strong></span> <span class='ocrx_word' id='word_1_758' title='bbox 1435 5029 1495 5089; x_wconf 58' lang='lat' dir='ltr'><strong>ef</strong></span> <span class='ocrx_word' id='word_1_759' title='bbox 1537 5035 1678 5091; x_wconf 85' lang='lat' dir='ltr'><strong>deest</strong></span> <span class='ocrx_word' id='word_1_760' title='bbox 1712 5036 1766 5089; x_wconf 77' lang='grc'><strong>4.</strong></span> <span class='ocrx_word' id='word_1_761' title='bbox 1848 5036 1889 5069; x_wconf 80' lang='grc'>¹⁶</span> <span class='ocrx_word' id='word_1_762' title='bbox 1921 5034 2325 5092; x_wconf 87' lang='lat' dir='ltr'><strong>DCCCLXVIII</strong></span> <span class='ocrx_word' id='word_1_763' title='bbox 2376 5035 2453 5090; x_wconf 84' lang='lat' dir='ltr'><strong>al.</strong></span> <span class='ocrx_word' id='word_1_764' title='bbox 2512 5031 2815 5104; x_wconf 85' lang='lat' dir='ltr'><strong>DCCCLIX</strong></span> <span class='ocrx_word' id='word_1_765' title='bbox 2872 5030 2932 5104; x_wconf 88' lang='lat' dir='ltr'><strong>A_.</strong></span> <span class='ocrx_word' id='word_1_766' title='bbox 3015 5029 3463 5104; x_wconf 44' lang='lat' dir='ltr'><strong>“singulariter</strong></span> <span class='ocrx_word' id='word_1_767' title='bbox 3518 5029 3754 5104; x_wconf 85' lang='lat' dir='ltr'><strong>salubre</strong></span> <span class='ocrx_word' id='word_1_768' title='bbox 3810 5031 3868 5085; x_wconf 84' lang='grc' dir='ltr'><strong>Α.</strong></span> 
     </span>
    </p>
   </div>
   <div class='ocr_carea' id='block_1_100' title="bbox 458 5101 3869 5178">
    <p class='ocr_par' dir='ltr' id='par_1_100' title="bbox 458 5101 3869 5178">
     <span class='ocr_line' id='line_1_101' title="bbox 458 5101 3869 5178; baseline -0 -21"><span class='ocrx_word' id='word_1_769' title='bbox 458 5102 500 5178; x_wconf 61' lang='lat' dir='ltr'><strong>fl}</strong></span> <span class='ocrx_word' id='word_1_770' title='bbox 528 5101 836 5178; x_wconf 79' lang='lat' dir='ltr'><strong>consilium</strong></span> <span class='ocrx_word' id='word_1_771' title='bbox 869 5120 936 5178; x_wconf 82' lang='lat' dir='ltr'><strong>ac</strong></span> <span class='ocrx_word' id='word_1_772' title='bbox 968 5105 1306 5178; x_wconf 80' lang='lat' dir='ltr'><strong>regnumA.</strong></span> <span class='ocrx_word' id='word_1_773' title='bbox 1387 5107 1498 5161; x_wconf 81' lang='grc' dir='ltr'><strong>¹⁰ο.</strong></span> <span class='ocrx_word' id='word_1_774' title='bbox 1524 5123 1590 5178; x_wconf 89' lang='lat' dir='ltr'><strong>ac</strong></span> <span class='ocrx_word' id='word_1_775' title='bbox 1620 5105 1977 5178; x_wconf 87' lang='lat' dir='ltr'><strong>professione</strong></span> <span class='ocrx_word' id='word_1_776' title='bbox 2009 5109 2069 5160; x_wconf 85' lang='lat' dir='ltr'><strong>A.</strong></span> <span class='ocrx_word' id='word_1_777' title='bbox 2146 5108 2191 5142; x_wconf 81' lang='grc'><strong>²⁰</strong></span> <span class='ocrx_word' id='word_1_778' title='bbox 2213 5102 2808 5178; x_wconf 39' lang='grc' dir='ltr'><strong>ᾶθΓθῑιάθνβιηρατὶιθς</strong></span> <span class='ocrx_word' id='word_1_779' title='bbox 2834 5101 3486 5178; x_wconf 53' lang='lat' dir='ltr'><strong>voluntatem&#39;etcorda</strong></span> <span class='ocrx_word' id='word_1_780' title='bbox 3514 5101 3780 5178; x_wconf 75' lang='lat' dir='ltr'><strong>omnium</strong></span> <span class='ocrx_word' id='word_1_781' title='bbox 3811 5104 3869 5178; x_wconf 62' lang='grc' dir='ltr'><strong>ις.</strong></span> 
     </span>
    </p>
   </div>
   <div class='ocr_carea' id='block_1_101' title="bbox 456 5172 3868 5262">
    <p class='ocr_par' dir='ltr' id='par_1_101' title="bbox 456 5172 3868 5262">
     <span class='ocr_line' id='line_1_102' title="bbox 456 5172 3868 5262; baseline 0 -34"><span class='ocrx_word' id='word_1_782' title='bbox 531 5173 992 5262; x_wconf 44' lang='lat' dir='ltr'><strong>salutem-totius</strong></span> <span class='ocrx_word' id='word_1_783' title='bbox 1020 5172 1286 5262; x_wconf 66' lang='lat' dir='ltr'><strong>Ecclesiae</strong></span> <span class='ocrx_word' id='word_1_784' title='bbox 1317 5181 1373 5233; x_wconf 90' lang='lat' dir='ltr'><strong>et</strong></span> <span class='ocrx_word' id='word_1_785' title='bbox 1403 5172 2108 5262; x_wconf 30' lang='lat' dir='ltr'><strong>populiOprzedestinatuni</strong></span> <span class='ocrx_word' id='word_1_786' title='bbox 2141 5179 2204 5232; x_wconf 84' lang='lat' dir='ltr'><strong>A.</strong></span> <span class='ocrx_word' id='word_1_787' title='bbox 2280 5180 2325 5212; x_wconf 80' lang='grc'><strong>²²</strong></span> <span class='ocrx_word' id='word_1_788' title='bbox 2355 5179 2461 5262; x_wconf 57' lang='lat' dir='ltr'><strong>alii</strong></span> <span class='ocrx_word' id='word_1_789' title='bbox 2497 5172 2730 5262; x_wconf 66' lang='lat' dir='ltr'><strong>habeat.</strong></span> <span class='ocrx_word' id='word_1_790' title='bbox 2755 5175 2946 5262; x_wconf 51' lang='lat' dir='ltr'><strong>‘Bouo.</strong></span> <span class='ocrx_word' id='word_1_791' title='bbox 3023 5175 3067 5209; x_wconf 79' lang='grc'><strong>³³</strong></span> <span class='ocrx_word' id='word_1_792' title='bbox 3098 5175 3237 5262; x_wconf 74' lang='lat' dir='ltr'><strong>quia</strong></span> <span class='ocrx_word' id='word_1_793' title='bbox 3266 5175 3518 5262; x_wconf 74' lang='lat' dir='ltr'><strong>depique</strong></span> <span class='ocrx_word' id='word_1_794' title='bbox 3548 5172 3644 5256; x_wconf 76' lang='lat' dir='ltr'><strong>ille</strong></span> <span class='ocrx_word' id='word_1_795' title='bbox 3673 5174 3778 5255; x_wconf 79' lang='lat' dir='ltr'><strong>qui</strong></span> <span class='ocrx_word' id='word_1_796' title='bbox 3809 5173 3868 5229; x_wconf 80' lang='grc' dir='ltr'><strong>Δ.</strong></span> 
     </span>
    </p>
   </div>
   <div class='ocr_carea' id='block_1_102' title="bbox 455 5246 3870 5323">
    <p class='ocr_par' dir='ltr' id='par_1_102' title="bbox 455 5246 3870 5323">
     <span class='ocr_line' id='line_1_103' title="bbox 455 5246 3870 5323; baseline 0 -23"><span class='ocrx_word' id='word_1_797' title='bbox 455 5246 502 5323; x_wconf 58' lang='grc' dir='ltr'><strong>’ξ</strong></span> <span class='ocrx_word' id='word_1_798' title='bbox 533 5246 918 5323; x_wconf 77' lang='lat' dir='ltr'><strong>unanimitate</strong></span> <span class='ocrx_word' id='word_1_799' title='bbox 967 5250 1226 5323; x_wconf 65' lang='lat' dir='ltr'><strong>praetegit</strong></span> <span class='ocrx_word' id='word_1_800' title='bbox 1273 5246 1430 5323; x_wconf 79' lang='lat' dir='ltr'><strong>hunc</strong></span> <span class='ocrx_word' id='word_1_801' title='bbox 1463 5246 1647 5323; x_wconf 58' lang='lat' dir='ltr'><strong>regni</strong></span> <span class='ocrx_word' id='word_1_802' title='bbox 1678 5249 1861 5323; x_wconf 88' lang='lat' dir='ltr'><strong>hujus</strong></span> <span class='ocrx_word' id='word_1_803' title='bbox 1919 5249 2208 5323; x_wconf 66' lang='lat' dir='ltr'><strong>hazredem</strong></span> <span class='ocrx_word' id='word_1_804' title='bbox 2252 5266 2382 5323; x_wconf 86' lang='lat' dir='ltr'><strong>esse</strong></span> <span class='ocrx_word' id='word_1_805' title='bbox 2408 5251 2470 5323; x_wconf 63' lang='grc' dir='ltr'><strong>Α.</strong></span> <span class='ocrx_word' id='word_1_806' title='bbox 2548 5250 2592 5283; x_wconf 72' lang='grc' dir='ltr'><strong>’δ</strong></span> <span class='ocrx_word' id='word_1_807' title='bbox 2621 5246 2889 5323; x_wconf 77' lang='lat' dir='ltr'><strong>videlicet</strong></span> <span class='ocrx_word' id='word_1_808' title='bbox 2945 5246 3290 5323; x_wconf 59' lang='lat' dir='ltr'><strong>prasentem</strong></span> <span class='ocrx_word' id='word_1_809' title='bbox 3326 5246 3499 5323; x_wconf 68' lang='lat' dir='ltr'><strong>hunc</strong></span> <span class='ocrx_word' id='word_1_810' title='bbox 3548 5246 3870 5323; x_wconf 81' lang='lat' dir='ltr'><strong>principem</strong></span> 
     </span>
    </p>
   </div>
   <div class='ocr_carea' id='block_1_103' title="bbox 456 5318 3869 5391">
    <p class='ocr_par' dir='ltr' id='par_1_103' title="bbox 456 5318 3869 5391">
     <span class='ocr_line' id='line_1_104' title="bbox 456 5318 3869 5391; baseline -0.001 -18"><span class='ocrx_word' id='word_1_811' title='bbox 456 5318 518 5391; x_wconf 66' lang='grc' dir='ltr'><strong>Α.</strong></span> <span class='ocrx_word' id='word_1_812' title='bbox 593 5319 639 5353; x_wconf 74' lang='grc'><strong>³⁸</strong></span> <span class='ocrx_word' id='word_1_813' title='bbox 669 5323 802 5391; x_wconf 90' lang='lat' dir='ltr'><strong>post</strong></span> <span class='ocrx_word' id='word_1_814' title='bbox 832 5318 1034 5376; x_wconf 39' lang='lat' dir='ltr'><strong>hec—v.</strong></span> <span class='ocrx_word' id='word_1_815' title='bbox 1064 5318 1171 5376; x_wconf 51' lang='grc' dir='ltr'><strong>ΑΓ</strong></span> <span class='ocrx_word' id='word_1_816' title='bbox 1202 5323 1245 5356; x_wconf 70' lang='grc' dir='ltr'><strong>τ’</strong></span> <span class='ocrx_word' id='word_1_817' title='bbox 1275 5322 1418 5378; x_wconf 76' lang='lat' dir='ltr'><strong>deest</strong></span> <span class='ocrx_word' id='word_1_818' title='bbox 1445 5323 1507 5376; x_wconf 85' lang='lat' dir='ltr'><strong>A.</strong></span> <span class='ocrx_word' id='word_1_819' title='bbox 1529 5318 1556 5323; x_wconf 63' lang='grc'>⁷</span> <span class='ocrx_word' id='word_1_820' title='bbox 1584 5323 1626 5355; x_wconf 72' lang='grc'><strong>²⁸</strong></span> <span class='ocrx_word' id='word_1_821' title='bbox 1651 5318 1796 5376; x_wconf 66' lang='lat' dir='ltr'><strong>deest</strong></span> <span class='ocrx_word' id='word_1_822' title='bbox 1824 5323 1885 5376; x_wconf 83' lang='lat' dir='ltr'><strong>A.</strong></span> <span class='ocrx_word' id='word_1_823' title='bbox 1964 5323 2008 5356; x_wconf 81' lang='grc'>²⁹</span> <span class='ocrx_word' id='word_1_824' title='bbox 2035 5322 2179 5378; x_wconf 77' lang='lat' dir='ltr'><strong>deest</strong></span> <span class='ocrx_word' id='word_1_825' title='bbox 2207 5323 2268 5376; x_wconf 83' lang='grc' dir='ltr'><strong>Α.</strong></span> <span class='ocrx_word' id='word_1_826' title='bbox 2346 5322 2390 5356; x_wconf 79' lang='grc' dir='ltr'>³ο</span> <span class='ocrx_word' id='word_1_827' title='bbox 2419 5321 2563 5378; x_wconf 75' lang='lat' dir='ltr'><strong>deest</strong></span> <span class='ocrx_word' id='word_1_828' title='bbox 2591 5321 2654 5377; x_wconf 82' lang='lat' dir='ltr'><strong>A.</strong></span> <span class='ocrx_word' id='word_1_829' title='bbox 2730 5321 2772 5354; x_wconf 82' lang='grc'>³¹</span> <span class='ocrx_word' id='word_1_830' title='bbox 2805 5318 2993 5374; x_wconf 82' lang='lat' dir='ltr'><strong>salute</strong></span> <span class='ocrx_word' id='word_1_831' title='bbox 3021 5322 3080 5391; x_wconf 82' lang='lat' dir='ltr'><strong>et</strong></span> <span class='ocrx_word' id='word_1_832' title='bbox 3106 5319 3251 5376; x_wconf 78' lang='lat' dir='ltr'><strong>deest</strong></span> <span class='ocrx_word' id='word_1_833' title='bbox 3322 5320 3368 5354; x_wconf 72' lang='grc'><strong>⁸³</strong></span> <span class='ocrx_word' id='word_1_834' title='bbox 3398 5318 3572 5391; x_wconf 83' lang='lat' dir='ltr'><strong>atque</strong></span> <span class='ocrx_word' id='word_1_835' title='bbox 3603 5318 3869 5375; x_wconf 88' lang='lat' dir='ltr'><strong>observa-</strong></span> 
     </span>
    </p>
   </div>
   <div class='ocr_carea' id='block_1_104' title="bbox 456 5388 706 5446">
    <p class='ocr_par' dir='ltr' id='par_1_104' title="bbox 456 5388 706 5446">
     <span class='ocr_line' id='line_1_105' title="bbox 456 5388 706 5446; baseline 0.008 -2"><span class='ocrx_word' id='word_1_836' title='bbox 456 5388 616 5446; x_wconf 88' lang='lat' dir='ltr'><strong>tione</strong></span> <span class='ocrx_word' id='word_1_837' title='bbox 646 5388 706 5446; x_wconf 82' lang='grc' dir='ltr'><strong>Ᾰ.</strong></span> 
     </span>
    </p>
   </div>
   <div class='ocr_carea' id='block_1_105' title="bbox 783 5389 3130 5465">
    <p class='ocr_par' dir='ltr' id='par_1_105' title="bbox 783 5389 3130 5465">
     <span class='ocr_line' id='line_1_106' title="bbox 783 5389 3130 5465; baseline -0 -18"><span class='ocrx_word' id='word_1_838' title='bbox 783 5392 829 5425; x_wconf 84' lang='grc'>³³</span> <span class='ocrx_word' id='word_1_839' title='bbox 855 5393 930 5447; x_wconf 88' lang='lat' dir='ltr'><strong>At</strong></span> <span class='ocrx_word' id='word_1_840' title='bbox 958 5392 1008 5447; x_wconf 91' lang='lat' dir='ltr'><strong>si</strong></span> <span class='ocrx_word' id='word_1_841' title='bbox 1039 5392 1077 5448; x_wconf 92' lang='lat' dir='ltr'><strong>i.</strong></span> <span class='ocrx_word' id='word_1_842' title='bbox 1113 5409 1168 5465; x_wconf 93' lang='lat' dir='ltr'><strong>p.</strong></span> <span class='ocrx_word' id='word_1_843' title='bbox 1203 5397 1260 5449; x_wconf 93' lang='lat' dir='ltr'><strong>et</strong></span> <span class='ocrx_word' id='word_1_844' title='bbox 1289 5392 1688 5450; x_wconf 89' lang='lat' dir='ltr'><strong>necessarium</strong></span> <span class='ocrx_word' id='word_1_845' title='bbox 1718 5393 1882 5450; x_wconf 91' lang='lat' dir='ltr'><strong>vobis</strong></span> <span class='ocrx_word' id='word_1_846' title='bbox 1912 5411 2040 5450; x_wconf 90' lang='lat' dir='ltr'><strong>esse</strong></span> <span class='ocrx_word' id='word_1_847' title='bbox 2070 5395 2299 5450; x_wconf 90' lang='lat' dir='ltr'><strong>videtur</strong></span> <span class='ocrx_word' id='word_1_848' title='bbox 2329 5395 2634 5450; x_wconf 90' lang='lat' dir='ltr'><strong>hortamur</strong></span> <span class='ocrx_word' id='word_1_849' title='bbox 2663 5392 2722 5447; x_wconf 83' lang='grc' dir='ltr'><strong>Α.</strong></span> <span class='ocrx_word' id='word_1_850' title='bbox 2800 5391 2845 5424; x_wconf 69' lang='grc'>³⁸</span> <span class='ocrx_word' id='word_1_851' title='bbox 2875 5406 3004 5447; x_wconf 91' lang='lat' dir='ltr'><strong>esse</strong></span> <span class='ocrx_word' id='word_1_852' title='bbox 3034 5389 3130 5446; x_wconf 82' lang='lat' dir='ltr'><strong>Ch.</strong></span> 
     </span>
    </p>
   </div>
   <div class='ocr_carea' id='block_1_106' title="bbox 2057 5565 2293 5622">
    <p class='ocr_par' dir='ltr' id='par_1_106' title="bbox 2057 5565 2293 5622">
     <span class='ocr_line' id='line_1_107' title="bbox 2057 5565 2293 5622; baseline -0.008 -1"><span class='ocrx_word' id='word_1_853' title='bbox 2057 5565 2293 5622; x_wconf 65' lang='lat' dir='ltr'><strong>NOTxE.</strong></span> 
     </span>
    </p>
   </div>
   <div class='ocr_carea' id='block_1_107' title="bbox 533 5691 3862 5772">
    <p class='ocr_par' dir='ltr' id='par_1_107' title="bbox 533 5691 3862 5772">
     <span class='ocr_line' id='line_1_108' title="bbox 533 5691 3862 5772; baseline -0.001 -25"><span class='ocrx_word' id='word_1_854' title='bbox 533 5691 662 5772; x_wconf 50' lang='lat' dir='ltr'><strong>time</strong></span> <span class='ocrx_word' id='word_1_855' title='bbox 719 5694 960 5753; x_wconf 91' lang='lat' dir='ltr'><strong>indictio</strong></span> <span class='ocrx_word' id='word_1_856' title='bbox 991 5699 1247 5754; x_wconf 87' lang='lat' dir='ltr'><strong>secunda</strong></span> <span class='ocrx_word' id='word_1_857' title='bbox 1296 5700 1779 5756; x_wconf 81' lang='lat' dir='ltr'><strong>Constantiniana</strong></span> <span class='ocrx_word' id='word_1_858' title='bbox 1827 5705 1938 5766; x_wconf 78' lang='lat' dir='ltr'><strong>est,</strong></span> <span class='ocrx_word' id='word_1_859' title='bbox 1971 5717 2098 5771; x_wconf 73' lang='lat' dir='ltr'><strong>qua:</strong></span> <span class='ocrx_word' id='word_1_860' title='bbox 2149 5701 2383 5756; x_wconf 89' lang='lat' dir='ltr'><strong>initium</strong></span> <span class='ocrx_word' id='word_1_861' title='bbox 2445 5699 2887 5772; x_wconf 86' lang='lat' dir='ltr'><strong>sumpsitadic</strong></span> <span class='ocrx_word' id='word_1_862' title='bbox 2914 5699 2985 5752; x_wconf 83' lang='grc'><strong>24</strong></span> <span class='ocrx_word' id='word_1_863' title='bbox 3035 5695 3258 5753; x_wconf 90' lang='lat' dir='ltr'><strong>mensis</strong></span> <span class='ocrx_word' id='word_1_864' title='bbox 3316 5691 3673 5767; x_wconf 83' lang='lat' dir='ltr'><strong>Septembris</strong></span> <span class='ocrx_word' id='word_1_865' title='bbox 3730 5691 3862 5746; x_wconf 85' lang='lat' dir='ltr'><strong>anni</strong></span> 
     </span>
    </p>
   </div>
   <div class='ocr_carea' id='block_1_108' title="bbox 460 5764 797 5829">
    <p class='ocr_par' dir='ltr' id='par_1_108' title="bbox 460 5764 797 5829">
     <span class='ocr_line' id='line_1_109' title="bbox 460 5764 797 5829; baseline 0.015 -14"><span class='ocrx_word' id='word_1_866' title='bbox 460 5764 583 5818; x_wconf 85' lang='lat'><strong>868.</strong></span> <span class='ocrx_word' id='word_1_867' title='bbox 620 5765 797 5829; x_wconf 83' lang='lat' dir='ltr'><strong>Bouo.</strong></span> 
     </span>
    </p>
   </div>
  </div>
