4074 6542
121 497 133 509 .
227 442 420 508 1269

1069 449 1426 512 ANNALES
1470 446 1884 511 HINCMABO
1929 447 2440 512 DUBITANTER
2483 449 2868 514 ASCRIPTI.

3515 445 3673 510 1270

225 579 572 646 sententia,
607 583 672 636 ut
701 579 893 636 locum
927 584 984 636 et
1013 583 1268 655 spatium
1300 583 1616 654 pwnitendi
1648 582 1907 648 haberet,
1939 581 1995 648 Α
2025 585 2210 649 rante,
2243 583 2431 640 redire
2487 584 2823 656 pravaleret
2849 603 2862 653 ;
2892 583 3100 640 deinde
3158 580 3450 656 disposuit
3501 581 3671 637 illum

223 674 297 726 et
332 670 608 742 graviora
638 670 988 726 admittendi
1019 671 1356 728 facultatem
1390 675 1428 740 ¹,
1459 673 1612 728 sicut
1666 671 1914 727 medita-

223 759 450 827 batur,
469 777 583 815 non
607 759 866 826 haberet,
888 760 1213 817 luminibus
1245 760 1664 818 acclamatione
1683 765 1914 816 cuncto-

224 865 387 905 rum
435 848 537 921 qui
587 849 904 904 adfuerunt
961 850 1175 918 orbari,
1209 855 1504 922 quatenus
1538 849 1863 922 perniciosa
1891 851 1913 884 ⁸

2026 671 2271 727 Romam
2305 672 2572 746 dirigere,
2608 674 2730 738 sed,
2757 673 3118 746 quibusdam
3150 669 3672 729 intervenientibus

2024 760 2238 829 causis,
2271 760 2381 818 iter
2409 761 2553 820 illud
2587 762 2830 818 dimisit.

2096 848 2494 919 Hludowieus,
2519 851 2836 924 imperator
2857 851 3054 924 Italiae,
3078 851 3138 906 in
3159 851 3357 922 Capua
3385 847 3668 915 residens,

225 957 388 1012 spes
419 955 622 1012 pacem
654 938 977 995 odientium
1011 940 1081 995 de
1113 939 1210 995 illo
1245 940 1530 996 frustrata
1559 941 1724 1006 foret,
1749 943 1806 994 et
1827 955 1913 994 ee-
2021 943 2252 994 mortuo
2266 941 2394 1011 jam
2418 940 2743 996 Landberto
2775 940 2956 1008 calvo,
2980 945 3036 997 et
3058 943 3328 1012 pervento
3351 939 3392 974 ¹¹
3425 936 3669 1010 patricio

222 1028 429 1085 clesia
457 1027 559 1084 Dei
589 1044 654 1082 ac
687 1027 1094 1084 ehristianitas
1125 1028 1186 1082 in
1220 1045 1397 1100 regno
1427 1029 1556 1099 ejus
1588 1044 1723 1083 eum
1758 1028 1908 1082 infe-

222 1117 500 1174 statione
531 1132 897 1188 paganorum
932 1116 1218 1173 seditione
1265 1116 1544 1172 exitiabili
1579 1117 1909 1190 perturbari

227 1224 368 1263 non
401 1210 615 1280 posset.

308 1295 722 1362 Hludowicus,
747 1294 1070 1352 Germania:
1097 1313 1213 1362 rex,
1249 1299 1381 1352 ante
1414 1295 1777 1352 nativitatem
1804 1300 1905 1352 Do-

222 1384 391 1442 mini
423 1385 496 1441 ad
529 1385 965 1440 Franconofurd
1002 1385 1290 1457 palatium
1319 1387 1494 1452 venit,
1528 1385 1729 1457 ibique
1761 1385 1907 1441 nati-

219 1474 485 1531 vitatem
507 1473 741 1530 Domini
764 1473 1158 1542 celebravit,et
1181 1473 1462 1546 placitum
1487 1490 1660 1529 suum
1685 1473 1899 1530 ibidem

223 1564 400 1620 circa
449 1563 741 1619 Kalendas
774 1563 1071 1618 Februarii
1103 1563 1378 1630 condixit,
1415 1581 1529 1636 quo
1563 1562 1714 1618 ﬁlios
1761 1581 1900 1620 suos

225 1651 657 1709 Hludowieum
685 1656 742 1706 et
772 1651 1044 1706 Carolum
1076 1668 1211 1707 cum
1244 1653 1376 1708 aliis
1409 1651 1898 1719 ﬁdelibus,homi-

227 1759 345 1798 nes
379 1758 612 1814 quoque
656 1741 754 1812 qui
787 1741 857 1796 de
890 1758 1066 1813 regno
1099 1743 1399 1814 quondam
1435 1741 1690 1797 Lotharii
1720 1741 1804 1796 illi
1836 1759 1897 1798 se

226 1829 821 1897 commendaverunt,
855 1830 1160 1886 convenire
1219 1831 1508 1902 praecepit.
1544 1832 1613 1886 Et
1642 1831 1782 1886 dum
1815 1832 1894 1887 ibi

2019 1027 2390 1100 imperatoris
2438 1031 2768 1086 Graecorum
2816 1047 2950 1086 cum
2992 1031 3160 1086 hoste
3190 1030 3249 1084 in
3281 1027 3510 1084 civitate
3539 1043 3667 1099 quae

2021 1117 2355 1189 llydrontus
2378 1119 2418 1153 ¹²
2448 1119 2664 1174 dicitur
2695 1120 2755 1174 in
2785 1119 3068 1174 auxilium
3101 1120 3664 1180 Beneventanorum,

2018 1206 2116 1277 qui
2149 1223 2393 1264 censum
2443 1209 2596 1279 quod
2651 1208 3102 1280 imperatoribus
3139 1205 3390 1263 Francia:
3419 1208 3664 1261 eatenus

2015 1294 2234 1351 dabant
2259 1295 2344 1351 illi
2388 1295 2790 1368 persoluturos
2822 1313 2883 1352 se
2911 1296 3352 1368 promittebant,
3383 1293 3662 1366 quoniam

2013 1382 2182 1439 aliter
2209 1385 2552 1458 Adalgisum
2611 1385 2872 1442 obtinere
2917 1403 3031 1441 non
3083 1389 3328 1456 poterat,
3363 1380 3665 1438 mandavit

2015 1473 2332 1544 apostolico
2355 1473 2609 1530 Johanni
2636 1476 2697 1543 '3,
2724 1473 3008 1547 compatri
3039 1472 3320 1546 Adalgisi,
3345 1477 3411 1528 ut
3431 1473 3501 1528 ad
3523 1489 3658 1529 eum

2011 1562 2083 1616 ad
2107 1562 2488 1635 Campaniam
2512 1565 2554 1598 ¹⁴
2572 1563 2812 1629 veniret,
2834 1569 2890 1619 et
2911 1563 3022 1620 sibi
3042 1561 3386 1635 Adalgisum
3411 1561 3662 1620 reconci-

2008 1649 2196 1720 liaret,
2225 1651 2424 1708 volens
2481 1657 2792 1720 ostentare,
2827 1653 2982 1724 quod
3043 1651 3213 1724 quasi
3264 1651 3658 1708 intercedente

2007 1739 2159 1795 beati
2195 1740 2344 1796 Petri
2375 1741 2586 1798 vicario
2616 1743 2810 1813 ipsum
2858 1741 3199 1815 Adalgisum
3251 1741 3550 1812 reciperet,
3584 1741 3656 1796 de

2007 1846 2120 1900 quo
2151 1830 2469 1901 juraverat,
2505 1831 2660 1903 quod
2722 1848 3025 1903 nunquam
3085 1831 3154 1886 de
3211 1831 3330 1887 illis
3386 1831 3652 1904 partibus

226 1919 494 1993 degeret,
526 1919 684 1974 venit
731 1919 799 1974 ad
849 1917 1140 1986 Carolum,
1195 1920 1380 1975 ﬁlium
1439 1921 1590 1990 ejus,
1625 1919 1892 1976 diabolus
1926 1951 1974 2016 Β
2006 1918 2304 1976 rediturus
2331 1923 2485 1976 esset
2515 1925 2830 1992 antequam
2860 1919 3029 1976 illum
3061 1923 3330 1992 caperet;
3361 1937 3538 1992 quem
3569 1939 3653 1978 re-

225 2009 669 2081 transﬁgurans
695 2025 756 2063 se
787 2008 846 2062 in
878 2008 1154 2080 angelum
1185 2009 1424 2078 lucis,et
1445 2009 1589 2064 dixit
1609 2009 1885 2082 illi,quod

224 2101 402 2170 pater
451 2097 581 2169 ejus
633 2097 732 2168 qui
779 2096 946 2152 illum
994 2114 1173 2154 causa
1227 2098 1658 2164 Carolomanni,
1692 2099 1886 2158 fratris

225 2184 348 2253 sui,
384 2185 626 2258 perdere
657 2185 1025 2253 moliebatur,
1059 2187 1242 2241 Deum
1291 2187 1579 2242 offensum
1624 2187 1884 2256 haberet,

222 2277 286 2330 et
310 2291 561 2347 regnum
586 2274 644 2329 in
667 2275 825 2330 brevi
866 2274 1178 2342 amitteret,
1202 2281 1260 2331 et
1283 2277 1471 2332 eidem
1497 2276 1698 2332 Carolo
1730 2277 1885 2333 Deus

221 2361 378 2419 illud
427 2379 675 2436 regnum
727 2363 1066 2418 habendum
1101 2365 1453 2436 dispositum
1485 2366 1504 2399 ³
1534 2365 1792 2436 haberet,
1827 2371 1884 2422 et

223 2453 386 2524 quod
412 2450 557 2508 illud
585 2452 644 2506 in
689 2451 952 2524 proximo
983 2451 1292 2509 obtineret.
1329 2454 1456 2526 Ipse
1486 2459 1680 2509 autem
1712 2458 1882 2510 Caro-

220 2538 321 2598 lus
352 2539 562 2597 timore
592 2541 988 2614 perterritus‘,
1015 2543 1156 2614 quia
1183 2543 1384 2598 domui
1428 2543 1486 2598 in
1519 2560 1636 2614 qua
1665 2542 1883 2599 latebat

221 2629 578 2698 adhaerebat,
603 2629 912 2686 ecclesiam
939 2634 1029 2685 est
1049 2630 1496 2703 ingressus,quo
1519 2647 1655 2686 eum
1688 2631 1884 2688 diabo-

217 2717 317 2774 lus
347 2722 438 2774 est
467 2719 792 2783 insecutus,
824 2718 918 2774 cui
951 2719 1163 2774 iterum
1198 2719 1370 2773 dixit:
1405 2720 1515 2774 Cur
1545 2722 1701 2775 times
1731 2728 1782 2775 et
1797 2724 1881 2793 fu-

220 2804 347 2877 αἱδί
364 2824 497 2862 nam
523 2809 641 2863 nisi
668 2824 736 2864 ex
761 2809 866 2864 Deo
897 2811 1180 2875 venissem,
1217 2809 1317 2864 tibi
1373 2809 1710 2864 adnuntians
1754 2826 1880 2881 quae

224 2897 288 2952 in
308 2899 562 2969 proximo
590 2905 718 2952 sunt
741 2899 952 2968 futura,
987 2899 1047 2952 in
1109 2897 1252 2952 hanc
1307 2897 1527 2952 domum
1585 2899 1805 2954 Domini
1830 2907 1880 2955 te

223 3001 452 3058 sequens
479 3002 590 3042 non
620 2987 906 3041 intrarem.
945 2985 1042 3040 His
1073 2990 1127 3042 et
1158 2985 1288 3040 aliis
1333 2985 1634 3041 blanditiis
1665 2987 1715 3041 ei
1747 3004 1878 3060 per-

228 3074 438 3142 suasit,
477 3079 538 3130 ut
563 3075 1036 3130 communionem
1071 3093 1104 3131 a
1135 3075 1250 3130 Deo
1310 3075 1418 3130 sibi
1479 3075 1724 3131 missam
1755 3078 1776 3110 ⁸
1807 3077 1878 3132 de

227 3179 406 3219 manu
428 3163 589 3220 illius
610 3165 914 3236 acciperet,
941 3164 1095 3220 sicut
1116 3168 1172 3220 et
1194 3163 1334 3242 fecit
1350 3181 1362 3231 ;
1399 3168 1454 3218 et
1485 3169 1617 3236 post
1645 3164 1875 3221 buccel-

225 3251 342 3309 lam
374 3252 497 3324 ipse
529 3253 818 3309 Sathanas
849 3253 1087 3308 intravit
1119 3255 1177 3308 in
1211 3270 1366 3308 eum.
1399 3253 1649 3309 Veniens
1679 3259 1874 3310 autem

2001 2021 2136 2062 vera
2164 2008 2378 2064 virtute
2409 2027 2515 2064 sua
2545 2009 2807 2065 obtinere
2839 2026 2954 2064 non
2981 2013 3198 2081 posset.

2067 2095 2308 2152 Carolus
2339 2097 2565 2154 hostem
2598 2097 2916 2154 denuneiat
2946 2099 2988 2132 ¹⁵
3018 2116 3222 2155 versus
3261 2099 3645 2170 Britanniam,

1996 2187 2062 2238 ut
2093 2184 2411 2240 Normanni
2446 2185 2546 2258 qui
2588 2186 2916 2258 Andegavis
2974 2185 3268 2242 civitatem
3325 2205 3646 2261 occupave-

1995 2277 2267 2338 rant,non
2299 2279 2674 2330 autumarent
2705 2292 2768 2332 se
2792 2275 3069 2331 adversus
3101 2293 3200 2332 eos
3228 2275 3367 2331 illuc
3398 2276 3643 2346 iturum,

1993 2378 2065 2416 ne
2094 2363 2163 2416 ad
2187 2361 2300 2418 alia
2322 2362 2448 2418 loca
2468 2360 2530 2418 in
2554 2363 2766 2436 quibus
2792 2364 2872 2419 ita
2893 2365 3214 2437 constringi
3245 2382 3360 2420 non
3383 2372 3644 2438 possent,

1993 2451 2358 2522 aut'ugerent.
2391 2452 2544 2507 Dum
2585 2457 2782 2508 autem
2813 2451 2952 2506 illuc
2983 2458 3268 2524 pergeret,
3303 2454 3363 2508 in
3393 2454 3520 2527 ipso
3550 2455 3642 2512 iti-

1992 2555 2129 2594 nere
2159 2539 2504 2595 nunciatum
2537 2545 2626 2596 est
2657 2540 2729 2607 ei,
2763 2541 2919 2613 quod
2983 2541 3234 2598 factione
3294 2543 3491 2600 fratris
3550 2547 3641 2602 sui

1991 2628 2342 2700 Hludowici,
2378 2629 2700 2684 Germaniae
2751 2629 2925 2703 regis,
2961 2629 3424 2688 Carolomannus
3455 2651 3642 2689 caecus

1990 2734 2093 2788 per
2112 2717 2379 2773 homines
2392 2719 2689 2790 quondam
2713 2736 2870 2775 suos.
2887 2719 3390 2778 consentientibus
3410 2723 3642 2779 duobus

1989 2805 2572 2878 pseudo-monachis,
2607 2808 2678 2862 de
2709 2807 2950 2862 Corbeia
2981 2809 3021 2842 ¹⁶
3049 2809 3405 2865 monasterio
3438 2811 3637 2868 subla-

1987 2899 2104 2963 tus,
2129 2898 2186 2949 et
2207 2895 2278 2950 ad
2301 2894 2712 2952 Hludowieum
2737 2897 2930 2964 fuerit,
2955 2896 3279 2954 cohaerente
3301 2899 3340 2933 ¹⁷
3370 2916 3437 2956 ac
3467 2899 3640 2957 inter-

1987 2983 2252 3040 veniente
2279 2983 2588 3052 Adalardo,
2622 2984 2681 3040 in
2715 3002 2884 3041 suam
2925 2985 3395 3043 contrarietatem
3423 2991 3636 3061 perdu-

1987 3077 2136 3128 ctus.
2163 3072 2326 3130 Unde
2348 3091 2461 3129 non
2484 3091 2836 3148 magnopere
2859 3080 2947 3132 est
2968 3075 3206 3132 Carolus
3229 3079 3634 3149 conturbatus,

1987 3163 2086 3218 sed
2119 3163 2228 3218 iter
2258 3168 2510 3234 ereptum
2545 3181 2846 3236 peragens,
2881 3182 3016 3220 eum
3050 3165 3216 3221 hoste
3246 3166 3487 3224 collecta
3504 3169 3638 3225 civi-

1986 3255 2166 3306 tatem
2204 3252 2526 3324 Andegavis
2557 3283 2624 3292 ——
2655 3253 2711 3306 in
2746 3270 2862 3324 qua
2891 3253 3236 3309 Nortmanni
3267 3255 3636 3328 depopulatis

227 3343 298 3398 ad
330 3346 552 3415 patrem
584 3359 782 3408 suurn,
819 3346 875 3397 et
905 3341 1166 3397 residens
1197 3342 1255 3396 in
1290 3341 1531 3398 consilio
1577 3344 1704 3414 ejus
1739 3359 1874 3398 eum
1903 3319 1946 3386 CI
1987 3339 2342 3412 quibusdam
2366 3341 2863 3407 urbibus,eversis
2884 3341 3158 3408 castellis,
3185 3345 3555 3401 monasteriis
3577 3351 3636 3403 et

230 3432 406 3487 fratre
461 3435 517 3486 et
575 3430 705 3486 aliis
758 3431 1030 3486 ﬁdelibus
1061 3463 1128 3472 η-
1158 3436 1279 3486 tam
1311 3433 1602 3503 episcopis
1647 3448 1824 3504 quam
1855 3433 1876 3467 ⁶

229 3519 394 3576 laicis
426 3519 526 3592 [id.
561 3519 685 3575 add.
719 3521 904 3591 patris
941 3519 1075 3592 sui],
1108 3551 1176 3560 —
1206 3519 1401 3576 subito
1461 3521 1697 3576 invasus
1745 3538 1875 3576 sur-

227 3609 388 3679 rexit,
422 3613 481 3664 et
525 3609 687 3676 dixit,
724 3609 863 3681 quia
922 3609 1184 3664 seculum
1243 3609 1415 3664 vellet
1473 3609 1787 3676 dimittere,
1821 3616 1877 3665 et

227 3697 361 3770 quia
390 3715 626 3754 uxorem
660 3715 829 3754 suam
863 3698 1080 3753 carnali
1115 3698 1465 3753 commercio
1501 3717 1613 3752 non
1646 3698 1871 3754 contin-

227 3789 449 3860 geret",
482 3792 538 3843 et
587 3787 974 3859 discingcns“
1006 3804 1066 3842 se
1133 3793 1319 3858 spata,
1382 3787 1584 3843 cadere
1641 3787 1701 3842 in
1759 3793 1872 3844 ter-

227 3875 551 3932 mm'illam
579 3875 863 3949 permisit,
889 3881 945 3930 et
967 3893 1100 3930 eum
1125 3893 1185 3931 se
1207 3875 1378 3930 vellet
1399 3875 1632 3932 haltheo
1656 3875 1874 3932 discin-

229 3982 355 4038 gere
367 3971 422 4021 et
432 3963 778 4021 vestimento
801 3981 1030 4029 exuere,
1052 3964 1227 4036 coepit
1247 3963 1458 4020 vexari.
1483 3964 1872 4036 Comprehen-

230 4070 327 4109 sus
343 4059 536 4110 autem
561 4054 634 4110 ab
657 4053 944 4126 episcopis
969 4057 1026 4107 et
1048 4053 1120 4108 ab
1142 4051 1274 4108 aliis
1291 4051 1690 4122 viris,turbato
1712 4057 1874 4126 patre

232 4147 284 4198 et
296 4143 566 4200 omnibus
581 4143 678 4215 qui
703 4141 1487 4213 adfuerunt,vehementique
1501 4145 1593 4198 stu
1601 4158 1738 4214 pore
1751 4159 1876 4214 per-

232 4231 424 4299 culsis,
457 4232 671 4288 ductus
720 4237 809 4286 est
856 4231 918 4286 in
951 4229 1276 4286 ecclesiam.
1307 4231 1376 4285 Et
1408 4229 1742 4287 Lintbertus
1775 4249 1872 4287 ar-

233 4320 627 4393 chiepiscopus
686 4320 937 4376 induens
979 4337 1040 4374 se
1079 4318 1541 4375 sacerdotalibus
1587 4320 1868 4389 vestibus,

233 4409 466 4467 missam
499 4415 734 4465 cantare
765 4410 974 4481 empit;
1011 4425 1262 4480 cumque
1293 4412 1530 4462 ventum
1561 4409 1769 4464 fuisset
1800 4410 1870 4464 ad

230 4498 409 4555 locum
439 4497 742 4571 evangelii,
769 4497 942 4570 coepit
964 4496 1194 4568 magnis
1212 4495 1451 4551 vocibus
1472 4497 1874 4570 patrialingua

230 4589 444 4659 vte‘°(a)
459 4589 710 4644 clamare
727 4605 740 4654 ;
757 4591 814 4642 et
828 4587 911 4642 sic
933 4585 1226 4641 continuis
1247 4585 1738 4642 voeibusvtcillud
1753 4586 1869 4642 cla-

1984 3428 2244 3485 eeclesiis
2278 3430 2552 3498 incensis,
2577 3435 2633 3485 et
2663 3431 2817 3503 agris
2849 3431 2907 3486 in
2943 3431 3324 3488 solitudinem
3357 3434 3629 3503 redactis,

1977 3518 2100 3590 jam
2161 3518 2438 3573 diuturno
2497 3524 2754 3592 tempore
2815 3519 3524 3591 residebant—obsedit,
3578 3528 3634 3580 et

1986 3624 2120 3678 sepe
2143 3606 2462 3662 fortissima
2491 3608 2896 3676 circumdedit,
2923 3609 3253 3676 Salomone,
3279 3612 3425 3668 duce
3457 3613 3636 3668 Brito-

1985 3712 2150 3760 num,
2186 3696 2338 3752 ultra
2368 3696 2715 3752 Meduanam
2738 3698 2810 3768 (b)
2837 3697 3077 3752 fluvium
3107 3715 3240 3753 cum
3267 3699 3433 3756 hoste
3455 3702 3636 3757 Brito-

1985 3801 2126 3838 num
2159 3785 2218 3839 in
2248 3785 2376 3855 ejus
2407 3784 2620 3840 auxilio
2652 3787 2958 3840 residente.
2993 3786 3063 3841 Et
3092 3787 3234 3842 dum
3264 3787 3506 3846 Carolus
3537 3807 3634 3845 rex

1984 3872 2043 3927 in
2075 3872 2184 3928 hoc
2245 3873 2474 3946 negotio
2530 3880 2849 3946 occupatus
2907 3879 3080 3946 esset,
3116 3873 3390 3932 Salomon
3441 3877 3631 3934 ﬁlium

1984 3977 2179 4028 suum,
2215 3961 2450 4017 nomine
2499 3962 2727 4033 Wigon,
2763 3963 2835 4018 ad
2890 3979 3026 4018 eum
3086 3979 3221 4019 cum
3271 3963 3632 4036 primoribus

1983 4049 2290 4106 Britonum
2320 4050 2502 4118 misit,
2529 4049 2627 4122 qui
2660 4050 2817 4106 ﬁlius
2847 4051 2976 4122 ejus
3006 4068 3069 4108 se
3098 4051 3300 4108 Carolo
3332 4070 3632 4110 commen-

1983 4139 2160 4207 davit,
2185 4143 2243 4194 et
2265 4138 2605 4194 ﬁdelitatem
2629 4155 2823 4194 coram
2847 4139 3121 4196 ﬁdelibus
3143 4141 3269 4196 suis
3291 4141 3373 4196 illi
3387 4143 3628 4212 juravit.

1984 4231 2209 4286 Interea
2231 4229 2349 4284 Rod
2361 4228 2516 4285 ull‘us
2537 4230 3064 4302 Nortmannus,qui
3088 4231 3276 4287 multa
3298 4232 3526 4289 malain
3547 4249 3632 4288 re-

1981 4335 2096 4392 gno
2153 4317 2341 4374 Caroli
2397 4322 2749 4386 exercuerat,
2787 4317 2846 4372 in
2877 4336 3054 4392 regno
3114 4319 3444 4376 Hludowivi
3493 4338 3628 4378 cum

1983 4407 2324 4480 quingentis
2355 4411 2412 4461 et
2439 4424 2505 4462 eo
2537 4406 2793 4478 amplius
2827 4406 3211 4479 complicibus
3241 4409 3367 4465 suis
3397 4410 3652 4482 occisus,

1982 4502 2091 4565 est,
2117 4497 2318 4552 Carolo
2339 4513 2471 4552 vero
2495 4495 2769 4552 residenti
2797 4498 2836 4531 ‘3
2862 4513 3030 4553 secus
3067 4497 3395 4571 Andegavis
3425 4499 3629 4556 civita-

1981 4590 2119 4654 tem,
2156 4603 2268 4640 non
2301 4585 2523 4640 incerta
2552 4583 2832 4640 relatione
2861 4585 2970 4639 hoc
3002 4585 3343 4643 nunciatur:
3374 4587 3622 4644 Multitu-

232 4677 417 4746 mavit,
443 4693 629 4749 usque
656 4677 798 4732 dum
821 4675 1005 4731 missa
1035 4674 1326 4730 celebrata
1350 4674 1477 4729 fuit.
1502 4678 1685 4740 Quem
1709 4681 1874 4747 pater
1902 4695 1947 4758 Ι)
1980 4676 2052 4731 do
2075 4674 2364 4747 siquidem
2397 4673 2758 4730 locustarum
2782 4691 2886 4746 per
2904 4675 3278 4732 Germaniam
3297 4676 3357 4732 in
3387 4669 3617 4738 Gallias,

231 4768 346 4839 ejus
377 4766 666 4839 episcopis
697 4771 754 4821 et
781 4765 913 4820 aliis
947 4763 1217 4820 ﬁdelibus
1241 4763 1339 4836 [ίιί.
1376 4763 1501 4817 add.
1535 4763 1683 4836 suis]
1715 4781 1866 4820 com-

1979 4765 2230 4820 maxime
2266 4769 2464 4820 autem
2497 4763 2554 4817 in
2581 4763 2945 4836 Hispaniam,
2969 4765 3111 4822 adeo
3143 4783 3204 4822 se
3234 4760 3430 4822 effudit
3461 4759 3525 4827 ³⁸,
3557 4763 3622 4815 ut

142 4883 150 4890 -
234 4856 588 4928 mittens,per
609 4871 776 4912 saera
797 4853 925 4910 loca
946 4857 1283 4908 sanctorum
1307 4857 1630 4924 martyrum
1659 4854 1865 4910 deduci
1976 4854 2322 4927 Egyptiaeze
2357 4852 2537 4925 plagae
2568 4853 2823 4924 potuerit
2851 4856 3197 4926 comparari.
3217 4845 3620 4917 HludowicUS.

233 4943 507 5018 praecepit,
529 4948 820 5017 quatenus
851 4942 1086 4998 illorum
1120 4941 1343 4997 meritis
1369 4945 1425 4996 et
1456 4940 1868 4999 orationibusa

234 5034 479 5090 daemone
499 5032 883 5101 liberatus,ad
909 5047 1111 5088 sanam
1138 5029 1669 5096 mentem,Domino
1691 5031 1865 5086 mise-

1977 4961 2076 5000 rex
2133 4940 2475 5007 Germaniae,
2528 4942 2682 5012 apud
2740 4941 2936 4998 Mettis
2995 4942 3278 5004 civitatem
3338 4935 3620 5010 placitum

1979 5047 2153 5088 suum
2209 5033 2405 5086 tenere
2463 5029 2803 5102 disponens,
2850 5030 3128 5087 nuncium
3186 5025 3428 5097 accepit,
3462 5027 3621 5100 quod

1494 5144 1905 5204 VARIANTES
1945 5146 2361 5204 LECTIONES.

298 5267 314 5301 ³
341 5263 530 5322 locum
563 5266 638 5321 al.
674 5270 774 5334 Bg.
807 5263 970 5321 locus
999 5269 1056 5319 et
1085 5263 1342 5335 spatium
1376 5280 1424 5318 s.
1459 5280 1536 5318 m.
1574 5280 1688 5319 non
1721 5264 1957 5320 daretur
1983 5267 2047 5321 A.

724 5328 746 5371 ῖ
771 5337 831 5391 Ρ.
865 5328 1171 5408 ecclesiam
1203 5339 1290 5390 est
1321 5334 1624 5408 ingressus
1653 5352 1781 5406 quze
1813 5337 2013 5392 domui
2043 5337 2102 5392 in
2133 5328 2251 5408 qua
2271 5335 2508 5406 jacebat
2535 5329 2863 5408 aghterebat
2893 5332 2953 5408 A_._
3031 5331 3050 5363 ⁵
3079 5329 3159 5408 Μἶ
3189 5333 3255 5384 ut
3284 5328 3621 5408 aiebatﬁ_._°

238 5337 481 5410 proximo
513 5342 612 5410 Bg.

239 5400 395 5481 quam
425 5413 483 5466 et
513 5400 677 5481 laieis
708 5409 802 5462 Ch.
845 5410 863 5481 ξι
897 5407 1204 5481 con-tigerit
1231 5408 1298 5481 A_.
1357 5400 1875 5481 8"discinde'ns‘Ch.
1952 5409 1974 5443 θ
2005 5408 2068 5481 In
2101 5400 2317 5481 t.:dee§t
2353 5410 2410 5463 Α.
2461 5405 2708 5481 fio-Deest
2739 5400 2834 5481 Ch.
2891 5402 3099 5481 Δξιηειρρ

1056 5423 1204 5512 gerit
1231 5423 1298 5460 Α.
1357 5423 1376 5440 ο
1408 5423 1746 5462 uisemuens
1779 5423 1875 5464 un.
1953 5423 1974 5443 '
2005 5423 2068 5462 1n
2101 5423 2140 5463 t.
2173 5423 2317 5463 deest
2353 5423 2410 5463 Α.
2491 5423 2708 5480 ηςυσεδι
2739 5423 2834 5456 ut.
2915 5423 2955 5435 ··
2977 5423 3232 5486 .applusu
3271 5423 3336 5482 1}.
3418 5423 3458 5436 ··
3488 5423 3618 5458 nlu-

1081 5480 1101 5512 δ
1131 5479 1284 5550 apud
1317 5494 1564 5550 capuam
1593 5480 1657 5533 A.
1722 5479 1762 5512 “5
1793 5479 2097 5536 denuntiat
2131 5480 2225 5534 Ch.
2297 5480 2338 5514 ¹⁶
2360 5477 2584 5534 corbelo
2617 5473 2713 5527 Ch.
2743 5477 2809 5528 Β.
2888 5475 2929 5508 ³⁷
2961 5475 3150 5528 luerat
3171 5471 3532 5528 cohibendus
3551 5477 3618 5528 A.

238 5479 424 5552 reatus
455 5482 550 5536 Ch.
594 5481 637 5518 ³³
654 5479 860 5552 joanni
882 5480 989 5552 Ch.

239 5553 275 5589 ¹⁸
301 5551 600 5610 Residente
631 5549 726 5607 Ch.
807 5552 848 5588 ‘9
875 5550 1136 5606 Eﬁ'undit
1166 5549 1257 5604 Ch.

303 5769 374 5840 (α)
402 5766 780 5836 Germanice;
817 5765 1095 5824 scribitur
1119 5766 1245 5837 jam
1279 5763 1431 5819 weh!

2161 5266 2182 5297 ³
2212 5263 2529 5336 pernitiosa
2561 5267 2654 5323 Ch.
2755 5259 2783 5336 ἧι
2813 5255 2939 5336 Cod.
2967 5257 3352 5336 reg._habere_t
3375 5257 3620 5336 quodin

3109 5400 3232 5456 ulso
3271 5402 3336 5456 A.
3418 5401 3460 5436 ¹²
3488 5401 3620 5458 hid-

1806 5649 2038 5707 NOT/E.

2059 5766 2130 5833 (ὴ)
2160 5760 2442 5832 Mayenne.
