4074 6536
193 433 364 496 1281

1025 434 1384 494 ANNALES
1431 431 1840 494 HINCMARO
1878 429 2389 493 BUBITANTER
2431 431 2808 494 ASCRIPTI.

3465 441 3622 504 ηδε

190 567 416 639 ibique
445 565 700 622 natalem
732 565 965 622 Domini
1011 566 1322 624 celebravit
1363 583 1515 623 anno
1557 565 1860 622 dominicae
1889 565 1948 633 Α
1979 567 2150 636 prout
2171 565 2467 637 quantitas
2497 567 2604 622 loci
2630 568 2838 637 extitit,
2862 569 2931 622 ad
2958 569 3109 624 idem
3133 571 3420 628 tributum
3441 575 3624 632 exsol-

190 654 634 712 incarnationis
667 657 793 711 877.

815 744 1256 801 DCCCLXXVII.

273 833 702 890 Convalescens
735 835 930 889 autem
963 849 1066 907 per
1091 833 1448 890 Carisiacum
1481 835 1552 890 ad
1586 834 1867 908 Compen-

190 923 378 980 dium
407 923 596 992 venit;
648 922 750 978 ubi
799 923 942 979 dum
972 926 1320 990 moraretur,
1352 922 1512 980 ﬁlius
1557 925 1687 996 ejus
1738 923 1861 996 qui,

194 1016 526 1086 antequam
558 1012 847 1070 Richildis
877 1013 949 1069 ad
979 1013 1386 1069 Antennacum
1417 1013 1656 1082 veniret,
1681 1013 1740 1069 in
1770 1013 1866 1070 via

195 1106 388 1159 natus
433 1102 646 1172 fuerat,
697 1101 1060 1172 inﬁrmatur;
1112 1106 1170 1158 et
1217 1119 1251 1158 a
1291 1103 1536 1169 Bosonc,
1578 1102 1863 1160 avunculo

196 1207 337 1260 suo,
354 1191 424 1246 de
445 1191 603 1248 fonte
621 1193 954 1264 susceptus,
969 1189 1211 1246 Carolus
1231 1190 1571 1246 nominatus
1593 1189 1861 1259 moritur,

196 1285 261 1336 et
291 1280 370 1336 ad
402 1279 828 1336 monasterium
858 1279 1046 1336 sancti
1079 1278 1337 1352 Dionysii
1371 1279 1742 1351 sepeliendus
1773 1279 1866 1335 de-

199 1369 398 1426 fertur
420 1371 460 1425 ι.
501 1367 744 1426 Carolus
790 1372 987 1428 autem
1034 1367 1354 1442 imperator
1401 1370 1460 1424 in
1508 1367 1864 1441 Compendio

197 1457 725 1532 quadragesimam
755 1474 1061 1531 peragens,
1093 1457 1313 1530 pascha
1341 1457 1572 1514 Domini
1604 1457 1865 1514 celebra-

195 1548 311 1615 vit,
336 1551 396 1604 et
425 1547 640 1604 missos
665 1545 992 1620 *apostolici
1034 1545 1343 1617 Johannis,
1375 1547 1610 1604 Petrum
1640 1547 1864 1620 episco-

198 1652 351 1708 pum
393 1635 905 1709 Foro—Simpronii,
939 1635 1197 1708 itemque
1237 1635 1470 1692 Petrum
1521 1637 1864 1709 episcopum

199 1724 570 1800 Scnogalliae,
624 1725 915 1799 suscepit;
949 1741 1052 1798 per
1100 1714 1248 1798 quos
1291 1729 1410 1780 tam
1458 1725 1652 1782 verbis
1685 1743 1864 1798 quam

197 1815 418 1870 litteris
447 1830 582 1870 cum
614 1814 914 1870 Johannes
945 1813 1303 1887 apostolicus
1342 1815 1587 1871 Romam
1617 1817 1863 1884 vocavit,

201 1908 522 1978 quatenus,
547 1904 700 1960 sicut
730 1903 1098 1976 promiserat,
1125 1907 1388 1960 sanctam
1419 1905 1741 1961 Romanam
1773 1921 1866 1960 ec-
1893 1941 1944 2006 Β

201 1992 448 2050 clesiam
483 2009 516 2048 a
546 1993 794 2066 paganis
821 1991 1037 2064 quibus
1067 1992 1474 2060 int‘estabatur,
1505 1993 1756 2066 eriperet
1785 1999 1869 2049 at-

203 2099 326 2155 que
355 2081 710 2138 defenderet.
739 2081 1014 2138 Kalendis
1046 2081 1182 2137 Maii
1221 2082 1527 2154 episcopos
1560 2082 1868 2139 Remensis

206 2169 518 2246 provincia:
549 2171 651 2228 sed
685 2175 741 2226 et
771 2169 1019 2228 aliarum
1051 2169 1484 2244 provinciarum
1509 2171 1867 2244 Compendio

205 2261 564 2330 convocavit,
595 2263 654 2317 et
683 2259 994 2317 ecclesiam
1025 2277 1204 2332 quam
1255 2259 1316 2316 in
1361 2259 1565 2316 eodem
1615 2259 1868 2316 oratorio

206 2353 634 2418 construxerat,
649 2366 782 2406 cum
807 2348 996 2405 multo
1019 2353 1304 2422 apparatu
1333 2348 1392 2404 in
1415 2366 1522 2405 sua
1546 2354 1604 2405 et
1625 2367 1700 2405 nu
1711 2350 1868 2406 ncio-

207 2440 376 2494 rum”I
398 2437 729 2512 apostolicae
748 2437 904 2494 sedis
927 2437 1236 2511 praesentia
1253 2438 1325 2494 ab
1341 2437 1561 2494 eisdem
1581 2437 1869 2512 episcopis

206 2527 538 2584 consecrari
558 2526 710 2597 fecit,
725 2527 865 2583 inde
885 2527 1168 2600 placitum
1185 2543 1360 2583 suum
1381 2527 1650 2600 generale
1665 2527 1872 2584 Kalen-

209 2617 321 2674 das
345 2616 424 2690 (a)
452 2614 632 2672 Julii3
659 2615 892 2686 habuit,
932 2614 1033 2672 ubi
1071 2632 1176 2690 per
1211 2615 1470 2690 capitula
1492 2619 1592 2688 (ὁ),
1621 2617 1872 2689 qualiter

212 2722 460 2780 regnum
489 2705 746 2762 Franciae
778 2704 938 2762 ﬁlius
959 2706 1104 2762 suus
1128 2704 1512 2763 Hludowicus
1535 2723 1668 2763 cum
1691 2706 1872 2764 ﬁdeli-

214 2797 328 2852 bus
344 2796 473 2867 ejus
489 2799 548 2850 et
567 2793 730 2867 regni
753 2793 1110 2866 primoribus
1131 2800 1568 2868 regeret,usque
1587 2797 1726 2852 dum
1746 2797 1872 2869 ipse

219 2885 407 2940 Roma
427 2882 660 2952 rediret,
676 2883 987 2951 ordinavit,
1012 2887 1070 2939 et
1086 2885 1378 2956 quomodo
1400 2884 1686 2940 tributum
1711 2887 1780 2958 (c)
1800 2886 1872 2941 de

221 2975 384 3045 parte
413 2971 574 3046 regni
609 2971 864 3028 Francia:
906 2988 1086 3044 quam
1127 2977 1264 3029 ante
1317 2977 1564 3030 mortem
1617 2974 1872 3030 Lotharii

220 3061 450 3128 habuit,
473 3061 577 3118 sed
607 3065 666 3117 et
695 3061 766 3118 de
795 3061 1155 3134 Burgundia,
1188 3061 1536 3136 exigeretur.
1559 3063 1870 3138 disposuit,

223 3149 446 3208 scilicet
466 3154 532 3208 ut
551 3151 623 3208 de
643 3150 870 3208 mansis
891 3150 1329 3208 indominicatis
1345 3153 1423 3222 (ἁ)
1445 3152 1670 3210 solidus
1694 3171 1872 3226 unus,

224 3241 293 3297 de
325 3255 678 3314 unoquoque
701 3255 910 3296 manso
940 3239 1224 3312 ingenuili
1245 3241 1268 3274 ‘
1288 3245 1542 3313 quatuor
1561 3242 1781 3298 denarii
1802 3243 1874 3298 de

1971 654 2225 709 vendum
2257 660 2564 726 acceptum
2589 655 2714 713 fuit.
2741 657 2988 713 Summa
3005 674 3140 714 vero
3159 659 3363 716 tributi
3386 661 3625 720 fuerunt

1973 743 2234 816 quinque
2264 743 2428 800 milia
2458 745 2616 800 librm
2649 746 2872 818 argenti
2923 747 2995 802 ad
3047 764 3312 820 pensam.
3347 750 3436 806 llli
3466 768 3621 824 vero,

1971 836 2092 889 tam
2117 832 2374 906 episc0pi
2398 851 2577 906 quam
2598 839 2656 891 et
2675 834 2910 908 alii,qui
2941 840 3104 892 trans
3126 837 3457 911 Sequanam
3483 845 3625 896 sunt

1972 923 2044 978 de
2065 921 2356 990 Neustria,
2375 923 2664 979 tributum
2685 923 2802 980 illis
2827 925 3208 983 Nortmannis
3229 927 3328 1000 qui
3351 927 3410 984 in
3435 929 3626 1002 Ligeri

1971 1016 2157 1080 erant,
2190 1012 2518 1068 secundum
2549 1013 2706 1085 quod
2739 1013 2852 1070 sibi
2891 1014 2964 1070 ab
2994 1015 3080 1072 eis
3112 1015 3226 1071 fuit
3253 1015 3624 1090 impositum,

1972 1101 2386 1173 undecumque
2410 1099 2738 1170 valuerunt,
2768 1103 3009 1160 reddere
3040 1109 3516 1176 procuraverunt.

2044 1195 2302 1246 Domnus
2343 1194 2539 1246 autem
2581 1190 2901 1262 imperator
2929 1191 3171 1249 Carolus
3219 1194 3292 1250 de
3335 1193 3627 1252 Carisiaco

1972 1279 2420 1352 Compendium,
2450 1279 2703 1351 indeque
2732 1295 2834 1351 per
2863 1279 3238 1338 Suessionem
3270 1283 3343 1340 ad
3377 1283 3627 1342 Remum

1972 1367 2286 1438 civitatem,
2309 1371 2366 1423 et
2392 1366 2476 1424 sic
2501 1367 2612 1423 iter
2635 1383 2809 1424 suum
2841 1385 2945 1440 per
2963 1368 3314 1428 Catalaunos
3342 1375 3401 1428 et
3425 1372 3628 1430 'Ponti-

1972 1473 2182 1530 gonem
2206 1461 2382 1529 atque
2405 1457 2697 1530 Lingones
2718 1473 3004 1530 peragens
3027 1457 3250 1530 [AnnaL
3273 1459 3481 1517 νεάωι.
3499 1461 3628 1518 add.

1973 1549 2177 1602 contra
2205 1545 2562 1602 voluntatem
2601 1551 2888 1615 suorum],
2913 1563 3046 1602 cum
3081 1564 3258 1604 uxore
3285 1553 3343 1605 et
3373 1549 3632 1606 maxime

1975 1635 2100 1691 auri
2133 1640 2190 1690 et
2221 1635 2446 1708 argenti
2488 1633 2967 1707 caballorumque
2999 1651 3065 1690 ac
3096 1635 3447 1694 facultatum
3487 1637 3631 1694 alia-

1975 1741 2103 1780 rum
2129 1725 2294 1796 copia
2316 1725 2386 1779 de
2410 1723 2654 1779 Francia
2673 1723 2899 1779 Italiam
2927 1724 3113 1797 petiit.
3131 1726 3201 1780 Et
3218 1726 3457 1784 veniens
3477 1727 3632 1784 ultra

1973 1814 2185 1870 Jurum
2211 1815 2232 1848 ⁵
2265 1829 2452 1884 usque
2481 1813 2554 1868 ad
2591 1813 2826 1882 Urbem,
2860 1814 3090 1870 obviam
3141 1814 3350 1872 habuit
3378 1817 3630 1890 Adalga-

1976 1905 2128 1960 rium
2170 1903 2532 1976 episcopum,
2567 1918 2742 1974 quem
2789 1919 2991 1958 mense
3041 1902 3355 1960 Februario
3386 1905 3630 1963 Romam

1975 1993 2186 2049 direxit
2217 2009 2320 2064 pro
2361 1993 2588 2064 agenda
2633 1993 2854 2064 synodo
2888 2009 2922 2046 a
2952 2008 3104 2064 papa
3146 1992 3436 2063 Johanne,
3457 1996 3631 2067 cujus

1976 2079 2272 2152 exemplar
2285 2077 2470 2135 isdem
2484 2077 2830 2151 Adalgarius
2847 2095 2950 2152 pro
2966 2096 3210 2136 munere
3228 2082 3635 2156 magnoimpc-

1977 2169 2152 2226 ratori
2175 2168 2798 2225 detulit.Summavero
2817 2168 3082 2240 ejusdem
3105 2170 3311 2242 synodi
3334 2175 3470 2244 post
3485 2171 3634 2227 mul~

1977 2264 2070 2316 tas
2089 2263 2148 2315 et
2169 2255 2524 2330 multiplices
2544 2256 2749 2312 laudes
2771 2256 3141 2329 imperatoris
3156 2257 3284 2314 haec
3304 2262 3414 2328 est,
3430 2263 3498 2316 ut
3516 2259 3632 2316 cle-

1977 2349 2091 2405 ctio
2110 2352 2166 2404 et
2181 2346 2469 2420 promotio
2486 2347 2558 2402 ad
2576 2345 2656 2400 im
2663 2345 2906 2418 perialia
2918 2351 3150 2420 sceptra
3166 2363 3320 2403 anno
3343 2348 3634 2420 praeterito

1979 2439 2174 2494 Romae
2204 2435 2514 2504 celebrata,
2549 2451 2619 2490 ex
2647 2439 2786 2490 tunc
2825 2439 2883 2490 et
2917 2452 3075 2491 nunc
3105 2439 3164 2492 et
3189 2435 3250 2490 in
3281 2442 3633 2511 perpetuum

1979 2527 2152 2581 ﬁrma
2181 2529 2236 2581 et
2265 2523 2494 2580 stabilis
2525 2524 2818 2592 manebit;
2843 2541 3022 2596 quam
3041 2524 3094 2581 si
3125 2525 3261 2598 quis
3291 2527 3634 2598 perturbare

1979 2619 2082 2671 aut
2107 2613 2322 2670 violare
2352 2613 2680 2680 tentaverit,
2712 2613 3140 2686 cujuscumque
3170 2613 3250 2670 sit
3277 2615 3502 2674 ordinis
3531 2621 3636 2674 aut

1980 2701 2288 2775 dignitatis
2317 2701 2404 2757 vel
2456 2699 2854 2772 professionis,
2889 2700 3262 2758 anathemate
3282 2703 3304 2738 ⁸
3333 2720 3523 2776 usque
3559 2707 3634 2764 ad

1981 2791 2440 2848 satisfactionem
2463 2795 2732 2846 teneatur
2751 2789 2910 2844 omni
2936 2794 3193 2862 tempore
3215 2793 3502 2863 adnexus;
3536 2811 3634 2866 pa-

1978 2885 2228 2937 tratores
2251 2885 2306 2936 et
2320 2879 2658 2935 incitatores
2675 2878 2854 2950 hujus
2871 2877 3420 2950 consilii,siquidem
3439 2881 3632 2939 clerici

1981 2971 2219 3038 fuerint,
2235 2970 2622 3042 deponantur,
2647 2967 2784 3023 laici
2801 2984 2934 3024 vero
2963 2972 3021 3024 et
3049 2969 3322 3026 monachi
3351 2976 3632 3044 perpetuo

1982 3061 2355 3117 anathemate
2375 3057 2750 3125 feriantur,ut
2771 3056 2910 3128 quia
2929 3057 3188 3130 synodus
3207 3075 3363 3116 anno
3381 3061 3632 3132 praeteri-

1981 3156 2040 3205 to
2061 3149 2216 3222 apud
2241 3143 2622 3220 Pontigoncm
2645 3145 2781 3202 hinc
2801 3145 3000 3202 habita
3023 3162 3194 3202 secus
3213 3148 3590 3206 Andrnaeum
3610 3151 3631 3188 ⁷

1983 3241 2066 3295 nil
2089 3237 2326 3312 profuit,
2341 3251 2764 3308 usquequaque
2782 3234 2896 3292 ista
2911 3235 3118 3292 debeat
3133 3236 3464 3309 praevalere.
3477 3239 3634 3297 Nun-

223 3347 402 3387 censu
431 3309 820 3396 d_omi_nico,et
841 3309 1094 3402 quatuor
1120 3331 1190 3386 de
1217 3309 1496 3386 facultate
1525 3332 1868 3401 mansuarii,
1899 3309 1950 3384 tl
1985 3309 2155 3385 ciavit
2183 3327 2359 3384 etiam
2382 3327 2534 3382 inter
2555 3323 2671 3381 alia
2697 3325 2884 3380 isdem
2901 3323 3250 3398 Adalgarius
3270 3325 3630 3400 imperatori,

223 3421 294 3474 de
313 3435 519 3476 manso
539 3435 672 3475 vero
693 3417 886 3476 servili
907 3418 1022 3474 duo
1041 3419 1264 3476 denarii
1289 3419 1360 3476 de
1379 3436 1560 3478 censu
1579 3421 1872 3478 dominico

221 3513 282 3564 et
309 3509 425 3565 duo
455 3509 528 3566 de
557 3506 834 3566 facultate
865 3507 1210 3576 mansuarii,
1235 3512 1293 3564 et
1321 3509 1730 3582 unusquisque
1749 3512 1872 3584 epi-

223 3614 434 3672 scopus
457 3598 529 3654 de
549 3596 906 3672 presbyteris
922 3615 1042 3654 suis
1061 3597 1350 3670 parochias
1371 3600 1694 3656 secundum
1715 3601 1872 3673 quod

223 3687 542 3760 unicuique
570 3685 850 3760 possibile
879 3690 1022 3755 erat,
1047 3704 1081 3743 a
1111 3703 1228 3760 quo
1258 3687 1580 3760 plurimum
1612 3689 1874 3762 quinque

225 3775 460 3846 solidos,
484 3793 518 3832 a
547 3791 664 3848 quo
695 3775 1009 3832 minimum
1036 3780 1290 3850 quatuor
1319 3777 1588 3834 denarios
1614 3777 1870 3852 episcopi

224 3867 293 3922 de
323 3864 572 3939 singulis
601 3865 958 3938 presbyteris
989 3865 1336 3939 acciperent,
1369 3871 1425 3924 et
1453 3866 1652 3924 missis
1683 3869 1872 3924 domi-

225 3955 368 4013 nicis
401 3954 728 4012 redderent.
763 3955 872 4010 Sed
916 3958 972 4010 et
1014 3955 1084 4011 de
1122 3954 1417 4013 thesauris
1465 3957 1867 4031 ecclesiarum,

1981 3417 2259 3492 quoniam
2281 3415 2579 3473 Johannes
2599 3429 2753 3488 papa
2771 3412 2999 3470 obviam
3025 3413 3110 3470 illi
3130 3415 3366 3488 Papiam
3385 3418 3630 3476 veniret.

1982 3509 2344 3580 QuaprOpter
2371 3503 2656 3578 praemisit
2680 3503 2996 3573 Odacrum,
3029 3505 3273 3560 secundi
3305 3507 3504 3562 scrinii
3536 3525 3638 3564 no-

1981 3596 2304 3667 tarinm(e),
2319 3593 2704 3650 Goiramnum
2725 3591 3094 3662 comitem,et
3123 3593 3434 3668 Pippinum
3457 3602 3635 3672 atque

1982 3688 2350 3745 Hcribertum
2372 3687 2462 3758 (f),
2487 3684 2561 3739 ad
2585 3683 2952 3756 procuranda
2969 3681 3160 3754 ipsius
3188 3700 3352 3757 papae
3365 3687 3630 3746 servitia.

1983 3781 2112 3850 Ipse
2163 3780 2358 3832 autem
2401 3773 2672 3829 festinato
2724 3773 2974 3844 perrexit
3006 3775 3234 3840 [Aimon.
3265 3774 3391 3830 add.
3426 3775 3526 3843 ire]
3561 3778 3634 3834 ad

1981 3885 2137 3938 eum,
2153 3881 2328 3938 quem
2351 3863 2581 3920 obviam
2602 3861 2809 3917 habuit
2828 3862 2982 3934 apud
3007 3861 3284 3918 Vercellis
3303 3863 3630 3938 civitatem;

1981 3967 2038 4020 et
2062 3979 2126 4018 eo
2159 3957 2388 4026 recepto
2418 3967 2554 4006 cum
2587 3949 2806 4006 honore
2844 3949 3120 4022 maxime,
3147 3961 3526 4024 perrexerunt
3553 3956 3633 4013 si-

1489 4110 1901 4176 VARIANTES
1941 4112 2362 4174 LECTIONES.

294 4227 308 4260 ¹
341 4226 480 4298 Hinc
507 4227 574 4280 ab
599 4225 844 4298 Aimoini
889 4227 1267 4283 continuatam
1309 4228 1476 4298 plura
1505 4229 1570 4284 de
1596 4236 1926 4292 monasterio
1956 4235 2012 4290 S.
2047 4230 2304 4289 Germani
2333 4226 2644 4298 Parmensi
2671 4221 2858 4298 adduc
2885 4231 3030 4298 sunt,
3063 4239 3187 4298 qua
3235 4227 3296 4281 in
3341 4227 3636 4284 annalibus

224 4313 331 4377 non
375 4297 662 4377 habentur.
697 4297 908 4377 Cnssq.
985 4298 1110 4377 "at.
1137 4295 1465 4377 missorum
1511 4301 1610 4374 Bq.
1685 4305 1707 4338 ³
1743 4305 1901 4377 junii
1930 4309 1990 4362 A.
2067 4306 2090 4339 ὀ
2119 4305 2372 4377 ingenuo
2402 4299 2462 4377 ᾼ.
2539 4297 2560 4330 δ
2592 4295 2749 4350 lirim
2797 4303 2848 4350 et
2886 4295 3081 4366 jurim’
3118 4297 3362 4354 Aimoini
3405 4299 3635 4360 codices.

225 4370 246 4405 ⁸
273 4368 648 4426 anathema...
683 4368 967 4425 adnoxius
996 4369 1057 4424 A.
1137 4371 1156 4403 ⁷
1188 4368 1588 4428 andranacum
1617 4377 1679 4430 A.
1715 4368 2109 4435 ahtennacum
2139 4368 2537 4444 corrigendum.

1813 4501 2042 4558 NOTJE.

229 4609 417 4688 locum
446 4609 722 4688 γει-εθηαί
755 4609 998 4688 dictum,
1027 4612 1660 4688 propemopasterigm
1691 4617 1877 4674 sancti
1907 4617 1956 4683 D
1987 4617 2146 4673 Junii
2179 4619 2318 4688 (quo
2351 4613 2611 4686 synodus
2641 4609 2842 4666 habita
2870 4612 2980 4680 est)
3007 4609 3252 4667 innuere
3277 4588 3526 4669 voluisse
3551 4603 3630 4661 Vi-

230 4681 436 4750 Basoli,
456 4681 517 4737 in
539 4680 773 4738 diceeesi
801 4680 1540 4740 Rhemensi.‘Mabillonius
1563 4685 1664 4741 lib.
1689 4704 1878 4745 xxxvu

229 4755 371 4810 Ann.
403 4753 640 4820 Bened.,
673 4769 838 4810 num.
871 4753 962 4822 79,
995 4753 1292 4811 existimat
1330 4753 1525 4812 locum
1565 4773 1694 4814 esse
1741 4761 1878 4816 Visi-

231 4827 446 4914 θηίσιέῑρ
479 4829 986 4914 versarere
1032 4825 1704 4914 12m},°ns.tmtur:.Est
1733 4848 1876 4914 quq-

232 4895 340 4970 quc
364 4895 761 4953 Virciniacum
791 4895 946 4965 villa,
978 4897 1151 4972 vulgo
1184 4898 1464 4972 Versigny,
1496 4899 1686 4957 tribus
1711 4895 1876 4958 circi-

229 4972 316 5042 ter
339 4966 523 5042 leucis
555 4967 780 5024 distans
811 4985 846 5024 a
872 4968 1420 5042 Crespyéen-Valois.
1446 4971 1624 5035 Bono.

300 5039 374 5124 (a)
396 5040 734 5124 Bouquetus
756 5039 1166 5124 corrigendum
1188 5046 1386 5124 censet
1405 5060 1542 5124 xv1_u
1565 5042 1691 5124 Igal:
1713 5043 1874 5124 Julii,

235 5111 322 5184 cui
363 5111 644 5184 assentiri
667 5111 1253 5184 nequeofObservavi
1292 5113 1470 5180 enim,
1498 5114 1558 5170 in
1588 5111 1876 5172 Kalends;

235 5183 332 5256 riis
351 5181 790 5256 manuscriptis,
807 5184 946 5240 dum
965 5201 1132 5240 voces
1156 5184 1445 5252 Kalendae,
1466 5186 1640 5242 Nones
1663 5192 1720 5242 et
1741 5188 1878 5244 Idus

236 5253 438 5326 litteris
469 5253 817 5326 majusculis
847 5256 1165 5312 scribendae
1185 5262 1402 5326 essent,
1430 5257 1489 5312 id
1521 5275 1637 5314 non
1671 5259 1878 5316 Kalen-

237 5325 539 5400 dis_Non_is
565 5325 625 5382 et
657 5327 860 5384 [dibus
905 5325 1484 5400 cujusque_menSis,
1518 5330 1620 5386 sed
1670 5347 1738 5386 ea
1784 5332 1879 5387 die

238 5396 644 5472 ﬁeri__sﬁo_litun_i,
677 5415 803 5472 quae
850 5396 1042 5472 prima
1069 5396 1300 5472 addice
1340 5399 1495 5472 istas
1543 5402 1872 5458 referretur.

238 5468 323 5542 Ita
344 5469 652 5542 KALEND.
687 5468 806 5526 IVL
839 5468 954 5527 non
984 5469 1098 5542 diei
1138 5469 1530 5528 Kalendarum
1560 5472 1874 5542 Juliaruln,

237 5541 330 5617 sed
360 5540 477 5617 diei
508 5541 577 5617 μ
607 5542 838 5617 mensis
857 5541 1034 5617 Junii
1057 5542 1400 5617 ascribitur;
1425 5547 1503 5617 _et_
1519 5547 1708 5617 totum
1737 5540 1876 5617 spa-L

237 5612 377 5696 tium
425 5612 628 5696 indena
656 5613 748 5670 die
780 5615 848 5670 14
877 5613 1038 5696 Junii
1088 5629 1278 5696 usque
1287 5614 1380 5696 ad
1415 5615 1438 5670 1
1471 5613 1614 5670 Julii
1664 5612 1876 5696 Kalen-

237 5684 437 5742 darum
477 5681 771 5741 Juliarum
813 5686 1052 5744 nomine
1078 5681 1252 5742 venit.
1287 5685 1669 5743 ﬂincmarum
1699 5686 1880 5744 igitur

238 5755 326 5817 hic
355 5757 584 5816 initium
623 5755 1022 5818 Kalendarum
1069 5757 1212 5832 Jul.,
1245 5757 1304 5817 id
1351 5761 1444 5818 est
1488 5759 1685 5840 ipsum
1719 5755 1786 5816 f4
1816 5759 1874 5819 d.

1989 4689 2408 4828 delllgrhlxstant
2437 4755 2496 4810 in
2543 4751 2964 4828 capitularibus
2993 4754 3182 4828 Caroli
3222 4749 3388 4828 Calvi,
3413 4747 3503 4828 tit.
3534 4748 3626 4828 {)3,

1988 4817 2088 4886 ubi
2115 4817 2394 4886 dicuntur
2419 4817 2739 4884 constituta
2768 4825 3044 4882 Carisiaci
3066 4843 3204 4883 xvm
3221 4817 3512 4877 Kalendas
3532 4820 3632 4880 Ju-

1987 4902 2118 4970 lias,
2151 4900 2470 4956 indictione
2498 4915 2553 4954 x.
2588 4897 2766 4960 Bono.

1947 5014 1958 5021 .
1987 5045 2001 5056 τ
2060 4961 2126 5056 (c)
2151 4973 2282 5029 Haec
2306 4972 2748 5056 adnconventum
2766 4969 3278 5056 Compendiensem
3294 4962 3476 5056 aonie
3493 4961 3630 5048 Maii

1987 5031 2261 5118 habitum,
2304 5042 2625 5107 referenda,
2665 5056 2837 5118 quem
2878 5031 3006 5118 οἰκίη
3046 5031 3258 5118 placito
3302 5033 3633 5118 Cariacensi

1987 5115 2293 5173 confundit
2337 5119 2536 5172 noster
2576 5105 2882 5170 annalists.
2915 5105 3034 5161 Hoc
3062 5105 3347 5162 tributum
3380 5105 3546 5162 laicis
3575 5109 3633 5162 et

1987 5187 2397 5246 ecclesiasticis
2421 5185 2530 5240 fuit
2547 5184 2888 5259 impositum
2911 5176 2984 5259 ob
3003 5176 3328 5259 Rollonem,
3353 5177 3632 5259 N_orman-

1989 5277 2197 5316 norum
2216 5261 2445 5324 ducem,
2461 5255 2562 5329 qui
2585 5249 2928 5329 Rothomagi
2949 5266 3102 5329 anno
3124 5249 3408 5329 superiori
3431 5249 3630 5329 sedem

1989 5332 2210 5386 ﬁxerat.
2235 5319 3051 5402 Compendiensisconventgs
3075 5320 3353 5376 recitatur
3379 5320 3440 5376 in
3461 5319 3630 5394 Capi-

1985 5403 2278 5458 tularibus
2309 5391 2492 5456 Caroli
2522 5391 2696 5463 Calvi,
2717 5391 2806 5447 tit.
2839 5393 2929 5448 51.
2965 5393 3254 5456 Bouomrr.

2056 5473 2133 5544 (ά)
2165 5475 2210 5528 Α
2242 5473 2472 5530 domino
2501 5464 2630 5544 ipso
2661 5463 2927 5544 excultis.

2055 5534 2200 5614 (e'Id
2233 5551 2322 5602 est
2349 5534 2900 5606 secundiscrinium,
2925 5535 3252 5592 secundum
3299 5534 3455 5591 inter
3499 5549 3633 5590 can-

1987 5615 2268 5672 cellarios.

2019 5635 2427 5762 (ῗξῗῗῗῗξρἱᾳξ
2443 5684 2499 5736 et
2516 5678 2871 5762 Heribertus,
2886 5677 3012 5762 ﬁilii
3026 5677 3262 5762 ‘Ifippini
3283 5693 3464 5762 supra
3479 5677 3552 5734 ad
3573 5693 3628 5736 ο..

1986 5748 2091 5816 83ἕ
2107 5748 2445 5824 memorati,
2476 5756 2715 5828 nepotes
2739 5748 3276 5824 'Bernhardi,_r_egis
3306 5748 3504 5809 italiae.
