  <div class='ocr_page' id='page_1' title='image "/cluster/home/n/w/nwhite01/storage/ocr_20150623/125/umn.31951002477418t/695.png"; bbox 0 0 4074 6554; ppageno 0'>
   <div class='ocr_carea' id='block_1_1' title="bbox 448 400 604 462">
    <p class='ocr_par' dir='ltr' id='par_1_1' title="bbox 448 400 604 462">
     <span class='ocr_line' id='line_1_1' title="bbox 448 400 604 462; baseline 0.013 -1"><span class='ocrx_word' id='word_1_1' title='bbox 448 400 604 462; x_wconf 76' lang='grc'>1283</span> 
     </span>
    </p>
   </div>
   <div class='ocr_carea' id='block_1_2' title="bbox 1497 393 2806 459">
    <p class='ocr_par' dir='ltr' id='par_1_2' title="bbox 1497 393 2806 459">
     <span class='ocr_line' id='line_1_2' title="bbox 1497 393 2806 459; baseline -0.002 -1"><span class='ocrx_word' id='word_1_2' title='bbox 1497 398 1600 459; x_wconf 85' lang='lat' dir='ltr'>AD</span> <span class='ocrx_word' id='word_1_3' title='bbox 1647 395 1901 458; x_wconf 77' lang='lat' dir='ltr'><strong>OPERA</strong></span> <span class='ocrx_word' id='word_1_4' title='bbox 1949 393 2340 456; x_wconf 77' lang='lat' dir='ltr'>HINCMABI</span> <span class='ocrx_word' id='word_1_5' title='bbox 2389 395 2806 459; x_wconf 71' lang='lat' dir='ltr'>APPENDIX.</span> 
     </span>
    </p>
   </div>
   <div class='ocr_carea' id='block_1_3' title="bbox 444 528 3868 606">
    <p class='ocr_par' dir='ltr' id='par_1_3' title="bbox 444 528 3868 606">
     <span class='ocr_line' id='line_1_3' title="bbox 444 528 3868 606; baseline -0.001 -16"><span class='ocrx_word' id='word_1_6' title='bbox 444 533 564 590; x_wconf 91' lang='lat' dir='ltr'>mul</span> <span class='ocrx_word' id='word_1_7' title='bbox 589 549 776 606; x_wconf 89' lang='lat' dir='ltr'>usque</span> <span class='ocrx_word' id='word_1_8' title='bbox 801 532 1056 606; x_wconf 86' lang='lat' dir='ltr'>Papiam.</span> <span class='ocrx_word' id='word_1_9' title='bbox 1077 532 1181 588; x_wconf 90' lang='lat' dir='ltr'>Ubi</span> <span class='ocrx_word' id='word_1_10' title='bbox 1201 533 1286 588; x_wconf 90' lang='lat' dir='ltr'>cis</span> <span class='ocrx_word' id='word_1_11' title='bbox 1305 531 1649 587; x_wconf 75' lang='lat' dir='ltr'>nunciatum</span> <span class='ocrx_word' id='word_1_12' title='bbox 1668 535 1756 586; x_wconf 91' lang='lat' dir='ltr'>est</span> <span class='ocrx_word' id='word_1_13' title='bbox 1777 546 1892 586; x_wconf 88' lang='lat' dir='ltr'>non</span> <span class='ocrx_word' id='word_1_14' title='bbox 1917 529 2094 584; x_wconf 90' lang='lat' dir='ltr'>incer-</span> <span class='ocrx_word' id='word_1_15' title='bbox 2123 529 2181 596; x_wconf 74' lang='grc' dir='ltr'><strong>Α</strong></span> <span class='ocrx_word' id='word_1_16' title='bbox 2211 532 2267 584; x_wconf 91' lang='lat' dir='ltr'>et</span> <span class='ocrx_word' id='word_1_17' title='bbox 2296 528 2498 585; x_wconf 80' lang='lat' dir='ltr'>lectica</span> <span class='ocrx_word' id='word_1_18' title='bbox 2529 530 2758 587; x_wconf 87' lang='lat' dir='ltr'>delatus</span> <span class='ocrx_word' id='word_1_19' title='bbox 2780 531 2851 586; x_wconf 92' lang='lat' dir='ltr'>ad</span> <span class='ocrx_word' id='word_1_20' title='bbox 2887 532 3139 604; x_wconf 88' lang='lat' dir='ltr'>propria,</span> <span class='ocrx_word' id='word_1_21' title='bbox 3164 549 3267 604; x_wconf 90' lang='lat' dir='ltr'>per</span> <span class='ocrx_word' id='word_1_22' title='bbox 3287 548 3520 587; x_wconf 88' lang='lat' dir='ltr'>annum</span> <span class='ocrx_word' id='word_1_23' title='bbox 3559 531 3652 586; x_wconf 85' lang='lat' dir='ltr'>ita</span> <span class='ocrx_word' id='word_1_24' title='bbox 3672 532 3868 602; x_wconf 82' lang='lat' dir='ltr'>jacuit,</span> 
     </span>
    </p>
   </div>
   <div class='ocr_carea' id='block_1_4' title="bbox 441 618 2093 689">
    <p class='ocr_par' dir='ltr' id='par_1_4' title="bbox 441 618 2093 689">
     <span class='ocr_line' id='line_1_4' title="bbox 441 618 2093 689; baseline -0.004 -10"><span class='ocrx_word' id='word_1_25' title='bbox 441 628 501 679; x_wconf 87' lang='lat' dir='ltr'>ta</span> <span class='ocrx_word' id='word_1_26' title='bbox 523 622 801 680; x_wconf 82' lang='lat' dir='ltr'>relatione</span> <span class='ocrx_word' id='word_1_27' title='bbox 823 621 1335 689; x_wconf 89' lang='lat' dir='ltr'>Carolomannum,</span> <span class='ocrx_word' id='word_1_28' title='bbox 1352 619 1680 676; x_wconf 90' lang='lat' dir='ltr'>Hludowici</span> <span class='ocrx_word' id='word_1_29' title='bbox 1701 619 1897 674; x_wconf 84' lang='lat' dir='ltr'>fratris</span> <span class='ocrx_word' id='word_1_30' title='bbox 1919 619 2010 674; x_wconf 92' lang='lat' dir='ltr'>sui</span> <span class='ocrx_word' id='word_1_31' title='bbox 2036 618 2093 672; x_wconf 81' lang='lat' dir='ltr'>ﬁ-</span> 
     </span>
    </p>
   </div>
   <div class='ocr_carea' id='block_1_5' title="bbox 439 709 2095 782">
    <p class='ocr_par' dir='ltr' id='par_1_5' title="bbox 439 709 2095 782">
     <span class='ocr_line' id='line_1_5' title="bbox 439 709 2095 782; baseline -0.002 -14"><span class='ocrx_word' id='word_1_32' title='bbox 439 712 748 780; x_wconf 91' lang='lat' dir='ltr'>lium,cum</span> <span class='ocrx_word' id='word_1_33' title='bbox 768 711 1025 768; x_wconf 87' lang='lat' dir='ltr'>maxima</span> <span class='ocrx_word' id='word_1_34' title='bbox 1041 710 1420 766; x_wconf 80' lang='lat' dir='ltr'>multitudine</span> <span class='ocrx_word' id='word_1_35' title='bbox 1436 709 1785 766; x_wconf 84' lang='lat' dir='ltr'>bellatorum</span> <span class='ocrx_word' id='word_1_36' title='bbox 1804 725 1981 782; x_wconf 86' lang='lat' dir='ltr'>super</span> <span class='ocrx_word' id='word_1_37' title='bbox 1995 725 2095 764; x_wconf 91' lang='lat' dir='ltr'>eos</span> 
     </span>
    </p>
   </div>
   <div class='ocr_carea' id='block_1_6' title="bbox 438 799 2096 874">
    <p class='ocr_par' dir='ltr' id='par_1_6' title="bbox 438 799 2096 874">
     <span class='ocr_line' id='line_1_6' title="bbox 438 799 2096 874; baseline -0.004 -16"><span class='ocrx_word' id='word_1_38' title='bbox 438 802 664 869; x_wconf 87' lang='lat' dir='ltr'>venire;</span> <span class='ocrx_word' id='word_1_39' title='bbox 696 805 1054 874; x_wconf 76' lang='lat' dir='ltr'>quapropter</span> <span class='ocrx_word' id='word_1_40' title='bbox 1095 799 1488 872; x_wconf 83' lang='lat' dir='ltr'>relinquentes</span> <span class='ocrx_word' id='word_1_41' title='bbox 1536 799 1792 871; x_wconf 87' lang='lat' dir='ltr'>Papiam,</span> <span class='ocrx_word' id='word_1_42' title='bbox 1812 801 2096 854; x_wconf 89' lang='lat' dir='ltr'>venerunt</span> 
     </span>
    </p>
   </div>
   <div class='ocr_carea' id='block_1_7' title="bbox 439 886 2096 960">
    <p class='ocr_par' dir='ltr' id='par_1_7' title="bbox 439 886 2096 960">
     <span class='ocr_line' id='line_1_7' title="bbox 439 886 2096 960; baseline -0.002 -14"><span class='ocrx_word' id='word_1_43' title='bbox 439 891 511 948; x_wconf 90' lang='lat' dir='ltr'>ad</span> <span class='ocrx_word' id='word_1_44' title='bbox 544 891 876 947; x_wconf 87' lang='lat' dir='ltr'>&#39;Iardunam</span> <span class='ocrx_word' id='word_1_45' title='bbox 909 893 1008 960; x_wconf 86' lang='lat' dir='ltr'>(a),</span> <span class='ocrx_word' id='word_1_46' title='bbox 1041 894 1100 946; x_wconf 93' lang='lat' dir='ltr'>et</span> <span class='ocrx_word' id='word_1_47' title='bbox 1131 893 1473 946; x_wconf 89' lang='lat' dir='ltr'>consecrata</span> <span class='ocrx_word' id='word_1_48' title='bbox 1526 886 1812 944; x_wconf 83' lang='lat' dir='ltr'>Riehildis</span> <span class='ocrx_word' id='word_1_49' title='bbox 1859 904 1893 941; x_wconf 90' lang='lat' dir='ltr'>a</span> <span class='ocrx_word' id='word_1_50' title='bbox 1943 903 2096 960; x_wconf 88' lang='lat' dir='ltr'>papa</span> 
     </span>
    </p>
   </div>
   <div class='ocr_carea' id='block_1_8' title="bbox 438 975 2092 1051">
    <p class='ocr_par' dir='ltr' id='par_1_8' title="bbox 438 975 2092 1051">
     <span class='ocr_line' id='line_1_8' title="bbox 438 975 2092 1051; baseline -0.004 -15"><span class='ocrx_word' id='word_1_51' title='bbox 438 979 706 1036; x_wconf 86' lang='lat' dir='ltr'>Johanne</span> <span class='ocrx_word' id='word_1_52' title='bbox 725 978 785 1034; x_wconf 90' lang='lat' dir='ltr'>in</span> <span class='ocrx_word' id='word_1_53' title='bbox 807 977 1260 1051; x_wconf 89' lang='lat' dir='ltr'>imperatricem,</span> <span class='ocrx_word' id='word_1_54' title='bbox 1285 993 1420 1033; x_wconf 81' lang='lat' dir='ltr'>mox</span> <span class='ocrx_word' id='word_1_55' title='bbox 1441 981 1759 1034; x_wconf 83' lang='lat' dir='ltr'>retrorsum</span> <span class='ocrx_word' id='word_1_56' title='bbox 1785 975 1984 1049; x_wconf 82' lang='lat' dir='ltr'>fugam</span> <span class='ocrx_word' id='word_1_57' title='bbox 2007 993 2092 1031; x_wconf 91' lang='lat' dir='ltr'>ar-</span> 
     </span>
    </p>
   </div>
   <div class='ocr_carea' id='block_1_9' title="bbox 439 1065 2094 1142">
    <p class='ocr_par' dir='ltr' id='par_1_9' title="bbox 439 1065 2094 1142">
     <span class='ocr_line' id='line_1_9' title="bbox 439 1065 2094 1142; baseline -0.002 -18"><span class='ocrx_word' id='word_1_58' title='bbox 439 1067 622 1142; x_wconf 89' lang='lat' dir='ltr'>ripuit</span> <span class='ocrx_word' id='word_1_59' title='bbox 649 1085 784 1124; x_wconf 90' lang='lat' dir='ltr'>cum</span> <span class='ocrx_word' id='word_1_60' title='bbox 818 1067 1092 1124; x_wconf 79' lang='lat' dir='ltr'>thesauro</span> <span class='ocrx_word' id='word_1_61' title='bbox 1120 1083 1328 1124; x_wconf 88' lang='lat' dir='ltr'>versus</span> <span class='ocrx_word' id='word_1_62' title='bbox 1359 1065 1741 1122; x_wconf 90' lang='lat' dir='ltr'>Moriennam.</span> <span class='ocrx_word' id='word_1_63' title='bbox 1773 1067 2094 1137; x_wconf 85' lang='lat' dir='ltr'>Imperator</span> 
     </span>
    </p>
   </div>
   <div class='ocr_carea' id='block_1_10' title="bbox 438 1153 2088 1229">
    <p class='ocr_par' dir='ltr' id='par_1_10' title="bbox 438 1153 2088 1229">
     <span class='ocr_line' id='line_1_10' title="bbox 438 1153 2088 1229; baseline -0.003 -15"><span class='ocrx_word' id='word_1_64' title='bbox 438 1162 634 1214; x_wconf 86' lang='lat' dir='ltr'>autem</span> <span class='ocrx_word' id='word_1_65' title='bbox 655 1156 1003 1229; x_wconf 82' lang='lat' dir='ltr'>aliquandiu</span> <span class='ocrx_word' id='word_1_66' title='bbox 1025 1173 1144 1212; x_wconf 91' lang='lat' dir='ltr'>una</span> <span class='ocrx_word' id='word_1_67' title='bbox 1165 1173 1299 1212; x_wconf 89' lang='lat' dir='ltr'>cum</span> <span class='ocrx_word' id='word_1_68' title='bbox 1327 1155 1594 1210; x_wconf 86' lang='lat' dir='ltr'>Johanne</span> <span class='ocrx_word' id='word_1_69' title='bbox 1615 1171 1765 1228; x_wconf 89' lang='lat' dir='ltr'>papa</span> <span class='ocrx_word' id='word_1_70' title='bbox 1785 1155 1845 1208; x_wconf 90' lang='lat' dir='ltr'>in</span> <span class='ocrx_word' id='word_1_71' title='bbox 1867 1153 2088 1210; x_wconf 89' lang='lat' dir='ltr'>eisdem</span> 
     </span>
    </p>
   </div>
   <div class='ocr_carea' id='block_1_11' title="bbox 414 1242 2089 1318">
    <p class='ocr_par' dir='ltr' id='par_1_11' title="bbox 414 1242 2089 1318">
     <span class='ocr_line' id='line_1_11' title="bbox 414 1242 2089 1318; baseline -0.002 -16"><span class='ocrx_word' id='word_1_72' title='bbox 414 1247 581 1304; x_wconf 90' lang='lat' dir='ltr'>&#39;locis</span> <span class='ocrx_word' id='word_1_73' title='bbox 599 1246 946 1313; x_wconf 87' lang='lat' dir='ltr'>immorans,</span> <span class='ocrx_word' id='word_1_74' title='bbox 971 1245 1325 1318; x_wconf 84' lang='lat' dir='ltr'>exspectavit</span> <span class='ocrx_word' id='word_1_75' title='bbox 1345 1244 1629 1317; x_wconf 90' lang='lat' dir='ltr'>primores</span> <span class='ocrx_word' id='word_1_76' title='bbox 1651 1242 1811 1316; x_wconf 84' lang='lat' dir='ltr'>regni</span> <span class='ocrx_word' id='word_1_77' title='bbox 1833 1243 1946 1312; x_wconf 90' lang='lat' dir='ltr'>sui,</span> <span class='ocrx_word' id='word_1_78' title='bbox 1973 1243 2089 1299; x_wconf 85' lang='lat' dir='ltr'>Hu-</span> 
     </span>
    </p>
   </div>
   <div class='ocr_carea' id='block_1_12' title="bbox 436 1333 2088 1409">
    <p class='ocr_par' dir='ltr' id='par_1_12' title="bbox 436 1333 2088 1409">
     <span class='ocr_line' id='line_1_12' title="bbox 436 1333 2088 1409; baseline -0.002 -17"><span class='ocrx_word' id='word_1_79' title='bbox 436 1352 646 1409; x_wconf 86' lang='lat' dir='ltr'>gonem</span> <span class='ocrx_word' id='word_1_80' title='bbox 667 1335 961 1403; x_wconf 87' lang='lat' dir='ltr'>abbatem,</span> <span class='ocrx_word' id='word_1_81' title='bbox 992 1335 1298 1401; x_wconf 88' lang='lat' dir='ltr'>Bosonem,</span> <span class='ocrx_word' id='word_1_82' title='bbox 1324 1333 1684 1388; x_wconf 89' lang='lat' dir='ltr'>Bernardum</span> <span class='ocrx_word' id='word_1_83' title='bbox 1709 1333 2088 1388; x_wconf 84' lang='lat' dir='ltr'>Arvernicum</span> 
     </span>
    </p>
   </div>
   <div class='ocr_carea' id='block_1_13' title="bbox 437 1420 2087 1495">
    <p class='ocr_par' dir='ltr' id='par_1_13' title="bbox 437 1420 2087 1495">
     <span class='ocr_line' id='line_1_13' title="bbox 437 1420 2087 1495; baseline -0.003 -15"><span class='ocrx_word' id='word_1_84' title='bbox 437 1424 734 1494; x_wconf 90' lang='lat' dir='ltr'>comitem,</span> <span class='ocrx_word' id='word_1_85' title='bbox 766 1423 1024 1495; x_wconf 86' lang='lat' dir='ltr'>itemque</span> <span class='ocrx_word' id='word_1_86' title='bbox 1075 1423 1436 1478; x_wconf 88' lang='lat' dir='ltr'>Bernardum</span> <span class='ocrx_word' id='word_1_87' title='bbox 1476 1421 1654 1478; x_wconf 68' lang='lat' dir='ltr'>Gotiaa</span> <span class='ocrx_word' id='word_1_88' title='bbox 1702 1420 2087 1493; x_wconf 82' lang='lat' dir='ltr'>markionem,</span> 
     </span>
    </p>
   </div>
   <div class='ocr_carea' id='block_1_14' title="bbox 438 1509 2090 1586">
    <p class='ocr_par' dir='ltr' id='par_1_14' title="bbox 438 1509 2090 1586">
     <span class='ocr_line' id='line_1_14' title="bbox 438 1509 2090 1586; baseline -0.003 -17"><span class='ocrx_word' id='word_1_89' title='bbox 438 1529 585 1586; x_wconf 90' lang='lat' dir='ltr'>quos</span> <span class='ocrx_word' id='word_1_90' title='bbox 603 1528 801 1568; x_wconf 89' lang='lat' dir='ltr'>secum</span> <span class='ocrx_word' id='word_1_91' title='bbox 821 1511 1173 1582; x_wconf 88' lang='lat' dir='ltr'>irejusserat</span> <span class='ocrx_word' id='word_1_92' title='bbox 1195 1527 1206 1566; x_wconf 93' lang='lat'><strong>:</strong></span> <span class='ocrx_word' id='word_1_93' title='bbox 1231 1509 1329 1583; x_wconf 90' lang='lat' dir='ltr'>qui</span> <span class='ocrx_word' id='word_1_94' title='bbox 1353 1527 1472 1567; x_wconf 86' lang='lat' dir='ltr'>una</span> <span class='ocrx_word' id='word_1_95' title='bbox 1487 1527 1618 1565; x_wconf 92' lang='lat' dir='ltr'>cum</span> <span class='ocrx_word' id='word_1_96' title='bbox 1642 1509 1774 1566; x_wconf 89' lang='lat' dir='ltr'>aliis</span> <span class='ocrx_word' id='word_1_97' title='bbox 1793 1510 1954 1584; x_wconf 85' lang='lat' dir='ltr'>regni</span> <span class='ocrx_word' id='word_1_98' title='bbox 1979 1510 2090 1582; x_wconf 91' lang='lat' dir='ltr'>pri-</span> 
     </span>
    </p>
   </div>
   <div class='ocr_carea' id='block_1_15' title="bbox 439 1599 2085 1673">
    <p class='ocr_par' dir='ltr' id='par_1_15' title="bbox 439 1599 2085 1673">
     <span class='ocr_line' id='line_1_15' title="bbox 439 1599 2085 1673; baseline -0.002 -16"><span class='ocrx_word' id='word_1_99' title='bbox 439 1601 722 1669; x_wconf 91' lang='lat' dir='ltr'>moribus,</span> <span class='ocrx_word' id='word_1_100' title='bbox 738 1601 994 1673; x_wconf 88' lang='lat' dir='ltr'>exceptis</span> <span class='ocrx_word' id='word_1_101' title='bbox 1016 1599 1242 1672; x_wconf 82' lang='lat' dir='ltr'>paucis,</span> <span class='ocrx_word' id='word_1_102' title='bbox 1264 1604 1320 1654; x_wconf 91' lang='lat' dir='ltr'>et</span> <span class='ocrx_word' id='word_1_103' title='bbox 1340 1599 1631 1672; x_wconf 88' lang='lat' dir='ltr'>episcopis</span> <span class='ocrx_word' id='word_1_104' title='bbox 1651 1599 1932 1655; x_wconf 88' lang='lat' dir='ltr'>adversus</span> <span class='ocrx_word' id='word_1_105' title='bbox 1953 1615 2085 1654; x_wconf 91' lang='lat' dir='ltr'>eum</span> 
     </span>
    </p>
   </div>
   <div class='ocr_carea' id='block_1_16' title="bbox 435 1687 2085 1762">
    <p class='ocr_par' dir='ltr' id='par_1_16' title="bbox 435 1687 2085 1762">
     <span class='ocr_line' id='line_1_16' title="bbox 435 1687 2085 1762; baseline -0.002 -16"><span class='ocrx_word' id='word_1_106' title='bbox 435 1689 837 1762; x_wconf 85' lang='lat' dir='ltr'>conspirantes</span> <span class='ocrx_word' id='word_1_107' title='bbox 869 1690 1332 1759; x_wconf 84' lang='lat' dir='ltr'>conjuraverant.</span> <span class='ocrx_word' id='word_1_108' title='bbox 1353 1688 1424 1743; x_wconf 92' lang='lat' dir='ltr'>Et</span> <span class='ocrx_word' id='word_1_109' title='bbox 1449 1687 1815 1760; x_wconf 85' lang='lat' dir='ltr'>comperiens</span> <span class='ocrx_word' id='word_1_110' title='bbox 1841 1704 1942 1744; x_wconf 90' lang='lat' dir='ltr'>eos</span> <span class='ocrx_word' id='word_1_111' title='bbox 1971 1704 2085 1742; x_wconf 90' lang='lat' dir='ltr'>non</span> 
     </span>
    </p>
   </div>
   <div class='ocr_carea' id='block_1_17' title="bbox 433 1776 2085 1849">
    <p class='ocr_par' dir='ltr' id='par_1_17' title="bbox 433 1776 2085 1849">
     <span class='ocr_line' id='line_1_17' title="bbox 433 1776 2085 1849; baseline -0.001 -15"><span class='ocrx_word' id='word_1_112' title='bbox 433 1783 728 1847; x_wconf 89' lang='lat' dir='ltr'>venturos,</span> <span class='ocrx_word' id='word_1_113' title='bbox 745 1783 809 1833; x_wconf 90' lang='lat' dir='ltr'>ut</span> <span class='ocrx_word' id='word_1_114' title='bbox 829 1777 1142 1833; x_wconf 87' lang='lat' dir='ltr'>audierunt</span> <span class='ocrx_word' id='word_1_115' title='bbox 1164 1776 1286 1849; x_wconf 92' lang='lat' dir='ltr'>ipse</span> <span class='ocrx_word' id='word_1_116' title='bbox 1306 1781 1364 1832; x_wconf 89' lang='lat' dir='ltr'>et</span> <span class='ocrx_word' id='word_1_117' title='bbox 1383 1793 1533 1849; x_wconf 89' lang='lat' dir='ltr'>papa</span> <span class='ocrx_word' id='word_1_118' title='bbox 1551 1776 1849 1832; x_wconf 83' lang='lat' dir='ltr'>Johannes</span> <span class='ocrx_word' id='word_1_119' title='bbox 1877 1793 2085 1848; x_wconf 87' lang='lat' dir='ltr'>appro-</span> 
     </span>
    </p>
   </div>
   <div class='ocr_carea' id='block_1_18' title="bbox 433 1865 2164 1966">
    <p class='ocr_par' dir='ltr' id='par_1_18' title="bbox 433 1865 2164 1966">
     <span class='ocr_line' id='line_1_18' title="bbox 433 1865 2164 1966; baseline -0.002 -42"><span class='ocrx_word' id='word_1_120' title='bbox 433 1869 722 1941; x_wconf 84' lang='lat' dir='ltr'>pinquare</span> <span class='ocrx_word' id='word_1_121' title='bbox 742 1866 1252 1966; x_wconf 61' lang='lat' dir='ltr'>Qarqlomannum,</span> <span class='ocrx_word' id='word_1_122' title='bbox 1265 1865 1584 1966; x_wconf 87' lang='lat' dir='ltr'>perator</span> <span class='ocrx_word' id='word_1_123' title='bbox 1604 1870 1738 1937; x_wconf 91' lang='lat' dir='ltr'>post</span> <span class='ocrx_word' id='word_1_124' title='bbox 1759 1865 2086 1922; x_wconf 84' lang='lat' dir='ltr'>Richildem</span> <span class='ocrx_word' id='word_1_125' title='bbox 2116 1899 2164 1966; x_wconf 81' lang='grc' dir='ltr'><strong>Β</strong></span> 
     </span>
    </p>
   </div>
   <div class='ocr_carea' id='block_1_19' title="bbox 431 1953 2083 2030">
    <p class='ocr_par' dir='ltr' id='par_1_19' title="bbox 431 1953 2083 2030">
     <span class='ocr_line' id='line_1_19' title="bbox 431 1953 2083 2030; baseline -0.002 -17"><span class='ocrx_word' id='word_1_126' title='bbox 431 1958 633 2030; x_wconf 86' lang='lat' dir='ltr'>fugam</span> <span class='ocrx_word' id='word_1_127' title='bbox 664 1955 933 2029; x_wconf 90' lang='lat' dir='ltr'>arripuit,</span> <span class='ocrx_word' id='word_1_128' title='bbox 965 1959 1023 2011; x_wconf 91' lang='lat' dir='ltr'>et</span> <span class='ocrx_word' id='word_1_129' title='bbox 1070 1971 1222 2028; x_wconf 88' lang='lat' dir='ltr'>papa</span> <span class='ocrx_word' id='word_1_130' title='bbox 1255 1953 1556 2011; x_wconf 89' lang='lat' dir='ltr'>Johannes</span> <span class='ocrx_word' id='word_1_131' title='bbox 1585 1971 1788 2010; x_wconf 91' lang='lat' dir='ltr'>versus</span> <span class='ocrx_word' id='word_1_132' title='bbox 1839 1955 2083 2010; x_wconf 84' lang='lat' dir='ltr'>Romam</span> 
     </span>
    </p>
   </div>
   <div class='ocr_carea' id='block_1_20' title="bbox 431 2041 2084 2116">
    <p class='ocr_par' dir='ltr' id='par_1_20' title="bbox 431 2041 2084 2116">
     <span class='ocr_line' id='line_1_20' title="bbox 431 2041 2084 2116; baseline -0.001 -14"><span class='ocrx_word' id='word_1_133' title='bbox 431 2045 657 2102; x_wconf 82' lang='lat' dir='ltr'>concita</span> <span class='ocrx_word' id='word_1_134' title='bbox 687 2043 1000 2102; x_wconf 84' lang='lat' dir='ltr'>festinavit.</span> <span class='ocrx_word' id='word_1_135' title='bbox 1017 2043 1123 2100; x_wconf 87' lang='lat' dir='ltr'>Per</span> <span class='ocrx_word' id='word_1_136' title='bbox 1142 2055 1316 2116; x_wconf 87' lang='lat' dir='ltr'>quem</span> <span class='ocrx_word' id='word_1_137' title='bbox 1339 2041 1580 2100; x_wconf 89' lang='lat' dir='ltr'>Carolus</span> <span class='ocrx_word' id='word_1_138' title='bbox 1601 2042 1920 2116; x_wconf 86' lang='lat' dir='ltr'>imperator</span> <span class='ocrx_word' id='word_1_139' title='bbox 1937 2042 2084 2100; x_wconf 89' lang='lat' dir='ltr'>ima-</span> 
     </span>
    </p>
   </div>
   <div class='ocr_carea' id='block_1_21' title="bbox 430 2131 2084 2208">
    <p class='ocr_par' dir='ltr' id='par_1_21' title="bbox 430 2131 2084 2208">
     <span class='ocr_line' id='line_1_21' title="bbox 430 2131 2084 2208; baseline -0.001 -18"><span class='ocrx_word' id='word_1_140' title='bbox 430 2135 628 2208; x_wconf 84' lang='lat' dir='ltr'>ginem</span> <span class='ocrx_word' id='word_1_141' title='bbox 661 2133 978 2190; x_wconf 89' lang='lat' dir='ltr'>Salvatoris</span> <span class='ocrx_word' id='word_1_142' title='bbox 1007 2133 1068 2189; x_wconf 91' lang='lat' dir='ltr'>in</span> <span class='ocrx_word' id='word_1_143' title='bbox 1107 2149 1278 2189; x_wconf 92' lang='lat' dir='ltr'>cruce</span> <span class='ocrx_word' id='word_1_144' title='bbox 1307 2131 1426 2200; x_wconf 83' lang='lat' dir='ltr'>ﬁxi,</span> <span class='ocrx_word' id='word_1_145' title='bbox 1451 2149 1520 2188; x_wconf 85' lang='lat' dir='ltr'>ex</span> <span class='ocrx_word' id='word_1_146' title='bbox 1558 2149 1700 2188; x_wconf 90' lang='lat' dir='ltr'>auro</span> <span class='ocrx_word' id='word_1_147' title='bbox 1739 2131 1908 2188; x_wconf 90' lang='lat' dir='ltr'>multi</span> <span class='ocrx_word' id='word_1_148' title='bbox 1941 2150 2084 2204; x_wconf 85' lang='lat' dir='ltr'>pon-</span> 
     </span>
    </p>
   </div>
   <div class='ocr_carea' id='block_1_22' title="bbox 431 2221 2088 2294">
    <p class='ocr_par' dir='ltr' id='par_1_22' title="bbox 431 2221 2088 2294">
     <span class='ocr_line' id='line_1_22' title="bbox 431 2221 2088 2294; baseline -0.002 -15"><span class='ocrx_word' id='word_1_149' title='bbox 431 2223 588 2280; x_wconf 87' lang='lat' dir='ltr'>deris</span> <span class='ocrx_word' id='word_1_150' title='bbox 612 2224 986 2279; x_wconf 87' lang='lat' dir='ltr'>fabrefactam</span> <span class='ocrx_word' id='word_1_151' title='bbox 1005 2226 1064 2278; x_wconf 87' lang='lat' dir='ltr'>et</span> <span class='ocrx_word' id='word_1_152' title='bbox 1083 2221 1334 2294; x_wconf 87' lang='lat' dir='ltr'>gemmis</span> <span class='ocrx_word' id='word_1_153' title='bbox 1355 2221 1634 2294; x_wconf 90' lang='lat' dir='ltr'>preciosis</span> <span class='ocrx_word' id='word_1_154' title='bbox 1653 2225 1941 2287; x_wconf 90' lang='lat' dir='ltr'>ornatam,</span> <span class='ocrx_word' id='word_1_155' title='bbox 1957 2239 2088 2277; x_wconf 88' lang='lat' dir='ltr'>san-</span> 
     </span>
    </p>
   </div>
   <div class='ocr_carea' id='block_1_23' title="bbox 433 2308 1278 2383">
    <p class='ocr_par' dir='ltr' id='par_1_23' title="bbox 433 2308 1278 2383">
     <span class='ocr_line' id='line_1_23' title="bbox 433 2308 1278 2383; baseline -0.004 -16"><span class='ocrx_word' id='word_1_156' title='bbox 433 2317 526 2368; x_wconf 87' lang='lat' dir='ltr'>cto</span> <span class='ocrx_word' id='word_1_157' title='bbox 558 2311 767 2366; x_wconf 83' lang='lat' dir='ltr'>direxit</span> <span class='ocrx_word' id='word_1_158' title='bbox 798 2310 964 2366; x_wconf 86' lang='lat' dir='ltr'>Petro</span> <span class='ocrx_word' id='word_1_159' title='bbox 997 2308 1278 2383; x_wconf 85' lang='lat' dir='ltr'>apostolo.</span> 
     </span>
    </p>
   </div>
   <div class='ocr_carea' id='block_1_24' title="bbox 504 2397 2086 2471">
    <p class='ocr_par' dir='ltr' id='par_1_24' title="bbox 504 2397 2086 2471">
     <span class='ocr_line' id='line_1_24' title="bbox 504 2397 2086 2471; baseline -0.001 -15"><span class='ocrx_word' id='word_1_160' title='bbox 504 2400 968 2456; x_wconf 88' lang='lat' dir='ltr'>Carolomannus</span> <span class='ocrx_word' id='word_1_161' title='bbox 989 2415 1120 2454; x_wconf 83' lang='lat' dir='ltr'>vero</span> <span class='ocrx_word' id='word_1_162' title='bbox 1141 2399 1406 2454; x_wconf 88' lang='lat' dir='ltr'>mendaci</span> <span class='ocrx_word' id='word_1_163' title='bbox 1430 2399 1643 2454; x_wconf 92' lang='lat' dir='ltr'>nuncio</span> <span class='ocrx_word' id='word_1_164' title='bbox 1657 2397 2086 2471; x_wconf 89' lang='lat' dir='ltr'>audiens,quod</span> 
     </span>
    </p>
   </div>
   <div class='ocr_carea' id='block_1_25' title="bbox 431 2487 2088 2561">
    <p class='ocr_par' dir='ltr' id='par_1_25' title="bbox 431 2487 2088 2561">
     <span class='ocr_line' id='line_1_25' title="bbox 431 2487 2088 2561; baseline -0.002 -15"><span class='ocrx_word' id='word_1_165' title='bbox 431 2491 752 2561; x_wconf 86' lang='lat' dir='ltr'>imperator</span> <span class='ocrx_word' id='word_1_166' title='bbox 765 2492 822 2543; x_wconf 87' lang='lat' dir='ltr'>et</span> <span class='ocrx_word' id='word_1_167' title='bbox 843 2504 994 2559; x_wconf 86' lang='lat' dir='ltr'>papa</span> <span class='ocrx_word' id='word_1_168' title='bbox 1011 2487 1310 2542; x_wconf 87' lang='lat' dir='ltr'>Johannes</span> <span class='ocrx_word' id='word_1_169' title='bbox 1327 2503 1503 2558; x_wconf 89' lang='lat' dir='ltr'>super</span> <span class='ocrx_word' id='word_1_170' title='bbox 1516 2503 1650 2542; x_wconf 90' lang='lat' dir='ltr'>cum</span> <span class='ocrx_word' id='word_1_171' title='bbox 1669 2504 1804 2542; x_wconf 91' lang='lat' dir='ltr'>cum</span> <span class='ocrx_word' id='word_1_172' title='bbox 1827 2487 2088 2542; x_wconf 88' lang='lat' dir='ltr'>multitu-</span> 
     </span>
    </p>
   </div>
   <div class='ocr_carea' id='block_1_26' title="bbox 432 2575 2086 2649">
    <p class='ocr_par' dir='ltr' id='par_1_26' title="bbox 432 2575 2086 2649">
     <span class='ocr_line' id='line_1_26' title="bbox 432 2575 2086 2649; baseline -0.002 -15"><span class='ocrx_word' id='word_1_173' title='bbox 432 2579 569 2634; x_wconf 86' lang='lat' dir='ltr'>dine</span> <span class='ocrx_word' id='word_1_174' title='bbox 595 2577 851 2634; x_wconf 84' lang='lat' dir='ltr'>maxima</span> <span class='ocrx_word' id='word_1_175' title='bbox 870 2575 1218 2632; x_wconf 89' lang='lat' dir='ltr'>bellatorum</span> <span class='ocrx_word' id='word_1_176' title='bbox 1243 2576 1594 2642; x_wconf 90' lang='lat' dir='ltr'>venirent,et</span> <span class='ocrx_word' id='word_1_177' title='bbox 1613 2576 1738 2649; x_wconf 91' lang='lat' dir='ltr'>ipse</span> <span class='ocrx_word' id='word_1_178' title='bbox 1759 2576 1959 2649; x_wconf 86' lang='lat' dir='ltr'>fugam</span> <span class='ocrx_word' id='word_1_179' title='bbox 1993 2593 2086 2631; x_wconf 88' lang='lat' dir='ltr'>ar-</span> 
     </span>
    </p>
   </div>
   <div class='ocr_carea' id='block_1_27' title="bbox 434 2658 2086 2740">
    <p class='ocr_par' dir='ltr' id='par_1_27' title="bbox 434 2658 2086 2740">
     <span class='ocr_line' id='line_1_27' title="bbox 434 2658 2086 2740; baseline -0.001 -17"><span class='ocrx_word' id='word_1_180' title='bbox 434 2667 613 2740; x_wconf 89' lang='lat' dir='ltr'>ripuit</span> <span class='ocrx_word' id='word_1_181' title='bbox 641 2683 742 2738; x_wconf 91' lang='lat' dir='ltr'>per</span> <span class='ocrx_word' id='word_1_182' title='bbox 769 2665 921 2722; x_wconf 89' lang='lat' dir='ltr'>viam</span> <span class='ocrx_word' id='word_1_183' title='bbox 955 2681 1134 2738; x_wconf 89' lang='lat' dir='ltr'>quam</span> <span class='ocrx_word' id='word_1_184' title='bbox 1163 2666 1177 2700; x_wconf 83' lang='grc'>¹</span> <span class='ocrx_word' id='word_1_185' title='bbox 1209 2670 1463 2732; x_wconf 83' lang='lat' dir='ltr'>venerat,</span> <span class='ocrx_word' id='word_1_186' title='bbox 1488 2658 1885 2738; x_wconf 57' lang='lat' dir='ltr'>sicque&#39;Deus</span> <span class='ocrx_word' id='word_1_187' title='bbox 1925 2681 2086 2722; x_wconf 90' lang='lat' dir='ltr'>more</span> 
     </span>
    </p>
   </div>
   <div class='ocr_carea' id='block_1_28' title="bbox 433 2753 2088 2813">
    <p class='ocr_par' dir='ltr' id='par_1_28' title="bbox 433 2753 2088 2813">
     <span class='ocr_line' id='line_1_28' title="bbox 433 2753 2088 2813; baseline -0.001 0"><span class='ocrx_word' id='word_1_188' title='bbox 433 2755 844 2813; x_wconf 69' lang='lat' dir='ltr'>misericordia:</span> <span class='ocrx_word' id='word_1_189' title='bbox 875 2772 995 2811; x_wconf 64' lang='lat' dir='ltr'>suae</span> <span class='ocrx_word' id='word_1_190' title='bbox 1027 2759 1378 2811; x_wconf 89' lang='lat' dir='ltr'>conventum</span> <span class='ocrx_word' id='word_1_191' title='bbox 1410 2754 1577 2810; x_wconf 91' lang='lat' dir='ltr'>illum</span> <span class='ocrx_word' id='word_1_192' title='bbox 1608 2753 1895 2810; x_wconf 87' lang='lat' dir='ltr'>dissolvit.</span> <span class='ocrx_word' id='word_1_193' title='bbox 1919 2754 2088 2811; x_wconf 88' lang='lat' dir='ltr'>Caro-</span> 
     </span>
    </p>
   </div>
   <div class='ocr_carea' id='block_1_29' title="bbox 432 2843 2085 2916">
    <p class='ocr_par' dir='ltr' id='par_1_29' title="bbox 432 2843 2085 2916">
     <span class='ocr_line' id='line_1_29' title="bbox 432 2843 2085 2916; baseline -0.002 -13"><span class='ocrx_word' id='word_1_194' title='bbox 432 2846 527 2903; x_wconf 87' lang='lat' dir='ltr'>lus</span> <span class='ocrx_word' id='word_1_195' title='bbox 571 2862 706 2902; x_wconf 90' lang='lat' dir='ltr'>vero</span> <span class='ocrx_word' id='word_1_196' title='bbox 754 2844 912 2900; x_wconf 81' lang='lat' dir='ltr'>febre</span> <span class='ocrx_word' id='word_1_197' title='bbox 969 2849 1272 2916; x_wconf 90' lang='lat' dir='ltr'>correptus</span> <span class='ocrx_word' id='word_1_198' title='bbox 1293 2845 1336 2914; x_wconf 62' lang='lat'>3,</span> <span class='ocrx_word' id='word_1_199' title='bbox 1368 2843 1663 2916; x_wconf 89' lang='lat' dir='ltr'>pulverem</span> <span class='ocrx_word' id='word_1_200' title='bbox 1714 2844 1865 2900; x_wconf 86' lang='lat' dir='ltr'>bibit</span> <span class='ocrx_word' id='word_1_201' title='bbox 1911 2861 2085 2916; x_wconf 90' lang='lat' dir='ltr'>quem</span> 
     </span>
    </p>
   </div>
   <div class='ocr_carea' id='block_1_30' title="bbox 433 2932 2082 3004">
    <p class='ocr_par' dir='ltr' id='par_1_30' title="bbox 433 2932 2082 3004">
     <span class='ocr_line' id='line_1_30' title="bbox 433 2932 2082 3004; baseline -0.002 -11"><span class='ocrx_word' id='word_1_202' title='bbox 433 2935 547 2994; x_wconf 82' lang='lat' dir='ltr'>sibi</span> <span class='ocrx_word' id='word_1_203' title='bbox 576 2934 827 2991; x_wconf 90' lang='lat' dir='ltr'>nimium</span> <span class='ocrx_word' id='word_1_204' title='bbox 875 2933 1124 2991; x_wconf 90' lang='lat' dir='ltr'>dilectus</span> <span class='ocrx_word' id='word_1_205' title='bbox 1169 2950 1234 2990; x_wconf 88' lang='lat' dir='ltr'>ac</span> <span class='ocrx_word' id='word_1_206' title='bbox 1273 2933 1546 2990; x_wconf 86' lang='lat' dir='ltr'>credulus</span> <span class='ocrx_word' id='word_1_207' title='bbox 1566 2935 1588 2969; x_wconf 80' lang='grc'><strong>³</strong></span> <span class='ocrx_word' id='word_1_208' title='bbox 1620 2932 1886 2990; x_wconf 90' lang='lat' dir='ltr'>medicus</span> <span class='ocrx_word' id='word_1_209' title='bbox 1917 2950 2082 3004; x_wconf 88' lang='lat' dir='ltr'>suus,</span> 
     </span>
    </p>
   </div>
   <div class='ocr_carea' id='block_1_31' title="bbox 431 3023 2087 3095">
    <p class='ocr_par' dir='ltr' id='par_1_31' title="bbox 431 3023 2087 3095">
     <span class='ocr_line' id='line_1_31' title="bbox 431 3023 2087 3095; baseline -0.001 -14"><span class='ocrx_word' id='word_1_210' title='bbox 431 3025 674 3082; x_wconf 66' lang='lat' dir='ltr'>Judteus</span> <span class='ocrx_word' id='word_1_211' title='bbox 697 3023 934 3080; x_wconf 88' lang='lat' dir='ltr'>nomine</span> <span class='ocrx_word' id='word_1_212' title='bbox 954 3023 1288 3093; x_wconf 89' lang='lat' dir='ltr'>Sedechias,</span> <span class='ocrx_word' id='word_1_213' title='bbox 1313 3023 1661 3091; x_wconf 86' lang='lat' dir='ltr'>transmisit,</span> <span class='ocrx_word' id='word_1_214' title='bbox 1678 3026 1744 3079; x_wconf 95' lang='lat' dir='ltr'>ut</span> <span class='ocrx_word' id='word_1_215' title='bbox 1762 3039 1832 3078; x_wconf 88' lang='lat' dir='ltr'>ea</span> <span class='ocrx_word' id='word_1_216' title='bbox 1851 3023 2087 3095; x_wconf 88' lang='lat' dir='ltr'>potione</span> 
     </span>
    </p>
   </div>
   <div class='ocr_carea' id='block_1_32' title="bbox 433 3111 2089 3183">
    <p class='ocr_par' dir='ltr' id='par_1_32' title="bbox 433 3111 2089 3183">
     <span class='ocr_line' id='line_1_32' title="bbox 433 3111 2089 3183; baseline -0.001 -13"><span class='ocrx_word' id='word_1_217' title='bbox 433 3131 468 3170; x_wconf 91' lang='lat' dir='ltr'>a</span> <span class='ocrx_word' id='word_1_218' title='bbox 499 3114 656 3170; x_wconf 89' lang='lat' dir='ltr'>febre</span> <span class='ocrx_word' id='word_1_219' title='bbox 685 3111 1050 3180; x_wconf 87' lang='lat' dir='ltr'>liberaretur,</span> <span class='ocrx_word' id='word_1_220' title='bbox 1079 3111 1393 3168; x_wconf 87' lang='lat' dir='ltr'>insanabili</span> <span class='ocrx_word' id='word_1_221' title='bbox 1424 3129 1644 3168; x_wconf 90' lang='lat' dir='ltr'>veneno</span> <span class='ocrx_word' id='word_1_222' title='bbox 1676 3111 1908 3183; x_wconf 87' lang='lat' dir='ltr'>hausto,</span> <span class='ocrx_word' id='word_1_223' title='bbox 1938 3112 2089 3168; x_wconf 89' lang='lat' dir='ltr'>inter</span> 
     </span>
    </p>
   </div>
   <div class='ocr_carea' id='block_1_33' title="bbox 435 3199 2084 3275">
    <p class='ocr_par' dir='ltr' id='par_1_33' title="bbox 435 3199 2084 3275">
     <span class='ocr_line' id='line_1_33' title="bbox 435 3199 2084 3275; baseline -0.001 -17"><span class='ocrx_word' id='word_1_224' title='bbox 435 3219 648 3258; x_wconf 89' lang='lat' dir='ltr'>manus</span> <span class='ocrx_word' id='word_1_225' title='bbox 686 3201 1048 3275; x_wconf 87' lang='lat' dir='ltr'>portantium</span> <span class='ocrx_word' id='word_1_226' title='bbox 1095 3200 1344 3256; x_wconf 87' lang='lat' dir='ltr'>transito</span> <span class='ocrx_word' id='word_1_227' title='bbox 1389 3205 1588 3256; x_wconf 89' lang='lat' dir='ltr'>monte</span> <span class='ocrx_word' id='word_1_228' title='bbox 1619 3199 1860 3268; x_wconf 89' lang='lat' dir='ltr'>Cinisio,</span> <span class='ocrx_word' id='word_1_229' title='bbox 1885 3217 2084 3272; x_wconf 83' lang='lat' dir='ltr'>perve-</span> 
     </span>
    </p>
   </div>
   <div class='ocr_carea' id='block_1_34' title="bbox 2207 618 3161 692">
    <p class='ocr_par' dir='ltr' id='par_1_34' title="bbox 2207 618 3161 692">
     <span class='ocr_line' id='line_1_34' title="bbox 2207 618 3161 692; baseline 0.004 -20"><span class='ocrx_word' id='word_1_230' title='bbox 2207 622 2272 672; x_wconf 91' lang='lat' dir='ltr'>ut</span> <span class='ocrx_word' id='word_1_231' title='bbox 2302 635 2336 673; x_wconf 90' lang='lat' dir='ltr'>a</span> <span class='ocrx_word' id='word_1_232' title='bbox 2364 618 2566 674; x_wconf 90' lang='lat' dir='ltr'>multis</span> <span class='ocrx_word' id='word_1_233' title='bbox 2595 619 2769 676; x_wconf 84' lang='lat' dir='ltr'>fuerit</span> <span class='ocrx_word' id='word_1_234' title='bbox 2797 621 3161 692; x_wconf 89' lang='lat' dir='ltr'>desperatus.</span> 
     </span>
    </p>
   </div>
   <div class='ocr_carea' id='block_1_35' title="bbox 2281 706 3872 782">
    <p class='ocr_par' dir='ltr' id='par_1_35' title="bbox 2281 706 3872 782">
     <span class='ocr_line' id='line_1_35' title="bbox 2281 706 3872 782; baseline 0.004 -21"><span class='ocrx_word' id='word_1_235' title='bbox 2281 706 2627 776; x_wconf 84' lang='lat' dir='ltr'>Ludovicus,</span> <span class='ocrx_word' id='word_1_236' title='bbox 2659 712 2896 782; x_wconf 87' lang='lat' dir='ltr'>accepto</span> <span class='ocrx_word' id='word_1_237' title='bbox 2936 709 3151 766; x_wconf 88' lang='lat' dir='ltr'>nuncio</span> <span class='ocrx_word' id='word_1_238' title='bbox 3195 711 3254 766; x_wconf 91' lang='lat' dir='ltr'>in</span> <span class='ocrx_word' id='word_1_239' title='bbox 3300 710 3610 766; x_wconf 86' lang='lat' dir='ltr'>Audriaca</span> <span class='ocrx_word' id='word_1_240' title='bbox 3641 707 3784 764; x_wconf 85' lang='lat' dir='ltr'>villa</span> <span class='ocrx_word' id='word_1_241' title='bbox 3810 710 3872 767; x_wconf 78' lang='lat' dir='ltr'>de</span> 
     </span>
    </p>
   </div>
   <div class='ocr_carea' id='block_1_36' title="bbox 2204 795 3872 872">
    <p class='ocr_par' dir='ltr' id='par_1_36' title="bbox 2204 795 3872 872">
     <span class='ocr_line' id='line_1_36' title="bbox 2204 795 3872 872; baseline 0.002 -22"><span class='ocrx_word' id='word_1_242' title='bbox 2204 800 2389 851; x_wconf 88' lang='lat' dir='ltr'>morte</span> <span class='ocrx_word' id='word_1_243' title='bbox 2417 797 2601 868; x_wconf 91' lang='lat' dir='ltr'>patris</span> <span class='ocrx_word' id='word_1_244' title='bbox 2627 795 2719 852; x_wconf 90' lang='lat' dir='ltr'>sui</span> <span class='ocrx_word' id='word_1_245' title='bbox 2740 795 3115 870; x_wconf 89' lang='lat' dir='ltr'>Caroli,quos</span> <span class='ocrx_word' id='word_1_246' title='bbox 3146 799 3338 872; x_wconf 88' lang='lat' dir='ltr'>potuit</span> <span class='ocrx_word' id='word_1_247' title='bbox 3359 797 3714 854; x_wconf 81' lang='lat' dir='ltr'>conciliavit</span> <span class='ocrx_word' id='word_1_248' title='bbox 3747 799 3872 870; x_wconf 90' lang='lat' dir='ltr'>sibi,</span> 
     </span>
    </p>
   </div>
   <div class='ocr_carea' id='block_1_37' title="bbox 2202 885 3872 945">
    <p class='ocr_par' dir='ltr' id='par_1_37' title="bbox 2202 885 3872 945">
     <span class='ocr_line' id='line_1_37' title="bbox 2202 885 3872 945; baseline 0.004 -6"><span class='ocrx_word' id='word_1_249' title='bbox 2202 885 2352 940; x_wconf 89' lang='lat' dir='ltr'>dans</span> <span class='ocrx_word' id='word_1_250' title='bbox 2381 885 2465 940; x_wconf 92' lang='lat' dir='ltr'>eis</span> <span class='ocrx_word' id='word_1_251' title='bbox 2495 885 2762 942; x_wconf 89' lang='lat' dir='ltr'>abbatias</span> <span class='ocrx_word' id='word_1_252' title='bbox 2791 891 2849 942; x_wconf 91' lang='lat' dir='ltr'>et</span> <span class='ocrx_word' id='word_1_253' title='bbox 2877 888 3194 944; x_wconf 88' lang='lat' dir='ltr'>comitatus</span> <span class='ocrx_word' id='word_1_254' title='bbox 3221 905 3289 944; x_wconf 89' lang='lat' dir='ltr'>ac</span> <span class='ocrx_word' id='word_1_255' title='bbox 3317 887 3493 944; x_wconf 81' lang='lat' dir='ltr'>villas</span> <span class='ocrx_word' id='word_1_256' title='bbox 3537 888 3872 945; x_wconf 82' lang='lat' dir='ltr'>secundum</span> 
     </span>
    </p>
   </div>
   <div class='ocr_carea' id='block_1_38' title="bbox 2201 973 3874 1049">
    <p class='ocr_par' dir='ltr' id='par_1_38' title="bbox 2201 973 3874 1049">
     <span class='ocr_line' id='line_1_38' title="bbox 2201 973 3874 1049; baseline 0.001 -19"><span class='ocrx_word' id='word_1_257' title='bbox 2201 973 2672 1047; x_wconf 84' lang='lat' dir='ltr'>uniuscujusque</span> <span class='ocrx_word' id='word_1_258' title='bbox 2696 974 3259 1048; x_wconf 85' lang='lat' dir='ltr'>postulationem.Et</span> <span class='ocrx_word' id='word_1_259' title='bbox 3289 977 3400 1033; x_wconf 86' lang='lat' dir='ltr'>iter</span> <span class='ocrx_word' id='word_1_260' title='bbox 3418 992 3615 1049; x_wconf 80' lang='lat' dir='ltr'>agens</span> <span class='ocrx_word' id='word_1_261' title='bbox 3647 992 3760 1048; x_wconf 87' lang='lat' dir='ltr'>per</span> <span class='ocrx_word' id='word_1_262' title='bbox 3775 976 3874 1032; x_wconf 77' lang='lat' dir='ltr'>Ca-</span> 
     </span>
    </p>
   </div>
   <div class='ocr_carea' id='block_1_39' title="bbox 2201 1063 3874 1139">
    <p class='ocr_par' dir='ltr' id='par_1_39' title="bbox 2201 1063 3874 1139">
     <span class='ocr_line' id='line_1_39' title="bbox 2201 1063 3874 1139; baseline 0.002 -20"><span class='ocrx_word' id='word_1_263' title='bbox 2201 1063 2478 1120; x_wconf 90' lang='lat' dir='ltr'>risiacum</span> <span class='ocrx_word' id='word_1_264' title='bbox 2500 1069 2558 1120; x_wconf 91' lang='lat' dir='ltr'>et</span> <span class='ocrx_word' id='word_1_265' title='bbox 2575 1063 2998 1137; x_wconf 87' lang='lat' dir='ltr'>Compendium</span> <span class='ocrx_word' id='word_1_266' title='bbox 3022 1082 3208 1139; x_wconf 90' lang='lat' dir='ltr'>usque</span> <span class='ocrx_word' id='word_1_267' title='bbox 3231 1067 3302 1122; x_wconf 91' lang='lat' dir='ltr'>ad</span> <span class='ocrx_word' id='word_1_268' title='bbox 3318 1065 3588 1122; x_wconf 90' lang='lat' dir='ltr'>Vernum</span> <span class='ocrx_word' id='word_1_269' title='bbox 3610 1066 3657 1132; x_wconf 79' lang='lat'>‘,</span> <span class='ocrx_word' id='word_1_270' title='bbox 3673 1070 3874 1138; x_wconf 75' lang='lat' dir='ltr'>quale-</span> 
     </span>
    </p>
   </div>
   <div class='ocr_carea' id='block_1_40' title="bbox 2201 1153 3876 1229">
    <p class='ocr_par' dir='ltr' id='par_1_40' title="bbox 2201 1153 3876 1229">
     <span class='ocr_line' id='line_1_40' title="bbox 2201 1153 3876 1229; baseline 0.001 -21"><span class='ocrx_word' id='word_1_271' title='bbox 2201 1171 2314 1210; x_wconf 91' lang='lat' dir='ltr'>nus</span> <span class='ocrx_word' id='word_1_272' title='bbox 2334 1153 2406 1209; x_wconf 89' lang='lat' dir='ltr'>ad</span> <span class='ocrx_word' id='word_1_273' title='bbox 2429 1153 2800 1226; x_wconf 90' lang='lat' dir='ltr'>sepulturum</span> <span class='ocrx_word' id='word_1_274' title='bbox 2823 1155 3004 1226; x_wconf 85' lang='lat' dir='ltr'>patris</span> <span class='ocrx_word' id='word_1_275' title='bbox 3027 1154 3119 1212; x_wconf 91' lang='lat' dir='ltr'>sui</span> <span class='ocrx_word' id='word_1_276' title='bbox 3144 1158 3228 1222; x_wconf 92' lang='lat' dir='ltr'>[ut</span> <span class='ocrx_word' id='word_1_277' title='bbox 3249 1155 3514 1229; x_wconf 85' lang='lat' dir='ltr'>putabat]</span> <span class='ocrx_word' id='word_1_278' title='bbox 3540 1155 3712 1228; x_wconf 88' lang='lat' dir='ltr'>apud</span> <span class='ocrx_word' id='word_1_279' title='bbox 3747 1172 3876 1211; x_wconf 59' lang='lat' dir='ltr'>mo.</span> 
     </span>
    </p>
   </div>
   <div class='ocr_carea' id='block_1_41' title="bbox 2200 1242 3876 1317">
    <p class='ocr_par' dir='ltr' id='par_1_41' title="bbox 2200 1242 3876 1317">
     <span class='ocr_line' id='line_1_41' title="bbox 2200 1242 3876 1317; baseline 0.001 -19"><span class='ocrx_word' id='word_1_280' title='bbox 2200 1243 2525 1298; x_wconf 90' lang='lat' dir='ltr'>nasterium</span> <span class='ocrx_word' id='word_1_281' title='bbox 2583 1242 2771 1299; x_wconf 88' lang='lat' dir='ltr'>sancti</span> <span class='ocrx_word' id='word_1_282' title='bbox 2829 1243 3142 1317; x_wconf 75' lang='lat' dir='ltr'>Dionysii&quot;</span> <span class='ocrx_word' id='word_1_283' title='bbox 3193 1243 3556 1317; x_wconf 89' lang='lat' dir='ltr'>perveniret;</span> <span class='ocrx_word' id='word_1_284' title='bbox 3612 1243 3720 1299; x_wconf 87' lang='lat' dir='ltr'>ubi</span> <span class='ocrx_word' id='word_1_285' title='bbox 3772 1260 3876 1300; x_wconf 78' lang='lat' dir='ltr'>au-</span> 
     </span>
    </p>
   </div>
   <div class='ocr_carea' id='block_1_42' title="bbox 2199 1331 3876 1406">
    <p class='ocr_par' dir='ltr' id='par_1_42' title="bbox 2199 1331 3876 1406">
     <span class='ocr_line' id='line_1_42' title="bbox 2199 1331 3876 1406; baseline 0.002 -20"><span class='ocrx_word' id='word_1_286' title='bbox 2199 1332 2367 1387; x_wconf 89' lang='lat' dir='ltr'>diens</span> <span class='ocrx_word' id='word_1_287' title='bbox 2387 1332 2408 1366; x_wconf 83' lang='grc'>⁸</span> <span class='ocrx_word' id='word_1_288' title='bbox 2441 1335 2664 1404; x_wconf 88' lang='lat' dir='ltr'>patrem</span> <span class='ocrx_word' id='word_1_289' title='bbox 2699 1349 2873 1387; x_wconf 89' lang='lat' dir='ltr'>suum</span> <span class='ocrx_word' id='word_1_290' title='bbox 2895 1334 2917 1367; x_wconf 84' lang='grc'><strong>⁹</strong></span> <span class='ocrx_word' id='word_1_291' title='bbox 2947 1331 3266 1405; x_wconf 87' lang='lat' dir='ltr'>sepultum,</span> <span class='ocrx_word' id='word_1_292' title='bbox 3289 1335 3346 1388; x_wconf 92' lang='lat' dir='ltr'>et</span> <span class='ocrx_word' id='word_1_293' title='bbox 3374 1331 3541 1406; x_wconf 82' lang='lat' dir='ltr'>regni</span> <span class='ocrx_word' id='word_1_294' title='bbox 3573 1333 3876 1405; x_wconf 76' lang='lat' dir='ltr'>primores</span> 
     </span>
    </p>
   </div>
   <div class='ocr_carea' id='block_1_43' title="bbox 2199 1421 3876 1494">
    <p class='ocr_par' dir='ltr' id='par_1_43' title="bbox 2199 1421 3876 1494">
     <span class='ocr_line' id='line_1_43' title="bbox 2199 1421 3876 1494; baseline 0.001 -19"><span class='ocrx_word' id='word_1_295' title='bbox 2199 1425 2319 1476; x_wconf 90' lang='lat' dir='ltr'>tam</span> <span class='ocrx_word' id='word_1_296' title='bbox 2342 1421 2583 1476; x_wconf 89' lang='lat' dir='ltr'>abbates</span> <span class='ocrx_word' id='word_1_297' title='bbox 2605 1438 2783 1493; x_wconf 86' lang='lat' dir='ltr'>quam</span> <span class='ocrx_word' id='word_1_298' title='bbox 2805 1422 3050 1477; x_wconf 88' lang='lat' dir='ltr'>comites</span> <span class='ocrx_word' id='word_1_299' title='bbox 3070 1421 3427 1494; x_wconf 88' lang='lat' dir='ltr'>indignatos,</span> <span class='ocrx_word' id='word_1_300' title='bbox 3451 1421 3600 1494; x_wconf 83' lang='lat' dir='ltr'>quia</span> <span class='ocrx_word' id='word_1_301' title='bbox 3622 1422 3876 1494; x_wconf 81' lang='lat' dir='ltr'>quibus-</span> 
     </span>
    </p>
   </div>
   <div class='ocr_carea' id='block_1_44' title="bbox 2198 1509 3875 1577">
    <p class='ocr_par' dir='ltr' id='par_1_44' title="bbox 2198 1509 3875 1577">
     <span class='ocr_line' id='line_1_44' title="bbox 2198 1509 3875 1577; baseline 0.001 -13"><span class='ocrx_word' id='word_1_302' title='bbox 2198 1509 2335 1564; x_wconf 89' lang='lat' dir='ltr'>dam</span> <span class='ocrx_word' id='word_1_303' title='bbox 2361 1510 2609 1566; x_wconf 91' lang='lat' dir='ltr'>honores</span> <span class='ocrx_word' id='word_1_304' title='bbox 2629 1511 2870 1566; x_wconf 89' lang='lat' dir='ltr'>dederat</span> <span class='ocrx_word' id='word_1_305' title='bbox 2890 1511 3017 1566; x_wconf 89' lang='lat' dir='ltr'>sine</span> <span class='ocrx_word' id='word_1_306' title='bbox 3038 1510 3272 1566; x_wconf 89' lang='lat' dir='ltr'>illorum</span> <span class='ocrx_word' id='word_1_307' title='bbox 3291 1527 3614 1577; x_wconf 88' lang='lat' dir='ltr'>consensu,</span> <span class='ocrx_word' id='word_1_308' title='bbox 3635 1515 3700 1566; x_wconf 82' lang='lat' dir='ltr'>et</span> <span class='ocrx_word' id='word_1_309' title='bbox 3719 1511 3800 1566; x_wconf 89' lang='lat' dir='ltr'>ob</span> <span class='ocrx_word' id='word_1_310' title='bbox 3821 1511 3875 1566; x_wconf 90' lang='lat' dir='ltr'>id</span> 
     </span>
    </p>
   </div>
   <div class='ocr_carea' id='block_1_45' title="bbox 2198 1599 3875 1671">
    <p class='ocr_par' dir='ltr' id='par_1_45' title="bbox 2198 1599 3875 1671">
     <span class='ocr_line' id='line_1_45' title="bbox 2198 1599 3875 1671; baseline 0.001 -17"><span class='ocrx_word' id='word_1_311' title='bbox 2198 1599 2477 1654; x_wconf 86' lang='lat' dir='ltr'>adversus</span> <span class='ocrx_word' id='word_1_312' title='bbox 2517 1616 2578 1654; x_wconf 92' lang='lat' dir='ltr'>se</span> <span class='ocrx_word' id='word_1_313' title='bbox 2619 1599 2982 1671; x_wconf 89' lang='lat' dir='ltr'>conspiratos</span> <span class='ocrx_word' id='word_1_314' title='bbox 3015 1615 3144 1656; x_wconf 89' lang='lat' dir='ltr'>esse</span> <span class='ocrx_word' id='word_1_315' title='bbox 3171 1601 3234 1666; x_wconf 86' lang='grc'>¹⁰,</span> <span class='ocrx_word' id='word_1_316' title='bbox 3269 1615 3538 1656; x_wconf 89' lang='lat' dir='ltr'>reversus</span> <span class='ocrx_word' id='word_1_317' title='bbox 3568 1603 3668 1655; x_wconf 84' lang='lat' dir='ltr'>est</span> <span class='ocrx_word' id='word_1_318' title='bbox 3699 1602 3875 1656; x_wconf 83' lang='lat' dir='ltr'>Com-</span> 
     </span>
    </p>
   </div>
   <div class='ocr_carea' id='block_1_46' title="bbox 2197 1687 3876 1761">
    <p class='ocr_par' dir='ltr' id='par_1_46' title="bbox 2197 1687 3876 1761">
     <span class='ocr_line' id='line_1_46' title="bbox 2197 1687 3876 1761; baseline -0.001 -18"><span class='ocrx_word' id='word_1_319' title='bbox 2197 1688 2476 1760; x_wconf 90' lang='lat' dir='ltr'>pendum.</span> <span class='ocrx_word' id='word_1_320' title='bbox 2499 1687 2612 1760; x_wconf 91' lang='lat' dir='ltr'>Ipsi</span> <span class='ocrx_word' id='word_1_321' title='bbox 2645 1693 2840 1744; x_wconf 89' lang='lat' dir='ltr'>autem</span> <span class='ocrx_word' id='word_1_322' title='bbox 2874 1688 3161 1761; x_wconf 89' lang='lat' dir='ltr'>primores</span> <span class='ocrx_word' id='word_1_323' title='bbox 3205 1703 3340 1744; x_wconf 91' lang='lat' dir='ltr'>cum</span> <span class='ocrx_word' id='word_1_324' title='bbox 3391 1687 3692 1755; x_wconf 80' lang='lat' dir='ltr'>Richilde,</span> <span class='ocrx_word' id='word_1_325' title='bbox 3725 1688 3876 1743; x_wconf 87' lang='lat' dir='ltr'>diri-</span> 
     </span>
    </p>
   </div>
   <div class='ocr_carea' id='block_1_47' title="bbox 2195 1776 3874 1850">
    <p class='ocr_par' dir='ltr' id='par_1_47' title="bbox 2195 1776 3874 1850">
     <span class='ocr_line' id='line_1_47' title="bbox 2195 1776 3874 1850; baseline 0.002 -20"><span class='ocrx_word' id='word_1_326' title='bbox 2195 1776 2422 1848; x_wconf 90' lang='lat' dir='ltr'>pientes</span> <span class='ocrx_word' id='word_1_327' title='bbox 2442 1777 2640 1833; x_wconf 81' lang='lat' dir='ltr'>omnia</span> <span class='ocrx_word' id='word_1_328' title='bbox 2661 1794 2788 1850; x_wconf 69' lang='lat' dir='ltr'>quae</span> <span class='ocrx_word' id='word_1_329' title='bbox 2811 1777 2870 1832; x_wconf 89' lang='lat' dir='ltr'>in</span> <span class='ocrx_word' id='word_1_330' title='bbox 2894 1777 2986 1832; x_wconf 90' lang='lat' dir='ltr'>via</span> <span class='ocrx_word' id='word_1_331' title='bbox 3015 1776 3248 1832; x_wconf 89' lang='lat' dir='ltr'>illorum</span> <span class='ocrx_word' id='word_1_332' title='bbox 3281 1781 3448 1832; x_wconf 87' lang='lat' dir='ltr'>erant</span> <span class='ocrx_word' id='word_1_333' title='bbox 3468 1778 3535 1845; x_wconf 75' lang='grc' dir='ltr'>ιι,</span> <span class='ocrx_word' id='word_1_334' title='bbox 3568 1793 3773 1850; x_wconf 85' lang='lat' dir='ltr'>usque</span> <span class='ocrx_word' id='word_1_335' title='bbox 3803 1778 3874 1833; x_wconf 81' lang='lat' dir='ltr'>ad</span> 
     </span>
    </p>
   </div>
   <div class='ocr_carea' id='block_1_48' title="bbox 2195 1865 3874 1938">
    <p class='ocr_par' dir='ltr' id='par_1_48' title="bbox 2195 1865 3874 1938">
     <span class='ocr_line' id='line_1_48' title="bbox 2195 1865 3874 1938; baseline 0.001 -17"><span class='ocrx_word' id='word_1_336' title='bbox 2195 1867 2566 1922; x_wconf 88' lang='lat' dir='ltr'>Avennacum</span> <span class='ocrx_word' id='word_1_337' title='bbox 2579 1865 2656 1938; x_wconf 76' lang='grc' dir='ltr'>(ἀ)</span> <span class='ocrx_word' id='word_1_338' title='bbox 2675 1866 3096 1922; x_wconf 89' lang='lat' dir='ltr'>monasterium</span> <span class='ocrx_word' id='word_1_339' title='bbox 3119 1870 3598 1938; x_wconf 86' lang='lat' dir='ltr'>pervenerunt,et</span> <span class='ocrx_word' id='word_1_340' title='bbox 3615 1883 3874 1922; x_wconf 81' lang='lat' dir='ltr'>conven-</span> 
     </span>
    </p>
   </div>
   <div class='ocr_carea' id='block_1_49' title="bbox 2194 1953 3878 2022">
    <p class='ocr_par' dir='ltr' id='par_1_49' title="bbox 2194 1953 3878 2022">
     <span class='ocr_line' id='line_1_49' title="bbox 2194 1953 3878 2022; baseline 0.001 -13"><span class='ocrx_word' id='word_1_341' title='bbox 2194 1958 2323 2009; x_wconf 90' lang='lat' dir='ltr'>tum</span> <span class='ocrx_word' id='word_1_342' title='bbox 2347 1971 2521 2010; x_wconf 88' lang='lat' dir='ltr'>suum</span> <span class='ocrx_word' id='word_1_343' title='bbox 2539 1955 2608 2010; x_wconf 91' lang='lat' dir='ltr'>ad</span> <span class='ocrx_word' id='word_1_344' title='bbox 2635 1958 2895 2011; x_wconf 90' lang='lat' dir='ltr'>montem</span> <span class='ocrx_word' id='word_1_345' title='bbox 2911 1954 3186 2010; x_wconf 85' lang='lat' dir='ltr'>Witmari</span> <span class='ocrx_word' id='word_1_346' title='bbox 3206 1955 3248 1990; x_wconf 72' lang='grc'>³³</span> <span class='ocrx_word' id='word_1_347' title='bbox 3268 1953 3690 2022; x_wconf 86' lang='lat' dir='ltr'>condixerunt,</span> <span class='ocrx_word' id='word_1_348' title='bbox 3711 1955 3878 2011; x_wconf 57' lang='lat' dir='ltr'>inde.</span> 
     </span>
    </p>
   </div>
   <div class='ocr_carea' id='block_1_50' title="bbox 2195 2042 3876 2116">
    <p class='ocr_par' dir='ltr' id='par_1_50' title="bbox 2195 2042 3876 2116">
     <span class='ocr_line' id='line_1_50' title="bbox 2195 2042 3876 2116; baseline 0.001 -18"><span class='ocrx_word' id='word_1_349' title='bbox 2195 2059 2308 2116; x_wconf 87' lang='lat' dir='ltr'>que</span> <span class='ocrx_word' id='word_1_350' title='bbox 2334 2043 2550 2100; x_wconf 91' lang='lat' dir='ltr'>missos</span> <span class='ocrx_word' id='word_1_351' title='bbox 2581 2060 2720 2100; x_wconf 92' lang='lat' dir='ltr'>suos</span> <span class='ocrx_word' id='word_1_352' title='bbox 2761 2043 2830 2099; x_wconf 92' lang='lat' dir='ltr'>ad</span> <span class='ocrx_word' id='word_1_353' title='bbox 2878 2043 3239 2100; x_wconf 88' lang='lat' dir='ltr'>Ludovicum</span> <span class='ocrx_word' id='word_1_354' title='bbox 3271 2042 3639 2110; x_wconf 79' lang='lat' dir='ltr'>direxerant,</span> <span class='ocrx_word' id='word_1_355' title='bbox 3675 2044 3784 2100; x_wconf 82' lang='lat' dir='ltr'>sed</span> <span class='ocrx_word' id='word_1_356' title='bbox 3815 2049 3876 2100; x_wconf 81' lang='lat' dir='ltr'>et</span> 
     </span>
    </p>
   </div>
   <div class='ocr_carea' id='block_1_51' title="bbox 2196 2131 3870 2204">
    <p class='ocr_par' dir='ltr' id='par_1_51' title="bbox 2196 2131 3870 2204">
     <span class='ocr_line' id='line_1_51' title="bbox 2196 2131 3870 2204; baseline 0 -16"><span class='ocrx_word' id='word_1_357' title='bbox 2196 2131 2524 2188; x_wconf 88' lang='lat' dir='ltr'>Ludovicus</span> <span class='ocrx_word' id='word_1_358' title='bbox 2543 2131 2767 2204; x_wconf 89' lang='lat' dir='ltr'>legatos</span> <span class='ocrx_word' id='word_1_359' title='bbox 2795 2149 2935 2189; x_wconf 89' lang='lat' dir='ltr'>suos</span> <span class='ocrx_word' id='word_1_360' title='bbox 2959 2132 3031 2188; x_wconf 90' lang='lat' dir='ltr'>ad</span> <span class='ocrx_word' id='word_1_361' title='bbox 3059 2149 3159 2189; x_wconf 90' lang='lat' dir='ltr'>eos</span> <span class='ocrx_word' id='word_1_362' title='bbox 3180 2131 3408 2188; x_wconf 82' lang='lat' dir='ltr'>direxit.</span> <span class='ocrx_word' id='word_1_363' title='bbox 3427 2133 3500 2188; x_wconf 86' lang='lat' dir='ltr'>Et</span> <span class='ocrx_word' id='word_1_364' title='bbox 3521 2133 3870 2190; x_wconf 85' lang='lat' dir='ltr'>discurren-</span> 
     </span>
    </p>
   </div>
   <div class='ocr_carea' id='block_1_52' title="bbox 2193 2220 3872 2294">
    <p class='ocr_par' dir='ltr' id='par_1_52' title="bbox 2193 2220 3872 2294">
     <span class='ocr_line' id='line_1_52' title="bbox 2193 2220 3872 2294; baseline 0.001 -19"><span class='ocrx_word' id='word_1_365' title='bbox 2193 2221 2353 2276; x_wconf 88' lang='lat' dir='ltr'>tibus</span> <span class='ocrx_word' id='word_1_366' title='bbox 2384 2221 2535 2277; x_wconf 89' lang='lat' dir='ltr'>inter</span> <span class='ocrx_word' id='word_1_367' title='bbox 2563 2238 2662 2277; x_wconf 88' lang='lat' dir='ltr'>eos</span> <span class='ocrx_word' id='word_1_368' title='bbox 2689 2220 2909 2288; x_wconf 89' lang='lat' dir='ltr'>missis,</span> <span class='ocrx_word' id='word_1_369' title='bbox 2930 2222 3002 2277; x_wconf 90' lang='lat' dir='ltr'>ad</span> <span class='ocrx_word' id='word_1_370' title='bbox 3025 2221 3135 2278; x_wconf 90' lang='lat' dir='ltr'>hoc</span> <span class='ocrx_word' id='word_1_371' title='bbox 3161 2227 3504 2294; x_wconf 88' lang='lat' dir='ltr'>perventum</span> <span class='ocrx_word' id='word_1_372' title='bbox 3533 2227 3650 2286; x_wconf 86' lang='lat' dir='ltr'>est,</span> <span class='ocrx_word' id='word_1_373' title='bbox 3672 2228 3748 2277; x_wconf 87' lang='lat' dir='ltr'>ut</span> <span class='ocrx_word' id='word_1_374' title='bbox 3777 2221 3872 2277; x_wconf 81' lang='lat' dir='ltr'>Ri-</span> 
     </span>
    </p>
   </div>
   <div class='ocr_carea' id='block_1_53' title="bbox 2195 2309 3871 2384">
    <p class='ocr_par' dir='ltr' id='par_1_53' title="bbox 2195 2309 3871 2384">
     <span class='ocr_line' id='line_1_53' title="bbox 2195 2309 3871 2384; baseline -0.001 -18"><span class='ocrx_word' id='word_1_375' title='bbox 2195 2309 2406 2366; x_wconf 89' lang='lat' dir='ltr'>childis</span> <span class='ocrx_word' id='word_1_376' title='bbox 2427 2315 2484 2365; x_wconf 92' lang='lat' dir='ltr'>et</span> <span class='ocrx_word' id='word_1_377' title='bbox 2513 2309 2624 2382; x_wconf 88' lang='lat' dir='ltr'>ipsi</span> <span class='ocrx_word' id='word_1_378' title='bbox 2648 2310 2935 2382; x_wconf 91' lang='lat' dir='ltr'>primores</span> <span class='ocrx_word' id='word_1_379' title='bbox 2969 2311 3040 2367; x_wconf 87' lang='lat' dir='ltr'>ad</span> <span class='ocrx_word' id='word_1_380' title='bbox 3072 2327 3206 2366; x_wconf 88' lang='lat' dir='ltr'>eum</span> <span class='ocrx_word' id='word_1_381' title='bbox 3239 2311 3674 2384; x_wconf 88' lang='lat' dir='ltr'>Compendium</span> <span class='ocrx_word' id='word_1_382' title='bbox 3701 2311 3871 2366; x_wconf 84' lang='lat' dir='ltr'>veni-</span> 
     </span>
    </p>
   </div>
   <div class='ocr_carea' id='block_1_54' title="bbox 2196 2399 3872 2469">
    <p class='ocr_par' dir='ltr' id='par_1_54' title="bbox 2196 2399 3872 2469">
     <span class='ocr_line' id='line_1_54' title="bbox 2196 2399 3872 2469; baseline 0 -15"><span class='ocrx_word' id='word_1_383' title='bbox 2196 2404 2406 2466; x_wconf 89' lang='lat' dir='ltr'>rent,et</span> <span class='ocrx_word' id='word_1_384' title='bbox 2421 2416 2596 2455; x_wconf 87' lang='lat' dir='ltr'>suum</span> <span class='ocrx_word' id='word_1_385' title='bbox 2609 2403 2957 2455; x_wconf 90' lang='lat' dir='ltr'>conventum</span> <span class='ocrx_word' id='word_1_386' title='bbox 2978 2400 3048 2456; x_wconf 88' lang='lat' dir='ltr'>ad</span> <span class='ocrx_word' id='word_1_387' title='bbox 3065 2403 3317 2456; x_wconf 89' lang='lat' dir='ltr'>Casnum</span> <span class='ocrx_word' id='word_1_388' title='bbox 3333 2400 3450 2469; x_wconf 74' lang='lat' dir='ltr'>&quot;(a)</span> <span class='ocrx_word' id='word_1_389' title='bbox 3470 2399 3529 2456; x_wconf 89' lang='lat' dir='ltr'>in</span> <span class='ocrx_word' id='word_1_390' title='bbox 3545 2399 3715 2456; x_wconf 87' lang='lat' dir='ltr'>Cotia</span> <span class='ocrx_word' id='word_1_391' title='bbox 3735 2416 3872 2456; x_wconf 80' lang='lat' dir='ltr'>con-</span> 
     </span>
    </p>
   </div>
   <div class='ocr_carea' id='block_1_55' title="bbox 2195 2487 3870 2561">
    <p class='ocr_par' dir='ltr' id='par_1_55' title="bbox 2195 2487 3870 2561">
     <span class='ocr_line' id='line_1_55' title="bbox 2195 2487 3870 2561; baseline 0.001 -18"><span class='ocrx_word' id='word_1_392' title='bbox 2195 2488 2484 2543; x_wconf 85' lang='lat' dir='ltr'>dixerunt.</span> <span class='ocrx_word' id='word_1_393' title='bbox 2508 2487 2792 2544; x_wconf 84' lang='lat' dir='ltr'>Richildis</span> <span class='ocrx_word' id='word_1_394' title='bbox 2812 2487 3234 2561; x_wconf 90' lang='lat' dir='ltr'>Compendium</span> <span class='ocrx_word' id='word_1_395' title='bbox 3261 2488 3333 2544; x_wconf 90' lang='lat' dir='ltr'>ad</span> <span class='ocrx_word' id='word_1_396' title='bbox 3362 2489 3735 2544; x_wconf 89' lang='lat' dir='ltr'>Ludovicum</span> <span class='ocrx_word' id='word_1_397' title='bbox 3766 2505 3870 2544; x_wconf 82' lang='lat' dir='ltr'>ve-</span> 
     </span>
    </p>
   </div>
   <div class='ocr_carea' id='block_1_56' title="bbox 2197 2576 3866 2650">
    <p class='ocr_par' dir='ltr' id='par_1_56' title="bbox 2197 2576 3866 2650">
     <span class='ocr_line' id='line_1_56' title="bbox 2197 2576 3866 2650; baseline -0.001 -17"><span class='ocrx_word' id='word_1_398' title='bbox 2197 2577 2385 2646; x_wconf 89' lang='lat' dir='ltr'>niens,</span> <span class='ocrx_word' id='word_1_399' title='bbox 2409 2577 2468 2632; x_wconf 92' lang='lat' dir='ltr'>in</span> <span class='ocrx_word' id='word_1_400' title='bbox 2493 2578 2676 2632; x_wconf 90' lang='lat' dir='ltr'>missa</span> <span class='ocrx_word' id='word_1_401' title='bbox 2695 2578 2884 2634; x_wconf 91' lang='lat' dir='ltr'>sancti</span> <span class='ocrx_word' id='word_1_402' title='bbox 2908 2577 3148 2632; x_wconf 66' lang='lat' dir='ltr'>Andreae</span> <span class='ocrx_word' id='word_1_403' title='bbox 3171 2576 3371 2633; x_wconf 87' lang='lat' dir='ltr'>attulit</span> <span class='ocrx_word' id='word_1_404' title='bbox 3391 2577 3442 2632; x_wconf 89' lang='lat' dir='ltr'>ei</span> <span class='ocrx_word' id='word_1_405' title='bbox 3471 2582 3866 2650; x_wconf 68' lang='lat' dir='ltr'>preceptum,</span> 
     </span>
    </p>
   </div>
   <div class='ocr_carea' id='block_1_57' title="bbox 2196 2665 3868 2740">
    <p class='ocr_par' dir='ltr' id='par_1_57' title="bbox 2196 2665 3868 2740">
     <span class='ocr_line' id='line_1_57' title="bbox 2196 2665 3868 2740; baseline 0 -19"><span class='ocrx_word' id='word_1_406' title='bbox 2196 2683 2298 2740; x_wconf 86' lang='lat' dir='ltr'>per</span> <span class='ocrx_word' id='word_1_407' title='bbox 2318 2667 2474 2740; x_wconf 91' lang='lat' dir='ltr'>quod</span> <span class='ocrx_word' id='word_1_408' title='bbox 2499 2671 2664 2738; x_wconf 91' lang='lat' dir='ltr'>pater</span> <span class='ocrx_word' id='word_1_409' title='bbox 2684 2683 2830 2722; x_wconf 88' lang='lat' dir='ltr'>suus</span> <span class='ocrx_word' id='word_1_410' title='bbox 2861 2665 2945 2721; x_wconf 90' lang='lat' dir='ltr'>illi</span> <span class='ocrx_word' id='word_1_411' title='bbox 2966 2682 3210 2738; x_wconf 83' lang='lat' dir='ltr'>regnum</span> <span class='ocrx_word' id='word_1_412' title='bbox 3242 2670 3375 2722; x_wconf 90' lang='lat' dir='ltr'>ante</span> <span class='ocrx_word' id='word_1_413' title='bbox 3405 2670 3662 2722; x_wconf 85' lang='lat' dir='ltr'>mortem</span> <span class='ocrx_word' id='word_1_414' title='bbox 3692 2683 3868 2722; x_wconf 79' lang='lat' dir='ltr'>suam</span> 
     </span>
    </p>
   </div>
   <div class='ocr_carea' id='block_1_58' title="bbox 2196 2754 3870 2828">
    <p class='ocr_par' dir='ltr' id='par_1_58' title="bbox 2196 2754 3870 2828">
     <span class='ocr_line' id='line_1_58' title="bbox 2196 2754 3870 2828; baseline -0.001 -18"><span class='ocrx_word' id='word_1_415' title='bbox 2196 2755 2536 2822; x_wconf 86' lang='lat' dir='ltr'>tradiderat,</span> <span class='ocrx_word' id='word_1_416' title='bbox 2558 2760 2617 2810; x_wconf 88' lang='lat' dir='ltr'>et</span> <span class='ocrx_word' id='word_1_417' title='bbox 2647 2760 2876 2828; x_wconf 89' lang='lat' dir='ltr'>spatam</span> <span class='ocrx_word' id='word_1_418' title='bbox 2902 2771 3028 2827; x_wconf 77' lang='lat' dir='ltr'>quae</span> <span class='ocrx_word' id='word_1_419' title='bbox 3059 2759 3298 2811; x_wconf 89' lang='lat' dir='ltr'>vocatur</span> <span class='ocrx_word' id='word_1_420' title='bbox 3325 2754 3514 2810; x_wconf 87' lang='lat' dir='ltr'>sancti</span> <span class='ocrx_word' id='word_1_421' title='bbox 3549 2755 3729 2820; x_wconf 88' lang='lat' dir='ltr'>Petri,</span> <span class='ocrx_word' id='word_1_422' title='bbox 3762 2770 3870 2826; x_wconf 83' lang='lat' dir='ltr'>per</span> 
     </span>
    </p>
   </div>
   <div class='ocr_carea' id='block_1_59' title="bbox 2196 2843 3868 2917">
    <p class='ocr_par' dir='ltr' id='par_1_59' title="bbox 2196 2843 3868 2917">
     <span class='ocr_line' id='line_1_59' title="bbox 2196 2843 3868 2917; baseline -0.001 -17"><span class='ocrx_word' id='word_1_423' title='bbox 2196 2861 2374 2917; x_wconf 90' lang='lat' dir='ltr'>quam</span> <span class='ocrx_word' id='word_1_424' title='bbox 2397 2860 2530 2900; x_wconf 90' lang='lat' dir='ltr'>eum</span> <span class='ocrx_word' id='word_1_425' title='bbox 2563 2845 2634 2900; x_wconf 93' lang='lat' dir='ltr'>de</span> <span class='ocrx_word' id='word_1_426' title='bbox 2665 2861 2844 2916; x_wconf 88' lang='lat' dir='ltr'>regno</span> <span class='ocrx_word' id='word_1_427' title='bbox 2874 2843 3174 2901; x_wconf 89' lang='lat' dir='ltr'>revestiret</span> <span class='ocrx_word' id='word_1_428' title='bbox 3195 2845 3257 2912; x_wconf 70' lang='grc' dir='ltr'>ιδ,</span> <span class='ocrx_word' id='word_1_429' title='bbox 3283 2844 3384 2900; x_wconf 89' lang='lat' dir='ltr'>sed</span> <span class='ocrx_word' id='word_1_430' title='bbox 3415 2849 3473 2900; x_wconf 89' lang='lat' dir='ltr'>et</span> <span class='ocrx_word' id='word_1_431' title='bbox 3503 2844 3744 2917; x_wconf 85' lang='lat' dir='ltr'>regium</span> <span class='ocrx_word' id='word_1_432' title='bbox 3763 2859 3868 2899; x_wconf 79' lang='lat' dir='ltr'>ve—</span> 
     </span>
    </p>
   </div>
   <div class='ocr_carea' id='block_1_60' title="bbox 2196 2932 3864 3005">
    <p class='ocr_par' dir='ltr' id='par_1_60' title="bbox 2196 2932 3864 3005">
     <span class='ocr_line' id='line_1_60' title="bbox 2196 2932 3864 3005; baseline -0.002 -15"><span class='ocrx_word' id='word_1_433' title='bbox 2196 2933 2544 2990; x_wconf 87' lang='lat' dir='ltr'>stimentum</span> <span class='ocrx_word' id='word_1_434' title='bbox 2565 2937 2622 2988; x_wconf 92' lang='lat' dir='ltr'>et</span> <span class='ocrx_word' id='word_1_435' title='bbox 2638 2949 2917 2990; x_wconf 88' lang='lat' dir='ltr'>coronam</span> <span class='ocrx_word' id='word_1_436' title='bbox 2935 2949 3002 2989; x_wconf 88' lang='lat' dir='ltr'>ac</span> <span class='ocrx_word' id='word_1_437' title='bbox 3025 2933 3239 2990; x_wconf 82' lang='lat' dir='ltr'>fustem</span> <span class='ocrx_word' id='word_1_438' title='bbox 3255 2950 3324 2988; x_wconf 84' lang='lat' dir='ltr'>ex</span> <span class='ocrx_word' id='word_1_439' title='bbox 3338 2949 3484 2988; x_wconf 88' lang='lat' dir='ltr'>auro</span> <span class='ocrx_word' id='word_1_440' title='bbox 3500 2937 3559 2988; x_wconf 88' lang='lat' dir='ltr'>et</span> <span class='ocrx_word' id='word_1_441' title='bbox 3577 2932 3864 3005; x_wconf 85' lang='lat' dir='ltr'>gemmis.</span> 
     </span>
    </p>
   </div>
   <div class='ocr_carea' id='block_1_61' title="bbox 2196 3020 3866 3095">
    <p class='ocr_par' dir='ltr' id='par_1_61' title="bbox 2196 3020 3866 3095">
     <span class='ocr_line' id='line_1_61' title="bbox 2196 3020 3866 3095; baseline -0.002 -16"><span class='ocrx_word' id='word_1_442' title='bbox 2196 3023 2266 3079; x_wconf 91' lang='lat' dir='ltr'>Et</span> <span class='ocrx_word' id='word_1_443' title='bbox 2294 3021 2762 3078; x_wconf 87' lang='lat' dir='ltr'>discurrentibus</span> <span class='ocrx_word' id='word_1_444' title='bbox 2791 3021 2999 3094; x_wconf 89' lang='lat' dir='ltr'>legatis</span> <span class='ocrx_word' id='word_1_445' title='bbox 3027 3021 3179 3077; x_wconf 89' lang='lat' dir='ltr'>inter</span> <span class='ocrx_word' id='word_1_446' title='bbox 3211 3020 3574 3078; x_wconf 88' lang='lat' dir='ltr'>Ludovicum</span> <span class='ocrx_word' id='word_1_447' title='bbox 3605 3026 3666 3078; x_wconf 88' lang='lat' dir='ltr'>et</span> <span class='ocrx_word' id='word_1_448' title='bbox 3695 3020 3866 3095; x_wconf 77' lang='lat' dir='ltr'>regni</span> 
     </span>
    </p>
   </div>
   <div class='ocr_carea' id='block_1_62' title="bbox 2197 3109 3867 3184">
    <p class='ocr_par' dir='ltr' id='par_1_62' title="bbox 2197 3109 3867 3184">
     <span class='ocr_line' id='line_1_62' title="bbox 2197 3109 3867 3184; baseline 0.001 -18"><span class='ocrx_word' id='word_1_449' title='bbox 2197 3111 2504 3184; x_wconf 89' lang='lat' dir='ltr'>primores,</span> <span class='ocrx_word' id='word_1_450' title='bbox 2528 3115 2586 3168; x_wconf 92' lang='lat' dir='ltr'>et</span> <span class='ocrx_word' id='word_1_451' title='bbox 2625 3110 2813 3184; x_wconf 90' lang='lat' dir='ltr'>pactis</span> <span class='ocrx_word' id='word_1_452' title='bbox 2855 3110 3177 3168; x_wconf 89' lang='lat' dir='ltr'>honoribus</span> <span class='ocrx_word' id='word_1_453' title='bbox 3216 3109 3468 3184; x_wconf 90' lang='lat' dir='ltr'>singulis</span> <span class='ocrx_word' id='word_1_454' title='bbox 3499 3127 3653 3183; x_wconf 88' lang='lat' dir='ltr'>quos</span> <span class='ocrx_word' id='word_1_455' title='bbox 3681 3112 3867 3184; x_wconf 82' lang='lat' dir='ltr'>petie-</span> 
     </span>
    </p>
   </div>
   <div class='ocr_carea' id='block_1_63' title="bbox 2198 3199 3872 3273">
    <p class='ocr_par' dir='ltr' id='par_1_63' title="bbox 2198 3199 3872 3273">
     <span class='ocr_line' id='line_1_63' title="bbox 2198 3199 3872 3273; baseline 0 -17"><span class='ocrx_word' id='word_1_456' title='bbox 2198 3205 2358 3268; x_wconf 90' lang='lat' dir='ltr'>runt,</span> <span class='ocrx_word' id='word_1_457' title='bbox 2377 3201 2570 3256; x_wconf 85' lang='lat' dir='ltr'>61dus</span> <span class='ocrx_word' id='word_1_458' title='bbox 2603 3199 2939 3256; x_wconf 87' lang='lat' dir='ltr'>Decembris</span> <span class='ocrx_word' id='word_1_459' title='bbox 2969 3217 3258 3257; x_wconf 88' lang='lat' dir='ltr'>consensu</span> <span class='ocrx_word' id='word_1_460' title='bbox 3281 3200 3577 3266; x_wconf 89' lang='lat' dir='ltr'>omnium,</span> <span class='ocrx_word' id='word_1_461' title='bbox 3597 3206 3726 3255; x_wconf 83' lang='lat' dir='ltr'>tam</span> <span class='ocrx_word' id='word_1_462' title='bbox 3749 3199 3872 3273; x_wconf 88' lang='lat' dir='ltr'>epi-</span> 
     </span>
    </p>
   </div>
   <div class='ocr_carea' id='block_1_64' title="bbox 436 3271 3868 3363">
    <p class='ocr_par' dir='ltr' id='par_1_64' title="bbox 436 3271 3868 3363">
     <span class='ocr_line' id='line_1_64' title="bbox 436 3271 3868 3363; baseline -0.001 -15"><span class='ocrx_word' id='word_1_463' title='bbox 436 3291 604 3348; x_wconf 84' lang='lat' dir='ltr'>niens</span> <span class='ocrx_word' id='word_1_464' title='bbox 635 3271 708 3347; x_wconf 84' lang='lat' dir='ltr'>ad</span> <span class='ocrx_word' id='word_1_465' title='bbox 741 3290 934 3346; x_wconf 91' lang='lat' dir='ltr'>locum</span> <span class='ocrx_word' id='word_1_466' title='bbox 967 3289 1066 3362; x_wconf 93' lang='lat' dir='ltr'>qui</span> <span class='ocrx_word' id='word_1_467' title='bbox 1099 3289 1262 3345; x_wconf 90' lang='lat' dir='ltr'>Brios</span> <span class='ocrx_word' id='word_1_468' title='bbox 1284 3289 1359 3359; x_wconf 85' lang='lat' dir='ltr'>(b)</span> <span class='ocrx_word' id='word_1_469' title='bbox 1391 3289 1628 3353; x_wconf 88' lang='lat' dir='ltr'>dicitur,</span> <span class='ocrx_word' id='word_1_470' title='bbox 1660 3289 1823 3346; x_wconf 88' lang='lat' dir='ltr'>misit</span> <span class='ocrx_word' id='word_1_471' title='bbox 1853 3271 1956 3362; x_wconf 83' lang='lat' dir='ltr'>pro</span> <span class='ocrx_word' id='word_1_472' title='bbox 1990 3289 2086 3345; x_wconf 84' lang='lat' dir='ltr'>Ri-</span> <span class='ocrx_word' id='word_1_473' title='bbox 2117 3271 2162 3340; x_wconf 71' lang='grc' dir='ltr'><strong>θ</strong></span> <span class='ocrx_word' id='word_1_474' title='bbox 2199 3307 2477 3363; x_wconf 90' lang='lat' dir='ltr'>coporum</span> <span class='ocrx_word' id='word_1_475' title='bbox 2509 3293 2567 3345; x_wconf 91' lang='lat' dir='ltr'>et</span> <span class='ocrx_word' id='word_1_476' title='bbox 2597 3290 2903 3358; x_wconf 87' lang='lat' dir='ltr'>abbatum,</span> <span class='ocrx_word' id='word_1_477' title='bbox 2928 3307 3106 3362; x_wconf 91' lang='lat' dir='ltr'>quam</span> <span class='ocrx_word' id='word_1_478' title='bbox 3146 3289 3309 3362; x_wconf 89' lang='lat' dir='ltr'>regni</span> <span class='ocrx_word' id='word_1_479' title='bbox 3340 3289 3674 3362; x_wconf 87' lang='lat' dir='ltr'>primorum</span> <span class='ocrx_word' id='word_1_480' title='bbox 3705 3271 3868 3346; x_wconf 70' lang='lat' dir='ltr'>cete-</span> 
     </span>
    </p>
   </div>
   <div class='ocr_carea' id='block_1_65' title="bbox 435 3377 2088 3452">
    <p class='ocr_par' dir='ltr' id='par_1_65' title="bbox 435 3377 2088 3452">
     <span class='ocr_line' id='line_1_65' title="bbox 435 3377 2088 3452; baseline -0.002 -15"><span class='ocrx_word' id='word_1_481' title='bbox 435 3380 626 3438; x_wconf 89' lang='lat' dir='ltr'>childe</span> <span class='ocrx_word' id='word_1_482' title='bbox 658 3396 786 3452; x_wconf 65' lang='lat' dir='ltr'>quas</span> <span class='ocrx_word' id='word_1_483' title='bbox 816 3384 942 3434; x_wconf 90' lang='lat' dir='ltr'>erat</span> <span class='ocrx_word' id='word_1_484' title='bbox 970 3378 1126 3451; x_wconf 88' lang='lat' dir='ltr'>apud</span> <span class='ocrx_word' id='word_1_485' title='bbox 1159 3377 1545 3444; x_wconf 90' lang='lat' dir='ltr'>Moriennam,</span> <span class='ocrx_word' id='word_1_486' title='bbox 1571 3383 1637 3434; x_wconf 91' lang='lat' dir='ltr'>ut</span> <span class='ocrx_word' id='word_1_487' title='bbox 1665 3379 1734 3433; x_wconf 78' lang='lat' dir='ltr'>ad</span> <span class='ocrx_word' id='word_1_488' title='bbox 1769 3395 1904 3434; x_wconf 89' lang='lat' dir='ltr'>cum</span> <span class='ocrx_word' id='word_1_489' title='bbox 1934 3379 2088 3434; x_wconf 85' lang='lat' dir='ltr'>veni-</span> 
     </span>
    </p>
   </div>
   <div class='ocr_carea' id='block_1_66' title="bbox 435 3466 2085 3539">
    <p class='ocr_par' dir='ltr' id='par_1_66' title="bbox 435 3466 2085 3539">
     <span class='ocr_line' id='line_1_66' title="bbox 435 3466 2085 3539; baseline -0.001 -13"><span class='ocrx_word' id='word_1_490' title='bbox 435 3475 542 3537; x_wconf 86' lang='lat' dir='ltr'>ret,</span> <span class='ocrx_word' id='word_1_491' title='bbox 575 3470 728 3526; x_wconf 89' lang='lat' dir='ltr'>sicut</span> <span class='ocrx_word' id='word_1_492' title='bbox 755 3472 814 3523; x_wconf 88' lang='lat' dir='ltr'>et</span> <span class='ocrx_word' id='word_1_493' title='bbox 851 3466 1004 3523; x_wconf 90' lang='lat' dir='ltr'>fecit.</span> <span class='ocrx_word' id='word_1_494' title='bbox 1038 3467 1107 3522; x_wconf 86' lang='lat' dir='ltr'>Et</span> <span class='ocrx_word' id='word_1_495' title='bbox 1137 3466 1447 3523; x_wconf 89' lang='lat' dir='ltr'>undecimo</span> <span class='ocrx_word' id='word_1_496' title='bbox 1477 3466 1569 3522; x_wconf 90' lang='lat' dir='ltr'>die</span> <span class='ocrx_word' id='word_1_497' title='bbox 1621 3471 1752 3539; x_wconf 89' lang='lat' dir='ltr'>post</span> <span class='ocrx_word' id='word_1_498' title='bbox 1795 3484 2085 3524; x_wconf 89' lang='lat' dir='ltr'>venenum</span> 
     </span>
    </p>
   </div>
   <div class='ocr_carea' id='block_1_67' title="bbox 436 3553 2086 3628">
    <p class='ocr_par' dir='ltr' id='par_1_67' title="bbox 436 3553 2086 3628">
     <span class='ocr_line' id='line_1_67' title="bbox 436 3553 2086 3628; baseline -0.001 -14"><span class='ocrx_word' id='word_1_499' title='bbox 436 3559 716 3614; x_wconf 88' lang='lat' dir='ltr'>haustum</span> <span class='ocrx_word' id='word_1_500' title='bbox 744 3556 804 3612; x_wconf 92' lang='lat' dir='ltr'>in</span> <span class='ocrx_word' id='word_1_501' title='bbox 824 3555 1110 3612; x_wconf 89' lang='lat' dir='ltr'>vilissimo</span> <span class='ocrx_word' id='word_1_502' title='bbox 1133 3553 1368 3628; x_wconf 90' lang='lat' dir='ltr'>tugurio</span> <span class='ocrx_word' id='word_1_503' title='bbox 1387 3557 1408 3589; x_wconf 76' lang='lat'><strong>‘</strong></span> <span class='ocrx_word' id='word_1_504' title='bbox 1436 3559 1706 3611; x_wconf 89' lang='lat' dir='ltr'>mortuus</span> <span class='ocrx_word' id='word_1_505' title='bbox 1727 3560 1816 3612; x_wconf 88' lang='lat' dir='ltr'>est</span> <span class='ocrx_word' id='word_1_506' title='bbox 1833 3557 1872 3613; x_wconf 84' lang='lat'><strong>2</strong></span> <span class='ocrx_word' id='word_1_507' title='bbox 1893 3557 2086 3613; x_wconf 86' lang='lat' dir='ltr'>Nonas</span> 
     </span>
    </p>
   </div>
   <div class='ocr_carea' id='block_1_68' title="bbox 437 3645 2090 3717">
    <p class='ocr_par' dir='ltr' id='par_1_68' title="bbox 437 3645 2090 3717">
     <span class='ocr_line' id='line_1_68' title="bbox 437 3645 2090 3717; baseline -0.002 -13"><span class='ocrx_word' id='word_1_508' title='bbox 437 3645 723 3704; x_wconf 85' lang='lat' dir='ltr'>Octobris.</span> <span class='ocrx_word' id='word_1_509' title='bbox 757 3647 939 3712; x_wconf 87' lang='lat' dir='ltr'>Quem</span> <span class='ocrx_word' id='word_1_510' title='bbox 972 3645 1297 3717; x_wconf 89' lang='lat' dir='ltr'>aperientes</span> <span class='ocrx_word' id='word_1_511' title='bbox 1326 3645 1428 3717; x_wconf 90' lang='lat' dir='ltr'>qui</span> <span class='ocrx_word' id='word_1_512' title='bbox 1460 3661 1595 3700; x_wconf 89' lang='lat' dir='ltr'>cum</span> <span class='ocrx_word' id='word_1_513' title='bbox 1625 3661 1692 3700; x_wconf 89' lang='lat' dir='ltr'>eo</span> <span class='ocrx_word' id='word_1_514' title='bbox 1724 3651 1909 3713; x_wconf 88' lang='lat' dir='ltr'>erant,</span> <span class='ocrx_word' id='word_1_515' title='bbox 1934 3645 2090 3702; x_wconf 90' lang='lat' dir='ltr'>abla-</span> 
     </span>
    </p>
   </div>
   <div class='ocr_carea' id='block_1_69' title="bbox 435 3734 2086 3808">
    <p class='ocr_par' dir='ltr' id='par_1_69' title="bbox 435 3734 2086 3808">
     <span class='ocr_line' id='line_1_69' title="bbox 435 3734 2086 3808; baseline -0.001 -15"><span class='ocrx_word' id='word_1_516' title='bbox 435 3737 514 3794; x_wconf 85' lang='lat' dir='ltr'>tis</span> <span class='ocrx_word' id='word_1_517' title='bbox 543 3734 878 3802; x_wconf 86' lang='lat' dir='ltr'>interaneis,</span> <span class='ocrx_word' id='word_1_518' title='bbox 909 3739 967 3791; x_wconf 90' lang='lat' dir='ltr'>et</span> <span class='ocrx_word' id='word_1_519' title='bbox 997 3735 1260 3790; x_wconf 87' lang='lat' dir='ltr'>infusum</span> <span class='ocrx_word' id='word_1_520' title='bbox 1297 3735 1434 3791; x_wconf 90' lang='lat' dir='ltr'>vina</span> <span class='ocrx_word' id='word_1_521' title='bbox 1472 3751 1538 3791; x_wconf 86' lang='lat' dir='ltr'>ac</span> <span class='ocrx_word' id='word_1_522' title='bbox 1575 3735 1936 3792; x_wconf 88' lang='lat' dir='ltr'>aromatibus</span> <span class='ocrx_word' id='word_1_523' title='bbox 1957 3737 2086 3808; x_wconf 89' lang='lat' dir='ltr'>qui-</span> 
     </span>
    </p>
   </div>
   <div class='ocr_carea' id='block_1_70' title="bbox 436 3823 2088 3899">
    <p class='ocr_par' dir='ltr' id='par_1_70' title="bbox 436 3823 2088 3899">
     <span class='ocr_line' id='line_1_70' title="bbox 436 3823 2088 3899; baseline -0.001 -16"><span class='ocrx_word' id='word_1_524' title='bbox 436 3827 550 3884; x_wconf 89' lang='lat' dir='ltr'>bus</span> <span class='ocrx_word' id='word_1_525' title='bbox 579 3830 867 3899; x_wconf 85' lang='lat' dir='ltr'>poterant,</span> <span class='ocrx_word' id='word_1_526' title='bbox 890 3829 949 3881; x_wconf 91' lang='lat' dir='ltr'>et</span> <span class='ocrx_word' id='word_1_527' title='bbox 977 3825 1320 3897; x_wconf 89' lang='lat' dir='ltr'>impositum</span> <span class='ocrx_word' id='word_1_528' title='bbox 1353 3823 1577 3894; x_wconf 91' lang='lat' dir='ltr'>locello,</span> <span class='ocrx_word' id='word_1_529' title='bbox 1611 3831 1912 3898; x_wconf 82' lang='lat' dir='ltr'>coeperunt</span> <span class='ocrx_word' id='word_1_530' title='bbox 1941 3826 2088 3882; x_wconf 87' lang='lat' dir='ltr'>ferre</span> 
     </span>
    </p>
   </div>
   <div class='ocr_carea' id='block_1_71' title="bbox 434 3913 2087 3987">
    <p class='ocr_par' dir='ltr' id='par_1_71' title="bbox 434 3913 2087 3987">
     <span class='ocr_line' id='line_1_71' title="bbox 434 3913 2087 3987; baseline -0.002 -13"><span class='ocrx_word' id='word_1_531' title='bbox 434 3931 639 3974; x_wconf 87' lang='lat' dir='ltr'>versus</span> <span class='ocrx_word' id='word_1_532' title='bbox 683 3913 1106 3971; x_wconf 87' lang='lat' dir='ltr'>monasterium</span> <span class='ocrx_word' id='word_1_533' title='bbox 1155 3913 1341 3970; x_wconf 89' lang='lat' dir='ltr'>sancti</span> <span class='ocrx_word' id='word_1_534' title='bbox 1393 3914 1672 3987; x_wconf 80' lang='lat' dir='ltr'>Dionysii,</span> <span class='ocrx_word' id='word_1_535' title='bbox 1707 3915 1804 3969; x_wconf 92' lang='lat' dir='ltr'>ubi</span> <span class='ocrx_word' id='word_1_536' title='bbox 1856 3913 2087 3987; x_wconf 87' lang='lat' dir='ltr'>sepeliri</span> 
     </span>
    </p>
   </div>
   <div class='ocr_carea' id='block_1_72' title="bbox 437 4002 2088 4077">
    <p class='ocr_par' dir='ltr' id='par_1_72' title="bbox 437 4002 2088 4077">
     <span class='ocr_line' id='line_1_72' title="bbox 437 4002 2088 4077; baseline -0.002 -16"><span class='ocrx_word' id='word_1_537' title='bbox 437 4021 500 4062; x_wconf 88' lang='lat' dir='ltr'>se</span> <span class='ocrx_word' id='word_1_538' title='bbox 531 4003 943 4077; x_wconf 88' lang='lat' dir='ltr'>postulaverat.</span> <span class='ocrx_word' id='word_1_539' title='bbox 969 4005 1152 4070; x_wconf 86' lang='lat' dir='ltr'>Quem</span> <span class='ocrx_word' id='word_1_540' title='bbox 1186 4019 1289 4075; x_wconf 93' lang='lat' dir='ltr'>pro</span> <span class='ocrx_word' id='word_1_541' title='bbox 1312 4005 1512 4059; x_wconf 76' lang='lat' dir='ltr'>l&#39;mtore</span> <span class='ocrx_word' id='word_1_542' title='bbox 1533 4020 1648 4058; x_wconf 89' lang='lat' dir='ltr'>non</span> <span class='ocrx_word' id='word_1_543' title='bbox 1675 4002 1933 4059; x_wconf 89' lang='lat' dir='ltr'>valentes</span> <span class='ocrx_word' id='word_1_544' title='bbox 1963 4019 2088 4075; x_wconf 85' lang='lat' dir='ltr'>por-</span> 
     </span>
    </p>
   </div>
   <div class='ocr_carea' id='block_1_73' title="bbox 435 4090 2090 4164">
    <p class='ocr_par' dir='ltr' id='par_1_73' title="bbox 435 4090 2090 4164">
     <span class='ocr_line' id='line_1_73' title="bbox 435 4090 2090 4164; baseline -0.001 -16"><span class='ocrx_word' id='word_1_545' title='bbox 435 4097 578 4160; x_wconf 88' lang='lat' dir='ltr'>tare,</span> <span class='ocrx_word' id='word_1_546' title='bbox 612 4092 905 4147; x_wconf 90' lang='lat' dir='ltr'>miserunt</span> <span class='ocrx_word' id='word_1_547' title='bbox 933 4107 1068 4144; x_wconf 88' lang='lat' dir='ltr'>eum</span> <span class='ocrx_word' id='word_1_548' title='bbox 1101 4090 1156 4144; x_wconf 92' lang='lat' dir='ltr'>in</span> <span class='ocrx_word' id='word_1_549' title='bbox 1191 4091 1410 4145; x_wconf 74' lang='lat' dir='ltr'>tonna‘</span> <span class='ocrx_word' id='word_1_550' title='bbox 1440 4090 1684 4146; x_wconf 90' lang='lat' dir='ltr'>interius</span> <span class='ocrx_word' id='word_1_551' title='bbox 1715 4092 2090 4164; x_wconf 85' lang='lat' dir='ltr'>exteriusque</span> 
     </span>
    </p>
   </div>
   <div class='ocr_carea' id='block_1_74' title="bbox 435 4179 2090 4254">
    <p class='ocr_par' dir='ltr' id='par_1_74' title="bbox 435 4179 2090 4254">
     <span class='ocr_line' id='line_1_74' title="bbox 435 4179 2090 4254; baseline -0.001 -17"><span class='ocrx_word' id='word_1_552' title='bbox 435 4181 629 4254; x_wconf 89' lang='lat' dir='ltr'>picata</span> <span class='ocrx_word' id='word_1_553' title='bbox 658 4196 836 4253; x_wconf 89' lang='lat' dir='ltr'>quam</span> <span class='ocrx_word' id='word_1_554' title='bbox 878 4179 1051 4236; x_wconf 89' lang='lat' dir='ltr'>coriis</span> <span class='ocrx_word' id='word_1_555' title='bbox 1085 4179 1470 4249; x_wconf 85' lang='lat' dir='ltr'>involverunt,</span> <span class='ocrx_word' id='word_1_556' title='bbox 1495 4181 1650 4252; x_wconf 93' lang='lat' dir='ltr'>quod</span> <span class='ocrx_word' id='word_1_557' title='bbox 1691 4179 1837 4236; x_wconf 88' lang='lat' dir='ltr'>nihil</span> <span class='ocrx_word' id='word_1_558' title='bbox 1871 4182 1942 4236; x_wconf 89' lang='lat' dir='ltr'>ad</span> <span class='ocrx_word' id='word_1_559' title='bbox 1977 4181 2090 4238; x_wconf 86' lang='lat' dir='ltr'>tol-</span> 
     </span>
    </p>
   </div>
   <div class='ocr_carea' id='block_1_75' title="bbox 434 4267 2088 4342">
    <p class='ocr_par' dir='ltr' id='par_1_75' title="bbox 434 4267 2088 4342">
     <span class='ocr_line' id='line_1_75' title="bbox 434 4267 2088 4342; baseline -0.001 -14"><span class='ocrx_word' id='word_1_560' title='bbox 434 4271 678 4332; x_wconf 81' lang='lat' dir='ltr'>lendum</span> <span class='ocrx_word' id='word_1_561' title='bbox 701 4270 962 4326; x_wconf 71' lang='lat' dir='ltr'>faetorem</span> <span class='ocrx_word' id='word_1_562' title='bbox 986 4267 1247 4342; x_wconf 87' lang='lat' dir='ltr'>profecit.</span> <span class='ocrx_word' id='word_1_563' title='bbox 1265 4268 1427 4325; x_wconf 91' lang='lat' dir='ltr'>Unde</span> <span class='ocrx_word' id='word_1_564' title='bbox 1448 4270 1518 4325; x_wconf 92' lang='lat' dir='ltr'>ad</span> <span class='ocrx_word' id='word_1_565' title='bbox 1543 4269 1748 4326; x_wconf 90' lang='lat' dir='ltr'>cellam</span> <span class='ocrx_word' id='word_1_566' title='bbox 1770 4272 2088 4342; x_wconf 88' lang='lat' dir='ltr'>quamdam</span> 
     </span>
    </p>
   </div>
   <div class='ocr_carea' id='block_1_76' title="bbox 437 4359 2088 4432">
    <p class='ocr_par' dir='ltr' id='par_1_76' title="bbox 437 4359 2088 4432">
     <span class='ocr_line' id='line_1_76' title="bbox 437 4359 2088 4432; baseline -0.001 -16"><span class='ocrx_word' id='word_1_567' title='bbox 437 4359 861 4418; x_wconf 89' lang='lat' dir='ltr'>monachorum</span> <span class='ocrx_word' id='word_1_568' title='bbox 895 4359 1305 4432; x_wconf 90' lang='lat' dir='ltr'>Lugdunensis</span> <span class='ocrx_word' id='word_1_569' title='bbox 1343 4359 1643 4432; x_wconf 85' lang='lat' dir='ltr'>episcOpii,</span> <span class='ocrx_word' id='word_1_570' title='bbox 1679 4376 1804 4432; x_wconf 67' lang='lat' dir='ltr'>quas</span> <span class='ocrx_word' id='word_1_571' title='bbox 1836 4359 2088 4415; x_wconf 89' lang='lat' dir='ltr'>Nantoa-</span> 
     </span>
    </p>
   </div>
   <div class='ocr_carea' id='block_1_77' title="bbox 437 4447 2087 4522">
    <p class='ocr_par' dir='ltr' id='par_1_77' title="bbox 437 4447 2087 4522">
     <span class='ocr_line' id='line_1_77' title="bbox 437 4447 2087 4522; baseline -0.001 -16"><span class='ocrx_word' id='word_1_572' title='bbox 437 4449 530 4506; x_wconf 91' lang='lat' dir='ltr'>dis</span> <span class='ocrx_word' id='word_1_573' title='bbox 553 4451 623 4522; x_wconf 79' lang='grc' dir='ltr'>(ε)</span> <span class='ocrx_word' id='word_1_574' title='bbox 653 4449 887 4518; x_wconf 87' lang='lat' dir='ltr'>dicitur,</span> <span class='ocrx_word' id='word_1_575' title='bbox 907 4448 1001 4504; x_wconf 87' lang='lat' dir='ltr'>vix</span> <span class='ocrx_word' id='word_1_576' title='bbox 1050 4447 1470 4521; x_wconf 85' lang='lat' dir='ltr'>pervenientes,</span> <span class='ocrx_word' id='word_1_577' title='bbox 1495 4447 1642 4504; x_wconf 92' lang='lat' dir='ltr'>illud</span> <span class='ocrx_word' id='word_1_578' title='bbox 1690 4465 1902 4522; x_wconf 91' lang='lat' dir='ltr'>corpus</span> <span class='ocrx_word' id='word_1_579' title='bbox 1953 4465 2087 4506; x_wconf 90' lang='lat' dir='ltr'>cum</span> 
     </span>
    </p>
   </div>
   <div class='ocr_carea' id='block_1_78' title="bbox 437 4538 1447 4610">
    <p class='ocr_par' dir='ltr' id='par_1_78' title="bbox 437 4538 1447 4610">
     <span class='ocr_line' id='line_1_78' title="bbox 437 4538 1447 4610; baseline 0 -18"><span class='ocrx_word' id='word_1_580' title='bbox 437 4538 570 4610; x_wconf 84' lang='lat' dir='ltr'>ipsa</span> <span class='ocrx_word' id='word_1_581' title='bbox 595 4543 778 4594; x_wconf 89' lang='lat' dir='ltr'>tonna</span> <span class='ocrx_word' id='word_1_582' title='bbox 805 4543 972 4594; x_wconf 72' lang='lat' dir='ltr'>terra:</span> <span class='ocrx_word' id='word_1_583' title='bbox 1006 4538 1447 4594; x_wconf 89' lang='lat' dir='ltr'>mandaverunt.</span> 
     </span>
    </p>
   </div>
   <div class='ocr_carea' id='block_1_79' title="bbox 2195 3378 3858 3452">
    <p class='ocr_par' dir='ltr' id='par_1_79' title="bbox 2195 3378 3858 3452">
     <span class='ocr_line' id='line_1_79' title="bbox 2195 3378 3858 3452; baseline -0.002 -16"><span class='ocrx_word' id='word_1_584' title='bbox 2195 3395 2512 3452; x_wconf 88' lang='lat' dir='ltr'>rorumque</span> <span class='ocrx_word' id='word_1_585' title='bbox 2539 3378 2640 3452; x_wconf 93' lang='lat' dir='ltr'>qui</span> <span class='ocrx_word' id='word_1_586' title='bbox 2670 3379 3008 3446; x_wconf 83' lang='lat' dir='ltr'>adfuerunt,</span> <span class='ocrx_word' id='word_1_587' title='bbox 3039 3382 3417 3435; x_wconf 85' lang='lat' dir='ltr'>consecratus</span> <span class='ocrx_word' id='word_1_588' title='bbox 3445 3382 3505 3434; x_wconf 87' lang='lat' dir='ltr'>et</span> <span class='ocrx_word' id='word_1_589' title='bbox 3535 3383 3858 3434; x_wconf 80' lang='lat' dir='ltr'>coronatus</span> 
     </span>
    </p>
   </div>
   <div class='ocr_carea' id='block_1_80' title="bbox 2194 3465 3868 3540">
    <p class='ocr_par' dir='ltr' id='par_1_80' title="bbox 2194 3465 3868 3540">
     <span class='ocr_line' id='line_1_80' title="bbox 2194 3465 3868 3540; baseline -0.002 -16"><span class='ocrx_word' id='word_1_590' title='bbox 2194 3473 2283 3524; x_wconf 90' lang='lat' dir='ltr'>est</span> <span class='ocrx_word' id='word_1_591' title='bbox 2302 3469 2361 3523; x_wconf 90' lang='lat' dir='ltr'>in</span> <span class='ocrx_word' id='word_1_592' title='bbox 2385 3484 2578 3540; x_wconf 89' lang='lat' dir='ltr'>regem</span> <span class='ocrx_word' id='word_1_593' title='bbox 2605 3467 2933 3524; x_wconf 90' lang='lat' dir='ltr'>Ludovicus</span> <span class='ocrx_word' id='word_1_594' title='bbox 2951 3467 3026 3523; x_wconf 89' lang='lat' dir='ltr'>ab</span> <span class='ocrx_word' id='word_1_595' title='bbox 3051 3467 3380 3535; x_wconf 86' lang='lat' dir='ltr'>Hincmaro,</span> <span class='ocrx_word' id='word_1_596' title='bbox 3397 3466 3722 3522; x_wconf 81' lang='lat' dir='ltr'>Remorum</span> <span class='ocrx_word' id='word_1_597' title='bbox 3745 3465 3868 3538; x_wconf 84' lang='lat' dir='ltr'>epi-</span> 
     </span>
    </p>
   </div>
   <div class='ocr_carea' id='block_1_81' title="bbox 2196 3553 3861 3630">
    <p class='ocr_par' dir='ltr' id='par_1_81' title="bbox 2196 3553 3861 3630">
     <span class='ocr_line' id='line_1_81' title="bbox 2196 3553 3861 3630; baseline -0.001 -18"><span class='ocrx_word' id='word_1_598' title='bbox 2196 3561 2455 3630; x_wconf 89' lang='lat' dir='ltr'>seopo,et</span> <span class='ocrx_word' id='word_1_599' title='bbox 2473 3556 2732 3629; x_wconf 88' lang='lat' dir='ltr'>episcopi</span> <span class='ocrx_word' id='word_1_600' title='bbox 2749 3573 2811 3613; x_wconf 91' lang='lat' dir='ltr'>se</span> <span class='ocrx_word' id='word_1_601' title='bbox 2828 3572 3086 3629; x_wconf 91' lang='lat' dir='ltr'>suasque</span> <span class='ocrx_word' id='word_1_602' title='bbox 3103 3555 3377 3613; x_wconf 85' lang='lat' dir='ltr'>ecclesias</span> <span class='ocrx_word' id='word_1_603' title='bbox 3392 3553 3477 3610; x_wconf 90' lang='lat' dir='ltr'>illi</span> <span class='ocrx_word' id='word_1_604' title='bbox 3498 3555 3575 3612; x_wconf 81' lang='lat' dir='ltr'>ad</span> <span class='ocrx_word' id='word_1_605' title='bbox 3593 3555 3861 3612; x_wconf 81' lang='lat' dir='ltr'>debitam</span> 
     </span>
    </p>
   </div>
   <div class='ocr_carea' id='block_1_82' title="bbox 2197 3644 3862 3719">
    <p class='ocr_par' dir='ltr' id='par_1_82' title="bbox 2197 3644 3862 3719">
     <span class='ocr_line' id='line_1_82' title="bbox 2197 3644 3862 3719; baseline 0 -17"><span class='ocrx_word' id='word_1_606' title='bbox 2197 3645 2596 3702; x_wconf 83' lang='lat' dir='ltr'>defensionem</span> <span class='ocrx_word' id='word_1_607' title='bbox 2631 3649 2690 3701; x_wconf 89' lang='lat' dir='ltr'>et</span> <span class='ocrx_word' id='word_1_608' title='bbox 2718 3646 3001 3702; x_wconf 88' lang='lat' dir='ltr'>canonica</span> <span class='ocrx_word' id='word_1_609' title='bbox 3023 3647 3064 3681; x_wconf 75' lang='grc'>⁸⁸</span> <span class='ocrx_word' id='word_1_610' title='bbox 3090 3644 3392 3719; x_wconf 87' lang='lat' dir='ltr'>privilegia</span> <span class='ocrx_word' id='word_1_611' title='bbox 3419 3644 3534 3700; x_wconf 89' lang='lat' dir='ltr'>sibi</span> <span class='ocrx_word' id='word_1_612' title='bbox 3569 3646 3862 3702; x_wconf 80' lang='lat' dir='ltr'>servanda</span> 
     </span>
    </p>
   </div>
   <div class='ocr_carea' id='block_1_83' title="bbox 2197 3734 3864 3808">
    <p class='ocr_par' dir='ltr' id='par_1_83' title="bbox 2197 3734 3864 3808">
     <span class='ocr_line' id='line_1_83' title="bbox 2197 3734 3864 3808; baseline -0.001 -17"><span class='ocrx_word' id='word_1_613' title='bbox 2197 3735 2775 3803; x_wconf 88' lang='lat' dir='ltr'>commendaverunt,</span> <span class='ocrx_word' id='word_1_614' title='bbox 2793 3735 3137 3808; x_wconf 81' lang='lat' dir='ltr'>profitentes</span> <span class='ocrx_word' id='word_1_615' title='bbox 3163 3734 3486 3790; x_wconf 86' lang='lat' dir='ltr'>secundum</span> <span class='ocrx_word' id='word_1_616' title='bbox 3503 3751 3688 3790; x_wconf 90' lang='lat' dir='ltr'>suum</span> <span class='ocrx_word' id='word_1_617' title='bbox 3713 3734 3864 3791; x_wconf 82' lang='lat' dir='ltr'>scire</span> 
     </span>
    </p>
   </div>
   <div class='ocr_carea' id='block_1_84' title="bbox 2197 3823 3864 3897">
    <p class='ocr_par' dir='ltr' id='par_1_84' title="bbox 2197 3823 3864 3897">
     <span class='ocr_line' id='line_1_84' title="bbox 2197 3823 3864 3897; baseline -0.001 -16"><span class='ocrx_word' id='word_1_618' title='bbox 2197 3829 2253 3881; x_wconf 89' lang='lat' dir='ltr'>et</span> <span class='ocrx_word' id='word_1_619' title='bbox 2285 3841 2454 3897; x_wconf 83' lang='lat' dir='ltr'>posse</span> <span class='ocrx_word' id='word_1_620' title='bbox 2477 3825 2645 3896; x_wconf 88' lang='lat' dir='ltr'>juxta</span> <span class='ocrx_word' id='word_1_621' title='bbox 2667 3841 2844 3880; x_wconf 90' lang='lat' dir='ltr'>suum</span> <span class='ocrx_word' id='word_1_622' title='bbox 2878 3823 3273 3880; x_wconf 87' lang='lat' dir='ltr'>ministerium</span> <span class='ocrx_word' id='word_1_623' title='bbox 3294 3823 3540 3880; x_wconf 88' lang='lat' dir='ltr'>consilio</span> <span class='ocrx_word' id='word_1_624' title='bbox 3560 3827 3619 3880; x_wconf 88' lang='lat' dir='ltr'>et</span> <span class='ocrx_word' id='word_1_625' title='bbox 3641 3823 3864 3880; x_wconf 79' lang='lat' dir='ltr'>auxilio</span> 
     </span>
    </p>
   </div>
   <div class='ocr_carea' id='block_1_85' title="bbox 2198 3911 3862 3986">
    <p class='ocr_par' dir='ltr' id='par_1_85' title="bbox 2198 3911 3862 3986">
     <span class='ocr_line' id='line_1_85' title="bbox 2198 3911 3862 3986; baseline 0 -18"><span class='ocrx_word' id='word_1_626' title='bbox 2198 3913 2282 3969; x_wconf 91' lang='lat' dir='ltr'>illi</span> <span class='ocrx_word' id='word_1_627' title='bbox 2315 3913 2514 3969; x_wconf 82' lang='lat' dir='ltr'>ﬁdeles</span> <span class='ocrx_word' id='word_1_628' title='bbox 2546 3914 2696 3980; x_wconf 90' lang='lat' dir='ltr'>fore;</span> <span class='ocrx_word' id='word_1_629' title='bbox 2720 3913 2962 3970; x_wconf 87' lang='lat' dir='ltr'>abbates</span> <span class='ocrx_word' id='word_1_630' title='bbox 2993 3917 3190 3970; x_wconf 89' lang='lat' dir='ltr'>autem</span> <span class='ocrx_word' id='word_1_631' title='bbox 3210 3918 3268 3970; x_wconf 87' lang='lat' dir='ltr'>et</span> <span class='ocrx_word' id='word_1_632' title='bbox 3287 3911 3450 3986; x_wconf 89' lang='lat' dir='ltr'>regni</span> <span class='ocrx_word' id='word_1_633' title='bbox 3477 3912 3776 3985; x_wconf 80' lang='lat' dir='ltr'>primores</span> <span class='ocrx_word' id='word_1_634' title='bbox 3795 3928 3862 3968; x_wconf 85' lang='lat' dir='ltr'>ac</span> 
     </span>
    </p>
   </div>
   <div class='ocr_carea' id='block_1_86' title="bbox 2195 4000 3862 4074">
    <p class='ocr_par' dir='ltr' id='par_1_86' title="bbox 2195 4000 3862 4074">
     <span class='ocr_line' id='line_1_86' title="bbox 2195 4000 3862 4074; baseline -0.001 -15"><span class='ocrx_word' id='word_1_635' title='bbox 2195 4001 2408 4059; x_wconf 88' lang='lat' dir='ltr'>vassali</span> <span class='ocrx_word' id='word_1_636' title='bbox 2433 4003 2474 4037; x_wconf 73' lang='grc' dir='ltr'>ιθ</span> <span class='ocrx_word' id='word_1_637' title='bbox 2498 4002 2638 4074; x_wconf 89' lang='lat' dir='ltr'>regii</span> <span class='ocrx_word' id='word_1_638' title='bbox 2664 4019 2726 4058; x_wconf 92' lang='lat' dir='ltr'>se</span> <span class='ocrx_word' id='word_1_639' title='bbox 2747 4000 2830 4056; x_wconf 92' lang='lat' dir='ltr'>illi</span> <span class='ocrx_word' id='word_1_640' title='bbox 2852 4003 3425 4070; x_wconf 88' lang='lat' dir='ltr'>commendaverunt,</span> <span class='ocrx_word' id='word_1_641' title='bbox 3445 4006 3505 4056; x_wconf 91' lang='lat' dir='ltr'>et</span> <span class='ocrx_word' id='word_1_642' title='bbox 3524 4017 3862 4058; x_wconf 83' lang='lat' dir='ltr'>sacramen-</span> 
     </span>
    </p>
   </div>
   <div class='ocr_carea' id='block_1_87' title="bbox 2197 4089 3706 4163">
    <p class='ocr_par' dir='ltr' id='par_1_87' title="bbox 2197 4089 3706 4163">
     <span class='ocr_line' id='line_1_87' title="bbox 2197 4089 3706 4163; baseline -0.002 -15"><span class='ocrx_word' id='word_1_643' title='bbox 2197 4091 2274 4148; x_wconf 91' lang='lat' dir='ltr'>tis</span> <span class='ocrx_word' id='word_1_644' title='bbox 2299 4091 2624 4148; x_wconf 90' lang='lat' dir='ltr'>secundum</span> <span class='ocrx_word' id='word_1_645' title='bbox 2657 4107 2880 4147; x_wconf 88' lang='lat' dir='ltr'>morem</span> <span class='ocrx_word' id='word_1_646' title='bbox 2912 4089 3253 4146; x_wconf 82' lang='lat' dir='ltr'>fidelitatem</span> <span class='ocrx_word' id='word_1_647' title='bbox 3285 4089 3706 4163; x_wconf 89' lang='lat' dir='ltr'>promiserunt.</span> 
     </span>
    </p>
   </div>
   <div class='ocr_carea' id='block_1_88' title="bbox 2269 4177 3860 4254">
    <p class='ocr_par' dir='ltr' id='par_1_88' title="bbox 2269 4177 3860 4254">
     <span class='ocr_line' id='line_1_88' title="bbox 2269 4177 3860 4254; baseline -0.003 -16"><span class='ocrx_word' id='word_1_648' title='bbox 2269 4182 2513 4250; x_wconf 90' lang='lat' dir='ltr'>Quando</span> <span class='ocrx_word' id='word_1_649' title='bbox 2527 4183 2596 4254; x_wconf 64' lang='grc' dir='ltr'>(Γ)</span> <span class='ocrx_word' id='word_1_650' title='bbox 2612 4181 2941 4238; x_wconf 88' lang='lat' dir='ltr'>Ludovicus</span> <span class='ocrx_word' id='word_1_651' title='bbox 2958 4177 3440 4253; x_wconf 76' lang='lat' dir='ltr'>rex,filiusCaroli</span> <span class='ocrx_word' id='word_1_652' title='bbox 3457 4180 3860 4252; x_wconf 82' lang='lat' dir='ltr'>imperatoris,</span> 
     </span>
    </p>
   </div>
   <div class='ocr_carea' id='block_1_89' title="bbox 2198 4268 3861 4343">
    <p class='ocr_par' dir='ltr' id='par_1_89' title="bbox 2198 4268 3861 4343">
     <span class='ocr_line' id='line_1_89' title="bbox 2198 4268 3861 4343; baseline -0.002 -15"><span class='ocrx_word' id='word_1_653' title='bbox 2198 4273 2311 4328; x_wconf 87' lang='lat' dir='ltr'>fuit</span> <span class='ocrx_word' id='word_1_654' title='bbox 2331 4275 2644 4328; x_wconf 87' lang='lat' dir='ltr'>coronatus</span> <span class='ocrx_word' id='word_1_655' title='bbox 2666 4271 2725 4325; x_wconf 90' lang='lat' dir='ltr'>in</span> <span class='ocrx_word' id='word_1_656' title='bbox 2747 4270 3126 4343; x_wconf 88' lang='lat' dir='ltr'>Compendio,</span> <span class='ocrx_word' id='word_1_657' title='bbox 3145 4270 3256 4326; x_wconf 88' lang='lat' dir='ltr'>hoc</span> <span class='ocrx_word' id='word_1_658' title='bbox 3277 4268 3574 4342; x_wconf 86' lang='lat' dir='ltr'>petierunt</span> <span class='ocrx_word' id='word_1_659' title='bbox 3593 4268 3861 4341; x_wconf 83' lang='lat' dir='ltr'>episcopi</span> 
     </span>
    </p>
   </div>
   <div class='ocr_carea' id='block_1_90' title="bbox 2199 4356 3861 4434">
    <p class='ocr_par' dir='ltr' id='par_1_90' title="bbox 2199 4356 3861 4434">
     <span class='ocr_line' id='line_1_90' title="bbox 2199 4356 3861 4434; baseline -0.004 -17"><span class='ocrx_word' id='word_1_660' title='bbox 2199 4361 2354 4434; x_wconf 91' lang='lat' dir='ltr'>apud</span> <span class='ocrx_word' id='word_1_661' title='bbox 2388 4360 2606 4433; x_wconf 87' lang='lat' dir='ltr'>ipsum,</span> <span class='ocrx_word' id='word_1_662' title='bbox 2633 4359 2787 4416; x_wconf 90' lang='lat' dir='ltr'>sicut</span> <span class='ocrx_word' id='word_1_663' title='bbox 2825 4358 2921 4414; x_wconf 89' lang='lat' dir='ltr'>hic</span> <span class='ocrx_word' id='word_1_664' title='bbox 2961 4357 3342 4430; x_wconf 91' lang='lat' dir='ltr'>subsequitur</span> <span class='ocrx_word' id='word_1_665' title='bbox 3375 4373 3424 4412; x_wconf 88' lang='lat'>:«</span> <span class='ocrx_word' id='word_1_666' title='bbox 3450 4359 3498 4412; x_wconf 86' lang='lat' dir='ltr'><strong>A</strong></span> <span class='ocrx_word' id='word_1_667' title='bbox 3525 4356 3694 4412; x_wconf 81' lang='lat' dir='ltr'>vobis</span> <span class='ocrx_word' id='word_1_668' title='bbox 3725 4373 3861 4429; x_wconf 85' lang='lat' dir='ltr'>per-</span> 
     </span>
    </p>
   </div>
   <div class='ocr_carea' id='block_1_91' title="bbox 2201 4445 3862 4521">
    <p class='ocr_par' dir='ltr' id='par_1_91' title="bbox 2201 4445 3862 4521">
     <span class='ocr_line' id='line_1_91' title="bbox 2201 4445 3862 4521; baseline -0.001 -17"><span class='ocrx_word' id='word_1_669' title='bbox 2201 4449 2404 4506; x_wconf 87' lang='lat' dir='ltr'>donari</span> <span class='ocrx_word' id='word_1_670' title='bbox 2437 4449 2606 4506; x_wconf 88' lang='lat' dir='ltr'>nobis</span> <span class='ocrx_word' id='word_1_671' title='bbox 2639 4449 2916 4521; x_wconf 86' lang='lat' dir='ltr'>petimus,</span> <span class='ocrx_word' id='word_1_672' title='bbox 2943 4452 3007 4504; x_wconf 91' lang='lat' dir='ltr'>ut</span> <span class='ocrx_word' id='word_1_673' title='bbox 3037 4447 3357 4519; x_wconf 90' lang='lat' dir='ltr'>unicuique</span> <span class='ocrx_word' id='word_1_674' title='bbox 3387 4447 3460 4502; x_wconf 91' lang='lat' dir='ltr'>de</span> <span class='ocrx_word' id='word_1_675' title='bbox 3490 4445 3661 4502; x_wconf 90' lang='lat' dir='ltr'>nobis</span> <span class='ocrx_word' id='word_1_676' title='bbox 3691 4452 3862 4502; x_wconf 78' lang='lat' dir='ltr'>atec-</span> 
     </span>
    </p>
   </div>
   <div class='ocr_carea' id='block_1_92' title="bbox 2199 4534 3858 4610">
    <p class='ocr_par' dir='ltr' id='par_1_92' title="bbox 2199 4534 3858 4610">
     <span class='ocr_line' id='line_1_92' title="bbox 2199 4534 3858 4610; baseline -0.002 -15"><span class='ocrx_word' id='word_1_677' title='bbox 2199 4539 2394 4596; x_wconf 90' lang='lat' dir='ltr'>clesiis</span> <span class='ocrx_word' id='word_1_678' title='bbox 2424 4537 2594 4594; x_wconf 90' lang='lat' dir='ltr'>nobis</span> <span class='ocrx_word' id='word_1_679' title='bbox 2624 4537 2958 4594; x_wconf 90' lang='lat' dir='ltr'>commissis</span> <span class='ocrx_word' id='word_1_680' title='bbox 2988 4537 3314 4593; x_wconf 89' lang='lat' dir='ltr'>secundum</span> <span class='ocrx_word' id='word_1_681' title='bbox 3342 4534 3604 4610; x_wconf 89' lang='lat' dir='ltr'>primum</span> <span class='ocrx_word' id='word_1_682' title='bbox 3623 4535 3858 4608; x_wconf 84' lang='lat' dir='ltr'>capitu-</span> 
     </span>
    </p>
   </div>
   <div class='ocr_carea' id='block_1_93' title="bbox 508 4599 3854 4708">
    <p class='ocr_par' dir='ltr' id='par_1_93' title="bbox 508 4599 3854 4708">
     <span class='ocr_line' id='line_1_93' title="bbox 508 4599 3854 4708; baseline -0.001 -24"><span class='ocrx_word' id='word_1_683' title='bbox 508 4626 968 4685; x_wconf 83' lang='lat' dir='ltr'>Carolomannus</span> <span class='ocrx_word' id='word_1_684' title='bbox 997 4643 1143 4700; x_wconf 90' lang='lat' dir='ltr'>pene</span> <span class='ocrx_word' id='word_1_685' title='bbox 1181 4644 1368 4700; x_wconf 89' lang='lat' dir='ltr'>usque</span> <span class='ocrx_word' id='word_1_686' title='bbox 1398 4627 1466 4682; x_wconf 91' lang='lat' dir='ltr'>ad</span> <span class='ocrx_word' id='word_1_687' title='bbox 1486 4631 1733 4684; x_wconf 87' lang='lat' dir='ltr'>mortem</span> <span class='ocrx_word' id='word_1_688' title='bbox 1758 4599 2094 4686; x_wconf 72' lang='lat' dir='ltr'>inﬁrmatus</span> <span class='ocrx_word' id='word_1_689' title='bbox 2124 4642 2170 4708; x_wconf 79' lang='lat' dir='ltr'><strong>D</strong></span> <span class='ocrx_word' id='word_1_690' title='bbox 2201 4629 2326 4684; x_wconf 90' lang='lat' dir='ltr'>lum</span> <span class='ocrx_word' id='word_1_691' title='bbox 2348 4627 2503 4700; x_wconf 90' lang='lat' dir='ltr'>quod</span> <span class='ocrx_word' id='word_1_692' title='bbox 2525 4625 2840 4683; x_wconf 87' lang='lat' dir='ltr'>novissime</span> <span class='ocrx_word' id='word_1_693' title='bbox 2861 4627 2920 4682; x_wconf 93' lang='lat' dir='ltr'>in</span> <span class='ocrx_word' id='word_1_694' title='bbox 2933 4625 3220 4683; x_wconf 83' lang='lat' dir='ltr'>Carisiaco</span> <span class='ocrx_word' id='word_1_695' title='bbox 3237 4625 3491 4682; x_wconf 89' lang='lat' dir='ltr'>domnus</span> <span class='ocrx_word' id='word_1_696' title='bbox 3512 4625 3854 4698; x_wconf 87' lang='lat' dir='ltr'>imperator,</span> 
     </span>
    </p>
   </div>
   <div class='ocr_carea' id='block_1_94' title="bbox 1709 4743 2580 4804">
    <p class='ocr_par' dir='ltr' id='par_1_94' title="bbox 1709 4743 2580 4804">
     <span class='ocr_line' id='line_1_94' title="bbox 1709 4743 2580 4804; baseline 0 -6"><span class='ocrx_word' id='word_1_697' title='bbox 1709 4744 2118 4804; x_wconf 83' lang='lat' dir='ltr'>VARIANTES</span> <span class='ocrx_word' id='word_1_698' title='bbox 2160 4743 2580 4803; x_wconf 83' lang='lat' dir='ltr'>LECTIONES.</span> 
     </span>
    </p>
   </div>
   <div class='ocr_carea' id='block_1_95' title="bbox 511 4821 3849 4898">
    <p class='ocr_par' dir='ltr' id='par_1_95' title="bbox 511 4821 3849 4898">
     <span class='ocr_line' id='line_1_95' title="bbox 511 4821 3849 4898; baseline -0.002 -17"><span class='ocrx_word' id='word_1_699' title='bbox 511 4827 529 4861; x_wconf 76' lang='grc' dir='ltr'>ί</span> <span class='ocrx_word' id='word_1_700' title='bbox 562 4841 681 4898; x_wconf 90' lang='lat' dir='ltr'>qua</span> <span class='ocrx_word' id='word_1_701' title='bbox 707 4825 767 4880; x_wconf 79' lang='grc' dir='ltr'>Α.</span> <span class='ocrx_word' id='word_1_702' title='bbox 841 4827 866 4860; x_wconf 79' lang='grc'>¹</span> <span class='ocrx_word' id='word_1_703' title='bbox 890 4829 1222 4898; x_wconf 70' lang='lat' dir='ltr'>correptum</span> <span class='ocrx_word' id='word_1_704' title='bbox 1256 4825 1354 4882; x_wconf 81' lang='lat' dir='ltr'>Ch.</span> <span class='ocrx_word' id='word_1_705' title='bbox 1431 4825 1452 4858; x_wconf 79' lang='grc'><strong>³</strong></span> <span class='ocrx_word' id='word_1_706' title='bbox 1485 4828 1563 4879; x_wconf 78' lang='lat' dir='ltr'>ita</span> <span class='ocrx_word' id='word_1_707' title='bbox 1584 4827 1698 4898; x_wconf 14' lang='lat' dir='ltr'>70h.</span> <span class='ocrx_word' id='word_1_708' title='bbox 1731 4827 1793 4882; x_wconf 87' lang='grc' dir='ltr'>Β.</span> <span class='ocrx_word' id='word_1_709' title='bbox 1826 4836 1876 4882; x_wconf 79' lang='lat' dir='ltr'>et</span> <span class='ocrx_word' id='word_1_710' title='bbox 1905 4828 2040 4884; x_wconf 82' lang='lat' dir='ltr'>Hist.</span> <span class='ocrx_word' id='word_1_711' title='bbox 2073 4843 2262 4898; x_wconf 83' lang='lat' dir='ltr'>regum</span> <span class='ocrx_word' id='word_1_712' title='bbox 2309 4827 2642 4898; x_wconf 66' lang='lat' dir='ltr'>Francorum</span> <span class='ocrx_word' id='word_1_713' title='bbox 2693 4823 2838 4896; x_wconf 78' lang='lat' dir='ltr'>apud</span> <span class='ocrx_word' id='word_1_714' title='bbox 2888 4823 3057 4898; x_wconf 78' lang='lat' dir='ltr'>Boug.</span> <span class='ocrx_word' id='word_1_715' title='bbox 3094 4823 3222 4898; x_wconf 60' lang='lat' dir='ltr'>VH,</span> <span class='ocrx_word' id='word_1_716' title='bbox 3247 4839 3304 4896; x_wconf 79' lang='grc' dir='ltr'>ρ.</span> <span class='ocrx_word' id='word_1_717' title='bbox 3343 4822 3472 4898; x_wconf 72' lang='grc'>259,</span> <span class='ocrx_word' id='word_1_718' title='bbox 3521 4838 3592 4879; x_wconf 70' lang='lat' dir='ltr'>ex</span> <span class='ocrx_word' id='word_1_719' title='bbox 3640 4821 3758 4898; x_wconf 51' lang='lat' dir='ltr'>md.</span> <span class='ocrx_word' id='word_1_720' title='bbox 3787 4822 3849 4878; x_wconf 86' lang='lat' dir='ltr'>S.</span> 
     </span>
    </p>
   </div>
   <div class='ocr_carea' id='block_1_96' title="bbox 442 4894 3852 4968">
    <p class='ocr_par' dir='ltr' id='par_1_96' title="bbox 442 4894 3852 4968">
     <span class='ocr_line' id='line_1_96' title="bbox 442 4894 3852 4968; baseline -0.002 -12"><span class='ocrx_word' id='word_1_721' title='bbox 442 4894 638 4956; x_wconf 62' lang='lat' dir='ltr'>Victor.</span> <span class='ocrx_word' id='word_1_722' title='bbox 665 4898 863 4968; x_wconf 62' lang='lat' dir='ltr'>Paris.</span> <span class='ocrx_word' id='word_1_723' title='bbox 882 4895 944 4952; x_wconf 86' lang='grc' dir='ltr'>Ν.</span> <span class='ocrx_word' id='word_1_724' title='bbox 973 4894 1105 4968; x_wconf 14' lang='grc' dir='ltr'><strong>419ίς</strong></span> <span class='ocrx_word' id='word_1_725' title='bbox 1138 4897 1422 4953; x_wconf 70' lang='grc' dir='ltr'><em>Αέηιοὶηω</em></span> <span class='ocrx_word' id='word_1_726' title='bbox 1465 4897 1742 4954; x_wconf 90' lang='lat' dir='ltr'>creditus.</span> <span class='ocrx_word' id='word_1_727' title='bbox 1818 4899 1840 4932; x_wconf 76' lang='grc'>⁴</span> <span class='ocrx_word' id='word_1_728' title='bbox 1869 4898 1926 4952; x_wconf 92' lang='lat' dir='ltr'>in</span> <span class='ocrx_word' id='word_1_729' title='bbox 1959 4917 2013 4954; x_wconf 86' lang='lat' dir='ltr'>x.</span> <span class='ocrx_word' id='word_1_730' title='bbox 2045 4905 2088 4956; x_wconf 90' lang='lat' dir='ltr'>t.</span> <span class='ocrx_word' id='word_1_731' title='bbox 2121 4894 2265 4954; x_wconf 76' lang='lat' dir='ltr'>deest</span> <span class='ocrx_word' id='word_1_732' title='bbox 2288 4897 2350 4950; x_wconf 86' lang='grc' dir='ltr'>Α.</span> <span class='ocrx_word' id='word_1_733' title='bbox 2428 4897 2449 4932; x_wconf 81' lang='grc'>⁸</span> <span class='ocrx_word' id='word_1_734' title='bbox 2477 4895 2644 4968; x_wconf 75' lang='lat' dir='ltr'>codex</span> <span class='ocrx_word' id='word_1_735' title='bbox 2674 4894 2858 4968; x_wconf 75' lang='lat' dir='ltr'>regius</span> <span class='ocrx_word' id='word_1_736' title='bbox 2886 4903 2937 4968; x_wconf 68' lang='lat' dir='ltr'>et</span> <span class='ocrx_word' id='word_1_737' title='bbox 2979 4894 3224 4968; x_wconf 56' lang='lat' dir='ltr'>dimoim&#39;</span> <span class='ocrx_word' id='word_1_738' title='bbox 3249 4894 3596 4968; x_wconf 58' lang='lat' dir='ltr'>continuato:</span> <span class='ocrx_word' id='word_1_739' title='bbox 3625 4912 3644 4949; x_wconf 90' lang='lat'><strong><em>:</em></strong></span> <span class='ocrx_word' id='word_1_740' title='bbox 3675 4894 3852 4968; x_wconf 76' lang='lat' dir='ltr'>sepe-</span> 
     </span>
    </p>
   </div>
   <div class='ocr_carea' id='block_1_97' title="bbox 440 4965 3852 5042">
    <p class='ocr_par' dir='ltr' id='par_1_97' title="bbox 440 4965 3852 5042">
     <span class='ocr_line' id='line_1_97' title="bbox 440 4965 3852 5042; baseline -0.002 -16"><span class='ocrx_word' id='word_1_741' title='bbox 440 4969 658 5026; x_wconf 88' lang='lat' dir='ltr'>lierunt</span> <span class='ocrx_word' id='word_1_742' title='bbox 685 4967 910 5042; x_wconf 79' lang='lat' dir='ltr'>eumin</span> <span class='ocrx_word' id='word_1_743' title='bbox 950 4967 1196 5042; x_wconf 79' lang='lat' dir='ltr'>basilica</span> <span class='ocrx_word' id='word_1_744' title='bbox 1220 4968 1372 5024; x_wconf 89' lang='lat' dir='ltr'>beati</span> <span class='ocrx_word' id='word_1_745' title='bbox 1402 4967 1639 5024; x_wconf 88' lang='lat' dir='ltr'>Eusebii</span> <span class='ocrx_word' id='word_1_746' title='bbox 1680 4970 1950 5042; x_wconf 79' lang='lat' dir='ltr'>martyris</span> <span class='ocrx_word' id='word_1_747' title='bbox 1981 4971 2041 5028; x_wconf 90' lang='lat' dir='ltr'>in</span> <span class='ocrx_word' id='word_1_748' title='bbox 2072 4971 2303 5042; x_wconf 83' lang='lat' dir='ltr'>civitate</span> <span class='ocrx_word' id='word_1_749' title='bbox 2327 4967 2626 5042; x_wconf 82' lang='lat' dir='ltr'>Vercellis,</span> <span class='ocrx_word' id='word_1_750' title='bbox 2652 4965 2749 5042; x_wconf 82' lang='lat' dir='ltr'>ubi</span> <span class='ocrx_word' id='word_1_751' title='bbox 2775 4965 3057 5042; x_wconf 72' lang='lat' dir='ltr'>requievit</span> <span class='ocrx_word' id='word_1_752' title='bbox 3086 4965 3698 5042; x_wconf 73' lang='lat' dir='ltr'>annis_septem._Pos_t</span> 
     </span>
    </p>
   </div>
   <div class='ocr_carea' id='block_1_98' title="bbox 441 5036 3850 5112">
    <p class='ocr_par' dir='ltr' id='par_1_98' title="bbox 441 5036 3850 5112">
     <span class='ocr_line' id='line_1_98' title="bbox 441 5036 3850 5112; baseline -0.002 -14"><span class='ocrx_word' id='word_1_753' title='bbox 441 5046 634 5098; x_wconf 88' lang='lat' dir='ltr'>autem</span> <span class='ocrx_word' id='word_1_754' title='bbox 669 5056 771 5112; x_wconf 92' lang='lat' dir='ltr'>per</span> <span class='ocrx_word' id='word_1_755' title='bbox 797 5038 1085 5112; x_wconf 72' lang='lat' dir='ltr'>visionem</span> <span class='ocrx_word' id='word_1_756' title='bbox 1110 5037 1381 5112; x_wconf 15' lang='lat' dir='ltr'>delatum,</span> <span class='ocrx_word' id='word_1_757' title='bbox 1405 5045 1494 5096; x_wconf 88' lang='lat' dir='ltr'>est</span> <span class='ocrx_word' id='word_1_758' title='bbox 1542 5057 1752 5112; x_wconf 89' lang='lat' dir='ltr'>corpus</span> <span class='ocrx_word' id='word_1_759' title='bbox 1783 5036 1910 5111; x_wconf 76' lang='lat' dir='ltr'>ejus</span> <span class='ocrx_word' id='word_1_760' title='bbox 1941 5041 2000 5096; x_wconf 91' lang='lat' dir='ltr'>in</span> <span class='ocrx_word' id='word_1_761' title='bbox 2034 5041 2357 5109; x_wconf 86' lang='lat' dir='ltr'>Franciam,</span> <span class='ocrx_word' id='word_1_762' title='bbox 2391 5044 2447 5096; x_wconf 89' lang='lat' dir='ltr'>et</span> <span class='ocrx_word' id='word_1_763' title='bbox 2477 5039 2792 5112; x_wconf 81' lang='lat' dir='ltr'>honorifice</span> <span class='ocrx_word' id='word_1_764' title='bbox 2841 5036 3138 5110; x_wconf 76' lang='lat' dir='ltr'>sepultum</span> <span class='ocrx_word' id='word_1_765' title='bbox 3170 5038 3228 5093; x_wconf 92' lang='lat' dir='ltr'>in</span> <span class='ocrx_word' id='word_1_766' title='bbox 3260 5036 3504 5112; x_wconf 76' lang='lat' dir='ltr'>basilica</span> <span class='ocrx_word' id='word_1_767' title='bbox 3531 5036 3682 5094; x_wconf 89' lang='lat' dir='ltr'>beati</span> <span class='ocrx_word' id='word_1_768' title='bbox 3705 5036 3850 5112; x_wconf 87' lang='lat' dir='ltr'>_Dio-</span> 
     </span>
    </p>
   </div>
   <div class='ocr_carea' id='block_1_99' title="bbox 441 5109 1863 5192">
    <p class='ocr_par' dir='ltr' id='par_1_99' title="bbox 441 5109 1863 5192">
     <span class='ocr_line' id='line_1_99' title="bbox 441 5109 1863 5192; baseline 0.001 -24"><span class='ocrx_word' id='word_1_769' title='bbox 441 5113 594 5192; x_wconf 77' lang='lat' dir='ltr'>nysii</span> <span class='ocrx_word' id='word_1_770' title='bbox 638 5109 1684 5192; x_wconf 39' lang='lat' dir='ltr'>martyris‘Pa‘risius.Carlomannus</span> <span class='ocrx_word' id='word_1_771' title='bbox 1733 5109 1863 5192; x_wconf 78' lang='lat' dir='ltr'>vero</span> 
     </span>
    </p>
   </div>
   <div class='ocr_carea' id='block_1_100' title="bbox 441 5181 3470 5256">
    <p class='ocr_par' dir='ltr' id='par_1_100' title="bbox 441 5181 3470 5256">
     <span class='ocr_line' id='line_1_100' title="bbox 441 5181 3470 5256; baseline -0.002 -15"><span class='ocrx_word' id='word_1_772' title='bbox 441 5185 464 5221; x_wconf 81' lang='grc'>⁸</span> <span class='ocrx_word' id='word_1_773' title='bbox 485 5181 592 5241; x_wconf 69' lang='lat' dir='ltr'>ubi</span> <span class='ocrx_word' id='word_1_774' title='bbox 629 5181 852 5256; x_wconf 81' lang='lat' dir='ltr'>audivit</span> <span class='ocrx_word' id='word_1_775' title='bbox 877 5181 975 5256; x_wconf 57' lang='lat' dir='ltr'>Cit.</span> <span class='ocrx_word' id='word_1_776' title='bbox 1009 5183 1068 5235; x_wconf 83' lang='grc' dir='ltr'>Α.</span> <span class='ocrx_word' id='word_1_777' title='bbox 1145 5183 1167 5256; x_wconf 77' lang='lat'>’_</span> <span class='ocrx_word' id='word_1_778' title='bbox 1196 5195 1370 5256; x_wconf 81' lang='lat' dir='ltr'>suum</span> <span class='ocrx_word' id='word_1_779' title='bbox 1402 5183 1664 5240; x_wconf 67' lang='lat' dir='ltr'>Vercellis</span> <span class='ocrx_word' id='word_1_780' title='bbox 1689 5201 1735 5239; x_wconf 93' lang='lat' dir='ltr'>s.</span> <span class='ocrx_word' id='word_1_781' title='bbox 1759 5185 1820 5238; x_wconf 85' lang='grc' dir='ltr'>Α.</span> <span class='ocrx_word' id='word_1_782' title='bbox 1899 5181 1942 5220; x_wconf 71' lang='grc' dir='ltr'>ίδ</span> <span class='ocrx_word' id='word_1_783' title='bbox 1970 5185 2337 5256; x_wconf 89' lang='lat' dir='ltr'>conspirasse</span> <span class='ocrx_word' id='word_1_784' title='bbox 2367 5186 2461 5256; x_wconf 64' lang='grc' dir='ltr'>Α.Δ</span> <span class='ocrx_word' id='word_1_785' title='bbox 2507 5183 2546 5256; x_wconf 15' lang='grc' dir='ltr'>¹γ¹</span> <span class='ocrx_word' id='word_1_786' title='bbox 2579 5181 2778 5238; x_wconf 79' lang='lat' dir='ltr'>omnia</span> <span class='ocrx_word' id='word_1_787' title='bbox 2807 5199 2934 5254; x_wconf 66' lang='lat' dir='ltr'>quae</span> <span class='ocrx_word' id='word_1_788' title='bbox 2967 5181 3201 5239; x_wconf 89' lang='lat' dir='ltr'>illorum</span> <span class='ocrx_word' id='word_1_789' title='bbox 3229 5187 3354 5239; x_wconf 88' lang='lat' dir='ltr'>crat</span> <span class='ocrx_word' id='word_1_790' title='bbox 3373 5182 3470 5254; x_wconf 86' lang='lat' dir='ltr'>Bq.</span> 
     </span>
    </p>
   </div>
   <div class='ocr_carea' id='block_1_101' title="bbox 1955 5107 3845 5183">
    <p class='ocr_par' dir='ltr' id='par_1_101' title="bbox 1955 5107 3845 5183">
     <span class='ocr_line' id='line_1_101' title="bbox 1955 5107 3845 5183; baseline -0.003 -15"><span class='ocrx_word' id='word_1_791' title='bbox 1955 5130 2081 5179; x_wconf 87' lang='lat' dir='ltr'>ene,</span> <span class='ocrx_word' id='word_1_792' title='bbox 2113 5119 2223 5169; x_wconf 90' lang='lat' dir='ltr'>etc.</span> <span class='ocrx_word' id='word_1_793' title='bbox 2258 5107 2438 5174; x_wconf 75' lang='lat' dir='ltr'>Bono.</span> <span class='ocrx_word' id='word_1_794' title='bbox 2511 5111 2532 5146; x_wconf 84' lang='grc'><strong>⁶</strong></span> <span class='ocrx_word' id='word_1_795' title='bbox 2565 5126 2750 5183; x_wconf 87' lang='lat' dir='ltr'>usque</span> <span class='ocrx_word' id='word_1_796' title='bbox 2781 5107 3090 5183; x_wconf 76' lang='lat' dir='ltr'>arvernum</span> <span class='ocrx_word' id='word_1_797' title='bbox 3121 5112 3181 5165; x_wconf 85' lang='grc' dir='ltr'>Α.</span> <span class='ocrx_word' id='word_1_798' title='bbox 3259 5111 3278 5144; x_wconf 78' lang='grc'><strong>⁷</strong></span> <span class='ocrx_word' id='word_1_799' title='bbox 3311 5126 3360 5166; x_wconf 93' lang='lat' dir='ltr'>s.</span> <span class='ocrx_word' id='word_1_800' title='bbox 3381 5109 3450 5183; x_wconf 13' lang='lat' dir='ltr'>id.</span> <span class='ocrx_word' id='word_1_801' title='bbox 3483 5107 3756 5183; x_wconf 81' lang='lat' dir='ltr'>martyris</span> <span class='ocrx_word' id='word_1_802' title='bbox 3783 5110 3845 5163; x_wconf 82' lang='grc' dir='ltr'>Α.</span> 
     </span>
    </p>
   </div>
   <div class='ocr_carea' id='block_1_102' title="bbox 3547 5181 3852 5238">
    <p class='ocr_par' dir='ltr' id='par_1_102' title="bbox 3547 5181 3852 5238">
     <span class='ocr_line' id='line_1_102' title="bbox 3547 5181 3852 5238; baseline -0.007 0"><span class='ocrx_word' id='word_1_803' title='bbox 3547 5182 3591 5216; x_wconf 80' lang='grc'>¹¹</span> <span class='ocrx_word' id='word_1_804' title='bbox 3620 5181 3852 5238; x_wconf 81' lang='lat' dir='ltr'>wilma-</span> 
     </span>
    </p>
   </div>
   <div class='ocr_carea' id='block_1_103' title="bbox 441 5251 2554 5314">
    <p class='ocr_par' dir='ltr' id='par_1_103' title="bbox 441 5251 2554 5314">
     <span class='ocr_line' id='line_1_103' title="bbox 441 5251 2554 5314; baseline -0.004 1"><span class='ocrx_word' id='word_1_805' title='bbox 441 5257 596 5314; x_wconf 90' lang='lat' dir='ltr'>rium</span> <span class='ocrx_word' id='word_1_806' title='bbox 625 5259 688 5310; x_wconf 82' lang='grc' dir='ltr'>Α.</span> <span class='ocrx_word' id='word_1_807' title='bbox 766 5254 808 5288; x_wconf 85' lang='grc'>¹³</span> <span class='ocrx_word' id='word_1_808' title='bbox 837 5251 1102 5309; x_wconf 88' lang='lat' dir='ltr'>casinum</span> <span class='ocrx_word' id='word_1_809' title='bbox 1134 5253 1195 5308; x_wconf 87' lang='grc' dir='ltr'>Α.</span> <span class='ocrx_word' id='word_1_810' title='bbox 1273 5253 1314 5288; x_wconf 73' lang='grc' dir='ltr'>¹δ</span> <span class='ocrx_word' id='word_1_811' title='bbox 1347 5253 1641 5312; x_wconf 89' lang='lat' dir='ltr'>investiret</span> <span class='ocrx_word' id='word_1_812' title='bbox 1668 5260 1729 5312; x_wconf 83' lang='grc' dir='ltr'>Α.</span> <span class='ocrx_word' id='word_1_813' title='bbox 1809 5257 1850 5290; x_wconf 75' lang='grc'>¹⁵</span> <span class='ocrx_word' id='word_1_814' title='bbox 1880 5257 2077 5313; x_wconf 90' lang='lat' dir='ltr'>debita</span> <span class='ocrx_word' id='word_1_815' title='bbox 2102 5251 2163 5312; x_wconf 78' lang='grc' dir='ltr'>λ.</span> <span class='ocrx_word' id='word_1_816' title='bbox 2241 5257 2282 5290; x_wconf 86' lang='grc'>¹⁶</span> <span class='ocrx_word' id='word_1_817' title='bbox 2312 5253 2464 5310; x_wconf 90' lang='lat' dir='ltr'>vassi</span> <span class='ocrx_word' id='word_1_818' title='bbox 2495 5255 2554 5308; x_wconf 86' lang='grc' dir='ltr'>Α.</span> 
     </span>
    </p>
   </div>
   <div class='ocr_carea' id='block_1_104' title="bbox 2029 5355 2256 5412">
    <p class='ocr_par' dir='ltr' id='par_1_104' title="bbox 2029 5355 2256 5412">
     <span class='ocr_line' id='line_1_104' title="bbox 2029 5355 2256 5412; baseline -0.009 -1"><span class='ocrx_word' id='word_1_819' title='bbox 2029 5355 2256 5412; x_wconf 67' lang='lat' dir='ltr'>NOTAE.</span> 
     </span>
    </p>
   </div>
   <div class='ocr_carea' id='block_1_105' title="bbox 510 5433 1423 5509">
    <p class='ocr_par' dir='ltr' id='par_1_105' title="bbox 510 5433 1423 5509">
     <span class='ocr_line' id='line_1_105' title="bbox 510 5433 1423 5509; baseline -0.007 -15"><span class='ocrx_word' id='word_1_820' title='bbox 510 5436 589 5509; x_wconf 90' lang='lat' dir='ltr'>(a)</span> <span class='ocrx_word' id='word_1_821' title='bbox 607 5435 937 5509; x_wconf 24' lang='lat' dir='ltr'>ADertonam</span> <span class='ocrx_word' id='word_1_822' title='bbox 970 5433 1057 5509; x_wconf 76' lang='lat' dir='ltr'>vel</span> <span class='ocrx_word' id='word_1_823' title='bbox 1086 5434 1423 5509; x_wconf 82' lang='lat' dir='ltr'>Tortonam.</span> 
     </span>
    </p>
   </div>
   <div class='ocr_carea' id='block_1_106' title="bbox 511 5503 2088 5582">
    <p class='ocr_par' dir='ltr' id='par_1_106' title="bbox 511 5503 2088 5582">
     <span class='ocr_line' id='line_1_106' title="bbox 511 5503 2088 5582; baseline -0.001 -20"><span class='ocrx_word' id='word_1_824' title='bbox 511 5503 589 5575; x_wconf 78' lang='grc' dir='ltr'>(ὁ)</span> <span class='ocrx_word' id='word_1_825' title='bbox 605 5507 783 5582; x_wconf 74' lang='lat' dir='ltr'>Vicus</span> <span class='ocrx_word' id='word_1_826' title='bbox 803 5505 1128 5582; x_wconf 80' lang='lat' dir='ltr'>editoribus</span> <span class='ocrx_word' id='word_1_827' title='bbox 1149 5503 1504 5582; x_wconf 52' lang='lat' dir='ltr'>incognims,</span> <span class='ocrx_word' id='word_1_828' title='bbox 1525 5503 1770 5582; x_wconf 82' lang='lat' dir='ltr'>fortasse</span> <span class='ocrx_word' id='word_1_829' title='bbox 1782 5506 2088 5582; x_wconf 61' lang='grc' dir='ltr'>βνίαηςοῃ,</span> 
     </span>
    </p>
   </div>
   <div class='ocr_carea' id='block_1_107' title="bbox 441 5576 2085 5652">
    <p class='ocr_par' dir='ltr' id='par_1_107' title="bbox 441 5576 2085 5652">
     <span class='ocr_line' id='line_1_107' title="bbox 441 5576 2085 5652; baseline -0.001 -17"><span class='ocrx_word' id='word_1_830' title='bbox 441 5596 558 5635; x_wconf 90' lang='lat' dir='ltr'>non</span> <span class='ocrx_word' id='word_1_831' title='bbox 590 5579 873 5652; x_wconf 87' lang='lat' dir='ltr'>oppidum</span> <span class='ocrx_word' id='word_1_832' title='bbox 907 5578 1046 5652; x_wconf 77' lang='lat' dir='ltr'>illud</span> <span class='ocrx_word' id='word_1_833' title='bbox 1083 5577 1225 5652; x_wconf 76' lang='lat' dir='ltr'>satis</span> <span class='ocrx_word' id='word_1_834' title='bbox 1259 5576 1484 5652; x_wconf 66' lang='lat' dir='ltr'>notufn,</span> <span class='ocrx_word' id='word_1_835' title='bbox 1515 5576 1882 5652; x_wconf 84' lang='lat' dir='ltr'>sed_viculus_</span> <span class='ocrx_word' id='word_1_836' title='bbox 1907 5576 1978 5633; x_wconf 90' lang='lat' dir='ltr'>ad</span> <span class='ocrx_word' id='word_1_837' title='bbox 2010 5579 2085 5634; x_wconf 87' lang='lat' dir='ltr'>ri-</span> 
     </span>
    </p>
   </div>
   <div class='ocr_carea' id='block_1_108' title="bbox 442 5647 1957 5726">
    <p class='ocr_par' dir='ltr' id='par_1_108' title="bbox 442 5647 1957 5726">
     <span class='ocr_line' id='line_1_108' title="bbox 442 5647 1957 5726; baseline -0.002 -20"><span class='ocrx_word' id='word_1_838' title='bbox 442 5667 578 5726; x_wconf 82' lang='lat' dir='ltr'>pam</span> <span class='ocrx_word' id='word_1_839' title='bbox 614 5647 783 5726; x_wconf 62' lang='lat' dir='ltr'>[serae</span> <span class='ocrx_word' id='word_1_840' title='bbox 815 5647 989 5721; x_wconf 90' lang='lat' dir='ltr'>paulo</span> <span class='ocrx_word' id='word_1_841' title='bbox 1018 5648 1170 5704; x_wconf 88' lang='lat' dir='ltr'>infra</span> <span class='ocrx_word' id='word_1_842' title='bbox 1203 5649 1490 5704; x_wconf 76' lang='lat' dir='ltr'>Moustze&#39;rs</span> <span class='ocrx_word' id='word_1_843' title='bbox 1518 5665 1585 5705; x_wconf 83' lang='lat' dir='ltr'>en</span> <span class='ocrx_word' id='word_1_844' title='bbox 1623 5647 1957 5706; x_wconf 70' lang='lat' dir='ltr'>Taramaise.</span> 
     </span>
    </p>
   </div>
   <div class='ocr_carea' id='block_1_109' title="bbox 515 5721 853 5798">
    <p class='ocr_par' dir='ltr' id='par_1_109' title="bbox 515 5721 853 5798">
     <span class='ocr_line' id='line_1_109' title="bbox 515 5721 853 5798; baseline 0.003 -22"><span class='ocrx_word' id='word_1_845' title='bbox 515 5722 586 5798; x_wconf 81' lang='grc' dir='ltr'>(ε)</span> <span class='ocrx_word' id='word_1_846' title='bbox 617 5721 853 5780; x_wconf 75' lang='lat' dir='ltr'>Nantua.</span> 
     </span>
    </p>
   </div>
   <div class='ocr_carea' id='block_1_110' title="bbox 2268 5433 3630 5506">
    <p class='ocr_par' dir='ltr' id='par_1_110' title="bbox 2268 5433 3630 5506">
     <span class='ocr_line' id='line_1_110' title="bbox 2268 5433 3630 5506; baseline 0 -18"><span class='ocrx_word' id='word_1_847' title='bbox 2268 5433 2346 5506; x_wconf 72' lang='grc' dir='ltr'>(εἰ)</span> <span class='ocrx_word' id='word_1_848' title='bbox 2374 5434 2583 5490; x_wconf 75' lang='grc' dir='ltr'>Αυρηαί</span> <span class='ocrx_word' id='word_1_849' title='bbox 2613 5433 2672 5489; x_wconf 90' lang='lat' dir='ltr'>in</span> <span class='ocrx_word' id='word_1_850' title='bbox 2703 5433 2934 5490; x_wconf 73' lang='grc' dir='ltr'>ὀίωοθεὶ</span> <span class='ocrx_word' id='word_1_851' title='bbox 2970 5433 3304 5506; x_wconf 83' lang='lat' dir='ltr'>Rhemensi.</span> <span class='ocrx_word' id='word_1_852' title='bbox 3342 5433 3630 5495; x_wconf 79' lang='lat' dir='ltr'>Bouomrr.</span> 
     </span>
    </p>
   </div>
   <div class='ocr_carea' id='block_1_111' title="bbox 2268 5502 3844 5580">
    <p class='ocr_par' dir='ltr' id='par_1_111' title="bbox 2268 5502 3844 5580">
     <span class='ocr_line' id='line_1_111' title="bbox 2268 5502 3844 5580; baseline -0.003 -17"><span class='ocrx_word' id='word_1_853' title='bbox 2268 5502 2338 5580; x_wconf 63' lang='grc' dir='ltr'>(ε)</span> <span class='ocrx_word' id='word_1_854' title='bbox 2368 5506 2860 5580; x_wconf 57' lang='grc' dir='ltr'>ϐἠεεςηε-Ηενὺειοι,</span> <span class='ocrx_word' id='word_1_855' title='bbox 2903 5506 3077 5563; x_wconf 91' lang='lat' dir='ltr'>modo</span> <span class='ocrx_word' id='word_1_856' title='bbox 3121 5505 3379 5580; x_wconf 89' lang='lat' dir='ltr'>positum</span> <span class='ocrx_word' id='word_1_857' title='bbox 3429 5509 3589 5561; x_wconf 85' lang='lat' dir='ltr'>extra</span> <span class='ocrx_word' id='word_1_858' title='bbox 3635 5502 3844 5559; x_wconf 84' lang='lat' dir='ltr'>silvam</span> 
     </span>
    </p>
   </div>
   <div class='ocr_carea' id='block_1_112' title="bbox 2197 5578 2766 5640">
    <p class='ocr_par' dir='ltr' id='par_1_112' title="bbox 2197 5578 2766 5640">
     <span class='ocr_line' id='line_1_112' title="bbox 2197 5578 2766 5640; baseline 0.002 -8"><span class='ocrx_word' id='word_1_859' title='bbox 2197 5578 2442 5634; x_wconf 87' lang='lat' dir='ltr'>Cotiam.</span> <span class='ocrx_word' id='word_1_860' title='bbox 2477 5579 2766 5640; x_wconf 76' lang='lat' dir='ltr'>Bouous&#39;r.</span> 
     </span>
    </p>
   </div>
   <div class='ocr_carea' id='block_1_113' title="bbox 2269 5647 3841 5722">
    <p class='ocr_par' dir='ltr' id='par_1_113' title="bbox 2269 5647 3841 5722">
     <span class='ocr_line' id='line_1_113' title="bbox 2269 5647 3841 5722; baseline -0.001 -17"><span class='ocrx_word' id='word_1_861' title='bbox 2269 5651 2340 5720; x_wconf 78' lang='lat' dir='ltr'>(f)</span> <span class='ocrx_word' id='word_1_862' title='bbox 2360 5650 2675 5721; x_wconf 87' lang='lat' dir='ltr'>Sequentia</span> <span class='ocrx_word' id='word_1_863' title='bbox 2698 5666 2884 5722; x_wconf 88' lang='lat' dir='ltr'>usque</span> <span class='ocrx_word' id='word_1_864' title='bbox 2905 5649 2976 5722; x_wconf 88' lang='lat' dir='ltr'>ad</span> <span class='ocrx_word' id='word_1_865' title='bbox 3002 5667 3054 5705; x_wconf 89' lang='lat' dir='ltr'>a.</span> <span class='ocrx_word' id='word_1_866' title='bbox 3081 5651 3186 5722; x_wconf 87' lang='lat'>878</span> <span class='ocrx_word' id='word_1_867' title='bbox 3205 5648 3407 5722; x_wconf 86' lang='lat' dir='ltr'>omisit</span> <span class='ocrx_word' id='word_1_868' title='bbox 3423 5647 3674 5722; x_wconf 68' lang='lat' dir='ltr'>Aimoini</span> <span class='ocrx_word' id='word_1_869' title='bbox 3705 5664 3841 5704; x_wconf 87' lang='lat' dir='ltr'>con-</span> 
     </span>
    </p>
   </div>
   <div class='ocr_carea' id='block_1_114' title="bbox 2196 5720 3770 5798">
    <p class='ocr_par' dir='ltr' id='par_1_114' title="bbox 2196 5720 3770 5798">
     <span class='ocr_line' id='line_1_114' title="bbox 2196 5720 3770 5798; baseline -0.003 -19"><span class='ocrx_word' id='word_1_870' title='bbox 2196 5720 2471 5779; x_wconf 76' lang='lat' dir='ltr'>tinuator.</span> <span class='ocrx_word' id='word_1_871' title='bbox 2496 5720 2862 5798; x_wconf 80' lang='lat' dir='ltr'>omittuntur</span> <span class='ocrx_word' id='word_1_872' title='bbox 2880 5721 3058 5778; x_wconf 88' lang='lat' dir='ltr'>etiam</span> <span class='ocrx_word' id='word_1_873' title='bbox 3081 5721 3142 5780; x_wconf 87' lang='lat' dir='ltr'>in</span> <span class='ocrx_word' id='word_1_874' title='bbox 3163 5721 3362 5780; x_wconf 85' lang='lat' dir='ltr'>codice</span> <span class='ocrx_word' id='word_1_875' title='bbox 3386 5721 3566 5796; x_wconf 85' lang='lat' dir='ltr'>regio.</span> <span class='ocrx_word' id='word_1_876' title='bbox 3589 5720 3770 5784; x_wconf 83' lang='lat' dir='ltr'>Bono.</span> 
     </span>
    </p>
   </div>
  </div>
