4074 6540
195 426 230 486 Ι
243 425 382 487 285

1035 426 1396 491 ANNALES
1442 429 1850 492 HINCMARO
1891 424 2398 490 DUBlTAN'l‘Ell
2442 429 2827 503 ASCRIPTI,

3489 429 3646 494 i286

197 563 394 630 pater
421 563 629 626 vester,
653 578 687 616 a
708 577 769 618 se
791 565 848 630 et
870 562 1086 618 avobis
1110 567 1478 619 servaturum
1502 565 1882 636 1(a)consen-
1911 594 1961 658 Α
1995 579 2131 633 ceps
2175 562 2270 617 isti
2323 564 2534 620 seniori
2583 570 2639 620 et
2683 565 2804 636 regi
2854 581 2982 620 meo
3033 563 3342 629 Ludovico,
3373 563 3558 620 Caroli
3590 569 3648 621 et

194 645 512 704 tientibus
537 647 810 706 ﬁdelibus
839 649 965 706 suis
998 667 1064 706 ac
1093 651 1302 708 vestris
1333 659 1505 724 atque
1549 653 1879 725 apostolicae

199 733 386 791 sedis
417 734 645 809 legatis,
679 737 908 811 legente
938 738 1184 796 Gozleno
1217 740 1606 808 denunciavit,
1640 741 1882 798 canoni-

199 839 362 878 cum
395 823 765 898 privilegium
793 844 860 884 ac
890 827 1149 884 debitam
1180 827 1368 900 legem
1394 834 1571 903 atque
1593 829 1880 902 justitiam

201 913 585 970 conservetis
616 919 674 970 et
703 915 1104 973 defensionem
1134 917 1478 986 exhibeatis,
1513 919 1666 976 sicut
1695 937 1793 976 rex
1823 920 1882 975 in

203 1016 332 1056 suo
367 1017 544 1073 regno
576 1003 897 1076 unicuique
925 1003 1197 1078 episcopo
1227 1011 1284 1062 et
1311 1007 1569 1065 ecclesiae
1589 1009 1701 1066 sibi
1723 1025 1882 1066 eom-

207 1089 426 1146 missze
449 1090 613 1162 juste
641 1093 914 1151 exhibere
944 1095 1134 1151 debet.
1171 1118 1193 1145 ι

289 1177 430 1251 Ipse
458 1183 656 1236 autem
688 1173 1044 1239 Ludowicus
1074 1182 1251 1241 talem
1275 1185 1725 1258 promissionem
1751 1188 1886 1245 fecit

205 1266 345 1325 illis
375 1268 666 1342 episcopis
703 1287 715 1327 :

289 1379 322 1407 ‹‹
362 1356 642 1414 Promitto
673 1365 731 1416 et
763 1361 1020 1433 perdouo
1061 1362 1245 1430 vobis,
1281 1363 1420 1436 quia
1467 1366 1784 1438 unicuique
1815 1367 1886 1422 de

203 1445 390 1500 vobis
421 1449 476 1502 et
504 1447 766 1505 ecclesiis
797 1448 960 1506 vobis
1009 1453 1344 1509 commissis
1392 1453 1718 1509 secundum
1771 1455 1888 1526 pri-

205 1551 391 1590 mum
423 1535 771 1608 capitulum,
798 1539 960 1610 quod
998 1539 1315 1597 novissime
1337 1541 1396 1596 in
1417 1541 1708 1598 Carisiaco
1731 1543 1890 1598 dom-

209 1639 340 1678 nus
366 1623 704 1696 imperator,
739 1631 908 1698 patcr
936 1643 1129 1695 meus,
1165 1645 1227 1685 se
1255 1633 1893 1702 servaturum,consen-

211 1711 511 1768 tientibus
543 1713 816 1772 ﬁdelibus
842 1715 1004 1773 illius
1027 1734 1093 1772 ac
1115 1717 1332 1774 nostris
1355 1723 1529 1791 atque
1557 1718 1890 1792 apostolica;

213 1799 386 1856 sedis
417 1799 646 1874 legatis,
679 1802 908 1877 legente
938 1805 1188 1863 Gozleno
1219 1807 1622 1878 denuneiavit,
1650 1809 1886 1865 canoni-

213 1905 364 1944 cum
396 1889 767 1964 privilegium
799 1897 858 1948 et
887 1893 1146 1950 debitam
1177 1895 1365 1968 legem
1395 1899 1569 1968 atque
1591 1897 1889 1969 justitiam

1994 652 2435 708 llermentrudis
2466 654 2605 720 ﬁlio,
2641 654 2965 710 secundum
2998 669 3195 708 meum
3228 651 3377 708 scire
3397 658 3456 708 et
3474 670 3648 726 posse

1991 743 2048 796 et
2078 756 2276 795 meum
2308 741 2704 799 ministerium
2737 741 2952 821 auxilio
2983 745 3040 797 et
3082 739 3324 796 consilio
3370 740 3560 798 ﬁdelis
3591 746 3649 798 et

1991 829 2227 900 adjutor
2256 830 2536 896 ero,sieut
2568 833 2880 904 episcopus
2912 834 3064 887 recte
3103 827 3316 884 seniori
3348 846 3454 886 suo
3484 830 3644 886 debi-

1991 922 2083 973 tor
2113 922 2224 985 est,
2258 917 2318 972 in
2351 935 2482 974 mea
2509 920 2623 974 ﬁde
2655 924 2713 974 et
2745 936 2874 976 meo
2899 917 3241 975 sacerdotio.
3283 940 3303 966 ι»

2061 1005 2146 1060 Ad
2177 1007 2642 1079 suprascriptam
2675 1025 2806 1064 vero
2849 1006 3259 1080 episcoporum
3308 1006 3648 1079 petitionem

1993 1095 2113 1150 haec
2145 1113 2273 1167 quae
2315 1099 2644 1167 sequuntur
2695 1113 2792 1152 rex
2842 1094 3170 1151 Ludovicus
3221 1095 3520 1167 professus
3561 1099 3650 1152 est

1994 1183 2305 1256 episcopis,
2351 1187 2408 1240 et
2452 1183 2626 1240 istam
2670 1184 2859 1256 ipsam
2909 1181 3244 1239 donationis
3292 1183 3649 1256 scripturam

1995 1289 2175 1328 manu
2207 1289 2316 1328 sua
2345 1272 2430 1328 eis
2460 1272 2620 1328 dedit
2651 1273 2710 1328 in
2733 1271 3276 1344 Compendio,anno
3303 1271 3651 1329 incarnatio-

1997 1360 2088 1416 nis
2119 1360 2422 1416 dominicze
2453 1362 2576 1428 877,
2613 1361 2799 1433 pridie
2831 1359 3118 1416 Kalendas
3148 1359 3503 1416 Decembris.

2244 1451 2517 1521 Professio
2549 1451 2710 1504 istius
2744 1448 3022 1516 Ludovici,
3055 1448 3166 1519 ﬁlii
3191 1448 3397 1505 Caroli.

2070 1561 2097 1588 ‹‹
2129 1539 2247 1610 Ego
2283 1539 2629 1606 Ludovicus,
2667 1537 3070 1594 misericordia
3098 1535 3321 1592 domini
3342 1535 3440 1592 Dei
3466 1536 3652 1592 nostri

1999 1632 2054 1682 et
2083 1627 2362 1682 electione
2394 1627 2592 1699 populi
2637 1645 2734 1683 rex
2781 1625 3158 1693 constitutus,
3193 1625 3472 1698 promitto
3504 1627 3653 1681 teste

2000 1715 2243 1772 ecclesia
2279 1715 2373 1771 Dei
2405 1716 2680 1772 omnibus
2713 1713 3040 1780 ordinibus,
3063 1712 3469 1786 episcoporum
3500 1713 3654 1770 vide-

2001 1804 2152 1872 licet,
2169 1805 2562 1873 sacerdotum,
2579 1804 3022 1870 monachorum,
3040 1801 3454 1858 canonicorum
3477 1805 3653 1874 atque

2001 1892 2562 1959 sanctimonialium,
2589 1892 2886 1967 regulas‘a
2916 1890 3178 1963 patribus
3209 1890 3572 1964 conscriptas
3593 1893 3654 1946 et

218 1979 607 2047 conservabo,
631 1981 703 2052 let
733 1981 1131 2038 defensionem
1163 1967 1449 2055 quantum
1475 1967 1720 2057 potuero
1747 1987 1901 2043 exhi-
1929 1967 1976 2032 Β
2007 1981 2344 2054 apostolicis
2374 1981 2852 2038 attestationibus
2884 1981 3184 2036 rohoratas
3201 1997 3269 2036 ex
3288 1978 3399 2036 hoc
3418 1978 3478 2035 in
3501 1980 3654 2036 futu.

215 2067 396 2134 bebo,
430 2068 744 2141 adjuvante
781 2070 1051 2140 Domino,
1085 2073 1240 2129 sicut
1286 2091 1385 2130 rex
1433 2074 1492 2130 in
1543 2092 1650 2132 suo
1703 2093 1882 2148 regno

217 2155 547 2228 unicuique
575 2157 847 2232 episcopo
879 2163 936 2216 et
966 2159 1222 2218 ecclesias
1243 2161 1356 2218 sibi
1376 2163 1704 2221 commissa:
1728 2165 1885 2222 debi-

213 2247 314 2300 tor
343 2248 434 2302 est
461 2244 759 2303 exhibere.
794 2270 824 2298 ››

290 2332 413 2390 Hoc
431 2337 523 2390 est
542 2335 870 2408 capitulum
901 2339 1059 2410 quod
1083 2339 1177 2396 hic
1200 2346 1696 2398 commemoratur
1720 2359 1732 2397 :
1755 2367 1783 2394 ‹‹
1806 2343 1886 2400 De

213 2422 442 2480 honore
473 2440 708 2496 quoque
737 2431 794 2482 et
827 2425 987 2484 cultu
1020 2427 1121 2485 Dei
1143 2434 1320 2502 atque
1341 2436 1681 2487 sanctarum
1705 2432 1885 2488 eccle'

211 2511 446 2567 siarum
467 2529 595 2585 quze
615 2518 851 2571 auctore
874 2516 989 2572 Deo
1013 2517 1124 2573 sub
1147 2517 1370 2574 ditioue
1391 2523 1448 2575 et
1469 2520 1719 2576 tuitione
1744 2522 1884 2592 regi-

215 2599 400 2656 minis
431 2601 616 2657 nostri
647 2603 1260 2672 consistunt,Domino
1292 2607 1585 2666 mediante
1616 2609 1878 2666 decerni-

219 2706 380 2758 mus,
413 2694 478 2746 ut
505 2691 661 2748 sicut
690 2696 952 2766 tempore
983 2695 1164 2752 beatae
1210 2697 1638 2754 recordationis
1688 2699 1888 2755 domni

219 2778 508 2850 genitoris
537 2780 722 2836 nostri
752 2782 993 2838 excultae
1033 2788 1091 2840 et
1139 2783 1435 2841 honoratae
1489 2790 1669 2859 atque
1715 2787 1890 2844 rebus

226 2866 523 2940 ampliata
551 2869 948 2944 fuerunt,quaa
970 2890 1004 2928 a
1025 2877 1226 2929 nostra
1256 2873 1606 2931 liberalitate
1637 2875 1890 2932 honora-

224 2959 299 3011 ιω
333 2959 508 3028 atque
535 2957 730 3014 ditatae
763 2963 924 3027 sunt,
957 2961 1028 3016 de
1060 2965 1252 3018 cetero
1283 2963 1396 3019 sub
1425 2961 1767 3035 integritate
1799 2965 1890 3022 sui

227 3047 552 3111 serventur,
585 3050 644 3102 et
682 3049 1014 3105 sacerdotes
1062 3053 1238 3122 atque
1287 3051 1437 3108 servi
1487 3052 1589 3110 Dei
1631 3053 1888 3126 vigorem

230 3132 694 3192 ecclesiasticum
709 3140 768 3192 et
781 3137 982 3194 debita
997 3137 1301 3212 privilegia
1312 3141 1486 3212 juxta
1506 3143 1786 3198 reverend
1797 3161 1892 3200 am

229 3222 637 3281 auctoritatem
667 3223 992 3294 obtineant,
1008 3231 1067 3284 ct
1087 3227 1309 3284 eisdem
1335 3227 1680 3303 principalis
1704 3235 1894 3303 potes-

227 3315 319 3368 tas
349 3314 408 3402 et
435 3311 758 3402 illustrium
788 3313 1046 3371 virorum
1079 3317 1400 3373 strenuitas
1423 3334 1528 3374 seu
1551 3319 1888 3392 reipublicae
1920 3335 1963 3402 α

229 3399 756 3472 administratores,
781 3407 847 3459 ut
877 3421 1054 3461 suum
1081 3404 1475 3462 ministerium
1499 3412 1904 3480 competenter

225 3488 461 3562 exsequi
487 3489 740 3563 valeant,
772 3491 833 3548 in
865 3493 1141 3550 omnibus
1189 3494 1619 3552 rationabiliter
1655 3502 1717 3553 et
1734 3499 1900 3570 juste

236 3583 680 3647 concurrant,et
699 3581 859 3637 ﬁlius
890 3585 1088 3639 noster
1115 3582 1237 3640 haec
1259 3583 1595 3658 supradicta
1617 3585 1859 3646 similite
1875 3595 1904 3633 ι·

239 3667 356 3724 Deo
384 3669 698 3740 adjuvante
727 3676 1042 3728 csnservet.
1080 3695 1108 3721 η

226 3756 631 3815 Commendatio
663 3757 926 3830 Ansegisi
951 3763 1194 3834 episcopi
1235 3771 1288 3820 et
1332 3764 1576 3820 aliorum
1621 3768 1900 3838 episcopo-

304 3861 430 3902 rum
483 3848 582 3918 qui
636 3847 935 3918 adfuerunt
990 3849 1138 3922 apud
1201 3852 1614 3924 Compendium,
1675 3855 1891 3926 quando

305 3934 692 3992 benedixerunl
738 3937 1088 4006 Ludovicum,
1129 3941 1312 4012 ﬁlium
1363 3942 1554 4000 Caroli
1595 3943 1896 4015 imperato-

304 4039 411 4080 ηδ.

311 4135 332 4163 ι
369 4112 458 4169 Me
490 4131 556 4170 ac
585 4103 892 4172 ecclesiam
926 4117 1072 4174 mihi
1101 4118 1482 4176 commissam
1530 4121 1696 4178 vobis
1727 4139 1888 4179 com-

241 4201 447 4257 mendo
478 4204 549 4258 ad
568 4204 826 4260 debitam
845 4204 1032 4278 legem
1053 4207 1414 4279 etjustitiam
1435 4212 1894 4268 conservandam

237 4293 294 4346 et
321 4291 717 4348 defensionem
759 4293 1172 4364 exhibendam,
1205 4295 1360 4354 sicut
1409 4315 1507 4354 rex
1557 4299 1848 4372 episcopis
1875 4302 1896 4335 ²

238 4378 488 4436 ecclesiae
519 4399 638 4438 suae
683 4384 848 4454 justo
887 4383 1114 4456 judicio
1169 4403 1510 4443 conservare
1537 4393 1592 4443 et
1619 4388 1893 4445 exhibere

245 4468 428 4526 debet.
463 4491 492 4521 ››

769 4591 984 4661 Pro/"ess
992 4592 1042 4646 io
1092 4593 1354 4663 ipsorum.

1993 2088 2126 2126 rum
2157 2075 2390 2143 tempus
2424 2087 2518 2128 me
2565 2069 2683 2127 illis
2733 2088 2802 2126 ex
2848 2069 3074 2144 integro
3125 2073 3442 2125 servatum.
3476 2067 3653 2124 Polli-

1993 2177 2126 2216 ceor
2155 2159 2352 2228 etiam,
2384 2177 2478 2216 me
2509 2163 2875 2216 servaturum
2909 2158 3064 2231 leges
3087 2162 3144 2215 et
3165 2161 3388 2214 statuta
3413 2156 3652 2232 populo,

1995 2249 2096 2322 qui
2127 2249 2270 2305 mihi
2303 2250 2373 2305 ad
2407 2249 2728 2322 regendum
2769 2247 3170 2305 misericordia
3199 2246 3301 2303 Dei
3333 2246 3652 2302 committi-

1996 2343 2112 2404 tur,
2147 2356 2250 2410 pro
2281 2337 2578 2394 communi
2607 2337 2851 2394 consilio
2877 2335 3136 2392 ﬁdelium
3168 2339 3528 2400 nostrorum,
3562 2350 3654 2390 se-

1997 2428 2257 2483 cundum
2301 2428 2454 2500 quod
2509 2427 2962 2499 przedecessores
3013 2424 3149 2492 mei,
3181 2425 3566 2496 imperatores
3597 2427 3655 2479 et

1997 2533 2184 2588 roges,
2218 2516 2400 2588 gestis
2447 2515 2845 2581 inseruerunt,
2880 2519 2936 2569 et
2966 2512 3205 2568 omnino
3247 2511 3658 2568 inviolabiliter

1997 2603 2249 2660 tenenda
2273 2607 2330 2659 ct
2361 2603 2725 2658 observanda
2754 2603 3155 2658 decreverunt.
3189 2601 3307 2674 Ego
3339 2599 3521 2674 igitur
3550 2601 3659 2656 Lu-

1999 2693 2238 2748 dovicus
2269 2691 2638 2746 rectitudinis
2661 2691 2977 2762 etjustitize
3009 2707 3207 2745 amore
3238 2689 3390 2744 hanc
3422 2679 3657 2762 sponta-

2001 2798 2168 2836 neum
2204 2779 2652 2853 promissionem
2687 2797 2878 2834 meam
2909 2778 3174 2852 relegens
3210 2795 3389 2834 manu
3420 2777 3657 2850 propria

2003 2870 2224 2926 ﬁrmavi
2260 2870 2353 2942 (b).
2395 2892 2418 2918 ι)

2594 2992 3066 3049 DCCCLXXVIII.

2073 3139 2238 3192 Anno
2269 3138 2374 3192 878
2401 3138 2442 3192 ³.
2479 3134 2806 3192 Ludovicus
2854 3151 2952 3190 rex
2999 3133 3170 3191 secus
3221 3134 3556 3191 Suessionis
3593 3134 3655 3192 in

2007 3223 2361 3280 monasterio
2392 3223 2578 3280 sancti
2614 3223 2874 3280 Medardi
2908 3223 3269 3278 nativitatem
3301 3223 3534 3278 Domini
3563 3238 3656 3280 ce-

2005 3311 2268 3379 lebravit,
2302 3313 2553 3384 indeque
2585 3313 2655 3367 ad
2685 3311 3032 3367 Audriacam
3063 3311 3260 3366 villam
3296 3310 3566 3385 perrexit,
3599 3316 3659 3368 et

2011 3401 2231 3474 pascha
2261 3400 2492 3457 Domini
2524 3400 2583 3456 in
2618 3399 2971 3456 monasterio
3003 3401 3190 3456 sancti
3223 3400 3482 3472 Dionysii
3509 3400 3657 3458 cele-

2010 3489 2218 3547 bravit.
2242 3493 2321 3546 Ae
2351 3491 2634 3546 suadente
2664 3491 2908 3563 Hugone
2928 3489 2998 3563 (ο)
3022 3491 3232 3546 abbate
3253 3494 3310 3546 et
3329 3489 3658 3560 markione,

1985 3627 1990 3632 .
2008 3578 2262 3652 perrexit
2290 3579 2440 3634 ultra
2471 3579 2826 3651 Sequanam,
2857 3581 2978 3633 tam
3009 3595 3112 3650 pro
3152 3577 3368 3634 auxilio
3401 3577 3660 3652 llugonis

2010 3672 2213 3724 contra
2238 3667 2838 3740 Nortmannos,quam
2869 3670 2926 3723 et
2956 3683 3060 3739 pro
3091 3667 3350 3740 eo,quod
3381 3667 3486 3721 ﬁlii
3516 3668 3659 3724 Goz-

2011 3757 2144 3812 fridi
2195 3755 2502 3812 castellum
2551 3761 2608 3811 et
2654 3756 2904 3811 honores
2936 3754 3040 3810 ﬁlii
3087 3754 3327 3820 Odonis,
3361 3756 3658 3828 quondam

2009 3845 2262 3911 comitis,
2293 3844 2651 3912 invaserunt,
2687 3848 2744 3899 et
2774 3842 2958 3898 Imino
2988 3844 3010 3876 ‘
3040 3843 3138 3915 (ἀ),
3175 3843 3352 3899 frater
3379 3844 3658 3901 Bernardi

2007 3933 2350 3999 markionis,
2365 3934 2754 3988 Ebrocensem
2787 3931 3077 3987 civitatem
3089 3935 3426 4004 ’usurpans,
3441 3932 3659 3988 multas

2007 4022 2468 4096 depraedationes
2498 4021 2880 4077 circumcirca
2908 4019 2966 4075 in
2989 4019 3108 4076 illis
3139 4019 3476 4094 regionibus
3507 4038 3662 4077 exer-

2006 4113 2193 4180 cebat,
2228 4111 2469 4183 insuper
2496 4114 2553 4166 et
2595 4109 2849 4165 Eiricum
2883 4110 2903 4143 ⁸
2933 4110 3001 4183 (c)
3032 4125 3192 4166 more
3239 4109 3659 4167 Nortmannieo

2006 4200 2326 4274 deprzedari
2359 4199 2752 4273 praesumpsit.
2777 4199 2846 4254 Et
2865 4199 3104 4255 veniens
3129 4199 3451 4257 Lodovicus
3471 4216 3660 4274 usque

2005 4290 2277 4358 Turonis,
2314 4289 2647 4345 inﬁrmatus
2696 4293 2785 4345 est
2835 4291 3144 4361 usque'ad
3193 4291 3659 4362 desperationem

2002 4380 2165 4446 vitae;
2200 4379 2300 4436 sed
2334 4379 2650 4434 miserante
2683 4377 2929 4433 Domino
2969 4378 3402 4451 aliquantulum
3451 4397 3660 4436 conva-

2004 4467 2250 4533 lescens,
2268 4467 2672 4540 satagentibus
2703 4465 3060 4538 quibusdam
3085 4467 3438 4523 consiliariis
3461 4467 3585 4523 suis
3605 4471 3662 4524 et

2003 4557 2211 4614 amicis
2241 4556 2517 4628 Gozfridi,
2550 4555 2708 4612 venit
2738 4555 2810 4611 ad
2841 4571 2976 4610 eum
3007 4555 3196 4612 isdem
3228 4556 3666 4624 Gozfridus,ad-

2005 4649 2225 4703 ducens
2258 4663 2456 4702 secum
2481 4645 2632 4702 ﬁlios
2657 4663 2798 4702 suos
2819 4662 2886 4701 ea
2905 4645 3260 4714 conditione,
3275 4650 3340 4702 ut
3353 4643 3660 4702 castellum

315 4751 342 4781 «
364 4729 480 4804 Ego
513 4729 611 4788 ille
643 4730 769 4804 ipse
801 4731 886 4790 sic
919 4733 1194 4805 proﬁteor
1220 4751 1232 4790 :
1260 4733 1340 4791 De
1371 4733 1482 4790 ista
1521 4734 1615 4792 die
1645 4738 1702 4792 et
1732 4735 1892 4792 dein-
1925 4719 1971 4784 D
2003 4741 2060 4792 et
2088 4737 2338 4792 honores
2370 4753 2518 4808 quos
2559 4735 2916 4806 invaserant,
2949 4735 3241 4792 Ludovico
3293 4733 3415 4808 regi
3462 4733 3656 4792 redde

1508 4833 1918 4892 VARIANTES
1960 4835 2378 4892 LECTlONES.

315 4928 335 5006 ξ
359 4927 503 5006 apud
531 4927 886 5006 Signopdum
913 4938 964 4986 et
991 4931 1288 5006 Buluzium
1317 4934 1378 5006 iri
1406 4932 2008 5006 capitularibuspater
2037 4950 2204 5006 meus
2235 4950 2270 4988 a
2301 4949 2362 4990 se
2388 4937 2452 5006 et
2483 4950 2519 5006 a
2548 4949 2640 4988 me
2670 4937 3059 5006 servaturum.

3174 4933 3197 4966 ²
3225 4931 3534 5014 episcopos
3561 4931 3658 5014 Ch:

315 4999 336 5034 ³
359 4999 524 5056 Anno
555 5002 660 5056 878
692 5001 832 5058 deest
859 5005 922 5058 Β.
1003 5003 1025 5036 ⁴
1053 5003 1235 5059 immo
1262 5005 1328 5059 A.
1361 4999 1702 5060 invaserunt
1731 5021 1797 5061 ac
1817 4999 1946 5060 ideo
1969 5004 2106 5078 quia
2129 5005 2308 5089 frater
2331 5005 2430 5062 Ch.
2511 5005 2532 5037 ⁸
2563 5005 2915 5075 legemlumne
2933 5003 3176 5076 insuper
3195 4999 3665 5061 efretomicum?

1835 5102 2068 5160 NOT/E.

321 5196 392 5270 (ᾳ)
418 5196 497 5270 Id,
513 5201 602 5254 est
631 5197 1006 5270 servandum.

320 5268 392 5346 (ᾇ)
538 5269 719 5346 ﬁnem
747 5269 928 5346 hujus
960 5271 1096 5346 anni
1127 5273 1234 5327 877
1255 5275 1516 5346 spectare
1532 5271 1762 5346 videtur
1783 5273 1898 5346 epi-

259 5339 398 5395 stola
425 5339 723 5396 Hinemari
755 5339 1185 5410 ad'Gozlinum,
1221 5339 1490 5399 abbatem
1523 5345 1710 5399 sancti
1761 5339 1896 5402 Ger-

259 5410 470 5494 maniha
501 5411 708 5494 Pratis,
740 5429 926 5494 quam.
952 5413 1644 5494 memorat_l"l_odoardus
1675 5415 1777 5470 lib.
1811 5433 1894 5494 Il_l,

260 5499 375 5568 cap.
524 5483 804 5540 Gozlinus
837 5489 1061 5568 patrem
1082 5485 1300 5568 habuit
1330 5485 1670 5568 agriconem
1712 5483 1898 5543 comi;

261 5557 380 5625 temi
397 5554 960 5625 Oenomannensem,
987 5558 1226 5613 fratrem
1257 5557 1618 5623 Gozt‘ridum,
1640 5575 1897 5615 sororem

263 5624 612 5698 Glichildem,
644 5643 772 5698 quis
804 5633 992 5685 mater
1019 5629 1130 5686 fuit
1155 5629 1435 5686 Bernardi
1465 5629 1688 5686 Gothiae
1738 5647 1897 5687 mar-

265 5695 498 5754 chionis.
526 5695 706 5762 Bouo.

2079 5202 2148 5274 (ε)
2182 5202 2370 5274 Ilugo,
2403 5199 2584 5274 abbas
2615 5204 2675 5274 et
2715 5199 2998 5274 marchio,
3032 5200 3190 5274 ﬁlius
3238 5205 3364 5274 erat
3411 5198 3662 5274 conrad,

2005 5243 2327 5329 Atitilssiog.
2353 5244 2614 5339 ’eoniitis,
2650 5272 2829 5326 frater
2859 5243 3108 5328 Conradi
3141 5243 3661 5340 Paris.comitis,et’

2009 5350 2074 5400 ut
2102 5343 2368 5400 nonnulli
2393 5342 2616 5409 volunt,
2653 5343 2888 5400 Roberti
2924 5343 3134 5400 Fortis.
3161 5344 3340 5406 Bouo.

2080 5417 2154 5488 (ά)
2187 5414 2840 5488 Emeno,_Pictavie_nsis
2889 5431 3105 5488 eomes,
3139 5415 3319 5470 frater
3365 5418 3490 5470 erat
3528 5413 3663 5468 Ber-

2009 5485 2196 5551 nardi,
2231 5485 2412 5560 patris
2445 5485 2718 5542 Bernardi
2753 5486 3004 5543 rebellis.
3039 5487 3332 5549 Bouous'r.

2081 5566 2152 5629 (e)
2187 5561 2517 5631 Ignoratur.
