4074 6510
189 373 355 434 1293.

995 372 1355 434 ANNALES
1400 371 1806 434 IIINCMARO
1851 369 2356 436 DUBITANTER
2399 376 2782 439 ASCBIPTI.

3443 384 3470 440 1
3481 382 3597 442 294

185 502 326 572 lum,
350 503 634 577 gloriosos
665 521 850 577 reges,
875 504 1219 579 dirigamus,
1257 506 1357 578 qui
1390 507 1526 561 eos‘
1560 507 1630 562 ad
1664 504 1837 578 placi-
1864 503 1920 570 Α
1948 523 2146 562 sorum
2183 507 2485 565 inventum
2543 511 2683 578 fuit;
2719 512 2818 583 qui
2845 529 2976 568 vero
3017 513 3222 568 dicunt
3270 513 3488 585 injuste
3534 530 3598 570 se

184 597 308 649 tum
342 595 496 666 quod
529 599 727 650 octavo
750 594 887 649 Idus
911 594 1209 650 Februarii
1235 593 1524 650 statutum
1549 595 1838 650 habemus

183 682 505 752 invitent,et
532 688 598 739 ut
615 681 952 739 nullatenus
975 684 1172 739 venire
1193 684 1834 753 diﬂ’erant,obsecrent;

183 772 285 826 ’et
331 773 658 827 secundum
718 772 874 844 quod
932 777 1206 846 optamus
1256 773 1452 828 venire
1493 773 1835 844 voluerint’,

185 861 578 915 communiter
608 878 715 917 nos
747 862 818 918 ad
843 861 944 917 Dei
977 861 1337 918 voluntatem
1369 867 1424 917 et
1471 867 1683 918 sanctae
1731 864 1835 918 Ec-

183 946 367 1004 clesiae
400 949 802 1016 salvationem,
835 967 900 1006 ac
942 967 1314 1006 communem
1369 951 1648 1006 benorem
1701 969 1835 1008 nos-

183 1042 339 1094 trum
371 1055 436 1094 ac
458 1039 807 1112 profectum,
834 1044 1007 1112 atque
1039 1039 1469 1095 salvamentum
1501 1041 1680 1096 totius
1727 1058 1836 1112 po-

182 1127 302 1200 puli
333 1127 645 1184 Christiani
671 1129 840 1185 nobis
862 1129 1184 1197 commissi,
1201 1129 1445 1184 Domino
1468 1134 1830 1203 cooperante,

181 1217 260 1272 ita
289 1218 739 1290 conjungamus,
773 1222 839 1274 ut
869 1219 939 1274 de
971 1224 1160 1274 cetero
1191 1219 1248 1272 in
1281 1235 1346 1274 eo
1380 1218 1480 1291 qui
1529 1237 1683 1275 unus
1724 1224 1833 1288 est,

181 1323 362 1362 unum
392 1306 581 1363 simus
612 1310 668 1362 et
697 1324 884 1362 unum
914 1306 1183 1376 velimus,
1217 1311 1274 1362 et
1303 1309 1324 1342 ⁴
1364 1307 1622 1380 idipsum
1675 1308 1831 1363 dica-

181 1411 330 1462 mus,
365 1395 691 1452 secundum
723 1395 1087 1467 Apostolum,
1121 1399 1178 1450 et
1210 1396 1496 1452 faciamus
1527 1413 1753 1464 omnes,
1778 1400 1834 1452 et

178 1484 198 1518 ⁵
228 1500 339 1538 non
372 1483 491 1539 sint
519 1483 577 1538 in
601 1483 770 1539 nobis
803 1483 924 1539 ulla
955 1484 1328 1540 schismata“.
1368 1508 1395 1535 »

246 1573 378 1629 CAP.
412 1573 507 1629 VI.
555 1596 583 1624 «
626 1573 685 1630 Si
744 1579 940 1630 autem
999 1572 1106 1640 illi,
1168 1576 1570 1632 obsecratione
1631 1581 1833 1632 nostra

177 1661 358 1716 vocati
405 1665 462 1717 et
509 1661 756 1729 invitati,
791 1667 893 1718 aut
923 1662 1090 1718 missi
1134 1681 1358 1730 eorum,
1394 1665 1465 1719 ad
1517 1665 1828 1736 praefatum

178 1750 451 1822 placitum
501 1751 696 1807 venire
747 1751 1108 1817 distulerint,
1143 1771 1270 1819 nos,
1305 1755 1627 1809 secundum
1673 1754 1831 1826 quod

178 1842 463 1894 statutum
512 1839 820 1906 habemus,
863 1839 1004 1895 illuc
1061 1840 1299 1897 omnino
1347 1840 1560 1910 venire,
1602 1847 1659 1897 et
1721 1859 1827 1898 nos

1949 597 2363 668 proprietatem
2396 597 2628 653 illorum
2654 601 2695 633 ‘3
2727 600 3070 672 perdidisse,
3099 602 3336 657 veniant
3370 603 3425 656 in
3464 619 3600 658 nos-

1947 686 2100 739 tram
2134 687 2524 756 praesentiam,
2560 692 2615 742 et
2663 688 2816 744 sicut
2859 690 3089 761 justum
3142 695 3252 757 est,
3293 690 3375 746 ita
3417 690 3534 746 illis
3557 691 3602 726 “

1939 773 2260 844 judicetur,
2286 779 2343 830 et
2373 793 2481 830 sua
2512 775 2815 849 recipiant.

2019 862 2141 918 Hod
2167 862 2678 929 dicto,Ludovicus
2703 867 2979 923 Ludovici
3005 867 3160 923 ﬁlius
3185 869 3255 924 ad
3279 887 3386 924 sua
3407 868 3596 937 rediit,

1946 953 2004 1006 et
2027 951 2355 1007 Ludovicus
2386 952 2575 1008 Caroli
2597 953 2755 1009 ﬁlius
2793 973 2898 1026 per
2926 958 3306 1013 Arduennam
3337 957 3596 1025 veniens,

1944 1144 2097 1183 anno
2130 1128 2551 1186 incarnationis
2581 1131 2916 1199 Dominicae,
2949 1133 3009 1189 in
3044 1134 3351 1207 Longlario
3383 1134 3596 1190 nativi-

1941 1218 2121 1271 tatem
2139 1215 2371 1273 Domini
2392 1217 2723 1275 celebravit.
2745 1221 2815 1275 Et
2835 1220 3174 1294 aliquandiu
3206 1223 3264 1278 in
3287 1225 3597 1280 Arduenna

1943 1303 2256 1361 demorans
2287 1305 2537 1378 indeque
2569 1306 2678 1363 iter
2706 1325 2905 1380 agens,
2939 1309 3091 1366 circa
3128 1312 3592 1383 puriﬁcationem

1942 1395 2155 1447 sanctae
2190 1393 2383 1449 Μαι-ἰῶ
2412 1396 2482 1449 ad
2503 1395 2884 1469 Pontigonem
2915 1399 3090 1467 venit,
3109 1401 3263 1455 unde
3291 1401 3488 1456 volens
3510 1401 3594 1457 ire

1944 1481 2002 1534 in
2038 1487 2232 1553 partes
2250 1485 2659 1556 Augustoduni
2693 1486 2764 1540 ad
2797 1489 3300 1558 Comprimendam
3331 1489 3594 1545 rebellio-

1945 1586 2067 1624 sem
2103 1571 2376 1626 Bernardi
2399 1575 2475 1640 (ιι)
2499 1572 2839 1640 markionis,
2874 1591 3062 1646 usque
3093 1577 3164 1631 ad
3217 1578 3428 1633 Trecas
3460 1594 3594 1650 per-

1945 1657 2108 1712 rexit.
2143 1659 2252 1714 Sed
2313 1660 2455 1731 quia
2503 1660 2937 1734 ingravescente
2996 1664 3336 1721 inﬁrmitate
3392 1683 3595 1721 sua—

1943 1746 2246 1802 dicebatur
2275 1749 2432 1803 enim
2469 1767 2687 1806 veneno
2722 1751 2972 1808 infectus
3004 1785 3072 1793 —
3102 1753 3334 1826 longius
3362 1754 3444 1810 ire
3477 1773 3593 1811 non

1942 1835 2150 1907 potuit,
2176 1836 2363 1892 ﬁlium
2397 1843 2454 1894 et
2483 1839 2844 1910 aequivocum
2879 1859 3056 1897 suum
3090 1843 3446 1899 Ludovicum
3490 1845 3592 1899 ba-

178 1929 499 1983 secundum
531 1928 630 1983 Dei
662 1928 1019 1984 voluntatem
1068 1930 1421 2002 conjungere
1473 1931 1826 1987 omnimodis
1860 1923 1903 1940 "
1929 1923 2208 1995 julationi
2242 1925 2518 1981 Bernardi
2557 1929 2654 1997 (b),
2674 1928 2908 1985 comitis
2933 1930 3240 1998 Arvernici,
3264 1931 3594 2003 specialiter

177 2033 288 2071 non
320 2017 683 2083 omittamus,
717 2017 830 2072 nisi
861 2017 1005 2072 forte
1038 2016 1171 2072 talis
1225 2017 1578 2073 inevitabilis
1627 2035 1825 2074 neces-

177 2104 318 2161 sitas
345 2105 618 2174 evenerit,
650 2122 754 2178 pro
803 2122 919 2177 qua
966 2105 1023 2160 id
1071 2105 1193 2160 ﬁeri
1247 2105 1583 2162 nullatenus
1616 2106 1824 2179 possit.

176 2193 244 2250 Et
272 2193 322 2252 si
348 2193 458 2250 hoc
489 2194 784 2260 acciderit,
816 2195 889 2250 ad
940 2198 1172 2266 tempus
1225 2195 1513 2267 quisquc"
1545 2195 1671 2268 pari
1720 2213 1825 2252 suo

180 2281 287 2337 hoc
319 2283 530 2340 rescire
559 2282 762 2352 faciat;
798 2287 854 2338 et
880 2286 1184 2355 propterea
1212 2284 1471 2340 amicitia
1501 2288 1702 2340 nostra
1723 2302 1828 2341 nec

175 2371 474 2428 minuatur
517 2389 623 2428 nec
672 2372 1035 2438 immutetur,
1071 2372 1252 2427 donec
1302 2373 1548 2429 Domino
1581 2375 1828 2445 jubente

177 2475 433 2533 congruo
465 2463 726 2532 tempore
759 2461 1011 2533 perfecte
1042 2461 1440 2516 conﬁrmetur.
1479 2484 1506 2510 »

244 2550 376 2604 CAP.
408 2548 530 2604 VII.
561 2572 587 2599 ι(
623 2549 694 2604 Ut
726 2566 818 2604 res
849 2549 1230 2605 ecclesiarum
1283 2549 1343 2604 in
1399 2552 1828 2624 cujuscumque

177 2653 350 2710 regno
382 2643 557 2710 caput
587 2638 781 2699 fuerit.
814 2641 934 2693 tam
967 2639 1037 2693 de
1067 2638 1502 2712 episcopa‘tibus
1552 2657 1727 2712 quam
1759 2642 1828 2696 de

177 2726 444 2791 abbatiis,
461 2727 585 2782 sine
619 2727 741 2782 ulla
770 2727 1232 2783 contradictione
1264 2734 1516 2784 rectores
1565 2730 1825 2800 ipsarum

177 2813 553 2870 ecclesiarum
584 2815 716 2872 illas
747 2815 1115 2888 possideant;
1151 2820 1205 2870 et
1233 2816 1281 2872 si
1322 2817 1543 2889 aliquid
1575 2818 1653 2872 ibi
1687 2817 1825 2872 mali

176 2903 432 2960 factum8
464 2922 497 2960 a
546 2921 842 2977 quoquam
899 2908 1007 2972 est,
1043 2905 1101 2958 in
1160 2906 1588 2977 cujuscumque
1649 2922 1827 2978 regno

174 2991 283 3049 illae
315 3010 406 3049 res
436 2992 786 3060 consistunt,
810 2993 1075 3067 legaliter
1095 2995 1115 3028 θ
1147 2993 1353 3048 exinde
1375 2994 1675 3064 justitiam
1707 2996 1828 3050 red-

177 3082 310 3138 dere
337 3082 530 3138 faciat.
564 3104 592 3133 »

244 3170 375 3227 CAP.
409 3171 557 3228 VIII.
593 3195 619 3222 «
654 3173 724 3228 Et
755 3172 893 3244 quia
945 3189 1048 3244 per
1087 3189 1266 3244 vagos
1319 3175 1375 3226 et
1423 3171 1480 3226 in
1529 3172 1830 3245 tyronnica

1938 2014 2332 2082 committens,
2367 2016 2671 2087 Hugonem
2703 2021 2773 2086 (ε)
2806 2019 3077 2075 abbatem
3109 2024 3165 2075 et
3196 2021 3503 2089 Bosonem,
3534 2025 3592 2077 et

1936 2103 2243 2174 praefatum
2275 2105 2638 2160 Bernardum
2670 2123 2804 2161 cum
2843 2106 2963 2161 ﬁlio
2995 2125 3124 2175 suo,
3148 2109 3250 2164 sed
3298 2113 3354 2164 et
3402 2109 3589 2165 Theo-

1936 2190 2196 2248 dericum
2247 2209 2381 2248 cum
2429 2193 2603 2250 sociis
2660 2195 2808 2265 suis,
2859 2197 3355 2268 Augustudunum
3405 2197 3588 2254 misiti

1937 2284 2226 2350 quatenus
2256 2281 2452 2354 ipsum
2487 2283 2830 2338 comitatum
2860 2286 2930 2340 ad
2962 2301 3108 2358 opus
3137 2286 3590 2355 Theoderici,cui

1938 2373 2111 2424 antea
2163 2368 2396 2425 illum”5
2430 2372 2687 2440 dederat,
2741 2373 3156 2430 evindicarent.
3209 2375 3336 2446 Ipse
3395 2379 3589 2430 autem

1937 2474 2070 2511 cum
2105 2474 2319 2530 magna
2348 2458 2695 2514 difﬁcultate
2717 2477 2818 2531 per
2847 2461 3094 2517 Jodrum
3120 2464 3161 2497 ¹⁶
3191 2461 3267 2534 (d)
3299 2468 3591 2519 monaste-

1937 2545 2092 2600 rium
2125 2547 2549 2618 Compendium
2580 2548 2754 2616 venit,
2781 2553 2836 2604 et
2868 2550 3127 2606 sentiens
3175 2568 3236 2606 se
3286 2553 3592 2607 mortem"

1939 2635 2180 2689 evadere
2229 2653 2342 2689 non
2397 2653 2586 2707 posse,
2623 2654 2724 2707 per
2771 2638 3054 2707 Odonem,
3115 2640 3594 2695 Belvacensem18

1937 2722 2301 2794 episcopum,
2336 2729 2394 2778 et
2425 2724 2738 2779 Albuinum
2772 2726 3043 2781 comitem
3084 2745 3360 2783 coronam
3387 2734 3441 2784 et
3466 2747 3595 2801 spa-

1935 2816 2057 2866 tam
2091 2829 2156 2866 ac
2189 2811 2482 2884 reliquum
2515 2813 2740 2885 regium
2764 2820 3111 2886 apparatum
3134 2817 3253 2871 ﬁlio
3277 2834 3382 2872 suo
3408 2818 3592 2873 Ludo-

1935 2899 2060 2955 vico
2084 2901 2266 2967 misit,
2302 2902 2590 2957 mandans
2622 2901 2737 2957 illis
2769 2903 2870 2974 qui
2900 2921 3034 2958 cum
3068 2922 3134 2960 eo
3166 2910 3332 2961 erant
3363 2910 3428 2961 ut
3457 2923 3590 2961 eum

1939 2989 1997 3043 in
2030 3005 2224 3062 regem
2249 2989 2466 3046 sacrari
2499 3007 2563 3044 ac
2594 2991 2858 3045 coronari
2891 2992 3162 3049 facerent.
3200 2995 3328 3066 Ipse
3369 2999 3588 3064 autem,

1938 3095 1996 3133 IV
2023 3078 2160 3133 Idus
2181 3077 2394 3149 Aprilis
2423 3079 2479 3132 in
2513 3078 2605 3133 die
2637 3095 2976 3150 parasceves
2989 3081 3115 3152 jam
3144 3099 3380 3154 vespere
3410 3083 3587 3152 obiit;

1940 3166 2077 3221 etin
2102 3167 2376 3234 crastina,
2411 3166 2631 3222 scilicet
2660 3167 2718 3222 in
2760 3168 2958 3242 vigilia
3005 3171 3192 3227 sancti
3243 3172 3496 3241 Paschaa,
3531 3173 3591 3229 in

174 3260 595 3318 consuetudine
646 3262 1036 3318 inreverentes
1083 3261 1353 3316 homines
1411 3279 1521 3333 pax
1564 3265 1620 3316 et
1665 3262 1832 3334 quies
1863 3246 1904 3311 (ἶ
1943 3255 2189 3311 eccleSia
2219 3260 2431 3310 sanctae
2465 3256 2656 3312 Mariae
2689 3257 2956 3328 sepultus
2989 3258 3120 3314 fuit.

175 3349 334 3421 regni
360 3350 690 3422 perturbari
722 3349 888 3418 solet,
921 3349 1192 3406 volumus
1224 3354 1288 3405 ut
1322 3350 1392 3405 ad
1426 3368 1837 3424 quemcunque

175 3443 439 3494 nostrum
470 3439 606 3494 talis
628 3441 871 3507 venerit,
908 3443 973 3495 ut
1006 3441 1076 3496 de
1107 3439 1200 3495 his
1232 3457 1358 3512 quae
1388 3440 1506 3513 egit
1548 3441 1834 3496 rationem

176 3529 233 3582 et
279 3528 575 3598 justitiam
622 3530 1029 3602 subterfugere
1087 3529 1295 3602 possit,
1329 3546 1500 3584 nemo
1553 3547 1620 3584 ex
1665 3530 1836 3585 nobis

178 3617 220 3652 ¹⁰
247 3615 416 3671 illum
462 3617 532 3672 ad
566 3615 724 3673 aliud
775 3618 1020 3690 recipiat
1063 3617 1150 3672 vel
1201 3617 1470 3684 retineat,
1504 3616 1618 3673 nisi
1667 3622 1732 3672 ut
1761 3619 1832 3672 ad

176 3709 395 3760 rectam
426 3703 710 3761 rationem
743 3711 801 3761 et
833 3707 1090 3762 debitam
1122 3707 1591 3762 emendationem
1623 3707 1833 3779 perdu-

177 3797 359 3850 catur.
395 3794 464 3848 Et
493 3793 542 3849 si
575 3794 861 3850 rationem
893 3800 1112 3851 rectam
1158 3796 1593 3867 subterfugerit,
1630 3811 1834 3851 omnes

178 3883 216 3918 ³¹
242 3883 301 3938 in
325 3899 654 3950 commune,
678 3882 738 3938 in
772 3883 942 3954 cujus
974 3900 1219 3956 regnum
1241 3884 1486 3950 venerit,
1511 3883 1675 3938 illum
1710 3901 1836 3957 per—

177 3988 518 4044 sequamur,
550 3973 732 4027 donec
765 3977 864 4027 aut
896 3973 965 4027 ad
1009 3972 1295 4027 rationem
1328 3973 1700 4044 perducatur,
1733 3975 1836 4028 aut

178 4061 250 4116 de
286 4077 463 4134 regno
495 4061 817 4134 expellatur
843 4061 930 4116 vel
959 4061 1240 4117 deleatur.
1275 4083 1302 4112 »

249 4148 384 4203 CAP.
416 4147 504 4204 IX.
542 4171 570 4199 «
600 4147 888 4204 Volumus
917 4153 982 4203 ut
1012 4148 1069 4203 hi
1126 4149 1227 4221 qui
1273 4149 1478 4205 merito
1510 4149 1834 4222 proprieta-

179 4241 300 4292 tem
357 4236 592 4292 illorum
652 4237 710 4292 in
765 4253 943 4310 regno
1002 4241 1199 4292 nostro
1249 4239 1630 4310 perdiderunt
1652 4239 1714 4305 ¹²,
1751 4237 1836 4293 ita

169 4325 534 4398 judicentur,
567 4326 722 4382 sicut
771 4326 1136 4398 temporibus
1190 4331 1527 4382 nostrorum
1571 4331 1832 4383 anteces-

2014 3345 2334 3400 Audientes
2360 3347 2554 3400 autem
2583 3345 2702 3401 Odo
2735 3349 2792 3401 et
2817 3347 3102 3403 Albuinus
3135 3347 3301 3405 illum
3333 3367 3462 3407 esse
3495 3351 3594 3408 de-

1945 3433 2236 3501 functum,
2265 3451 2392 3506 quas
2444 3439 2813 3507 portaverant
2871 3435 3227 3494 Theoderico
3276 3439 3596 3497 camerario

1946 3523 2318 3589 dederunt,et
2334 3540 2467 3578 cum
2491 3523 2863 3580 festinatione
2885 3525 3097 3582 reversi
3122 3531 3279 3582 sunt.
3302 3527 3389 3583 Illi
3403 3534 3598 3584 autem

1945 3613 2045 3684 qui
2073 3629 2207 3667 cum
2240 3611 2586 3668 Hludowico
2603 3614 2644 3648 ¹⁹
2662 3611 2781 3668 ﬁlio
2811 3614 2965 3686 regis
2987 3619 3172 3685 erant,
3198 3617 3399 3672 audita
3419 3621 3602 3673 morte

1945 3700 2128 3772 patris
2159 3700 2347 3771 ipsius
2383 3701 2642 3766 infantis,
2669 3701 3094 3756 mandaverunt
3117 3702 3474 3772 primoribus
3498 3704 3597 3776 qui

1944 3789 2002 3844 in
2036 3791 2219 3845 istis"0
2241 3790 2505 3862 partibus
2522 3794 2707 3857 erant,
2730 3795 2794 3844 ut
2817 3791 2970 3862 apud
2995 3790 3202 3847 Meldis
3225 3793 3600 3848 convenirent

1944 3880 2171 3935 obviam
2204 3880 2308 3950 eis,
2333 3884 2390 3934 et
2405 3881 2443 3913 ²¹
2479 3879 2558 3933 ibi
2591 3878 3083 3951 tractarent,quid
3117 3879 3186 3935 de
3218 3884 3406 3936 cetero
3429 3898 3597 3953 agere

1944 3970 2241 4025 deberent.
2259 3969 2414 4023 Inter
2437 3969 2716 4025 Bosonem
2736 3973 2933 4024 autem
2957 3972 3012 4024 et
3034 3969 3456 4025 Theodericum
3481 3987 3610 4048 me:

1944 4057 2142 4114 diante
2173 4058 2415 4130 Hugone
2461 4057 2668 4112 abbate
2701 4062 3049 4113 conventum
3078 4062 3184 4125 est,
3215 4062 3279 4113 ut
3323 4059 3470 4115 Boso
3502 4076 3596 4115 co-

1945 4149 2216 4204 mitatum
2260 4145 2753 4218 Augustodunum
2806 4146 3065 4216 haberet,
3099 4152 3156 4202 et
3202 4147 3598 4204 Theodericus

1944 4235 2209 4293 abbatias
2241 4253 2388 4306 quas
2421 4235 2566 4289 Boso
2600 4234 2658 4288 in
2708 4234 2838 4290 istis
2887 4235 3154 4306 partibus
3203 4235 3505 4303 habuerat,
3539 4236 3598 4290 in

1946 4323 2408 4382 commutatione
2431 4321 3033 4394 acciperet.Gozlenus
3051 4322 3374 4394 (e)denique
3396 4325 3598 4380 abbas:

1449 4459 1860 4518 VARIANTES
1903 4458 2322 4516 LECTIONES.

252 4559 402 4645 inqui
433 4559 575 4615 ad...
628 4558 967 4645 invitantur,
1000 4562 1066 4645 ult
1113 4557 1521 4645 nullatenus...
1574 4558 1993 4645 ﬂecterentur.)
2020 4559 2118 4645 Gh‘.
2293 4555 2323 4645 ‘9
2353 4555 2452 4645 qui
2504 4572 2602 4645 gos
2650 4553 3512 4645 ad“_plaeitum.;.invitentnet
3539 4559 3606 4645 ut

179 4627 521 4688 nullatenus
547 4631 746 4686 venire
780 4631 1052 4686 differant
1080 4630 1387 4685 obscerent
1417 4630 1583 4685 Sirm.
1617 4638 1670 4685 et
1696 4631 1893 4686 Batus.
1972 4631 1993 4664 ³
2022 4627 2312 4684 valuerint
2351 4627 2446 4682 Ch.
2496 4628 2559 4682 Β.

995 4703 1013 4736 ⁷
1047 4707 1291 4773 uterque
1319 4703 1383 4756 A.
1461 4703 1481 4735 ⁸
1516 4703 1855 4757 misfactum
1884 4701 2144 4773 Sirm._et
2171 4699 2368 4773 Batus.
2401 4697 2478 4773 ibi
2513 4699 2801 4773 injustum
2835 4699 3055 4773 factum
3226 4698 3609 4773 9r_eg_u_lariter

1841 4774 1886 4808 ¹²
1918 4771 2276 4845 perdiderint
2309 4770 2403 4825 Ch.
2435 4770 2501 4830 A.

184 4703 280 4760 Ch.
356 4703 377 4738 ⁸
411 4702 695 4758 acismata
725 4700 817 4758 Ch.
851 4704 916 4757 A.

179 4775 284 4831 Ch.
333 4778 399 4830 B.
480 4775 522 4809 ¹⁰
544 4775 604 4830 Ρ.
629 4778 835 4829 neuter
863 4777 1132 4829 nostrum
1163 4775 1228 4828 A.
1335 4774 1375 4810 ι¹
1401 4777 1645 4844 uterque
1675 4774 1734 4828 A.

2654 4627 2676 4661 ⁴
2703 4627 2857 4682 Deest
2887 4628 2980 4682 Ch.
3085 4627 3106 4660 ⁵
3136 4643 3339 4682 omnes
3389 4632 3454 4684 ut
3486 4643 3604 4682 non

2607 4770 2647 4803 '3
2682 4770 2861 4825 Suam
2894 4770 2989 4826 Ch.
3087 4770 3129 4803 ¹⁴
3158 4767 3239 4823 ita
3269 4767 3476 4825 de'illis
3509 4771 3604 4826 Ch.

180 4848 229 4928 ξξ
254 4846 407 4928 illud
559 4850 628 4928 ιδ.
779 4861 882 4928 per
910 4845 1331 4928 adiodnrumuA.‘
1386 4844 1437 4928 .17
1471 4861 1532 4901 se
1549 4841 1636 4900 ab
1670 4841 2014 4901 inﬁrmitate
2046 4841 2279 4898 liberari
2314 4857 2430 4896 non
2463 4855 2636 4914 posse
2663 4843 2726 4897 A.
2837 4843 2876 4877 ³⁸
2909 4841 3374 4912 belgivaceneem
3405 4843 3504 4899 Ch.
3541 4844 3604 4898 Λ.

187 4919 230 4954 ¹⁹
263 4917 408 4974 deest
438 4917 533 4974 Ch.
568 4918 630 4972 Β.
708 4918 752 4952 ²⁰
782 4916 900 4972 illis
933 4916 1028 4972 Ch.
1061 4917 1124 4971 Β.
1201 4917 1242 4950 ²¹
1279 4919 1341 4971 ut
1369 4916 1435 4971 A.

1780 5005 2015 5061 NOT/E.

263 5122 340 5194 (α)
371 5123 702 5178 Bernardus
734 5122 862 5188 iste,
882 5120 1123 5194 alterius
1147 5119 1426 5194 Bernardi
1449 5125 1504 5176 et
1523 5119 1845 5194 Blichildis,
1879 5123 1923 5188 D

187 5191 494 5250 Ro'riconis
525 5193 1025 5250 Cenomannensis
1057 5192 1288 5248 comitis
1323 5192 1474 5258 ﬁliae,
1512 5191 1690 5258 ﬁlius,
1736 5191 1848 5247 Go-

186 5266 326 5320 thiae
360 5265 767 5321 marchionatu
818 5266 1071 5320 donatus
1127 5265 1318 5319 fuerat
1365 5280 1518 5319 anno
1562 5265 1669 5318 865
1717 5268 1850 5334 post

189 5337 587 5394 Humfridum.
621 5337 786 5392 Anno
811 5338 918 5391 878
933 5337 1004 5408 fin
1039 5335 1313 5408 Trecensi
1346 5335 1564 5408 synodo
1610 5335 1853 5391 anathe-

191 5413 352 5465 mate
383 5425 699 5478 percussus
729 5413 819 5464 est
849 5412 905 5463 et
931 5407 1254 5462 honoribus
1287 5407 1569 5478 privatus.
1604 5409 1782 5471 Bono.

261 5481 338 5550 (b)
371 5477 721 5547 Bernardus,
752 5480 1103 5534 Arvernicus
1134 5477 1352 5542 comes,
1381 5477 1542 5550 ﬁlius
1574 5483 1699 5532 erat
1721 5479 1856 5550 Ber-

192 5549 789 5624 nardiLSeptimaniaz
849 5551 1037 5624 ducis,
1077 5554 1144 5624 et
1194 5550 1466 5624 Dodanre.
1519 5549 1702 5624 Pater
1749 5549 1860 5604 fuit

193 5621 512 5680 Guillelmi'
529 5623 629 5696 pii.
653 5624 820 5678 Anno
849 5623 955 5696 878
978 5621 1196 5696 Gothiae
1231 5621 1641 5677 marchionatu
1673 5621 1856 5676 dona-

191 5700 296 5752 tus
321 5699 440 5764 est;
475 5695 619 5752 obiit
650 5711 802 5750 anno
827 5695 952 5749 886.
989 5695 1170 5758 BOUQ.

271 5767 342 5844 (ε)
379 5768 542 5844 Ilugo
567 5766 772 5838 abbas,
804 5765 1054 5824 Conradi
1103 5764 1333 5826 comitis
1377 5764 1555 5837 ﬁlius,
1591 5768 1860 5823 mortuus

1956 5124 2044 5176 est
2066 5136 2218 5174 anno
2248 5120 2373 5173 886.
2391 5118 2537 5173 Boso
2557 5118 2674 5171 dux
2696 5119 2820 5172 erat
2849 5115 3180 5183 Provinciae,
3197 5115 3610 5187 Theodericus,

1961 5190 2236 5247 Ludovici
2255 5190 2415 5246 Balbi
2433 5188 2810 5257 camerarius,
2825 5187 3374 5260 Augustodunensis
3394 5203 3611 5244 comes.

1965 5264 2145 5319 Bono.

2037 5280 2329 5414 agi/ul?
2353 5337 2614 5413 Jouarre,
2649 5331 2706 5384 in
2730 5346 2886 5414 pango
2911 5329 3212 5414 Meldens‘i.
3229 5330 3416 5414 ‘B_OUQ..

2038 5400 2105 5472 (θ)
2138 5400 2547 5474 Gozlinus,qui
2583 5400 2765 5457 sancti
2792 5400 3066 5474 Germani
3087 5419 3132 5474 _a
3146 5401 3330 5474 Patris
3353 5405 3410 5474 et
3430 5400 3617 5456 sancti

1966 5471 2225 5547 Dionysii
2259 5475 2440 5547 abbas
2467 5471 2602 5547 fuit,
2620 5481 2676 5547 et
2705 5477 2905 5545 postea
2919 5471 3264 5547 Parisiensis
3285 5473 3616 5547 episcopus,

1967 5551 2090 5602 erat
2121 5543 2276 5600 Iilius
2308 5543 3144 5613 Roriconis,Cenomannensis
3176 5543 3622 5611 comitis,frater

1969 5617 2284 5686 Blichildis,
2319 5617 2524 5672 matris
2558 5615 2836 5673 Bernardi
2869 5615 3090 5672 Gothiae
3141 5615 3518 5686 marchionis,
3551 5617 3622 5674 de

1970 5708 2084 5768 quo
2118 5707 2316 5766 supra.
2346 5689 2524 5754 BCUQ.
