4074 6522
421 396 596 487 1299‘

1477 431 1581 494 AD
1624 433 1884 496 OPERA
1927 425 2315 494 HINCMARI
2357 432 2779 499 APPENDIX.

3704 436 3855 502 13m

420 562 508 615 ter
539 558 652 617 sibi
681 564 740 620 et
768 560 1024 621 ecclesias
1055 581 1121 622 ac
1151 581 1328 640 regno
1350 565 1568 637 vivens,
1605 567 1821 624 mortui
1863 583 2070 623 succu-
2104 565 2154 628 Α
2189 564 2554 624 Gotafridum
2609 586 2744 626 cum
2794 568 2943 644 suis,
2975 573 3042 627 ut
3083 568 3382 645 baptisma
3411 569 3782 645 susciperet,
3809 577 3864 627 et

419 649 570 706 buit.
600 649 914 710 Venientes
947 659 1142 711 autem
1174 656 1461 730 primores
1492 658 1677 730 partis
1715 657 1877 714 illius
1906 657 2072 731 regni

421 755 548 812 qua:
570 740 682 815 ipsi
717 743 1006 801 Ludovico
1029 745 1087 800 in
1111 745 1424 803 locarium1
1449 747 1587 803 data
1625 748 1834 816 fuerat,
1869 753 2071 822 quate-

421 845 536 886 nus
557 847 684 903 quas
705 837 872 905 pater
889 837 945 890 et
961 851 1103 891 avus
1120 834 1352 891 illorum
1366 834 2072 907 habuerunt,eisconsen-

420 917 618 990 tiret’,
650 921 960 979 voluerunt
990 941 1052 981 se
1093 923 1176 980 illi
1223 927 1664 995 commendare;
1697 927 1798 983 sed
1831 927 2072 984 consilio

422 1009 750 1082 primorum
783 1017 1016 1085 propter
1045 1019 1415 1071 sacramenta
1461 1033 1590 1088 quae
1637 1016 1791 1072 inter
1835 1034 1971 1074 eum
2016 1021 2075 1074 et

423 1098 696 1156 Carolum
719 1101 872 1158 facta
894 1103 1281 1176 fuerunt,non
1303 1122 1402 1162 eos
1424 1104 1480 1160 in
1503 1105 2072 1163 commendationem

425 1188 703 1262 suscepit,
719 1191 819 1246 sed
840 1192 863 1226 ⁸
893 1208 1120 1248 scaram
1160 1193 1456 1264 hostilem,
1472 1195 1564 1250 cui
1605 1195 1860 1268 praefecit
1886 1195 2073 1252 Theo-

423 1279 685 1336 dericum
719 1281 1014 1350 comitem,
1031 1282 1200 1355 quasi
1221 1283 1281 1339 in
1303 1283 1663 1357 adjutorium
1679 1284 1915 1341 illorum
1937 1301 2074 1342 con-

423 1372 516 1425 tra
543 1368 942 1427 Nortmannos
969 1371 1362 1444 disposuit.Et
1383 1374 1508 1445 ipse
1531 1373 1687 1430 ultra
1715 1375 2070 1448 Sequanam,

425 1474 494 1514 ac
535 1457 584 1514 si
623 1462 962 1532 recepturus
989 1461 1292 1518 Britonum
1339 1461 1634 1537 principes
1663 1468 1721 1519 et
1749 1463 2074 1520 bellaturus

425 1551 630 1603 contra
659 1548 1073 1612 Nortmannos.
1107 1567 1295 1624 usque
1325 1553 1590 1609 Turonos
1637 1553 1940 1626 perrexit‘.
1964 1553 2074 1610 Ubi

422 1635 756 1693 infirmatus
785 1641 874 1694 est
903 1655 1160 1712 corpore,
1195 1644 1252 1695 et
1280 1639 1487 1697 lectica
1515 1641 1856 1714 deportatus
1887 1659 2076 1716 usque

423 1727 497 1782 ad
529 1727 953 1784 monasterium
999 1729 1185 1786 sancti
1241 1729 1532 1805 Dionysii;
1566 1747 1768 1788 mense
1811 1733 2074 1806 Augusto

423 1814 505 1872 ibi
533 1821 802 1874 mortuus
831 1821 997 1874 estet
1025 1817 1315 1892 sepultus.

495 1923 786 1982 Primores
807 1929 1004 1982 autem
1034 1927 1196 2001 regni
1227 1927 1564 2001 expeditum
1596 1928 1870 1986 nuntium
1907 1929 2078 1987 mise-
2106 1937 2154 2002 Β

423 2019 563 2072 runt
584 2015 655 2072 ad
706 2013 1585 2084 Carolomannum,mandantes
1621 2021 1705 2086 ut,
1725 2019 1942 2076 relictis
1973 2020 2076 2093 qui

421 2105 708 2162 Viennam
727 2105 1063 2162 obsiderent
1099 2110 1156 2162 et
1174 2106 1446 2164 seditioni
1465 2107 1673 2165 Bosoni
1713 2109 2072 2176 resisterent,

418 2193 546 2268 ipse
575 2195 956 2267 quantocius“
985 2196 1056 2252 ad
1089 2213 1188 2252 eos
1217 2195 1412 2253 venire
1441 2197 1758 2264 festinaret,
1794 2198 2074 2271 quoniam

419 2284 714 2344 hostiliter
739 2284 853 2358 ipsi
907 2285 1213 2358 praeparati
1254 2289 1421 2342 erant
1467 2285 1527 2341 in
1573 2303 1884 2344 occursum
1913 2287 2077 2344 Nort-

422 2390 798 2440 mannorum,
830 2373 930 2446 qui
963 2373 1227 2430 civitates
1248 2373 1544 2431 Coloniam
1577 2378 1633 2430 et
1654 2376 1908 2433 Treviris
1939 2395 2073 2434 cum

422 2463 798 2520 monasteriis
827 2461 938 2519 sibi
969 2462 1261 2535 contiguis
1283 2464 1411 2534 jam
1453 2463 1724 2520 incensas
1771 2464 2073 2532 haberent,

422 2555 480 2608 et
528 2551 950 2609 monasterium
998 2551 1186 2608 sancti
1237 2551 1552 2609 Landberti
1609 2551 1670 2608 in
1721 2553 1988 2622 Leudico,
2019 2560 2077 2612 et

423 2639 665 2696 Promie
685 2641 726 2708 °,
760 2643 819 2698 et
848 2641 1002 2697 Indae
1022 2640 1064 2708 ⁸,
1099 2640 1278 2712 Aquis
1307 2639 1486 2696 etiam
1517 2639 1824 2712 palatium,
1849 2642 2074 2699 omnia-

421 2743 536 2801 que
567 2729 923 2786 monasteria
942 2729 1022 2802 (a)
1051 2727 1462 2802 parochiarum
1493 2729 1855 2803 Tungrensis
1881 2730 2078 2788 videli-
2187 2726 2201 2741 '

421 2821 532 2886 cet,
571 2817 995 2875 Attrebatensis
1018 2818 1060 2886 ⁸,
1094 2817 1552 2885 Cameracensis,
1585 2822 1643 2874 et
1689 2823 1912 2892 partem
1967 2819 2074 2876 Re-

422 2906 645 2964 mensis
665 2907 951 2980 parochias
974 2923 1093 2963 sua:
1113 2905 1318 2962 ditioni
1342 2905 1660 2974 addicta,et
1691 2908 1907 2980 partim
1939 2925 2074 2965 cum

422 2995 662 3051 castello
711 2993 1200 3067 Mosogamensi’.
1226 2993 1491 3074 incensa,
1526 2998 1585 3051 et
1627 2995 1902 3064 Wallam,
1931 2997 2074 3053 Met-

425 3087 649 3142 tensem
679 3083 1041 3156 episcopum,
1074 3087 1278 3138 contra
1305 3100 1534 3139 sacram
1564 3083 1970 3140 auctoritatem
2019 3090 2077 3142 et

423 3172 754 3246 episcopale
784 3171 1178 3228 ministerium
1210 3177 1503 3228 armatum
1534 3176 1592 3228 et
1621 3172 1956 3241 bellantem,
1979 3191 2075 3230 oc-

423 3261 613 3319 cisum
645 3265 702 3319 et
731 3262 918 3319 socios
946 3262 1076 3334 ejus
1106 3262 1337 3335 fugatos
1377 3261 1692 3320 habebant.
1727 3263 1842 3337 Ipsi
1873 3268 2070 3320 autem

423 3352 611 3424 parati
640 3356 810 3409 erant
840 3350 1006 3407 illum
1037 3351 1314 3424 recipere,
1347 3356 1403 3408 et
1433 3368 1494 3407 se
1523 3350 1606 3406 illi
1636 3353 2069 3422 commendare,

425 3440 577 3497 sicut
614 3445 670 3495 et
701 3441 979 3496 fecerunt.
1012 3439 1164 3494 Dum
1194 3444 1391 3495 autem
1424 3439 1482 3494 in
1516 3441 1720 3496 eodem
1769 3441 2072 3514 procinctu

422 3529 681 3602 degeret,
704 3545 904 3584 mense
927 3527 1291 3600 Septembrio
1313 3527 1656 3584 nunciatum
1681 3533 1769 3584 est
1803 3528 1884 3584 illi
1917 3535 2074 3587 certo

424 3617 800 3690 nuntio,quia
828 3621 996 3688 capta
1013 3615 1258 3680 Vienna,
1276 3633 1516 3672 uxorem
1551 3616 1790 3674 Bosonis
1813 3622 1868 3673 et
1890 3617 2072 3675 tiliam

419 3707 912 3779 eiusliichardus,
937 3705 1314 3778 fratcripsius
1332 3704 1590 3772 Bosonis,
1615 3706 1688 3762 ad
1723 3707 2070 3764 comitatum

421 3813 597 3852 suum
626 3795 1192 3868 Angustudunensm
1217 3795 1260 3830 ¹⁰
1300 3794 1616 3850 adductam
1648 3794 1920 3853 habebat.
1956 3797 2067 3854 Sed

417 3889 476 3942 et
521 3885 900 3957 Hastingus“
933 3888 992 3940 et
1037 3883 1350 3956 complices
1390 3882 1549 3939 illius
1601 3883 1967 3954 Nortmanni,
2000 3903 2071 3942 ex

419 3974 606 4048 Ligeri
635 3973 876 4047 egressi,
912 3971 1239 4027 maritimas
1271 3976 1466 4044 partes
1497 3971 1806 4044 petierunt.
1827 3973 2068 4031 Carolus

415 4068 634 4128 autem,
649 4061 886 4117 nomine
908 4060 1452 4133 imperator,contra
1472 4061 1866 4119 Nortmannos
1908 4064 2068 4120 venit

413 4168 548 4208 cum
583 4150 767 4206 multo
801 4149 1056 4206 exercitu
1087 4166 1275 4222 usque
1305 4149 1376 4204 ad
1411 4149 1647 4206 illorum
1692 4151 2062 4221 ﬁrmitatem;

415 4257 530 4314 quo
573 4239 810 4296 veniens
853 4237 1108 4294 concidit
1155 4255 1255 4294 cor
1302 4238 1450 4310 ejus,
1483 4243 1541 4296 et
1596 4238 2066 4312 placitamento“

2185 654 2434 712 Frisiam
2467 656 2733 732 aliosque
2762 659 3013 716 honores
3069 675 3218 732 quos
3260 658 3510 716 Roricus
3561 659 3858 716 habuerat

2183 744 2484 818 reciperet,
2511 747 2937 805 interventione
2969 749 3362 822 quorumdam
3393 747 3668 805 obtinuit
3686 749 3753 804 ιδ.
3775 749 3864 805 Si-

2181 832 2405 904 gefrido
2435 835 2611 892 etiam
2649 841 2706 892 et
2734 837 3019 894 Vurmoni
3046 836 3400 910 illorumque
3451 836 3854 911 complicibus

2182 920 2354 993 plura
2383 923 2569 982 millia
2591 925 2817 1000 argenti
2847 931 2904 982 et
2933 926 3082 993 auri,
3107 942 3235 1000 quae
3263 927 3335 983 de
3356 926 3648 984 thesauro
3671 928 3860 983 sancti

2183 1010 2462 1084 Stephani
2491 1013 2795 1071 Mettensis
2817 1014 3189 1088 aliorumque
3209 1021 3554 1073 sanctorum
3589 1015 3745 1073 locis
3772 1033 3861 1072 ar-

2183 1097 2382 1172 ripuit,
2405 1101 2488 1158 eis
2515 1103 2694 1172 dedit,
2709 1108 2768 1160 et
2797 1105 2870 1160 ad
2904 1105 3320 1161 devastandam
3353 1104 3518 1178 regni
3545 1104 3646 1161 sui
3680 1110 3858 1178 atque

2182 1191 2518 1247 consobrini
2549 1193 2639 1248 sui
2665 1197 2915 1266 partem,
2938 1193 3092 1250 sicut
3112 1195 3283 1250 abtea
3303 1194 3856 1260 fecerant,residere

2183 1279 2492 1351 permisit.
2540 1281 2768 1356 Hugoni
2825 1283 3325 1356 autem,junioris
3375 1283 3644 1341 Lotharii
3708 1284 3851 1350 filio,

2183 1366 2491 1426 facultates
2538 1370 2962 1428 ecclesiasticas
3010 1371 3312 1428 Mettensis
3357 1371 3671 1446 episcopii,
3707 1389 3856 1445 quas

2183 1458 2335 1514 sacri
2365 1474 2619 1517 canones
2642 1460 2838 1517 futuro
2854 1461 3126 1534 episcopo
3163 1459 3444 1518 reservari
3469 1461 3855 1534 praecipiunt,

2184 1547 2256 1602 ad
2311 1551 2781 1606 consumendum
2841 1549 3068 1607 remisit
3101 1551 3163 1606 ".
3216 1549 3638 1625 Engilbergam
3692 1568 3851 1619 vero,

2186 1635 2459 1693 Ludovici
2495 1637 2670 1694 Italiae
2704 1637 2858 1713 regis
2890 1655 3151 1706 uxorem,
3183 1655 3362 1712 quam
3412 1639 3750 1712 imperator
3793 1641 3850 1696 in

2185 1724 2566 1784 Alamanniae
2615 1728 3048 1796 transduxerat,
3081 1744 3184 1801 per
3237 1729 3677 1798 Leudoardum,
3715 1729 3854 1786 Ver-

2185 1813 2496 1872 cellensem
2524 1817 2888 1890 episcopum,
2919 1816 3174 1874 Johanni
3224 1834 3386 1892 papae
3417 1817 3574 1874 sicut
3604 1820 3858 1892 petierat

2187 1903 2432 1960 Romam
2463 1904 2719 1975 remisit;
2745 1910 2802 1962 et
2831 1906 2916 1962 sic
2933 1923 3140 1963 versus
3157 1907 3200 1942 ¹⁸
3219 1906 3634 1977 Warmatiam,
3671 1907 3856 1982 placi-

2187 1998 2314 2050 tum
2346 2011 2520 2051 suum
2544 1995 2834 2052 Kalendas
2865 1995 3209 2054 Novembris
3240 1997 3576 2066 habiturus,
3601 2015 3638 2055 a
3689 1998 3860 2056 Nort-

2185 2084 2421 2141 mannis
2467 2085 2726 2142 recessit.
2756 2086 2842 2141 Ad
2893 2087 3047 2158 quod
3100 2085 3380 2158 placitum
3427 2085 3598 2160 Hugo
3637 2088 3852 2154 abbas,

2185 2173 2539 2246 quibusdam
2597 2173 2772 2230 sociis
2821 2190 3019 2230 secum
3069 2175 3392 2248 assumptis
3414 2175 3478 2244 ¹⁶,
3511 2175 3848 2248 profectus,

2184 2261 2456 2318 Carolum
2487 2261 2632 2318 adiit
2662 2279 2766 2336 pro
2797 2261 3076 2335 petitione
3107 2261 3291 2335 partis
3313 2261 3496 2336 regni,
3521 2279 3711 2335 quam
3735 2263 3852 2321 fra-

2183 2355 2273 2408 ter
2300 2369 2446 2409 suus
2476 2352 2806 2408 Ludovicus
2827 2351 2886 2407 in
2917 2350 3201 2408 locarium
3231 2355 3555 2425 accepant,
3591 2356 3659 2409 ut
3689 2357 3852 2410 stout

2184 2440 2311 2514 ipse
2329 2441 2571 2498 Carolus
2599 2440 2740 2497 olim
2788 2440 3162 2514 promiserat,
3195 2440 3623 2498 Carolomanno
3675 2442 3850 2499 resti-

2183 2534 2388 2586 tueret.
2409 2530 2572 2586 Uude
2603 2529 2686 2585 nil
2716 2528 2858 2586 certi
2883 2529 3268 2597 obtinuit,sed
3300 2529 3572 2586 absentia
3593 2529 3766 2588 illius
3787 2531 3852 2590 in

2183 2619 2296 2675 isto
2328 2635 2505 2693 regno
2535 2619 2856 2676 maximum
2887 2617 3306 2676 detrimentum
3357 2617 3513 2685 fecit,
3546 2619 3694 2692 quia
3739 2622 3849 2677 Ca-

2257 2708 2572 2836 Lpermisit.
2608 2708 2764 2764 Idem
2799 2706 3406 2790 namqueSigefridus
3436 2723 3574 2763 cum
3599 2710 3672 2764 40
3691 2708 3848 2764 mili-

2297 2797 2368 2836 us
2397 2781 2867 2836 Normannorum
2895 2779 3156 2835 Partsius
3177 2780 3218 2814 "
3248 2779 3453 2835 urbem
3502 2779 3842 2836 obsederat.

2297 2777 2368 2836 us
2397 2781 2867 2836 Normannorum
2895 2777 3218 2835 Palrtsius'"
3248 2779 3453 2835 urbem
3502 2779 3842 2836 obsederat.

2257 2852 2381 2924 Sed
2399 2851 2708 2924 resistente
2754 2849 3329 2924 Gozlino‘praadicto‘,
3361 2849 3612 2924 presule
3653 2851 3848 2924 ipsius

2257 2922 2422 2980 urbis
2446 2928 2503 2979 et
2532 2923 2742 2979 abbate
2766 2921 3012 2978 coenobii
3034 2921 3229 2978 sancti
3278 2921 3578 2990 Germani,
3615 2921 3846 2979 necnon

2255 2995 2516 3068 Odone“
2567 2999 2709 3050 tunc
2742 2993 2994 3068 comite,
3022 2997 3240 3068 postea
3281 2993 3642 3068 Francorum
3687 3011 3850 3068 rege,

2257 3066 2482 3122 meritis
2509 3071 2724 3138 sancta:
2741 3064 2841 3120 Dei
2865 3063 3166 3138 genitricis
3188 3064 3380 3138 Maria:
3403 3063 3670 3138 almique
3703 3063 3850 3123 Gér;

2255 3138 2414 3210 mani
2436 3135 3051 3210 sutfragiigpraaidictis
3070 3136 3433 3210 principibus
3452 3135 3628 3210 opem
3651 3137 3842 3194 feren-

2253 3209 2434 3282 tibus,
2469 3207 2675 3265 urbefn
2699 3207 2827 3282 jam
2859 3207 3085 3282 dictam
3114 3224 3230 3263 non
3261 3207 3520 3282 valentes
3555 3212 3846 3282 capere",

2254 3281 2686 3352 abscesserunt.
2705 3279 2883 3352 'Tunc
2911 3279 3090 3352 etiam
3110 3296 3322 3352 corpus
3351 3279 3682 3352 beatissimi
3713 3279 3848 3338 Ger-

2255 3352 2414 3408 mani
2446 3353 2507 3424 in
2529 3351 2896 3424 arcisterium
2929 3351 3320 3424 (asccterium)
3351 3351 3623 3423 ejusdem
3654 3353 3849 3409 sancti

2295 3423 2568 3489 ontificis,
2604 3423 2662 3478 in
2685 3422 2920 3495 civitate
2939 3421 3214 3495 praedicta
3246 3421 3502 3495 situm,a
3532 3424 3846 3479 monachis

2295 3441 2568 3489 onuncis,
2604 3441 2662 3478 in
2685 3441 2913 3479 ClVltate
2945 3441 3214 3495 priameia
3246 3441 3502 3486 suum,a
3532 3441 3841 3479 monacms

2253 3441 2512 3552 delatum
2545 3495 2674 3550 fuit.
2708 3493 3023 3550 Ecclesiam
3073 3510 3206 3550 vero
3256 3494 3384 3552 ejus
3433 3493 3493 3549 in
3547 3495 3841 3552 suburbio

2253 3509 2512 3552 delatum
2545 3509 2674 3550 fuit.
2708 3509 3023 3550 150618818111
3073 3510 3206 3550 vero
3256 3511 3384 3550 eus
3433 3511 3493 3549 in
3547 3509 3841 3552 sunurmo

2253 3567 2506 3641 positam
2557 3565 2767 3640 pagani
2798 3565 3073 3641 omnibus
3120 3509 3479 3641 complentes
3509 3566 3842 3641 spurcitiis,

2252 3636 2735 3710 devastavcrunt;
2759 3637 3106 3710 ctplurimis
3127 3636 3620 3710 ipsorumvirtute
3649 3640 3846 3710 sancti

2254 3710 2520 3784 praesulis
2567 3708 2892 3784 eicstinctis,
2923 3708 3170 3784 confusi'
3198 3709 3634 3784 abscesserunt.
3673 3709 3840 3784 Unde

2253 3778 2562 3855 praedictus
2596 3780 2716 3836 Odo
2747 3780 2985 3854 gavisus
3014 3778 3335 3855 miraculis,
3369 3797 3496 3852 quae
3527 3781 3588 3836 in
3627 3782 3844 3853 pradio

2250 3851 2344 3910 cta
2371 3853 2673 3910 obsidione
2703 3851 2968 3923 a'sancto
3001 3851 3248 3923 pressule
3279 3851 3570 3908 Germano
3595 3851 3842 3923 patrata

2248 3925 2490 3995 viderat,
2525 3925 2770 3995 adeptus
2795 3994 2800 3995 ί
2825 3921 3059 3995 culmen
3108 3922 3358 3995 regium,
3407 3921 3744 3990 vasculum,
3779 3926 3842 3980 in

2290 4015 2364 4053 uo
2404 3993 2562 4052 nunc
2618 3993 2994 4068 sanctissima
3039 3993 3331 4068 pontiﬁcis
3388 3995 3657 4068 membra
3718 3995 3846 4053 Deo

2290 4015 2364 4053 uo
2404 4015 2562 4052 nunc
2618 4015 2994 4051 sanctissima
3039 4015 3331 4068 ponuucis
3388 4015 3657 4051 memora
3718 4015 3846 4053 ueo

2247 4015 2590 4149 disponente
2622 4065 2998 4149 requiescunt
3026 4083 3168 4149 auro
3197 4070 3255 4149 et
3300 4065 3553 4149 gemmis
3601 4065 3848 4149 honori:

2247 4137 2360 4197 [ἱοὲ
2383 4138 2653 4212 componi
2688 4137 2842 4194 fecit.
2886 4137 2965 4194 Ita
2992 4146 3045 4194 et
3069 4137 3327 4212 Ajmoini
3340 4139 3726 4212 οοῃιξηιιαιοτς
3745 4140 3850 4196 sed

2247 4214 2368 4269 Ιιιτεο
2395 4214 2498 4267 huc
2519 4208 2669 4266 'male
2700 4213 2926 4276 inserta,
2953 4217 3005 4265 et
3044 4208 3115 4264 ad
3143 4225 3360 4264 annum
3385 4209 3493 4264 886
3526 4211 3842 4282 pertinent.

2245 4285 2534 4347 Bouous-r.

1681 4372 2094 4432 VARIANTES
2135 4371 2554 4432 LECTIONES.

483 4455 499 4489 ⁸
534 4453 594 4528 in
627 4452 980 4528 lotbaringia
1010 4456 1084 4528 A.
1134 4455 1156 4488 ²
1180 4453 1630 4528 concederet_A._
1685 4453 1707 4487 ³
1736 4453 1836 4528 sed
1869 4459 1927 4528 et
1955 4456 2021 4510 A.
2098 4455 2120 4490 ⁵
2149 4453 2420 4528 perrexit.
2442 4451 2546 4528 _Vir
2567 4449 2776 4528 plenus
2797 4447 3492 4528 omnibusimmunditiis
3513 4452 3572 4528 et
3590 4449 3838 4528 vanitti-

410 4527 542 4591 bus,
578 4520 914 4598 infirmatus
941 4528 1031 4580 est
1058 4526 1124 4580 A.
1201 4527 1223 4559 ⁵
1253 4541 1429 4598 quam
1460 4523 1732 4598 ocissime
1759 4527 1848 4598 A._
1882 4527 1923 4598 _°
1951 4531 2009 4582 et
2039 4520 2320 4598 proiime,
2355 4529 2416 4598 et
2440 4520 2582 4578 inde
2595 4520 3056 4598 Aquigrarnense
3079 4522 3139 4576 Α.
3212 4521 3236 4598 _"
3263 4525 3322 4576 et
3342 4520 3489 4598 _in_dc
3517 4520 3697 4598 aquis
3727 4521 3834 4576 Ch.

407 4606 460 4652 et
487 4590 550 4651 BV.
587 4597 735 4664 Quod
754 4597 884 4668 jure
911 4599 1212 4653 correxisse
1242 4590 1380 4652 ιὴἱΙιὶ
1407 4597 1608 4652 videor.
1684 4590 2138 4668 “iambianen-sis
2167 4600 2234 4653 A.
2309 4590 2332 4632 ⁵
2361 4596 2436 4650 al.
2470 4590 2826 4668 mosomensi
2879 4597 2980 4668 Bq.
3010 4590 3359 4668 mosoviensi
3387 4594 3454 4648 A.
3533 4590 3836 4668 {Vaugus-

405 4667 779 4723 tudincnsem
815 4668 907 4722 Ch.
988 4668 1026 4702 “
1061 4669 1323 4740 astingas
1354 4670 1448 4724 Ch.
1527 4670 1570 4702 ¹²
1598 4667 1894 4794 et'placita
1924 4673 2119 4725 mente
2166 4670 2261 4725 Ch.
2297 4669 2360 4724 Β.

407 4755 543 4794 cum
575 4739 699 4794 suis
730 4739 801 4794 ad
835 4738 1194 4794 baptismum
1227 4741 1642 4794 suscineret.et
1689 4738 1959 4794 risiam...
1984 4741 2293 4794 exciperet.
2335 4740 2360 4794 it

1689 4734 1959 4814 'risiam...
1984 4741 2293 4814 exciperet,
2312 4734 2751 4814 interveniente
2781 4734 3174 4814 quorumdam
3202 4734 3672 4814 obtentu:_Codr.r
3703 4753 3826 4814 reg.

407 4755 543 4798 cum
575 4739 699 4812 suis
730 4739 801 4794 ad
835 4738 1194 4812 baptismum
1225 4738 1642 4812 susciperet,et

2467 4667 2507 4701 ⁸³
2537 4683 2636 4721 cor
2683 4665 2833 4736 ejus,
2887 4662 2946 4718 ul
2998 4662 3412 4737 placitamento
3445 4662 3826 4737 godefridum

403 4819 456 4886 et
482 4812 548 4886 ᾼ.
629 4811 670 4844 ιδ
699 4806 997 4886 commisit
1016 4811 1085 4886 Αἶ
1160 4813 1204 4847 ³⁵
1236 4806 1502 4886 reversus
1529 4813 1594 4866 A.
1673 4811 1716 4847 ³⁸
1747 4813 2068 4885 assumptis
2099 4806 2352 4886 perrexit
2374 4827 2476 4884 pro
2507 4808 2784 4882 petitione
2801 4806 2982 4863 “codex
3008 4807 3215 4864 Berlin.
3294 4808 3336 4842 ³⁷
3367 4807 3728 4881 parisianam
3752 4812 3819 4864 Δ.

494 5036 547 5098 α)
581 5033 703 5106 Huc
735 5035 946 5088 referre
965 5034 1134 5106 juvat
1152 5033 1316 5106 quod
1349 5033 1419 5106 de
1443 5031 1825 5106 _N_ortmannis
1857 4953 2419 5106 narrgfgﬁuatuor
2447 5029 2814 5106 nobilissima
2839 5029 3102 5106 flumina.
3137 5029 3435 5106 Rhemum
3458 5033 3517 5085 et
3543 5027 3704 5106 Sca_lt
3743 5031 3821 5090 ab

406 4883 450 4918 ³⁸
481 4881 717 4953 hugone
746 4884 812 4937 A.
891 4884 934 4917 ¹⁹
967 4882 1229 4955 accipere
1259 4885 1320 4937 Λ.

473 5032 547 5159 Sa)
581 5033 703 5115 iluc
735 5035 946 5088 referre
965 5034 1134 5105 juvat
1150 5033 1316 5114 quod
1349 5033 1419 5115 de
1448 5032 1825 5115 Nortmannis
1857 5039 2050 5115 narrat

404 5104 477 5160 F0
503 5121 734 5171 cumus,
770 5105 952 5160 abbas
987 5105 1418 5159 Laublcnsumn
1443 5103 1592 5158 libro
1625 5104 1695 5159 de
1725 5105 1915 5160 Gestis
1945 5106 2050 5161 ab-

401 5176 602 5236 batum
657 5175 1072 5234 Laubiensium
1122 5181 1282 5230 tomo
1329 5175 1402 5230 Vl
1452 5174 1747 5246 Spicilegii
1790 5176 2050 5242 recitato,

398 5263 525 5320 cap.
561 5250 646 5303 16.
675 5271 702 5296 ‹‹
739 5248 892 5320 Gens
924 5247 1189 5320 quaedam
1223 5247 1604 5320 aquilonaris,
1632 5247 1703 5300 de
1751 5263 1872 5320 qua
1906 5248 2052 5302 forte

398 5319 621 5406 dictum
650 5323 738 5374 est
770 5336 783 5374 :
818 5319 900 5406 Ab‘
922 5319 1476 5406 nquitoncﬂpurut‘etur
1505 5319 2046 5406 omnenmalugnqer.

397 5408 435 5454 ι,
465 5393 570 5456 lli),
606 5407 784 5461 quam
847 5388 1130 5462 plerique
1168 5388 1596 5462 Nortalbincos,
1620 5388 1720 5444 alii
1767 5389 2048 5462 usitatius

395 5460 787 5517 Nortmannos
817 5460 1044 5526 vocant,
1081 5460 1382 5532 piraticam
1415 5478 1612 5532 agens,
1631 5479 1776 5516 novo
1795 5468 1848 5516 et
1881 5460 2046 5516 inau-

394 5533 514 5588 dito
575 5540 725 5589 retro
774 5540 908 5588 ante
960 5532 1321 5604 temporibus
1379 5534 1552 5588 modo
1601 5533 1905 5588 Franciam
1958 5539 2046 5588 est

393 5620 701 5676 aggressa;
737 5623 863 5675 qure
920 5604 1105 5658 maria
1149 5605 1769 5676 primumﬁoccupans,
1803 5605 2043 5661 demum

390 5671 539 5748 ostia
569 5671 876 5748 fluminum
903 5694 1028 5748 qua:
1056 5671 1354 5730 Franciam
1381 5671 2039 5748 alluunt'.estingressa,

389 5745 638 5819 subinde
673 5745 1184 5812 iu-slans,'subimlc
1209 5749 1584 5819 progrediens
1609 5745 1748 5819 :Aubi
1765 5747 2038 5819 resistam

387 5823 502 5870 tem
529 5817 672 5871 vivlit
704 5819 996 5902 neminem
1029 5817 1500 5902 quaquaversum
1532 5817 1643 5902 sibi
1675 5817 1908 5899 libitum
1957 5819 2037 5873 vi-

382 5905 518 5944 sum
575 5895 683 5954 cst,
716 5890 1180 5957 ferebatuﬁQui
1235 5891 1502 5948 videlicet
1557 5890 1876 5946 Normanni
1939 5907 2040 5962 per

2164 5101 2403 5168 oriente,
2436 5105 2767 5175 Sequanam
2796 5107 2860 5175 et
2880 5101 3127 5175 Ligerim
3159 5102 3234 5175 ab
3277 5102 3596 5175 occidente,
3632 5101 3819 5175 Fran-

2161 5175 2312 5232 ciam
2327 5172 2595 5246 ingressi,
2611 5172 2898 5246 incendiis
2919 5172 2977 5246 et
2999 5173 3217 5246 rapinis
3238 5173 3436 5230 omnia
3459 5173 3816 5246 depopulan-

2162 5193 2312 5232 clam
2327 5194 2381 5230 in
2429 5192 2898 5240 ress1,mcenans
2919 5192 2977 5228 et
2999 5192 3217 5246 rapinis
3238 5192 3436 5230 omnia
3459 5192 3814 5246 depopulan-

2162 5251 2276 5313 tur,
2301 5192 2446 5302 nuﬁi
2484 5245 2644 5302 sexui
2669 5244 2763 5318 vel
2786 5245 2940 5298 aetati
2991 5249 3315 5318 parcentes,
3336 5245 3592 5318 captivos
3623 5245 3814 5318 abdu-

2158 5324 2334 5387 cunt;
2360 5319 2487 5390 ipsa
2516 5318 2691 5374 etiam
2715 5315 2922 5390 altaria
2939 5315 3182 5390 paganis
3204 5315 3478 5373 manibus
3505 5317 3818 5389 profanan-

2157 5395 2244 5447 tes
2263 5407 2290 5463 _:
2327 5387 2576 5463 quorum
2629 5394 2787 5463 metu
2840 5387 3393 5463 plura—sanctorum
3443 5387 3705 5460 corpora,
3755 5395 3810 5463 et

2155 5459 2379 5534 optima
2408 5478 2651 5534 quzeque
2697 5460 2770 5516 ad
2821 5459 3036 5516 tutiora
3079 5459 3204 5515 loca
3243 5459 3626 5534 deportantur
3657 5478 3670 5514 :
3704 5461 3808 5515 sed

2155 5531 2490 5588 nbstroruin
2514 5531 2890 5604 patronorum
2925 5549 3038 5587 non
3065 5548 3298 5604 necesse
3318 5531 3430 5587 fuit
3449 5531 3681 5604 longius
3711 5548 3810 5586 as-

2153 5605 2400 5676 portari;
2425 5603 2701 5676 quoniam
2755 5603 3296 5676 adjacens'l‘udinii
3326 5603 3602 5676 castrum,
3633 5603 3806 5675 idque

2154 5674 2321 5748 nobis
2345 5674 2645 5748 pro—prium
2671 5680 2728 5748 et
2750 5674 3242 5748 munitissimum,
3264 5680 3475 5748 fecerat
3497 5674 3808 5748 influenles

2148 5746 2475 5828 indemnes“.
2508 5746 2707 5802 haberi
2729 5765 2748 5828 ;_
2775 5746 3044 5828 villarum
3094 5763 3228 5828 vero
3281 5746 3804 5828 longepositarum

2149 5824 2275 5874 erat
2308 5817 2475 5873 multi
2511 5817 2837 5873 cxterminii
2867 5817 3148 5874 desolatio
3209 5842 3236 5868 ››
3285 5817 3593 5876 Folcuinus
3643 5835 3806 5874 more

2151 5897 2290 5947 tuus
2321 5897 2408 5946 est
2438 5907 2590 5946 anno
2620 5893 2746 5944 990.
2775 5890 2950 5954 Bono.
