4052 6334
3122 314 3159 327 ιη
3253 315 3293 331 fur.
3313 329 3317 333 1

528 369 593 428 τι
1516 359 1850 422 HINCMARI
1889 362 2126 420 RHEME

2233 361 2279 417 'S
2315 361 2829 422 ARCHIEPISCOPI
3741 366 3811 423 52

536 503 638 544 suo
663 487 784 542 loco
809 484 1070 541 dicemus.
1099 481 1451 537 luseruerunt
1474 479 1642 534 etiam
1677 479 1732 533 in
1767 478 1973 534 eisdem
2013 477 2126 532 suis
2151 479 2200 537 Λ
2230 475 2498 545 synodum
2525 479 2974 533 consacerdotum
3001 477 3161 533 debet
3209 477 3418 544 venire,
3444 488 3504 534 ut
3524 489 3616 535 aut
3639 481 3814 538 discat

537 579 755 648 scriptis
787 576 853 634 de
881 574 1200 644 quibusdam
1232 571 1503 629 sexdecim
1541 570 1810 641 capitulis,
1839 569 1992 639 quasi
2021 584 2120 624 no—

536 669 625 725 bis
653 668 883 723 debeant
907 664 1160 736 imputari
1187 682 1200 719 :
1226 663 1293 719 de
1319 662 1515 733 quibus
1539 661 1672 716 nihil
1694 659 2018 725 audivimus,
2041 658 2124 713 vel

533 759 794 822 vidimus,
836 769 1126 827 antequam
1164 755 1488 812 venerabilis
1516 755 1633 809 Ebo
1661 751 2124 821 Gratianopolita-

534 865 641 905 nus
665 849 948 919 episcopus
973 847 1126 902 vobis
1159 861 1244 908 ea,
1274 844 1427 914 quasi
1455 859 1487 897 a
1529 844 1685 898 bonae
1715 842 1991 896 memoriae
2017 841 2126 895 fra-

533 949 618 994 tre
664 947 845 994 vestro
899 937 1158 992 Lotbario
1213 934 1548 1002 transmissa,
1595 933 1737 1002 apud
1787 931 2124 986 Vermeriam

531 1028 799 1104 palatium
830 1027 1039 1082 detulit.
1070 1025 1307 1093 Quorum
1329 1025 1688 1095 capitulorum
1719 1032 1993 1079 auctorem
2024 1038 2125 1078 nec

535 1121 609 1177 ibi
643 1121 958 1175 adnotatum
991 1119 1318 1180 invenimus,
1348 1132 1448 1172 nec
1471 1131 1594 1171 cum
1627 1114 1854 1170 multum
1890 1115 2124 1184 quasie-

532 1212 734 1276 rimus,
764 1211 1004 1265 invenire
1034 1209 1322 1264 valuimus.
1355 1208 1508 1264 Unde
1532 1208 1840 1278 putavimus
1875 1208 1999 1278 quia
2029 1207 2127 1262 ali-

533 1300 695 1370 cujus
728 1300 926 1356 invidia
961 1301 1027 1354 ad
1054 1298 1370 1369 cujusquam
1402 1299 1710 1370 opinionem
1757 1297 2122 1352 infamandam

532 1391 746 1447 fuerint
781 1390 1092 1460 compilata,
1119 1391 1262 1445 sicut
1301 1405 1443 1459 saepe
1472 1390 1719 1460 legimus.
1750 1389 1820 1444 Ut
1847 1389 1914 1442 de
1941 1389 2124 1444 multis

531 1498 710 1553 pauca
753 1497 1262 1546 commemoremus,
1307 1481 1474 1536 veluti
1503 1479 1730 1552 epistola
1769 1479 2124 1549 capitulorum

534 1573 771 1638 exstitit,
809 1588 972 1644 quam
1005 1570 1330 1626 venerabilis
1365 1570 1486 1626 lbas
1515 1571 1800 1640 episcopus
1823 1585 1976 1624 suam
2005 1583 2127 1624 esse

536 1665 594 1720 in
651 1665 857 1737 synodo
913 1665 1233 1734 denegavit;
1291 1673 1347 1718 et
1391 1663 1532 1719 sicut
1565 1662 1784 1732 quidam
1833 1661 2012 1716 aemuli
2061 1660 2128 1715 de

535 1755 721 1810 verbis
750 1754 895 1811 beati
940 1754 1227 1830 Augustini
1276 1753 1454 1808 adhuc
1498 1753 1552 1807 in
1593 1767 1690 1807 sua
1721 1752 1832 1805 vita
1862 1750 2126 1814 fecerunt,

2232 574 2324 620 aut
2372 566 2596 622 doceat?
2647 565 2882 622 Litteras
2928 583 3160 637 namque
3217 569 3574 637 quorumdam
3621 586 3812 626 eorum

2230 659 2451 729 quidam
2478 667 2720 714 nostrum
2762 661 3026 730 benignas
3051 669 3106 715 et
3152 659 3425 716 fraternas
3451 664 3812 731 suscepimus,

2227 757 2550 817 nostrasque
2607 749 2712 804 illis
2758 751 3084 814 remisimus,
3114 759 3168 805 et
3214 750 3346 804 nihil
3376 751 3481 805 tale
3519 753 3584 806 de
3624 767 3814 809 eorum

2227 850 2383 910 patre
2407 841 2802 910 perspeximus,
2851 843 3177 906 audivimus,
3221 842 3597 908 intelleximus,
3638 847 3814 900 sensi-

2231 947 2375 997 mus,
2400 931 2484 986 vel
2508 932 2786 1002 percipere
2809 933 3210 1002 praevaluimus.
3230 933 3287 988 Si
3315 943 3495 989 autem
3525 932 3649 990 talia
3681 937 3815 990 scri-

2225 1032 2475 1092 pserunt,
2505 1024 2550 1078 si
2582 1022 2722 1078 forte
2753 1024 2828 1078 illi
2852 1025 3212 1094 scripserunt,
3238 1033 3299 1079 ut
3318 1040 3472 1080 suam
3494 1026 3814 1096 sapientiam

2227 1114 2294 1169 de
2321 1123 2506 1170 nostra
2544 1115 2859 1186 insipientia
2905 1116 3362 1182 demonstrarent,
3395 1125 3452 1172 et
3499 1117 3620 1186 plus
3648 1117 3714 1172 de
3731 1117 3817 1188 ja-

2229 1205 2431 1258 ctantia
2482 1204 2658 1260 laudis
2710 1214 3006 1276 appetitum
3052 1214 3404 1276 quaererent,
3457 1221 3618 1275 quam
3671 1206 3816 1260 bona

2228 1303 2416 1350 nostra
2440 1303 2495 1350 et
2518 1294 2658 1350 bene
2683 1310 2715 1348 a
2737 1295 2892 1350 nobis
2921 1295 3086 1359 dicta,
3131 1295 3174 1349 si
3216 1295 3408 1359 forent,
3451 1310 3550 1364 per
3577 1295 3818 1349 cbarita-

2227 1395 2338 1442 tem
2365 1403 2462 1443 sua
2491 1387 2732 1442 facerent
2761 1405 2774 1440 ε
2810 1388 2857 1442 si
2900 1388 3061 1442 etiam
3094 1401 3250 1441 secus
3277 1402 3306 1440 a
3351 1386 3506 1442 nobis
3539 1387 3684 1440 dicta
3733 1386 3818 1440 in-

2226 1489 2514 1545 venerunt,
2543 1481 2664 1552 plus
2696 1481 2784 1536 illa
2813 1481 3089 1552 publicare
3109 1497 3268 1550 quam
3301 1496 3399 1535 nos
3428 1481 3662 1534 fraterne
3695 1494 3817 1533 cor-

2228 1572 2406 1642 rigere
2437 1571 2744 1626 maluerunt
2775 1588 2788 1623 :
2819 1571 3084 1625 miramur
3115 1570 3180 1624 de
3209 1569 3371 1623 tantis
3412 1578 3467 1623 et
3504 1567 3699 1622 talibus
3734 1567 3817 1620 vi-

2228 1661 2326 1725 ris,
2354 1661 2772 1730 archiepisc0pis
2796 1667 2852 1714 et
2875 1659 3248 1728 episcoporum
3267 1657 3616 1728 primoribus,
3644 1655 3818 1708 maxi-

2231 1763 2522 1824 meantem
2567 1752 2634 1806 de
2660 1752 2866 1817 Ebone,
2913 1752 3003 1821 qui
3055 1751 3338 1821 religiosus
3381 1757 3484 1811 est.
3524 1757 3584 1802 ut
3611 1747 3820 1802 audivi-

537 1863 660 1918 qua:
685 1847 775 1903 ille
811 1856 1002 1919 argute
1021 1855 1077 1902 et
1111 1845 1373 1902 catholiee
1418 1845 1635 1915 repulit,
1667 1852 1930 1913 quantum
1961 1842 2026 1896 ad
2063 1842 2126 1896 il-
2157 1834 2201 1893 B
2231 1859 2382 1908 mus;
2407 1843 2605 1912 quippe
2626 1842 2766 1900 sicut
2795 1843 2862 1896 ab
2895 1834 3039 1911 ipsis
3075 1856 3211 1912 pene
3253 1839 3532 1894 cunabulis
3564 1839 3662 1893 sub
3689 1837 3817 1890 reii-

531 1923 646 1996 lius
674 1940 922 1999 notitiam
951 1939 1146 1995 exinde
1176 1938 1446 2010 pervenit.
1485 1937 1616 1992 Post
1645 1934 1762 2004 ejus
1803 1935 1970 1990 etiam
2011 1935 2126 1989 obi-

537 2039 674 2093 tum,
705 2030 924 2101 quidam
962 2030 1128 2085 invidi
1154 2029 1488 2099 capitulatim
1513 2029 1578 2082 de
1601 2027 1767 2097 ipsius
1787 2025 2025 2096 scriptis,
2057 2040 2126 2080 ex

536 2122 628 2179 his
641 2123 807 2178 etiam
835 2122 984 2178 unde
1008 2136 1152 2176 nunc
1173 2121 1373 2192 agitur,
1403 2119 1658 2190 colligere
1687 2126 2034 2182 curaverunt,
2067 2125 2128 2170 ut

536 2212 686 2268 illius
733 2212 1032 2268 doctrinam
1079 2211 1437 2266 orthodoxam
1495 2216 1658 2278 atque
1715 2207 2000 2262 utillimum
2057 2206 2128 2260 ob

538 2318 788 2373 persona:
840 2301 984 2358 illius
1020 2301 1278 2356 invidiam
1330 2299 1603 2354 vilifacere
1649 2297 2023 2367 praevalerent,
2073 2305 2129 2351 et

539 2395 774 2451 lectores
813 2394 1034 2450 devotos
1063 2394 1130 2448 ab
1179 2392 1322 2447 illius
1351 2391 1642 2446 dilectione
1694 2404 1759 2444 ac
1796 2389 2029 2443 lectione
2073 2396 2131 2443 et

538 2486 852 2543 necessaria
917 2483 1242 2540 credulitate
1298 2488 1627 2536 averterent.
1685 2479 1815 2547 Quae
1876 2477 2129 2532 videlicet

541 2582 862 2638 aemulorum
908 2581 1209 2645 mendacia,
1260 2595 1326 2635 ex
1370 2578 1705 2650 delegatione
1747 2585 1946 2632 sanctte
1985 2577 2128 2631 sedis

542 2673 806 2729 Romanze
849 2685 948 2744 per
987 2670 1340 2727 Caelestinum
1387 2684 1600 2739 papam,
1632 2675 1851 2722 sanctus
1889 2665 2128 2735 Prosper

541 2763 816 2820 catholico
840 2771 896 2818 et
921 2761 1171 2834 prudenti
1199 2760 1341 2832 stylo
1370 2757 1504 2815 falsa
1537 2771 1657 2814 esse
1675 2766 1730 2811 et
1761 2758 2130 2826 imprudenter

541 2855 756 2926 objecta
783 2852 1040 2918 ostendit,
1071 2859 1126 2907 et
1153 2850 1435 2906 memorati
1465 2865 1527 2905 ac
1550 2847 1882 2903 memorandi
1909 2846 2011 2901 viri
2037 2846 2131 2900 do-

545 2949 778 3005 ctrinam
810 2946 1169 3002 orthodoxam
1208 2960 1328 3001 esse
1351 2943 1684 2998 lucidissime
1717 2940 2126 2996 demonstravit.

547 3039 705 3097 Unde
743 3047 798 3094 et
839 3037 956 3092 ﬁeri
985 3045 1181 3108 potest,
1220 3047 1280 3092 ut
1313 3036 1414 3090 ista
1445 3032 1704 3102 capitula,
1731 3047 1850 3101 quae
1879 3030 2028 3085 vobis
2062 3045 2130 3084 ex

541 3131 768 3186 nomine
792 3128 1127 3184 confratrum
1158 3135 1466 3183 nostrorum
1493 3125 1560 3178 ab
1587 3123 1708 3177 aliis
1736 3137 1898 3192 quam
1934 3121 2001 3174 ab
2025 3119 2130 3172 illis

548 3223 732 3278 delata
767 3221 852 3276 vel
891 3221 1211 3276 transmiSSa
1263 3225 1408 3282 sunt,
1448 3215 1628 3270 taliter
1657 3215 1708 3268 in
1759 3212 2133 3284 suggillatione

546 3323 736 3370 nostra
785 3313 1091 3384 conscripta
1137 3326 1244 3367 non
1282 3309 1508 3374 fuerint,
1542 3306 1637 3363 sed
1689 3305 1978 3375 instigante
2017 3301 2134 3356 dia-

543 3404 690 3470 bolo,
737 3404 881 3460 iuter
924 3413 1122 3460 cattera
1168 3400 1308 3456 mala
1338 3415 1458 3470 quae
1501 3412 1646 3453 nunc
1690 3397 1743 3450 in
1787 3396 1890 3450 hoc
1933 3395 2134 3448 mumlo

549 3495 927 3560 crebrescunt,
973 3493 1041 3548 ad
1083 3490 1476 3547 immittendam
1521 3489 1662 3542 inter
1706 3485 1916 3542 Domini
1956 3499 2135 3540 sacer-

550 3587 705 3641 dotes
726 3583 1184 3641 discordiamcint
1204 3581 1474 3646 confecta,
1508 3579 1600 3648 qui
1623 3578 1944 3635 cbaritatem
1972 3576 2135 3631 vehe-

547 3683 764 3731 menter
785 3675 840 3730 in
867 3675 1022 3729 nobis
1050 3681 1104 3727 et
1139 3673 1294 3728 timet
1323 3680 1376 3726 et
1402 3670 1628 3734 invidet,
1666 3683 1786 3722 cum
1818 3667 1962 3721 videt
1989 3665 2134 3719 illam

550 3783 582 3821 a
612 3767 768 3822 nobis
814 3765 1022 3822 servari
1069 3763 1378 3818 hominibus
1407 3760 1638 3815 terrenis
1678 3759 1730 3812 in
1776 3766 1941 3822 terra,
1971 3770 2134 3826 quam

547 3857 641 3913 ille
662 3871 882 3912 servare
911 3855 1100 3910 nolens
1126 3853 1404 3924 angelicas
1427 3851 1651 3921 spiritus
1680 3847 1864 3903 amisit
1893 3847 1948 3901 in
1974 3845 2131 3900 coelo.

551 3946 832 4016 Quomodo
859 3945 1002 4000 enim
1031 3944 1153 3998 ﬁeri
1180 3951 1360 4013 posset
1392 3951 1452 3996 ut
1472 3941 1552 3996 sic
1598 3939 1801 3994 fratres
1835 3937 2005 3992 nostri
2035 3950 2135 3990 nos

547 4036 898 4113 succensorie
925 4050 1047 4090 cum
1093 4033 1499 4089 annihilationis
1529 4032 1781 4102 despectu
1804 4031 2134 4102 judicarent,

549 4130 642 4200 qui
681 4128 919 4200 regulam
964 4127 1320 4192 Dominicam,
1362 4125 1594 4195 qualiter
1635 4124 1964 4178 confratrem
1989 4123 2138 4192 quis~

549 4235 658 4290 que
687 4220 979 4274 admonere
1007 4219 1217 4282 debeat,
1248 4217 1502 4272 continue
1526 4230 1639 4286 prae
1657 4214 1828 4270 oculis
1854 4222 1909 4268 et
1944 4214 1999 4268 in
2036 4229 2135 4268 usu

550 4311 799 4381 quotidie
820 4309 1091 4365 habeant?
1114 4308 1388 4378 Scriptum
1420 4307 1564 4361 enim
1610 4319 1729 4360 esse
1757 4311 2093 4374 cognoscunt
2118 4319 2132 4355 :

551 4399 878 4472 Priusquam
917 4401 1240 4468 interroges,
1296 4414 1359 4450 ne
1400 4398 1654 4465 vituperes
1693 4410 2040 4465 quemquam,
2086 4400 2134 4445 et

550 4507 670 4545 cum
700 4471 1122 4558 interrogaveris,
1145 4487 1347 4556 corripe
1363 4485 1507 4554 juste
1539 4483 1729 4553 (Eccli.
1763 4498 1840 4546 χι,
1874 4481 1949 4546 7).

533 4573 539 4592 ’
624 4580 857 4635 Sanctus
897 4579 1042 4634 enim
1073 4577 1404 4649 Augustinus
1441 4575 1818 4630 hzereticorum
1863 4580 1913 4625 et
1959 4584 2136 4640 repre-

548 4674 844 4730 hensorum
873 4685 1092 4725 suorum
1140 4669 1368 4739 scripta,
1413 4667 1459 4722 si
1501 4667 1555 4720 in
1593 4667 1672 4720 eis
1721 4663 1975 4735 quiddam
2004 4663 2138 4714 bene

551 4764 757 4820 dictum
782 4763 1010 4828 invenit,
1040 4760 1428 4833 benignissime
1450 4757 1774 4827 acceptavit,
1811 4766 1865 4810 et
1889 4754 2044 4825 plura
2071 4753 2138 4806 ad

550 4869 731 4918 rectos
757 4875 950 4916 sensus
996 4857 1338 4929 interpretari
1389 4854 1710 4917 elaboravit,
1764 4851 1908 4906 nulla
1959 4857 2140 4903 autem

552 4957 620 5012 de
645 4965 802 5012 recto
824 4970 989 5010 sensu
1017 4953 1082 5008 ad
1109 4967 1336 5025 pravum
1364 4949 1632 5004 inclinare
1659 4944 1903 5000 tentavit.
1930 4941 1994 4996 Et
2009 4955 2140 5011 quo-

551 5050 716 5105 modo
772 5047 975 5103 fratres
1013 5045 1186 5100 nostri
1243 5043 1371 5098 talia
1417 5045 1673 5110 agerent,
1722 5043 2012 5102 antequam
2043 5045 2141 5084 nos

554 5141 856 5199 secundum
879 5137 1246 5210 evangelicam
1290 5131 1534 5204 regulam
1562 5129 1650 5184 vel
1699 5127 1820 5180 viva
1861 5140 2015 5189 voce,
2057 5123 2142 5177 vel

555 5234 772 5303 scriptis
800 5231 916 5288 suis
946 5229 1073 5285 inde
1100 5229 1518 5294 interrogarent,
1563 5229 1621 5274 ut
1667 5218 1754 5273 vel
1783 5217 2027 5270 volentes
2063 5215 2142 5269 di-

556 5341 682 5382 cere
712 5325 988 5385 docerent,
1013 5319 1100 5375 vel
1129 5331 1356 5389 pravum
1401 5311 1718 5374 sentientes,
1750 5317 1806 5364 et
1843 5309 1910 5363 ad
1958 5305 2142 5362 trami-

555 5427 669 5472 tem
696 5413 942 5470 veritatis
967 5420 1021 5466 et
1063 5408 1187 5464 fidei
1219 5406 1395 5462 redire
1422 5409 1854 5466 contemnentes,
1905 5401 2144 5454 fraterne

559 5506 832 5575 etsatpius
875 5505 1304 5563 commonereut,
1352 5504 1409 5552 et
1457 5494 1797 5551 auctoritatis
1843 5493 2039 5547 divina:
2092 5500 2148 5546 et

559 5608 868 5655 sanctorum
899 5596 1116 5650 Patrum
1147 5590 1351 5660 scripta
1399 5587 1561 5644 nobis
1585 5592 1970 5658 proponerent,
2005 5591 2062 5638 et
2087 5591 2148 5636 ut

546 5691 614 5746 'in
641 5707 804 5745 unum
827 5683 1244 5744 conveniremus
1286 5696 1386 5737 nos
1407 5694 1529 5735 cum
1559 5674 1970 5733 mansuetudine
1996 5683 2051 5729 et
2071 5672 2146 5728 le-

562 5784 729 5838 uitate
782 5779 1091 5844 invitarent,
1137 5775 1368 5831 scientes
1412 5772 1538 5844 quia
1582 5771 1868 5841 episcopus
1923 5767 2042 5823 ideo
2079 5765 2146 5821 ad

2160 4541 2213 4600 D

2228 1935 2388 2006 gione
2413 1943 2468 1989 et
2495 1935 2679 1989 habitu
2728 1933 2964 2004 regulari
3017 1932 3256 1987 nutritus
3290 1931 3344 1984 in
3365 1929 3692 1984 Rhemensis
3716 1929 3817 1983 Ee-

2228 2024 2407 2079 clesize
2433 2025 2783 2090 monasterio,
2818 2025 2909 2080 ubi
2939 2023 3229 2092 requiescit
3267 2030 3487 2077 sanctus
3515 2020 3817 2091 Remigius.

2227 2116 2284 2172 In
2321 2132 2427 2187 quo
2453 2117 2571 2172 loco
2600 2115 2854 2187 religioso
2881 2131 3032 2171 suam
3057 2114 3237 2184 exegit
3277 2121 3516 2178 aetatem,
3541 2125 3821 2180 quousque

2229 2223 2258 2260 a
2283 2206 2482 2264 domno
2509 2207 2695 2262 Ebone
2724 2204 2992 2259 avunculo
3025 2220 3143 2268 suo,
3185 2213 3311 2258 tunc
3363 2202 3696 2256 Rhemorum
3731 2214 3819 2252 ar-

2229 2297 2594 2367 chiepiscopo,
2627 2295 2824 2350 ibidem
2855 2295 3117 2350 diaconus
3161 2302 3532 2357 consecratus,
3571 2299 3626 2344 et
3652 2289 3822 2343 abbas

2228 2388 2620 2443 monachorum
2669 2387 2737 2440 ad
2779 2385 3084 2454 regularem
3132 2384 3378 2438 ordinem
3428 2382 3717 2436 tenendum
3764 2387 3820 2433 et

2229 2480 2636 2550 gubernandum
2658 2479 3042 2534 constitutione
3069 2475 3360 2546 episCOpali
3385 2481 3469 2529 est
3514 2473 3816 2528 ordinatus.

2229 2569 2509 2637 Quemque
2529 2569 2605 2625 ita
2631 2567 2952 2621 humilitatis
2977 2574 3164 2619 tenore
3189 2553 3488 2626 nutritum,
3519 2571 3574 2615 et
3596 2559 3810 2614 humili-

2231 2660 2360 2714 tatis
2410 2657 2587 2713 locum
2636 2664 2894 2727 appetere
2924 2662 2979 2710 et
3025 2665 3210 2709 tenere
3248 2653 3386 2708 velle
3415 2651 3718 2714 didicimus,
3759 2660 3821 2703 ut

2230 2750 2305 2805 illi
2333 2757 2388 2804 ct
2409 2749 2662 2804 omnibus
2717 2748 2980 2818 scriptum
3010 2755 3092 2800 est
3122 2763 3136 2798 :
3167 2742 3223 2799 Si
3252 2744 3469 2814 spiritus
3516 2750 3820 2812 potestatem

2230 2842 2465 2896 habentis
2507 2840 2800 2895 ascenderit
2820 2855 2976 2909 super
3005 2848 3076 2902 te,
3105 2836 3275 2890 locum
3321 2845 3468 2888 tuum
3511 2850 3574 2886 ne
3610 2832 3821 2885 dimise-

2233 2933 2306 2986 ris
2337 2931 2536 3002 (Eccle.
2570 2947 2628 2996 x,
2658 2933 2736 2999 4).
2779 2929 3012 3000 Spiritus
3047 2927 3190 2982 enim
3223 2935 3542 2997 potestatem
3566 2923 3816 2978 habentis

2234 3021 2455 3090 spiritus
2485 3029 2572 3075 est
2599 3021 2887 3090 superbiae,
2942 3019 3092 3074 locus
3117 3027 3294 3071 autem
3325 3025 3504 3070 uoster
3533 3024 3617 3069 est
3644 3014 3818 3068 humi-

2235 3111 2382 3175 litas,
2409 3126 2568 3180 quam
2597 3126 2627 3165 a
2663 3126 2722 3164 se
2757 3126 2885 3164 vere
2927 3110 3075 3164 locus
3113 3108 3352 3162 munitus
3376 3116 3428 3161 et
3463 3107 3627 3160 turris
3664 3103 3816 3158 forti-

2162 3185 2205 3248 C
2238 3201 2437 3257 tudinis
2497 3216 2597 3256 nos
2649 3196 2858 3255 discere
2885 3200 3040 3270 jubet
3073 3217 3084 3252 :
3118 3198 3316 3252 Discite
3349 3215 3380 3250 a
3411 3213 3512 3260 me,
3545 3195 3814 3264 inquiens,

2231 3291 2357 3355 quia
2404 3290 2546 3344 mitis
2596 3306 2713 3344 sum
2773 3299 2821 3344 et
2868 3288 3080 3342 humilis
3134 3287 3288 3341 corde
3320 3286 3534 3359 (Matth.
3583 3301 3662 3348 xl,
3700 3282 3819 3352 i9);

2233 3397 2504 3454 quamque
2531 3398 2630 3452 pro
2654 3382 2771 3436 loco
2800 3389 2914 3436 tuto
2945 3389 3134 3434 contra
3177 3377 3430 3434 elationis
3458 3393 3521 3431 ac
3545 3373 3823 3444 jactantiae

2235 3476 2513 3545 spiritum,
2536 3476 2816 3545 pnefatum
2851 3474 3160 3544 religiosum
3187 3473 3363 3525 virum
3391 3470 3588 3526 obnixe
3630 3476 3822 3521 tenere

2234 3569 2369 3623 velle
2416 3568 2740 3632 audivimus,
2792 3576 2845 3620 et
2873 3582 2970 3635 pro
3001 3576 3150 3620 certo
3193 3563 3487 3628 credimus,
3527 3569 3584 3616 et
3619 3557 3832 3613 idcirco.

2235 3662 2593 3718 discredimus
2616 3662 2718 3716 ista
2752 3658 2983 3729 capitula
3011 3659 3078 3712 ab
3107 3672 3172 3711 eo
3209 3640 3452 3711 confecta
3486 3673 3498 3708 :
3529 3653 3654 3723 quia
3683 3669 3822 3724 pra:-

2237 3752 2503 3808 termtssis
2527 3751 2756 3818 aliorum
2802 3747 3247 3803 consacerdotum
3293 3742 3624 3804 nominibus,
3655 3741 3824 3797 solius

2235 3845 2437 3900 Ebonis
2454 3859 2650 3898 nomen
2677 3857 2798 3897 cum
2826 3837 3250 3910 archiepiscopis
3283 3845 3364 3892 est
3387 3836 3584 3890 ibidem
3606 3834 3824 3904 jactan-

2237 3949 2341 4003 tcr,
2387 3946 2445 3990 ut
2487 3935 2808 4005 quibusdam
2859 3932 3118 3996 videtur,
3167 3943 3519 3999 expressum;
3575 3936 3630 3981 et
3679 3925 3824 3996 quod

2236 4045 2398 4102 quam
2427 4025 2735 4082 maximein
2763 4025 2866 4082 hoc
2895 4025 3008 4094 ipse
3040 4019 3473 4084 collaboraverit,
3497 4018 3649 4088 quasi
3674 4033 3704 4071 e
3734 4033 3822 4071 re-

2237 4124 2395 4193 gione
2423 4121 2492 4176 sit
2521 4134 2760 4182 sensum,
2785 4125 2846 4171 ut
2877 4117 3038 4170 etiam
3064 4129 3186 4168 cum
3211 4111 3633 4180 archiepiscopis
3655 4109 3826 4180 major

2237 4212 2450 4268 czeteris
2475 4219 2531 4264 et
2564 4207 2774 4263 doctior
2802 4207 2856 4259 in
2887 4201 3152 4259 sententia
3197 4199 3379 4253 fuerit.
3414 4197 3526 4252 Hoc
3567 4198 3711 4251 enim
3759 4198 3827 4252 de

2244 4309 2439 4356 saneto
2466 4297 2788 4368 Augustino,
2818 4294 2910 4363 qui
2940 4293 2993 4345 in
3025 4289 3270 4344 conciliis
3294 4285 3568 4341 Africanis
3597 4286 3824 4341 scientia

2235 4399 2292 4444 et
2327 4388 2512 4441 labore
2540 4402 2604 4441 ac
2634 4381 2911 4455 vigilantia
2937 4379 3107 4448 major
3132 4375 3357 4438 exstitit,
3377 4390 3713 4444 nequaquam
3745 4373 3826 4426 in-

2238 4481 2503 4536 venimus.
2535 4477 2670 4534 Nam
2704 4484 2760 4531 et
2781 4475 2895 4544 ipse
2922 4479 3140 4528 sanctus
3166 4467 3498 4539 Augustinus
3518 4481 3623 4520 nou
3653 4465 3822 4519 solum

2241 4593 2300 4634 se
2337 4575 2550 4631 caeteris
2580 4570 2917 4641 coepiscopis
2977 4567 3241 4637 privatam
3301 4561 3525 4633 gloriam
3580 4575 3829 4630 qumrens

2241 4683 2348 4723 non
2379 4665 2632 4737 praetulit,
2666 4678 2765 4717 nec
2812 4658 3059 4732 praeferri
3098 4654 3368 4727 permisit.
3392 4666 3580 4706 verum
3623 4667 3680 4704 se
3708 4650 3827 4705 aliis

2241 4755 2547 4827 supposuit,
2571 4740 2692 4809 cum
2748 4752 2860 4821 ipse
2898 4749 3020 4820 plus
3046 4747 3165 4801 aliis
3192 4743 3538 4806 laboraverit,
3593 4741 3731 4795 sicut
3775 4740 3827 4793 in

2243 4848 2484 4920 epistolis
2511 4847 2578 4901 ad
2605 4853 2850 4900 sanctum
2873 4838 3247 4896 Innocentium
3290 4849 3484 4906 papam
3511 4833 3746 4901 scriptis.
3777 4840 3833 4884 et

2245 4919 2312 4993 ad
2344 4937 2479 4991 alios
2501 4933 2808 5004 apostolicae
2831 4931 2972 4985 sedis
3013 4925 3292 4998 praesules.
3323 4925 3414 4993 qui
3443 4923 3619 4992 legere
3649 4919 3831 4975 volue—

2247 5030 2319 5084 rit
2342 5028 2585 5083 invenire
2619 5025 2836 5081 valebit.
2870 5021 2979 5076 Nec
3003 5021 3069 5075 de
3095 5017 3203 5072 ullo
3223 5016 3599 5085 episcoporum
3628 5013 3680 5065 in
3707 5011 3831 5064 ullis

2246 5117 2489 5175 conciliis
2519 5116 2699 5170 taliter
2720 5113 2972 5182 legimus,
3007 5108 3110 5163 nisi
3133 5107 3273 5161 forte
3301 5103 3607 5175 apostolicae
3638 5101 3832 5154 litterae

2244 5215 2466 5278 propter
2489 5205 2794 5260 evidentem
2849 5214 3066 5256 causam
3119 5197 3356 5266 aliquem
3393 5192 3830 5262 coepiscoporum

2247 5302 2314 5356 ad
2341 5302 2444 5356 hoc
2472 5299 2745 5370 negotium
2771 5312 2894 5351 cum
2921 5292 3333 5363 archiepiscopo
3377 5304 3480 5344 suo.
3500 5303 3566 5343 ex
3614 5286 3833 5340 nomine

2248 5397 2520 5468 designari
2549 5393 2910 5455 decreverint,
2936 5390 3077 5444 sicut
3117 5389 3182 5442 de
3208 5379 3680 5454 Augustodunensi
3725 5378 3834 5446 epi-

2249 5501 2414 5555 scopo
2436 5485 2489 5539 in
2521 5482 2764 5554 epistolis
2791 5480 2933 5536 beati
2990 5475 3239 5547 Gregorii
3297 5473 3568 5544 legimus;
3625 5477 3832 5540 quanto

2251 5581 2422 5652 magis
2451 5580 2552 5635 iste
2601 5577 2888 5649 religiosus
2921 5582 2977 5629 et
3009 5573 3096 5625 vir
3134 5577 3324 5624 cautus
3361 5568 3416 5621 in
3447 5562 3750 5634 hujusmodi
3773 5576 3834 5615 se

2251 5676 2448 5732 efferre
2498 5673 2762 5729 noluisset
2788 5678 2881 5724 aut
2909 5664 3172 5737 praeferri,
3213 5661 3479 5732 despectis
3521 5673 3583 5712 ac
3618 5664 3835 5728 praeter-

2254 5767 2438 5824 missis
2467 5765 2678 5823 caeteris
2712 5757 3062 5833 coepiscopis,
3093 5751 3462 5827 permisisset?
3489 5750 3600 5806 liuc
3625 5745 3835 5804 accedit
