4052 6334
248 362 328 419 55
895 424 901 431 ,
947 362 1164 420 EPIST.
1203 360 1661 421 AD'CAROLUM
1700 365 1764 418 ll.
1806 364 1899 420 EX
1936 360 2246 421 DISSERT.
2290 363 2310 419 l
2348 364 2436 420 DE
2472 358 2809 422 PRA'IDEST
3442 357 3516 416 Μ

248 481 391 549 quia
414 479 608 533 lratres
627 477 800 534 nostri
826 486 883 534 et
917 480 1328 536 consacerdotes
1368 474 1532 535 surda
1575 492 1707 533 aure
1734 492 1841 533 non
1866 482 1916 541 Α
1945 475 2259 544 Scripturis,
2311 485 2367 532 et
2397 475 2676 533 catholicae
2715 483 2878 545 atque
2907 475 3216 546 apostolica:
3239 474 3512 537 Ecclesia.

252 570 578 626 debuissent
629 570 862 627 transire
889 569 1190 628 Salomonis
1239 573 1439 628 dictum
1485 572 1843 652 commonito-

244 660 432 725 a-ium,
459 659 505 713 si
536 674 608 714 ex
627 658 784 716 nobis
805 669 898 716 aut
921 661 1107 717 auditu
1143 671 1238 717 aut
1260 662 1461 733 scripto
1484 664 1738 733 quiddam
1764 662 1843 718 si-

252 750 423 804 uistri
479 761 692 806 secreto
743 754 1098 823 accepissent,
1139 763 1200 808 ut
1248 769 1588 824 praepropere
1633 752 1760 810 illud
1791 754 1845 810 in

250 840 559 909 publicum,
597 856 918 912 quacunque
966 845 1264 899 mobilitate
1301 852 1485 899 nostra
1513 845 1666 909 moti,
1702 844 1843 900 unde

254 943 368 982 non
400 944 593 984 sumus
617 932 845 993 conscii,
870 934 937 988 ad
964 935 1338 990 contentiones
1365 944 1419 990 et
1441 936 1616 1005 jurgia
1647 951 1842 1006 propa-

254 1020 457 1078 lareut.
481 1025 578 1078 Ait
598 1026 743 1080 enim
768 1044 780 1079 :
802 1026 936 1092 Quae
961 1029 1201 1084 viderunt
1225 1030 1363 1084 oculi
1391 1032 1486 1094 tui,
1518 1047 1582 1084 ne
1605 1031 1843 1100 proferas

252 1115 309 1167 in
338 1116 532 1185 jurgio
556 1118 681 1181 cito,
710 1134 774 1172 ne
816 1129 995 1187 postea
1045 1121 1321 1176 emendare
1364 1139 1468 1177 non
1511 1124 1700 1193 possis,
1724 1139 1844 1177 cum

246 1205 680 1262 debemtaoen’a
700 1209 927 1263 anticum
945 1220 1091 1264 tuum
1117 1209 1300 1281 (Prov.
1331 1229 1455 1278 xxv,
1482 1214 1559 1281 8).

326 1298 553 1356 Scimus
579 1311 758 1357 tamen
810 1304 936 1372 quia
989 1315 1115 1360 sunt
1141 1307 1385 1362 nonnulli
1429 1309 1543 1379 qui,
1566 1309 1693 1364 dum
1723 1310 1843 1381 plus

248 1409 451 1464 sapere
477 1410 642 1465 quam
667 1406 881 1466 oportet
923 1412 1112 1467 sapere
1149 1401 1387 1466 student,
1418 1418 1447 1455 a
1473 1403 1841 1473 proximorum

254 1503 394 1559 pace
418 1490 694 1554 resiliunt,
710 1492 836 1546 dum
862 1505 961 1546 eos
985 1492 1128 1546 velut
1153 1493 1374 1550 hebetes
1397 1496 1696 1565 stultosque
1714 1512 1843 1552 con—

245 1586 529 1633 temnunt.
592 1579 744 1635 Unde
808 1596 905 1650 per
938 1596 997 1636 se
1038 1580 1253 1638 Veritas
1304 1584 1557 1640 admonet
1610 1585 1836 1642 dicens:

249 1669 461 1724 Habet:
491 1671 547 1724 in
576 1671 717 1725 vobis
746 1671 847 1735 sal,
878 1681 928 1725 et
949 1689 1129 1741 pacem
1149 1673 1331 1728 habet:
1348 1675 1484 1729 inter
1509 1676 1638 1748 vos(
1667 1677 1838 1733 Marc.

247 1775 325 1824 lx,
354 1758 491 1828 49);
525 1767 584 1814 ut
611 1760 854 1831 quisquis
872 1761 1072 1818 habere
1096 1763 1177 1818 sal
1221 1765 1496 1834 sapientiae
1526 1770 1723 1833 studet,
1748 1785 1843 1843 cu;

248 1857 329 1903 ret
354 1865 587 1905 necesse
608 1861 691 1905 est
733 1860 999 1921 quatenus
1027 1869 1057 1907 a
1078 1868 1212 1923 pace
1236 1856 1540 1912 concordiae
1567 1875 1839 1929 nunquam

247 1938 499 1995 recedat.
538 1939 690 1995 Unde
723 1942 1047 1997 terribiliter
1088 1942 1288 2001 Paulus
1321 1947 1575 2003 admonet
1609 1949 1795 2004 dicens
1823 1967 1836 2003 :

250 2025 453 2090 Pacem
483 2030 760 2098 sequimini
787 2047 906 2084 cum
929 2032 1185 2097 omnibus,
1210 2045 1259 2088 et
1288 2036 1708 2103 sanctimoniam,
1732 2038 1843 2093 sine

245 2133 350 2186 qua
374 2133 537 2170 nemo
565 2119 751 2173 videbit
773 2119 943 2174 Deum
966 2121 1122 2192 (Heb.
1154 2139 1247 2185 xu,
1282 2125 1390 2194 10).
1426 2124 1702 2196 Ρι-ίροίριιθ
1749 2143 1842 2181 au-

246 2214 354 2259 tem
389 2220 498 2260 nos
528 2221 649 2261 eam
679 2223 899 2264 servare
942 2219 998 2265 et
1047 2214 1320 2282 persequi,
1369 2214 1420 2269 id
1471 2216 1842 2286 estperl‘ecte

245 2295 399 2364 sequi
430 2296 713 2363 debemus,
740 2300 833 2369 qui
855 2299 966 2356 Deo
986 2302 1224 2373 quotidie
1237 2305 1546 2360 sacriﬁcare
1562 2308 1839 2374 debemus,

244 2393 300 2437 et
322 2386 565 2440 veritate
592 2393 929 2443 contestante
955 2390 1265 2459 specialiter
1292 2395 1447 2463 quasi
1472 2396 1839 2467 praecipimur,

245 2482 303 2526 ut
326 2474 373 2528 si
396 2471 696 2531 oﬂeramus
749 2492 942 2533 munus
986 2488 1227 2534 nostrum
1250 2482 1318 2536 ad
1349 2482 1537 2547 altare,
1564 2493 1619 2538 et
1657 2484 1725 2538 ibi
1752 2500 1836 2539 re-

243 2566 467 2619 cordati
494 2564 759 2622 fuerimus
783 2569 908 2637 quia
933 2567 1103 2624 frater
1123 2584 1308 2627 noster
1334 2572 1495 2627 habet
1519 2574 1718 2645 aliquid
1751 2575 1841 2629 ad-

245 2671 471 2711 versum
502 2672 622 2725 nos,
665 2658 1030 2731 relinquamus
1056 2661 1127 2716 ibi
1178 2679 1375 2718 munus
1422 2673 1664 2720 nostrum
1716 2675 1841 2720 ante

243 2747 450 2812 altare,
472 2756 529 2802 et
553 2764 739 2803 eamus
760 2752 912 2821 prius
954 2754 1290 2808 reconciliari
1321 2756 1474 2810 fratri
1529 2765 1738 2821 nostro,
1787 2766 1843 2813 ct

246 2846 375 2894 tunc
399 2839 683 2895 venientes
702 2840 988 2899 oll‘eramus
1009 2861 1206 2901 munus
1226 2855 1467 2901 nostrum
1491 2845 1716 2918 (Matth.
1749 2863 1838 2913 xv,

245 2927 358 2999 23).
396 2927 544 2984 Ecce
570 2930 763 2987 ductor
790 2940 848 2986 et
872 2933 1058 2988 doctor
1081 2942 1269 2990 noster
1314 2951 1346 2989 a
1406 2936 1843 2993 discordantibus

247 3036 350 3075 non
382 3021 503 3075 vult
527 3023 773 3094 accipere
796 3026 1143 3094 sacriﬁcium,
1169 3027 1541 3084 holocaustum
1565 3029 1842 3102 suscipere

249 3118 490 3166 recusat.
524 3111 623 3168 Hic
648 3127 779 3183 ergo
814 3116 1251 3186 perpendendum
1304 3126 1408 3183 est,
1470 3128 1731 3190 quantum
1768 3120 1839 3175 sit

247 3202 458 3256 malum
486 3202 788 3269 discordia,
820 3215 1042 3277 prepter
1062 3207 1204 3277 quod
1232 3216 1287 3263 et
1310 3207 1438 3263 illud
1464 3224 1571 3263 non
1597 3208 1838 3264 admitti-

249 3301 359 3358 tur,
388 3306 493 3362 per
511 3293 655 3362 quod
674 3296 828 3365 culpa
855 3296 1090 3349 laxatur.
1116 3296 1231 3352 Non
1259 3299 1402 3352 enim
1460 3314 1558 3354 nos
1579 3301 1839 3355 adversus

249 3383 461 3440 fratres
514 3396 730 3442 nostros
779 3387 1059 3451 habemus,
1087 3388 1134 3443 si
1172 3389 1297 3444 talia
1349 3398 1536 3445 contra
1572 3406 1671 3446 nos
1711 3401 1839 3447 ante

246 3476 603 3531 collationem
635 3470 991 3549 scripserunt.
1019 3477 1126 3535 Sed
1155 3479 1484 3535 credendum
1535 3490 1621 3536 est
1678 3482 1723 3536 si
1749 3480 1838 3536 illa

249 3567 620 3636 scripsissent,
651 3567 720 3623 ad
748 3583 869 3635 nos,
912 3577 1101 3624 contra
1152 3584 1287 3638 quos
1344 3567 1434 3624 illa
1486 3572 1836 3641 scripserant,

254 3658 712 3715 transmisissent.
735 3658 892 3715 Nunc
917 3674 1095 3715 autem
1125 3660 1229 3715 illis
1244 3664 1512 3730 quomodo
1540 3662 1839 3718 rescribere

250 3764 563 3820 possumus,
592 3765 715 3804 cum
746 3758 927 3804 utrum
964 3750 1053 3804 illa
1084 3751 1399 3822 scripserint
1426 3754 1768 3825 ignoremus?

319 3843 817 3898 Verumtamenne
853 3844 968 3898 sine
1007 3858 1264 3915 responso
1304 3854 1490 3900 nostro
1530 3854 1713 3900 vestra
1739 3846 1837 3901 do-

252 3935 484 3989 minatio
511 3942 751 4000 maneat,
787 3935 939 3991 vobis
986 3935 1052 3989 de
1095 3934 1249 4004 cujus
1297 3952 1457 3992 manu
1500 3937 1589 3992 illa
1630 3939 1839 4007 accepi-

251 4042 399 4090 mus,
428 4026 612 4091 corde,
636 4041 757 4093 ore,
781 4034 838 4081 et
882 4026 1041 4097 style,
1073 4042 1180 4081 non
1217 4027 1571 4083 formidantes
1614 4043 1841 4097 carpen-

252 4118 390 4172 tium
417 4132 519 4172 nos
540 4117 963 4187 derogationem,
1008 4118 1331 4188 respondere
1357 4133 1628 4172 curamus.
1658 4117 1840 4173 Primo

251 4206 465 4261 scilicet
497 4206 775 4261 mittentes
799 4221 862 4261 ea
885 4208 1094 4276 quae'ab
1123 4207 1327 4261 eisdem
1359 4205 1616 4261 fratribus
1638 4207 1840 4265 nostris

254 4296 304 4352 in
326 4296 541 4365 synodo
569 4297 875 4365 conscripta
912 4296 1078 4353 fuisse
1105 4298 1373 4366 leguntur,
1403 4297 1527 4353 licet
1554 4298 1679 4353 hinc
1714 4307 1840 4354 ante

252 4384 362 4438 alia
383 4384 551 4439 fuisse
587 4384 892 4454 conscripta
930 4387 1289 4457 reperiantur.
1332 4386 1440 4442 Sed
1479 4389 1603 4457 quia
1642 4390 1756 4444 hmc
1784 4390 1837 4445 iu

253 4481 691 4553 suggillationem
730 4491 972 4537 nostram
996 4490 1049 4536 et
1083 4492 1272 4537 contra
1319 4493 1570 4555 excerpta
1614 4501 1643 4539 a
1685 4485 1840 4540 nobis

255 4570 490 4640 capitula
534 4571 779 4627 confecta
810 4581 1125 4638 noscuntur,
1183 4589 1246 4627 ea
1299 4574 1533 4643 primum
1572 4572 1829 4642 judicavi-

256 4675 379 4714 mus
407 4675 630 4731 ponere,
654 4677 774 4731 qua:
798 4662 1019 4733 majoris
1062 4662 1317 4726 nominis,
1355 4663 1481 4717 licet
1517 4680 1621 4718 non
1650 4674 1838 4719 aucto-

258 4750 461 4816 ritatis,
505 4752 632 4822 quia
683 4752 882 4822 partim
930 4768 1038 4807 non
1086 4752 1347 4818 veritatis,
1395 4763 1614 4823 propter
1660 4762 1840 4808 tamen

259 4843 572 4911 synodalem
598 4843 1074 4913 pmtitulationem
1120 4844 1340 4914 dignum
1359 4843 1613 4900 duximus
1637 4846 1841 4915 magni-

260 4934 515 5004 pendere.
544 4932 749 4991 Deinde
777 4934 866 4989 illa
897 4950 1017 5006 quae
1056 4951 1087 4989 a
1123 4933 1368 5005 pluribus
1389 4945 1444 4989 ct
1474 4952 1571 5006 per
1612 4935 1839 4991 aliorqu

248 5038 456 5096 .manus
477 5023 545 5078 de
569 5023 811 5094 pluribus
846 5040 913 5080 ex
942 5025 1028 5080 his
1053 5025 1233 5080 causis
1262 5026 1597 5095 accepimus,
1624 5037 1844 5097 propter

260 5132 426 5185 quam
455 5118 832 5171 necessitatem
853 5133 921 5173 ex
949 5118 1338 5174 catholicorum
1362 5117 1604 5183 Patrum,
1627 5128 1686 5172 ut
1706 5118 1843 5172 dixi-

262 5224 405 5275 mus,
436 5206 686 5263 sensibus
706 5216 763 5262 et
786 5208 965 5262 verbis
1000 5207 1234 5277 capitula
1264 5208 1351 5262 illa
1388 5218 1620 5278 quatuor
1650 5224 1842 5264 excer-

262 5312 389 5366 pere
427 5296 864 5368 procuravimus,
890 5313 951 5353 ea
983 5298 1289 5353 conditione
1312 5307 1370 5352 ut
1406 5297 1473 5353 de
1508 5299 1841 5370 singulorum

262 5390 476 5459 scriptis
497 5404 561 5445 ex
585 5389 808 5460 singulis
827 5390 1109 5445 sententiis
1128 5406 1247 5460 qtae
1271 5392 1323 5445 in
1347 5407 1376 5445 a
1399 5392 1553 5447 nobis
1574 5393 1845 5462 excerptis

262 5479 512 5548 capitulis
534 5480 894 5546 continentur,
921 5481 1169 5552 quaedam
1202 5492 1364 5552 prout
1396 5497 1620 5539 necesse
1646 5483 1844 5538 videri-

265 5584 382 5622 mus
405 5583 689 5637 ponamus.
720 5568 849 5625 Post
891 5569 1030 5637 haac,
1077 5569 1309 5640 capitula
1344 5585 1372 5624 a
1404 5572 1558 5628 nobis
1587 5580 1842 5643 excerpta

264 5662 329 5717 de
357 5662 579 5718 Patrum
630 5665 878 5720 sensibus
906 5673 961 5721 et
986 5665 1187 5730 verbis,
1218 5671 1277 5719 ut
1322 5664 1409 5718 illa
1448 5666 1841 5737 excerpsimus,

266 5768 463 5819 ponere
493 5754 924 5824 procurabimus.
981 5753 1045 5809 Et
1099 5748 1369 5810 sidivinis
1417 5762 1470 5809 et
1521 5755 1844 5813 authenticis

1863 3166 1910 3229 C

1944 572 2251 634 sanctaque
2272 563 2528 621 Romana:
2554 566 2698 621 sedis
2720 563 2863 630 ﬁdei,
2889 574 2946 621 et
2963 565 3387 621 orthodoxorum
3410 562 3512 619 Pa-

1944 662 2092 708 trum
2133 652 2400 719 sensibus,
2452 653 2547 723 qui
2598 651 2772 708 eidem
2813 662 3014 709 sanctae
3055 653 3217 708 matri
3258 653 3514 709 Ecclesia)

1940 744 2333 814 praesederunt,
2356 752 2414 800 et
2441 744 2533 816 qui
2557 745 2626 800 ab
2670 746 2858 801 eadem
2905 746 3199 815 apostolica
3251 747 3377 803 sede
3404 746 3513 802 Ro-

1943 852 2105 891 mana
2136 836 2291 893 nobis
2320 838 2375 891 in
2403 850 2609 893 canone
2656 837 2948 905 recipiendi
2975 838 3083 893 dati
3121 845 3266 904 sunt,
3292 852 3511 893 sensum

1943 937 2188 982 nostrum
2225 930 2277 982 in
2303 928 2510 983 eisdem
2544 927 2794 997 capitulis
2829 943 3141 1005 expressum
3190 930 3510 985 concordari

1944 1015 2318 1074 demonstrare
2345 1020 2702 1088 potuerimus,
2741 1033 2906 1091 agere
2930 1020 3216 1087 veraciter,
3238 1021 3515 1076 humiliter

1942 1124 2010 1165 ac
2034 1110 2230 1166 devote
2254 1110 2625 1166 studebimus:
2650 1112 2775 1181 quia
2801 1111 3030 1168 aliorum
3062 1114 3132 1168 ad
3153 1114 3512 1184 stipulandum

1942 1209 2142 1255 nostra:
2161 1200 2440 1257 catholica:
2461 1201 2827 1270 intelligentia:
2852 1216 3074 1259 sensum
3108 1204 3405 1259 sententias
3427 1218 3515 1259 re-

1941 1290 2122 1360 cipere
2150 1307 2250 1348 nec
2274 1290 2517 1362 proferre
2536 1292 2825 1359 voluimus,
2852 1309 2975 1350 cum
3004 1304 3215 1352 constet
3242 1295 3370 1352 illud
3394 1310 3516 1351 esse

1941 1395 2131 1436 verum
2170 1391 2333 1454 atque
2370 1383 2691 1440 catholicum
2737 1386 2879 1454 quod
2909 1386 3023 1455 ipsa
3063 1396 3239 1441 mater
3273 1387 3515 1442 omnium

1943 1471 2417 1538 Eeclesiarum,‘et
2432 1472 2754 1530 universalis
2774 1474 3011 1531 Ecclesia
3045 1475 3262 1532 duxerit
3297 1477 3364 1531 ad
3389 1491 3516 1547 pro-

1941 1557 2291 1621 bandum.'Et
2312 1564 2360 1621 si
2383 1566 2474 1634 qui
2502 1564 2719 1620 fuerunt
2737 1566 2985 1637 appellati
3014 1567 3282 1633 doctores,
3304 1569 3372 1623 ad
3391 1584 3517 1638 pro-

1941 1656 2173 1713 bandam
2197 1654 2321 1712 ﬁdei
2347 1657 2710 1725 sinceritatem
2742 1657 2953 1712 illorum
2975 1659 3270 1714 sententias
3301 1674 3407 1713 non
3434 1676 3517 1719 re-

1944 1747 2192 1819 cipimus,
2221 1765 2393 1818 neque
2420 1748 2764 1820 proferimus,
2808 1751 2911 1806 nisi
2953 1766 3181 1822 quorum
3223 1753 3517 1808 sententias

1870 1824 1917 1884 Β
1944 1837 2058 1908 ipsa
2086 1838 2350 1894 catholica
2374 1847 2545 1895 mater
2584 1839 2823 1895 Ecclesia
2861 1842 3099 1896 decrevit
3122 1857 3240 1898 esse
3267 1842 3516 1912 probabi-

1943 1926 2041 1983 les.
2076 1927 2133 1982 Si
2163 1938 2341 1983 autem
2367 1938 2420 1984 et
2448 1930 2613 2001 aliqui
2653 1941 2993 1988 emerserunt
3030 1935 3122 2003 qui
3163 1934 3513 1989 doctrinalem
3541 2006 3548 2015 .

1942 2020 2254 2075 cathedram
2304 2031 2613 2091 tenuerunt,
2662 2034 2947 2097 postquam
2998 2029 3067 2084 ab
3088 2032 3277 2086 eadem
3326 2039 3517 2085 sancta

1941 2112 2070 2167 sede
2088 2128 2260 2169 canon
2284 2130 2561 2171 sacrarum
2591 2116 3019 2188 Scripturarum,
3051 2129 3213 2191 atque
3236 2122 3518 2178 doctorum

1941 2204 2352 2272 catholicorum,
2391 2206 2636 2263 ﬁdelibus
2665 2210 2874 2265 cunctis
2901 2218 2983 2266 est
3014 2211 3194 2277 datus,
3218 2213 3317 2283 qui
3362 2213 3519 2268 aliter

1941 2305 2248 2363 senserunt,
2284 2314 2446 2368 quam
2481 2298 2580 2368 ipsi
2609 2298 2986 2355 intellexerunt
3007 2310 3168 2373 atque
3197 2301 3515 2372 docuerunt,

1942 2402 2079 2455 quos
2109 2387 2221 2458 ipsa
2252 2399 2426 2444 mater
2454 2390 2718 2445 catholica
2748 2407 2847 2447 suo
2874 2393 3177 2450 orthodoxo
3211 2394 3331 2450 sinu
3370 2410 3517 2451 rece-

1940 2478 2040 2549 pit,
2065 2479 2427 2549 amplectitur,
2455 2488 2618 2552 atque
2661 2479 2827 2548 fovet,
2862 2499 2964 2539 nec
2988 2484 3264 2550 debemus,
3294 2500 3394 2541 nec
3427 2501 3518 2540 ne-

1940 2584 2093 2624 cesse
2117 2568 2399 2636 habemus,
2453 2572 2521 2626 ad
2560 2574 2941 2629 auctoritatem
2969 2577 3267 2630 sententias
3305 2576 3521 2631 illorum

1941 2655 2205 2727 proferre,
2236 2666 2328 2712 aut
2370 2659 2611 2730 recipere
2649 2661 2912 2727 volumus,
2944 2663 3195 2733 quoniam
3224 2663 3277 2719 in
3320 2664 3437 2719 istis
3465 2672 3521 2719 et

1940 2762 2039 2818 per
2065 2748 2195 2803 istos
2224 2750 2356 2803 satis
2378 2750 2445 2803 ad
2486 2750 2711 2806 salutem
2743 2752 3024 2808 habemus.
3052 2753 3121 2809 Et
3156 2754 3201 2810 si
3234 2755 3326 2825 qui
3360 2755 3520 2811 aliter

1946 2852 2107 2907 quam
2138 2838 2224 2892 isti
2253 2839 2548 2894 maturiore
2570 2850 2625 2895 et
2647 2841 2863 2897 saniore
2884 2843 3208 2902 documento
3226 2846 3517 2903 tenendum

1944 2928 2265 2996 docuerunt,
2306 2929 2671 3000 dogmatizant
2714 2941 2807 2986 aut
2848 2933 3213 3005 dogmatizare
3257 2952 3518 3007 prtesum-

1943 3027 2188 3093 pserunt,
2205 3029 2373 3076 totum
2395 3023 2640 3079 ducimus
2662 3022 2783 3080 lidei
2803 3033 2858 3079 et
2879 3025 3037 3080 saluti
3061 3027 3345 3085 adversum
3368 3028 3523 3099 quid-

1945 3112 2075 3184 quid
2102 3112 2170 3168 ab
2192 3128 2378 3168 eorum
2403 3114 2601 3170 salubri
2634 3116 2880 3172 doctrina
2924 3126 3136 3173 constat
3178 3132 3300 3175 esse
3345 3119 3523 3175 diver-

1940 3218 2081 3259 sum.
2108 3202 2305 3257 Eorum
2339 3204 2501 3281 etiam
2529 3207 2825 3261 sententias
2847 3207 2939 3276 qui
2966 3207 3145 3262 divina
3186 3209 3518 3279 dignatione,

1937 3298 2224 3362 postquam
2250 3291 2363 3362 ipse
2385 3308 2556 3347 canon
2583 3309 2610 3347 a
2642 3293 2799 3349 beato
2820 3294 3034 3351 Gelasio
3055 3298 3391 3368 conscriptus
3414 3307 3517 3363 est,

1939 3399 2101 3440 sensu
2128 3393 2184 3439 et
2206 3385 2453 3451 doctrina
2496 3385 2764 3441 catholica
2795 3395 2851 3440 et
2901 3387 3191 3442 sanctitate
3234 3403 3523 3444 conversa-

1940 3476 2102 3531 tionis
2127 3476 2184 3531 in
2212 3476 2455 3533 Ecclesia
2489 3475 2807 3544 ﬂoruerunt,
2850 3478 2998 3534 etab
3041 3478 3282 3549 ipsorum
3333 3482 3524 3537 ortho-

1939 3567 2203 3623 doxorum
2251 3567 2497 3636 Patrum,
2552 3570 2643 3641 qui
2700 3570 2756 3625 in
2803 3570 2993 3653 eodem
3020 3584 3229 3628 canone
3273 3564 3527 3631 adnotati-

1939 3666 2089 3724 sunt,
2127 3657 2271 3715 fideli
2313 3660 2440 3730 quia
2469 3661 2733 3716 catholica
2774 3661 3019 3716 doctrina
3059 3662 3192 3717 nihil
3220 3661 3523 3733 dissonum,

1939 3748 2075 3803 nihil
2099 3749 2371 3805 diversum
2393 3751 2726 3821 scripserunt
2767 3752 2850 3807 vel
2871 3752 3189 3819 docuerunt,
3220 3755 3525 3811 reverentia

1939 3839 2057 3908 pari
2084 3839 2475 3911 amplectimur.
2507 3841 2684 3897 Veluti
2723 3843 3046 3899 venerabilis
3093 3843 3250 3899 Beda:
3291 3846 3519 3917 presby-

1942 3929 2063 3993 teri,
2088 3943 2119 3983 a
2148 3929 2424 4001 discipulis
2451 3932 2622 3987 sancti
2650 3947 2800 4002 papa:
2828 3932 3077 4004 Gregorii
3118 3935 3384 3991 catholica
3417 3936 3524 3995 lide

1942 4019 2157 4087 imbuti,
2175 4022 2241 4077 'et
2266 4038 2296 4076 a
2323 4031 2510 4079 sancto
2537 4022 2823 4081 Theodoro
2860 4026 3286 4098 archiepiscopo,
3317 4027 3539 4083 utrius-.

1940 4127 2047 4182 que
2078 4112 2294 4183 linguae,
2317 4112 2519 4169 Graecae
2547 4114 2795 4171 videlicet
2841 4125 2896 4171 et
2920 4116 3148 4182 Latina},
3173 4118 3371 4188 perito,
3396 4126 3452 4173 et
3488 4131 3524 4172 a

1942 4213 2126 4259 sancta
2152 4204 2394 4259 Romana
2421 4206 2664 4260 Ecclesia
2695 4207 2762 4261 ad
2802 4207 3004 4277 Anglos
3051 4217 3172 4278 post
3219 4208 3510 4279 discipulos

1941 4293 2085 4348 beati
2114 4293 2359 4366 Gregorii
2388 4296 2456 4351 ad
2492 4295 2849 4351 eruditionem
2878 4298 3219 4361 transmisso.
3262 4315 3366 4353 non
3410 4316 3523 4354 mc-

1943 4384 2198 4440 diocriter
2228 4388 2497 4453 instructi,
2522 4402 2586 4443 ac
2634 4388 2953 4447 veneranda:
2999 4389 3272 4445 memoria:
3314 4389 3544 4445 Paulini--

1943 4474 2267 4545 patriarchae
2326 4476 2686 4547 Aquileiensis
2736 4478 3039 4547 parochize,
3093 4489 3254 4549 atque
3306 4479 3519 4534 Alcuinl

1942 4565 2045 4619 viri
2068 4566 2301 4637 religiosi
2334 4576 2391 4623 et
2425 4568 2588 4625 docti.
2635 4567 2875 4637 Quorum
2924 4568 3083 4626 fidem
3128 4579 3183 4623 et
3224 4569 3521 4625 doctrinam

1942 4657 2238 4726 apostolica
2288 4659 2443 4714 sedes
2486 4658 2730 4716 Romana
2771 4675 2881 4716 non
2918 4659 3091 4716 solum
3136 4660 3524 4731 benignissime

1942 4749 2261 4819 acceptavit,
2294 4765 2480 4805 verum
2507 4759 2561 4805 et
2583 4750 2767 4806 multis
2792 4750 3039 4807 laudibus
3066 4752 3277 4818 extulit,
3306 4752 3445 4811 sicut
3465 4752 3522 4811 in

1944 4840 2161 4910 scriptis
2188 4840 2355 4913 ipsius
2378 4850 2578 4897 sanctae
2603 4841 2747 4898 sedis
2770 4843 3094 4908 invenimus,
3124 4858 3243 4913 qua:
3265 4842 3523 4899 Ecclesia:

1945 4938 2145 4986 nostra:
2193 4932 2262 4989 ab
2319 4931 2507 4987 eadem
2559 4931 2925 4988 Ecclesiarum
2968 4942 3143 4989 matre
3198 4943 3521 5003 acceperunt

1946 5031 2187 5095 tempore
2209 5025 2345 5080 divae
2383 5027 2659 5082 memoriae
2695 5025 2871 5083 Caroli
2912 5027 3275 5098 imperatoris,
3304 5025 3519 5097 quando

1946 5114 2186 5183 synodus
2211 5128 2308 5183 pro
2328 5115 2545 5185 cognita
2597 5114 2914 5174 infidelitate
2960 5115 3155 5170 Felicis
3194 5122 3278 5169 est
3313 5113 3514 5176 habita,

1944 5213 2000 5258 et
2027 5206 2091 5259 ad
2116 5204 2411 5261 llmnanam
2434 5206 2728 5263 Ecclesium
2753 5207 2899 5261 velut
2929 5206 2995 5261 ad
3019 5207 3228 5276 apicem
3255 5203 3523 5259 Ecclesia-

1946 5316 2065 5357 rum
2122 5301 2457 5357 transmissa.
2503 5301 2609 5356 Sed
2650 5310 2930 5355 eteorum
2973 5299 3173 5368 scripta
3227 5296 3320 5367 qui
3370 5295 3521 5367 legit,

1945 5408 2106 5463 quam
2134 5393 2240 5446 sint
2258 5391 2522 5447 laudanda
2557 5400 2613 5448 et
2642 5390 2948 5460 recipienda
2979 5386 3245 5459 intelligit.
3279 5386 3523 5455 Denique

1946 5480 1992 5536 si
2025 5479 2233 5544 talium,
2264 5489 2324 5534 ut
2350 5478 2604 5546 diximus,
2631 5478 2915 5535 sententiis
2941 5475 3258 5532 concordari
3283 5475 3529 5548 capitula

1944 5554 2456 5640 quae‘excerpsimus
2480 5570 2852 5625 demonstrare
2898 5581 3005 5622 non
3047 5567 3398 5637 potuerimus,
3422 5581 3520 5636 pe-

1947 5660 2052 5714 rati
2075 5674 2261 5715 sumus
2308 5659 2640 5715 doctioribus
2682 5666 2739 5713 et
2766 5657 3045 5714 catholicis
3071 5672 3257 5714 aurem
3304 5671 3521 5713 accom-

1948 5751 2189 5820 modare,
2245 5766 2465 5808 sensum
2509 5749 2764 5821 subdere,
2802 5757 2857 5808 ct
2885 5749 3001 5807 sine
3039 5751 3384 5808 contentiotne
3426 5761 3533 5803 nos
