4052 6334
494 334 587 395 58
1476 338 1812 398 HINCMARI
1851 337 2244 395 RHEMENSIS
2277 337 2791 400 ARCHIEPISCOPI
3706 345 3777 407 86

508 446 771 504 doctrina
790 446 1005 504 illorum
1027 446 1314 520 subjicere.
1337 447 1405 505 Et
1427 451 1554 521 quia
1582 451 1822 508 libellum
1852 452 1921 508 de
1948 453 2090 508 scri-
2117 462 2164 521 Α
2190 454 2401 523 quinto.
2440 456 2582 511 unde
2630 465 2815 512 notam
2863 457 3021 514 nobis
3064 458 3217 528 quasi
3453 468 3513 516 et
3534 474 3566 517 e
3603 461 3775 518 latere

510 538 604 596 nio
645 540 802 596 bona:
831 541 1106 597 memoria:
1139 541 1325 598 fratris
1352 544 1519 599 vestri
1561 543 1802 600 Lotbarii
1829 546 1949 601 sine
1996 561 2093 603 no—

508 628 656 685 mine
694 631 933 687 auctoris
980 632 1335 702 suscepimus,
1382 634 1437 689 in
1489 650 1599 705 quo
1626 636 1955 708 singillatim
1992 652 2091 708 per

509 720 628 778 loca
654 722 864 792 singula
889 724 1124 794 capitula
1148 740 1178 780 a
1208 725 1365 782 nobis
1385 736 1638 799 excerpta
1668 738 1795 784 sunt
1819 731 2017 799 posita,
2034 739 2094 786 et

514 826 742 866 assensu
768 813 932 880 illius,
946 816 1287 887 quiscunque
1312 816 1401 871 ille
1416 815 1596 883 fuerit,
1615 818 1944 891 reprehensa
1965 829 2093 877 sunt

509 913 566 959 et
618 904 874 961 damnata
905 947 922 972 ,
959 921 1082 963 cum
1128 908 1196 964 de
1241 910 1630 966 catholicorum
1666 912 1889 969 Patrum
1935 914 2092 971 dictis

509 1005 696 1100 nostra
733 998 967 1100 capitula
1001 997 1047 1055 si
1087 1001 1385 1070 poterimus
1415 1002 1738 1061 conﬁrmare
1760 1006 2090 1073 curabimus,

509 1088 679 1159 ipsius
700 1090 866 1147 etiam
896 1092 1344 1163 reprehensiones
1379 1110 1660 1166 ponemus,
1690 1106 1746 1152 et
1776 1113 1889 1164 eas,
1922 1114 2095 1169 quan-

507 1187 624 1236 tum
669 1182 927 1239 Dominus
963 1184 1192 1250 dederit,
1232 1185 1513 1241 confutare
1558 1188 1911 1245 studebimus.
1938 1180 2112 1246 Tune'

506 1276 723 1330 demunt
762 1288 1025 1346 ponemus
1048 1274 1378 1349 de‘capitulo
1404 1278 1742 1339 cont'ratrum
1776 1289 2087 1338 nostrorum

2198 544 2558 615 impegerunt,
2588 549 2731 616 quod
2763 549 2816 603 in
2845 547 3183 605 Gothescalci
3224 552 3445 621 scriptis
3473 552 3777 609 invenimus

2196 645 2477 706 postquam
2526 639 2758 708 capitula
2795 650 3027 710 quatuor
3070 657 3213 713 saepe
3249 654 3547 699 memorata
3588 660 3779 701 excer-

2195 727 2424 797 psimus,
2453 738 2509 784 et
2534 731 2665 801 quid
2690 732 2815 788 inde
2842 734 3157 800 sentiamus,
3190 736 3417 791 Domino
3457 736 3777 806 inspirante,

2195 819 2459 876 dicemus.
2491 822 2558 876 Et
2581 823 2668 885 sic,
2715 825 2930 879 tandem
2977 827 3328 897 subjiciemus
3353 827 3440 882 illa
3484 828 3669 883 decem
3718 836 3779 883 et

2194 929 2287 969 sex
2317 916 2551 986 capitula
2581 933 2680 987 pro
2725 918 2923 988 quibus
2954 920 3021 976 de
3063 921 3347 978 Scotorum
3389 922 3626 992 pultibus
3648 939 3781 978 con-

2193 1005 2392 1063 fratres
2437 1009 2630 1075 nostri,
2679 1010 2798 1066 sine
2843 1012 2998 1083 culpa
3024 1026 3230 1079 nostra,
3272 1016 3325 1070 in
3358 1017 3461 1070 hac
3515 1016 3782 1070 duntaxat

2193 1114 2358 1155 causa
2386 1114 2489 1156 nos
2517 1116 2738 1171 pascere
2786 1104 3162 1170 decreverunt,
3210 1118 3263 1161 et
3288 1107 3418 1176 quid
3463 1106 3529 1161 de
3569 1106 3781 1162 eisdem

2194 1192 2445 1261 capitulis
2479 1194 2797 1264 sentiamus,
2838 1212 2906 1253 ex
2930 1198 3316 1254 catholicorum
3360 1197 3581 1253 Patrum
3606 1198 3782 1254 sensi-

2194 1284 2296 1341 bus
2322 1285 2690 1343 ostendemus.

511 1455 3737 1500 -——-—-—-——-———o————————-———__________________..

1502 1702 1507 1705 λ
1586 1544 2677 1702 nauculam

1704 1797 2181 1843 ARCBIEPISCOPI
2223 1799 2580 1844 RHEMENSIS

1199 1962 1734 2046 PIUEFATIO
1808 1960 2582 2057 SUBSEQUENTIS
2654 1962 3052 2044 OPERIS.

573 2235 775 2292 Omnes
798 2233 853 2290 in
894 2246 1125 2305 quorum
1156 2245 1350 2309 manus
1370 2231 1476 2286 hoc
1517 2229 1719 2286 laboris
1746 2228 1918 2284 nostri
1961 2242 2095 2300 epu-
2124 2234 2170 2295 Β
2200 2236 2363 2284 ventu
2409 2226 2548 2297 apud
2578 2224 2861 2304 Bouoilum
2914 2220 3377 2292 transcripsimus,
3417 2226 3474 2275 et
3523 2228 3644 2290 post
3686 2234 3780 2275 re-

504 2329 713 2387 sculum
761 2328 996 2393 venerit,
1045 2324 1274 2396 supplici
1335 2322 1623 2379 devotione
1681 2336 1780 2390 per
1813 2319 2093 2375 cbaritatis

503 2422 713 2477 viscera
760 2416 1097 2491 postulamus
1140 2426 1200 2470 ut
1246 2414 1504 2485 quoniam
1547 2413 1614 2468 de
1652 2411 1785 2484 ipsis
1824 2409 2094 2466 schedulis

503 2510 840 2568 notariorum
887 2516 1014 2565 ante
1061 2505 1538 2570 emendationem,
1593 2504 1830 2557 instante
1875 2499 2096 2556 domino

442 2626 448 2633 ·
504 2613 696 2662 nostro
741 2618 870 2675 rege
899 2599 1115 2666 Carolo,
1157 2598 1259 2654 sub
1309 2596 1589 2652 celeritate
1638 2594 1769 2649 illud
1806 2590 2094 2647 transcribi

502 2696 756 2761 fecimus,
785 2703 841 2749 et
866 2692 1068 2749 idcirco
1100 2690 1154 2745 in
1183 2688 1319 2744 locis
1360 2686 1608 2758 plurimis
1632 2684 1780 2740 eradi
1825 2691 1882 2738 et
1910 2697 2096 2737 emen-

503 2788 620 2842 dari
646 2785 892 2857 quaedam
916 2782 1212 2839 necessitas
1240 2779 1521 2850 compulit,
1548 2777 1593 2833 si
1626 2785 1782 2832 nacta
1806 2774 2093 2831 occasione

506 2877 707 2947 aliquis
733 2875 959 2932 aemulus
988 2882 1136 2929 recta
1175 2873 1305 2927 hinc
1351 2870 1603 2934 eraserit,
1644 2877 1700 2922 et
1746 2865 1886 2922 forte
1924 2878 2094 2936 prava

504 2967 969 3038 superinduxerit,
995 2972 1088 3018 aut
1118 2963 1444 3031 scriptorum
1472 2959 1740 3029 imperitia
1763 2973 1919 3013 secus
1952 2967 2097 3011 tran-

503 3058 811 3133 scripserit,
859 3056 1095 3113 alienum
1151 3053 1308 3108 nobis
1361 3066 1603 3105 errorem
1646 3065 1751 3103 non
1805 3048 2093 3116 imputent.

507 3150 616 3207 Sed
658 3150 888 3209 collecta
939 3148 1029 3203 hic
1068 3161 1100 3200 a
1135 3144 1291 3201 nobis
1338 3144 1645 3203 testimonia
1701 3140 2094 3196 catholicorum

505 3242 879 3316 inspicientes,
911 3254 1140 3313 quorum
1169 3237 1468 3295 doctrinam
1501 3251 1681 3299 sensu,
1711 3250 1805 3290 ore
1829 3243 1884 3289 et
1909 3247 2094 3297 manu,

507 3342 770 3406 quantum
803 3334 897 3390 dat
923 3331 1208 3396 Dominus,
1234 3330 1530 3401 sequimur,
1555 3336 1648 3383 aut
1668 3325 2097 3397 superseminata

509 3427 581 3483 ab
615 3425 841 3484 inimico
866 3423 1078 3480 zizania
1118 3422 1174 3478 in
1209 3421 1390 3477 medio
1428 3420 1593 3476 tritici
1638 3419 1872 3475 evellant
1908 3424 1967 3472 et
1987 3416 2098 3473 col-

508 3516 709 3589 ligant,
727 3523 824 3573 aut
858 3515 905 3571 si
938 3522 1149 3569 tantum
1188 3511 1447 3568 adbibere
1492 3509 1695 3583 dignati
1739 3506 1942 3567 fuerint
1987 3515 2097 3561 stu-

511 3583 687 3671 dium,
726 3620 823 3677 per
853 3590 1231 3676 quemcﬁique
1275 3601 1385 3658 illis
1411 3601 1678 3672 placuerit
1722 3600 1912 3669 paucis
1956 3598 2098 3653 litte-
2124 3583 2169 3645 C

481 3698 650 3775 ~rulis
699 3698 818 3756 haec
875 3695 1290 3760 innotescendo,
1344 3694 1411 3749 de
1472 3691 1727 3748 Ecclesiae
1781 3690 2102 3746 Rhemeusis

511 3792 738 3850 archiva
777 3791 923 3848 unde
971 3788 1361 3854 dubitaverint,
1408 3786 1649 3842 relevare
1691 3791 2004 3855 procurent.
2036 3782 2103 3839 Et

508 3884 668 3955 cujus
701 3880 1001 3954 dignationi
1044 3881 1165 3937 haec
1210 3895 1331 3950 quas
1385 3885 1685 3948 sequuntur
1736 3875 2102 3930 transcribere

431 4050 436 4055 ὓ
509 3974 924 4048 eomplacuerit,
970 3973 1113 4028 hanc
1159 3972 1322 4027 etiam
1372 3968 1790 4041 postulationem
1834 3966 2101 4022 conscribi

511 4080 825 4139 quaesumus
868 4062 1053 4119 faciat.
1099 4060 1231 4129 Quae
1278 4060 1405 4116 ideo
1447 4058 1683 4115 dicimus
1723 4065 1779 4113 et
1818 4071 2104 4128 precamur

513 4157 772 4230 quoniam
817 4164 875 4212 et
905 4154 1034 4210 olim
1067 4151 1376 4209 Nestorium
1419 4148 2099 4220 Constantinopolitanum,

460 4270 463 4271 '
509 4257 569 4305 et
594 4246 894 4305 Macarium
922 4243 1321 4300 Antiochenum
1352 4240 1690 4310 episcopum.
1720 4238 1786 4294 de
1816 4234 2104 4308 scripturis

508 4340 839 4399 autbenticis
866 4355 931 4396 ac
958 4346 1273 4395 sanctorum
1301 4335 1463 4390 dictis
1488 4332 1736 4404 quzedam
1759 4330 2104 4387 interrasisse

513 4445 685 4504 atque
702 4430 1009 4502 corrupisse
1038 4427 1396 4500 prodentibus
1422 4424 1591 4495 gestis
1618 4421 2003 4493 comperimus.
2037 4418 2103 4472 Et

511 4526 658 4584 sicut
711 4524 951 4594 ipsorum
998 4519 1103 4590 qui
1158 4516 1522 4573 interfuerunt
1572 4514 1803 4570 concilio
1842 4510 2103 4566 relatione

513 4613 837 4680 didicimus,
855 4610 1075 4682 quando
1116 4608 1254 4664 diva:
1299 4606 1575 4663 memoriae
1624 4604 1855 4659 doumus
1878 4599 2103 4654 Carolus

514 4704 789 4769 Felicem,
811 4701 1082 4758 infelicem
1110 4697 1456 4769 Orgellitanze
1491 4694 1730 4753 civitatis
1765 4692 2103 4763 episcopum,

518 4797 767 4870 Synodali
815 4794 1036 4852 decreto
1094 4791 1409 4847 haereticum
1467 4788 1880 4859 comprobatum
1943 4791 2105 4850 atque

518 4890 835 4947 damnatum
887 4885 1175 4959 comperit,
1204 4884 1368 4940 etiam
1421 4882 1685 4938 revictum
1714 4876 1920 4933 invenit
1955 4874 2102 4945 quia,

518 4991 787 5054 corrupto.
817 4980 1133 5037 muneribus
1174 4976 1394 5047 iuniore
1436 4971 1851 5030 Bibliothecario
1887 4969 2104 5039 Aquon-

523 5075 602 5131 sis
623 5071 837 5144 palatii,
872 5071 1069 5128 librum
1109 5069 1255 5126 beati
1285 5066 1477 5131 Hilarii
1504 5065 1665 5132 rasit,
1693 5071 1749 5120 et
1793 5061 1886 5118 ubi
1927 5059 2102 5130 scrip-

521 5179 638 5225 tum
663 5166 939 5237 eratquia-
962 5166 1017 5221 in
1042 5164 1135 5223 Dei
1165 5163 1301 5219 Filio
1326 5161 1503 5217 carnis
1530 5157 1800 5214 humilitas
1823 5154 2101 5216 adoratur,

518 5258 749 5317 immisit
788 5258 965 5313 carnis
1011 5254 1283 5310 humilitas
1328 5251 1634 5321 adqptatur.
1689 5246 1796 5302 Sed
1850 5253 1905 5300 et
1961 5244 2102 5298 sicut

516 5366 650 5408 mox
688 5350 859 5405 lector
890 5346 1149 5411 inveniet,
1182 5356 1490 5401 sermonem
1531 5339 1678 5396 Flori
1726 5337 1793 5393 dc
1820 5332 2105 5409 praedesti-

520 5443 745 5500 natione
771 5440 1030 5512 nuperius
1075 5437 1281 5493 editum
1324 5449 1432 5489 mn
1460 5433 1670 5488 incerto
1708 5427 1906 5484 indicio
1933 5423 2107 5480 credi-

516 5550 648 5594 mus
675 5535 1057 5606 depravatum.

519 5677 529 5685 .
594 5626 653 5684 in
682 5627 862 5699 capite
901 5623 1263 5681 indiculorum
1290 5617 1570 5691 sequentis
1594 5614 2107 5686 operissermonem

526 5721 696 5788 Flori,
728 5734 889 5793 quem
938 5726 1223 5775 mutuante
1266 5711 1580 5777 Heriboldo,
1608 5706 1885 5780 quondam
1927 5701 2111 5769 Antis-

522 5811 922 5878 siodoreusium
955 5808 1252 5868 venerabili
1299 5806 1571 5873 episcopo,
1615 5801 1670 5858 in
1703 5796 1946 5867 synodali
1984 5811 2110 5851 con-

2194 2319 2507 2375 versionem
2538 2317 2604 2373 de
2634 2314 2863 2371 tumultu
2888 2312 3193 2378 Brionensi,
3244 2312 3477 2382 quodam
3518 2311 3783 2365 oll'erente

2194 2413 2417 2476 clerico,
2439 2425 2508 2465 ex
2540 2408 2743 2464 scrinio
2772 2407 2994 2470 Ebonis,
3029 2406 3170 2461 sicut
3210 2404 3327 2473 ipse
3353 2384 3587 2467 dixerat,
3613 2416 3780 2458 vene-

2195 2506 2380 2562 rabilis
2431 2499 2921 2571 Gratianopolitani
2971 2496 3212 2568 episcopi
3268 2493 3597 2564 accepimus,
3643 2492 3784 2547 inte-

2194 2613 2352 2671 grum
2404 2596 2493 2652 hic
2528 2609 2729 2667 ponere
2780 2592 3001 2661 dignum
3051 2588 3329 2653 duximus,
3368 2585 3493 2655 quia
3546 2592 3602 2640 et
3652 2598 3785 2638 con-

2194 2688 2496 2746 structione
2522 2693 2579 2740 ct
2609 2698 2803 2739 sensus
2829 2680 3062 2735 veritate
3100 2685 3257 2732 caute
3289 2675 3510 2740 incedit,
3538 2672 3783 2742 exceptis

2195 2781 2406 2839 duobus
2434 2779 2589 2842 locis,
2628 2779 2681 2833 in
2721 2776 2919 2847 quibus
2951 2790 3074 2829 eum
3112 2772 3186 2826 ita
3230 2768 3432 2825 dixisse
3471 2784 3575 2822 non
3608 2767 3783 2821 credi-

2194 2889 2317 2928 mus
2342 2871 2483 2927 sicut
2534 2870 2587 2924 in
2623 2883 2688 2924 eo
2713 2859 2918 2935 ‘scripto
2962 2862 3266 2918 invenimus
3293 2874 3455 2929 quem
3487 2857 3554 2911 de
3579 2855 3787 2912 scrinio

2199 2961 2522 3020 venerabilis
2566 2958 2768 3014 Ebonis
2808 2954 3137 3025 accepimus,
3167 2966 3290 3005 cum
3332 2950 3385 3003 in
3429 2948 3551 3002 aliis
3580 2947 3660 3001 sic
3694 2961 3785 3000 ca-

2199 3053 2397 3109 tbolice
2448 3050 2666 3113 dixerit,
2716 3048 2861 3102 sicut
2906 3044 3111 3116 patebit
3159 3040 3465 3113 legentibus
3504 3037 3786 3092 :maximo

2196 3144 2324 3215 quia
2349 3143 2401 3196 in
2431 3140 2618 3195 eodem
2651 3137 2877 3208 scripto,
2908 3150 3066 3204 quem
3105 3149 3202 3204 per
3230 3146 3420 3186 manus
3444 3127 3651 3200 prmfati
3680 3126 3784 3181 He-

2198 3232 2417 3297 riboldi,
2448 3231 2590 3286 sicut
2619 3228 2685 3282 ad
2733 3242 2791 3283 se
2835 3242 2863 3279 a
2897 3225 3156 3295 praedicto
3192 3221 3354 3277 Floro
3404 3218 3781 3274 transmissum

2199 3323 2527 3393 accepimus,
2578 3319 2738 3374 aliter
2778 3314 3146 3372 invenerimus
3190 3327 3356 3383 quam
3396 3310 3450 3365 in
3483 3310 3587 3365 isto
3621 3322 3783 3378 quem

2197 3426 2387 3490 postea
2419 3414 2749 3484 accepimus,
2793 3409 3145 3480 reperiamus.
3181 3404 3296 3473 Qua
3327 3404 3394 3460 de
3422 3418 3482 3458 re
3530 3403 3784 3456 immuta-

2196 3502 2316 3563 tum
2362 3508 2430 3562 ab
2488 3504 2669 3574 aliquo
2717 3501 3074 3569 suspicamur.
3124 3496 3255 3563 Quae
3298 3495 3435 3557 loca,
3491 3499 3782 3560 antequam

2203 3614 2511 3656 sermonem
2535 3597 2684 3651 illum
2708 3593 2947 3650 scribere
2969 3590 3301 3650 adoriamur,
3354 3584 3662 3656 specialiter
3689 3578 3784 3637 de-

2203 3692 2416 3760 signare
2445 3688 2777 3743 curabimus.
2811 3683 2914 3738 Ubi
2945 3681 3087 3736 enim
3110 3680 3240 3735 dicit
3267 3697 3279 3731 :
3313 3697 3331 3728 ‹
3365 3675 3470 3732 Sed
3493 3689 3629 3745 quos
3652 3688 3784 3743 pra:-

2203 3782 2362 3837 seivit
2395 3788 2450 3835 et
2494 3776 2744 3848 praevidit
2774 3773 2946 3829 malos
2975 3782 3137 3840 atque
3187 3770 3381 3838 impios
3422 3766 3631 3821 futuros
3659 3777 3785 3833 pro-

2202 3872 2320 3942 prio
2344 3871 2497 3933 vitio,
2526 3869 2641 3937 ipse
2685 3881 2780 3920 eos
2809 3862 3216 3935 praedestinavit
3251 3861 3316 3915 ad
3343 3867 3601 3914 {sternam
3629 3856 3785 3910 dam-

2203 3963 2476 4018 nationem
2494 3955 2894 4028 justojudicio;
2942 3974 2959 4006 ι
2995 3954 3048 4007 in
3075 3948 3163 4007 illa
3190 3949 3365 4005 rotula
3398 3942 3657 4017 scriptum
3688 3945 3785 3999 ba-

2203 4060 2360 4113 betur
2382 4070 2545 4125 quam
2576 4053 2642 4107 de
2665 4049 2954 4106 Heriboldo
2983 4046 3290 4116 accepimus
3314 4062 3327 4097 :
3365 4062 3384 4093 ‹
3418 4040 3523 4096 Sed
3543 4039 3668 4109 quia
3691 4051 3787 4106 eos

2203 4147 2474 4222 praescivit
2512 4153 2568 4200 et
2607 4141 2859 4212 praevidit
2904 4137 3077 4192 malos
3127 4144 3292 4204 atque
3343 4130 3538 4201 impios
3577 4127 3787 4182 futuros

2202 4219 2423 4312 proprio
2472 4234 2638 4296 vitio,
2686 4226 3091 4300 pracdestinavit
3136 4223 3205 4278 ad
3255 4232 3516 4277 aeternam
3565 4219 3788 4273 damna-

2204 4307 2425 4388 tionem,
2461 4339 2567 4395 qua
2616 4321 2719 4391 ipsi
2762 4319 3088 4392 punirentur
3132 4314 3281 4383 justo
3307 4310 3547 4387 judicio.
3582 4329 3600 4362 ι
3635 4308 3702 4363 Ει
3732 4307 3787 4361 ἰη

2204 4434 2269 4473 eo
2295 4416 2411 4471 loco
2456 4414 2545 4468 ubi
2582 4411 2845 4482 scriptum
2876 4416 2994 4463 est:
3037 4425 3055 4458 ‹
3085 4404 3200 4460 Non
3230 4402 3387 4459 'enim
3436 4401 3525 4456 ille
3553 4399 3790 4468 aliquem

2204 4502 2609 4577 praedestinavit
2637 4510 2696 4555 ut
2726 4499 2899 4554 malus
2941 4504 3104 4562 esset,
3152 4495 3248 4550 sed
3280 4508 3410 4547 vere
3437 4505 3652 4567 omnem
3678 4504 3792 4542 ma-

2206 4595 2315 4649 lum
2346 4589 2752 4664 praedesrinavit
2798 4598 2859 4643 ut
2889 4586 3186 4658 impunitus
3220 4600 3326 4638 non
3374 4589 3546 4645 esset;
3586 4599 3603 4631 ι
3639 4579 3787 4633 inve-

2208 4687 2389 4740 nimus
2443 4683 2497 4737 in
2531 4682 2704 4736 rotula
2754 4696 2917 4751 quam
2948 4694 2976 4731 a
3005 4675 3264 4750 pracdicto
3310 4668 3597 4726 lleriboldo
3640 4682 3793 4721 acce-

2206 4778 2385 4848 pimus
2415 4793 2428 4830 :
2461 4794 2480 4826 ί
2519 4773 2626 4828 Sed
2650 4787 2775 4826 vere
2814 4765 3218 4840 prmdestinavit
3261 4776 3498 4835 poenam,
3528 4767 3590 4813 ut
3615 4757 3792 4812 omnis

2210 4870 2386 4923 malus
2418 4865 2716 4936 impunitus
2757 4878 2863 4917 non
2902 4868 3066 4915 esset.
3103 4875 3123 4908 ι
3154 4855 3307 4924 Quod
3350 4854 3405 4908 in
3439 4850 3791 4921 sequentibus

2135 4933 2184 4994 D
2211 4960 2329 5030 ipse
2375 4933 2712 5013 demonstrat
2756 4951 2979 5006 dicens:
3015 4966 3034 4998 ι
3081 4944 3304 4999 Pcenam
3350 4948 3538 4998 eorum
3570 4947 3626 4993 et
3662 4952 3793 5009 prte-

2213 5052 2407 5115 scisse,
2438 5047 2563 5121 quia
2590 5047 2733 5101 Deus
2760 5052 2865 5107 est,
2904 5049 2961 5096 et
2991 5037 3427 5121 praedestinasse,
3460 5033 3589 5104 quia
3612 5032 3794 5102 justus

2212 5152 2317 5199 est.
2354 5161 2375 5194 ι
2409 5140 2615 5196 Caetera
2666 5133 2920 5192 catholici
2968 5131 3189 5188 lectoris
3225 5129 3430 5203 judicio
3471 5123 3793 5191 derelinqui-

2196 5221 2350 5291 'mus.
2385 5232 2491 5287 Sed
2548 5229 2750 5285 idcirco
2786 5227 2929 5281 hunc
2975 5237 3283 5281 sermonem
3323 5235 3388 5275 ex
3432 5218 3645 5286 integro
3691 5228 3789 5282 po-

2210 5340 2341 5380 nere
2377 5317 2741 5377 necessarium
2774 5313 3049 5379 duximus,
3098 5312 3226 5384 quia
3252 5324 3319 5364 ex
3342 5321 3406 5363 eo
3433 5304 3695 5361 conlictor
3737 5301 3792 5355 in

2215 5413 2464 5486 proximo
2520 5406 2966 5478 subsequentium
3012 5401 3368 5474 capitulorum
3420 5396 3527 5453 duo
3558 5392 3793 5466 capitula

2194 5494 2282 5560 ~de
2314 5499 2653 5574 prmscientia
2701 5507 2757 5553 et
2792 5495 3294 5568 praedestinatione,
3319 5487 3546 5545 confuso
3574 5492 3629 5540 et
3665 5498 3795 5554 prte-

2216 5604 2434 5670 postero
2455 5591 2666 5656 ordine,
2699 5606 2763 5646 ac
2792 5604 2954 5645 sensu
2999 5585 3308 5649 l‘al‘sissimo,
3357 5582 3410 5636 in
3441 5576 3678 5636 secundo
3707 5590 3798 5629 ca-

2218 5668 2390 5763 pitulo
2417 5684 2622 5745 studuit
2646 5685 2960 5756 compilare,
2983 5681 3121 5737 sicut
3156 5678 3245 5750 qui
3284 5677 3427 5732 hunc
3454 5682 3508 5729 et
3536 5670 3623 5727 illa
3658 5668 3797 5738 lege.

2222 5785 2294 5843 rit
2322 5792 2506 5855 aperte
2529 5778 2813 5850 intelliget.
