  <div class='ocr_page' id='page_1' title='image "/cluster/home/n/w/nwhite01/storage/ocr_20150623/125/hvd.32044015471667/035.png"; bbox 0 0 4052 6334; ppageno 0'>
   <div class='ocr_carea' id='block_1_1' title="bbox 1228 294 1273 309">
    <p class='ocr_par' dir='ltr' id='par_1_1' title="bbox 1228 294 1273 309">
     <span class='ocr_line' id='line_1_1' title="bbox 1228 294 1273 309; baseline 0 0"><span class='ocrx_word' id='word_1_1' title='bbox 1228 294 1273 309; x_wconf 67' lang='grc' dir='ltr'><strong><em>ὀ</em></strong></span> 
     </span>
    </p>
   </div>
   <div class='ocr_carea' id='block_1_2' title="bbox 569 340 3822 409">
    <p class='ocr_par' dir='ltr' id='par_1_2' title="bbox 569 340 3822 409">
     <span class='ocr_line' id='line_1_2' title="bbox 569 340 3822 409; baseline 0.004 -14"><span class='ocrx_word' id='word_1_2' title='bbox 569 342 639 396; x_wconf 64' lang='grc'><strong>69</strong></span> <span class='ocrx_word' id='word_1_3' title='bbox 1533 343 1861 402; x_wconf 75' lang='lat' dir='ltr'><strong>HINCMARI</strong></span> <span class='ocrx_word' id='word_1_4' title='bbox 1902 343 2295 401; x_wconf 72' lang='lat' dir='ltr'><strong>RHEMENSIS</strong></span> <span class='ocrx_word' id='word_1_5' title='bbox 2332 340 2848 405; x_wconf 70' lang='lat' dir='ltr'><strong>ARCHIEPISCOPI</strong></span> <span class='ocrx_word' id='word_1_6' title='bbox 2902 384 2905 391; x_wconf 62' lang='grc' dir='ltr'><strong>ς</strong></span> <span class='ocrx_word' id='word_1_7' title='bbox 3751 355 3822 409; x_wconf 77' lang='grc' dir='ltr'><strong>οι)</strong></span> 
     </span>
    </p>
   </div>
   <div class='ocr_carea' id='block_1_3' title="bbox 572 454 3824 532">
    <p class='ocr_par' dir='ltr' id='par_1_3' title="bbox 572 454 3824 532">
     <span class='ocr_line' id='line_1_3' title="bbox 572 454 3824 532; baseline 0.003 -24"><span class='ocrx_word' id='word_1_8' title='bbox 572 462 696 531; x_wconf 73' lang='lat' dir='ltr'><strong>quia</strong></span> <span class='ocrx_word' id='word_1_9' title='bbox 740 461 864 516; x_wconf 83' lang='lat' dir='ltr'><strong>boni</strong></span> <span class='ocrx_word' id='word_1_10' title='bbox 905 473 1025 515; x_wconf 86' lang='lat' dir='ltr'><strong>esse</strong></span> <span class='ocrx_word' id='word_1_11' title='bbox 1071 474 1176 513; x_wconf 92' lang='lat' dir='ltr'><strong>non</strong></span> <span class='ocrx_word' id='word_1_12' title='bbox 1195 467 1539 532; x_wconf 71' lang='lat' dir='ltr'><strong>potuerunt,</strong></span> <span class='ocrx_word' id='word_1_13' title='bbox 1567 461 1664 514; x_wconf 85' lang='lat' dir='ltr'><strong>sed</strong></span> <span class='ocrx_word' id='word_1_14' title='bbox 1709 457 1835 532; x_wconf 99' lang='lat' dir='ltr'><strong>quia</strong></span> <span class='ocrx_word' id='word_1_15' title='bbox 1864 456 1992 532; x_wconf 80' lang='lat' dir='ltr'><strong>boni</strong></span> <span class='ocrx_word' id='word_1_16' title='bbox 2017 469 2145 532; x_wconf 78' lang='lat' dir='ltr'><strong>esse</strong></span> <span class='ocrx_word' id='word_1_17' title='bbox 2171 460 2224 515; x_wconf 76' lang='grc' dir='ltr'>Α</span> <span class='ocrx_word' id='word_1_18' title='bbox 2317 454 2542 532; x_wconf 75' lang='lat' dir='ltr'><strong>aliorum</strong></span> <span class='ocrx_word' id='word_1_19' title='bbox 2560 458 2894 525; x_wconf 81' lang='lat' dir='ltr'><strong>perversitate</strong></span> <span class='ocrx_word' id='word_1_20' title='bbox 2913 458 3188 532; x_wconf 78' lang='lat' dir='ltr'><strong>diversitas</strong></span> <span class='ocrx_word' id='word_1_21' title='bbox 3210 500 3226 523; x_wconf 94' lang='lat'><strong>,</strong></span> <span class='ocrx_word' id='word_1_22' title='bbox 3247 459 3303 512; x_wconf 79' lang='lat' dir='ltr'><strong>in</strong></span> <span class='ocrx_word' id='word_1_23' title='bbox 3329 461 3658 532; x_wconf 76' lang='lat' dir='ltr'><strong>subsequenti</strong></span> <span class='ocrx_word' id='word_1_24' title='bbox 3696 484 3824 532; x_wconf 84' lang='lat' dir='ltr'><strong>opu-</strong></span> 
     </span>
    </p>
   </div>
   <div class='ocr_carea' id='block_1_4' title="bbox 571 527 2142 595">
    <p class='ocr_par' dir='ltr' id='par_1_4' title="bbox 571 527 2142 595">
     <span class='ocr_line' id='line_1_4' title="bbox 571 527 2142 595; baseline -0.007 -8"><span class='ocrx_word' id='word_1_25' title='bbox 571 527 881 594; x_wconf 84' lang='lat' dir='ltr'><strong>noluerunt,</strong></span> <span class='ocrx_word' id='word_1_26' title='bbox 924 541 971 583; x_wconf 81' lang='lat' dir='ltr'><strong>et</strong></span> <span class='ocrx_word' id='word_1_27' title='bbox 1017 545 1117 584; x_wconf 91' lang='lat' dir='ltr'><strong>suo</strong></span> <span class='ocrx_word' id='word_1_28' title='bbox 1159 527 1289 583; x_wconf 81' lang='lat' dir='ltr'><strong>vitio</strong></span> <span class='ocrx_word' id='word_1_29' title='bbox 1318 545 1444 582; x_wconf 87' lang='lat' dir='ltr'><strong>vasa</strong></span> <span class='ocrx_word' id='word_1_30' title='bbox 1487 530 1582 584; x_wconf 71' lang='lat' dir='ltr'><strong>ira:</strong></span> <span class='ocrx_word' id='word_1_31' title='bbox 1625 539 1747 595; x_wconf 86' lang='lat' dir='ltr'><strong>apta</strong></span> <span class='ocrx_word' id='word_1_32' title='bbox 1785 528 1838 579; x_wconf 87' lang='lat' dir='ltr'><strong>in</strong></span> <span class='ocrx_word' id='word_1_33' title='bbox 1874 527 2142 595; x_wconf 78' lang='lat' dir='ltr'><strong>interitum</strong></span> 
     </span>
    </p>
   </div>
   <div class='ocr_carea' id='block_1_5' title="bbox 570 594 2144 672">
    <p class='ocr_par' dir='ltr' id='par_1_5' title="bbox 570 594 2144 672">
     <span class='ocr_line' id='line_1_5' title="bbox 570 594 2144 672; baseline -0.006 -17"><span class='ocrx_word' id='word_1_34' title='bbox 570 610 1071 672; x_wconf 73' lang='lat' dir='ltr'><strong>perseveravcrunt,</strong></span> <span class='ocrx_word' id='word_1_35' title='bbox 1097 608 1152 653; x_wconf 91' lang='lat' dir='ltr'><strong>et</strong></span> <span class='ocrx_word' id='word_1_36' title='bbox 1179 600 1238 672; x_wconf 93' lang='lat' dir='ltr'><strong>in</strong></span> <span class='ocrx_word' id='word_1_37' title='bbox 1273 613 1449 653; x_wconf 87' lang='lat' dir='ltr'><strong>massa</strong></span> <span class='ocrx_word' id='word_1_38' title='bbox 1474 594 1835 672; x_wconf 80' lang='lat' dir='ltr'><strong>damnationis</strong></span> <span class='ocrx_word' id='word_1_39' title='bbox 1850 594 1941 672; x_wconf 83' lang='lat' dir='ltr'><strong>_vel</strong></span> <span class='ocrx_word' id='word_1_40' title='bbox 1961 595 2144 672; x_wconf 71' lang='lat' dir='ltr'><strong>origi-</strong></span> 
     </span>
    </p>
   </div>
   <div class='ocr_carea' id='block_1_6' title="bbox 572 665 2142 738">
    <p class='ocr_par' dir='ltr' id='par_1_6' title="bbox 572 665 2142 738">
     <span class='ocr_line' id='line_1_6' title="bbox 572 665 2142 738; baseline -0.007 -12"><span class='ocrx_word' id='word_1_41' title='bbox 572 665 678 726; x_wconf 73' lang='lat' dir='ltr'><strong>itali</strong></span> <span class='ocrx_word' id='word_1_42' title='bbox 709 671 792 726; x_wconf 85' lang='lat' dir='ltr'><strong>vel</strong></span> <span class='ocrx_word' id='word_1_43' title='bbox 829 670 1024 723; x_wconf 91' lang='lat' dir='ltr'><strong>actuali</strong></span> <span class='ocrx_word' id='word_1_44' title='bbox 1058 668 1253 723; x_wconf 87' lang='lat' dir='ltr'><strong>merito</strong></span> <span class='ocrx_word' id='word_1_45' title='bbox 1289 676 1722 738; x_wconf 84' lang='lat' dir='ltr'><strong>permanserunt.</strong></span> <span class='ocrx_word' id='word_1_46' title='bbox 1762 666 1817 738; x_wconf 93' lang='lat' dir='ltr'><strong>In</strong></span> <span class='ocrx_word' id='word_1_47' title='bbox 1850 665 2005 719; x_wconf 92' lang='lat' dir='ltr'><strong>bonis</strong></span> <span class='ocrx_word' id='word_1_48' title='bbox 2047 681 2142 716; x_wconf 86' lang='lat' dir='ltr'><strong>au-</strong></span> 
     </span>
    </p>
   </div>
   <div class='ocr_carea' id='block_1_7' title="bbox 570 737 2140 809">
    <p class='ocr_par' dir='ltr' id='par_1_7' title="bbox 570 737 2140 809">
     <span class='ocr_line' id='line_1_7' title="bbox 570 737 2140 809; baseline -0.006 -14"><span class='ocrx_word' id='word_1_49' title='bbox 570 752 680 797; x_wconf 91' lang='lat' dir='ltr'><strong>tem</strong></span> <span class='ocrx_word' id='word_1_50' title='bbox 721 742 1057 809; x_wconf 77' lang='lat' dir='ltr'><strong>omnipotens</strong></span> <span class='ocrx_word' id='word_1_51' title='bbox 1095 738 1265 798; x_wconf 85' lang='lat' dir='ltr'><strong>Deus.</strong></span> <span class='ocrx_word' id='word_1_52' title='bbox 1293 737 1450 791; x_wconf 15' lang='lat' dir='ltr'><strong>isicut</strong></span> <span class='ocrx_word' id='word_1_53' title='bbox 1488 752 1671 809; x_wconf 81' lang='lat' dir='ltr'><strong>supra</strong></span> <span class='ocrx_word' id='word_1_54' title='bbox 1693 737 1825 809; x_wconf 88' lang='lat' dir='ltr'><strong>satis</strong></span> <span class='ocrx_word' id='word_1_55' title='bbox 1862 746 2140 809; x_wconf 84' lang='lat' dir='ltr'><strong>ostensum</strong></span> 
     </span>
    </p>
   </div>
   <div class='ocr_carea' id='block_1_8' title="bbox 570 805 2139 879">
    <p class='ocr_par' dir='ltr' id='par_1_8' title="bbox 570 805 2139 879">
     <span class='ocr_line' id='line_1_8' title="bbox 570 805 2139 879; baseline -0.006 -12"><span class='ocrx_word' id='word_1_56' title='bbox 570 822 676 875; x_wconf 88' lang='lat' dir='ltr'><strong>est,</strong></span> <span class='ocrx_word' id='word_1_57' title='bbox 707 805 991 877; x_wconf 81' lang='lat' dir='ltr'><strong>utrumque</strong></span> <span class='ocrx_word' id='word_1_58' title='bbox 1029 809 1296 879; x_wconf 71' lang='lat' dir='ltr'><strong>pnescivit</strong></span> <span class='ocrx_word' id='word_1_59' title='bbox 1332 816 1389 861; x_wconf 91' lang='lat' dir='ltr'><strong>et</strong></span> <span class='ocrx_word' id='word_1_60' title='bbox 1425 805 1859 879; x_wconf 74' lang='lat' dir='ltr'><strong>prtcdestinavil,</strong></span> <span class='ocrx_word' id='word_1_61' title='bbox 1890 814 1949 879; x_wconf 85' lang='lat' dir='ltr'><strong>ut</strong></span> <span class='ocrx_word' id='word_1_62' title='bbox 1972 813 2041 879; x_wconf 84' lang='lat' dir='ltr'><strong>.et</strong></span> <span class='ocrx_word' id='word_1_63' title='bbox 2083 805 2139 858; x_wconf 83' lang='lat' dir='ltr'><strong>in</strong></span> 
     </span>
    </p>
   </div>
   <div class='ocr_carea' id='block_1_9' title="bbox 568 876 2143 965">
    <p class='ocr_par' dir='ltr' id='par_1_9' title="bbox 568 876 2143 965">
     <span class='ocr_line' id='line_1_9' title="bbox 568 876 2143 965; baseline 0.001 0"><span class='ocrx_word' id='word_1_64' title='bbox 568 881 818 965; x_wconf 61' lang='grc' dir='ltr'><strong>Ρηιξετεηιί</strong></span> <span class='ocrx_word' id='word_1_65' title='bbox 847 876 953 965; x_wconf 56' lang='lat' dir='ltr'><strong>vi}?</strong></span> <span class='ocrx_word' id='word_1_66' title='bbox 989 876 2143 965; x_wconf 50' lang='lat' dir='ltr'><strong>Pérsuaesuaecanerecabﬂ&#39;1isﬂ</strong></span> 
     </span>
    </p>
   </div>
   <div class='ocr_carea' id='block_1_10' title="bbox 569 946 2137 1015">
    <p class='ocr_par' dir='ltr' id='par_1_10' title="bbox 569 946 2137 1015">
     <span class='ocr_line' id='line_1_10' title="bbox 569 946 2137 1015; baseline -0.006 -9"><span class='ocrx_word' id='word_1_67' title='bbox 569 946 623 1007; x_wconf 84' lang='lat' dir='ltr'><strong>in</strong></span> <span class='ocrx_word' id='word_1_68' title='bbox 654 952 830 1006; x_wconf 87' lang='lat' dir='ltr'><strong>futura</strong></span> <span class='ocrx_word' id='word_1_69' title='bbox 859 946 1024 1006; x_wconf 86' lang='lat' dir='ltr'><strong>etiam</strong></span> <span class='ocrx_word' id='word_1_70' title='bbox 1066 950 1225 1002; x_wconf 93' lang='lat' dir='ltr'><strong>beati.</strong></span> <span class='ocrx_word' id='word_1_71' title='bbox 1259 947 1551 1015; x_wconf 77' lang='lat' dir='ltr'><strong>Utriusque</strong></span> <span class='ocrx_word' id='word_1_72' title='bbox 1589 948 1733 1001; x_wconf 92' lang='lat' dir='ltr'><strong>enim</strong></span> <span class='ocrx_word' id='word_1_73' title='bbox 1762 946 1883 999; x_wconf 92' lang='lat' dir='ltr'><strong>boni</strong></span> <span class='ocrx_word' id='word_1_74' title='bbox 1915 960 2137 1009; x_wconf 87' lang='lat' dir='ltr'><strong>eorum,</strong></span> 
     </span>
    </p>
   </div>
   <div class='ocr_carea' id='block_1_11' title="bbox 567 1016 2139 1089">
    <p class='ocr_par' dir='ltr' id='par_1_11' title="bbox 567 1016 2139 1089">
     <span class='ocr_line' id='line_1_11' title="bbox 567 1016 2139 1089; baseline -0.004 -14"><span class='ocrx_word' id='word_1_75' title='bbox 567 1022 620 1077; x_wconf 97' lang='lat' dir='ltr'><strong>id</strong></span> <span class='ocrx_word' id='word_1_76' title='bbox 643 1033 727 1077; x_wconf 87' lang='lat' dir='ltr'><strong>est</strong></span> <span class='ocrx_word' id='word_1_77' title='bbox 753 1028 807 1075; x_wconf 89' lang='lat' dir='ltr'><strong>et</strong></span> <span class='ocrx_word' id='word_1_78' title='bbox 836 1019 1117 1089; x_wconf 74' lang='lat' dir='ltr'><strong>pnesentis</strong></span> <span class='ocrx_word' id='word_1_79' title='bbox 1143 1028 1199 1089; x_wconf 86' lang='lat' dir='ltr'><strong>et</strong></span> <span class='ocrx_word' id='word_1_80' title='bbox 1223 1018 1409 1079; x_wconf 88' lang='lat' dir='ltr'><strong>futuri,</strong></span> <span class='ocrx_word' id='word_1_81' title='bbox 1439 1017 1552 1086; x_wconf 88' lang='lat' dir='ltr'><strong>ipse</strong></span> <span class='ocrx_word' id='word_1_82' title='bbox 1573 1025 1658 1089; x_wconf 84' lang='lat' dir='ltr'><strong>est</strong></span> <span class='ocrx_word' id='word_1_83' title='bbox 1696 1024 1887 1069; x_wconf 91' lang='lat' dir='ltr'><strong>auctor</strong></span> <span class='ocrx_word' id='word_1_84' title='bbox 1930 1023 1985 1067; x_wconf 88' lang='lat' dir='ltr'><strong>et</strong></span> <span class='ocrx_word' id='word_1_85' title='bbox 2025 1016 2139 1089; x_wconf 84' lang='lat' dir='ltr'><strong>ipse</strong></span> 
     </span>
    </p>
   </div>
   <div class='ocr_carea' id='block_1_12' title="bbox 567 1087 2139 1162">
    <p class='ocr_par' dir='ltr' id='par_1_12' title="bbox 567 1087 2139 1162">
     <span class='ocr_line' id='line_1_12' title="bbox 567 1087 2139 1162; baseline -0.006 -16"><span class='ocrx_word' id='word_1_86' title='bbox 567 1093 810 1162; x_wconf 81' lang='lat' dir='ltr'><strong>largitor,</strong></span> <span class='ocrx_word' id='word_1_87' title='bbox 837 1087 896 1162; x_wconf 77' lang='lat' dir='ltr'><strong>et</strong></span> <span class='ocrx_word' id='word_1_88' title='bbox 925 1088 1128 1145; x_wconf 85' lang='lat' dir='ltr'><strong>idcirco</strong></span> <span class='ocrx_word' id='word_1_89' title='bbox 1157 1088 1273 1162; x_wconf 82' lang='lat' dir='ltr'><strong>sine</strong></span> <span class='ocrx_word' id='word_1_90' title='bbox 1293 1089 1457 1162; x_wconf 81' lang='lat' dir='ltr'><strong>dubio</strong></span> <span class='ocrx_word' id='word_1_91' title='bbox 1481 1087 1760 1162; x_wconf 80' lang='lat' dir='ltr'><strong>utriusque</strong></span> <span class='ocrx_word' id='word_1_92' title='bbox 1782 1088 2139 1162; x_wconf 72' lang='lat' dir='ltr'><strong>prtecognitor</strong></span> 
     </span>
    </p>
   </div>
   <div class='ocr_carea' id='block_1_13' title="bbox 563 1154 2137 1232">
    <p class='ocr_par' dir='ltr' id='par_1_13' title="bbox 563 1154 2137 1232">
     <span class='ocr_line' id='line_1_13' title="bbox 563 1154 2137 1232; baseline -0.005 -16"><span class='ocrx_word' id='word_1_93' title='bbox 563 1171 623 1216; x_wconf 90' lang='lat' dir='ltr'><strong>et</strong></span> <span class='ocrx_word' id='word_1_94' title='bbox 649 1154 1096 1232; x_wconf 63' lang='lat' dir='ltr'><strong>praedestinatum</strong></span> <span class='ocrx_word' id='word_1_95' title='bbox 1127 1159 1250 1226; x_wconf 83' lang='lat' dir='ltr'><strong>quia</strong></span> <span class='ocrx_word' id='word_1_96' title='bbox 1277 1167 1333 1232; x_wconf 80' lang='lat' dir='ltr'><strong>et</strong></span> <span class='ocrx_word' id='word_1_97' title='bbox 1361 1157 1459 1232; x_wconf 80' lang='lat' dir='ltr'><strong>ipsi</strong></span> <span class='ocrx_word' id='word_1_98' title='bbox 1491 1173 1557 1211; x_wconf 78' lang='lat' dir='ltr'><strong>ex</strong></span> <span class='ocrx_word' id='word_1_99' title='bbox 1599 1157 1793 1232; x_wconf 80' lang='lat' dir='ltr'><strong>seipsis</strong></span> <span class='ocrx_word' id='word_1_100' title='bbox 1832 1172 1938 1210; x_wconf 91' lang='lat' dir='ltr'><strong>non</strong></span> <span class='ocrx_word' id='word_1_101' title='bbox 1965 1154 2137 1209; x_wconf 87' lang='lat' dir='ltr'><strong>solum</strong></span> 
     </span>
    </p>
   </div>
   <div class='ocr_carea' id='block_1_14' title="bbox 565 1225 2139 1297">
    <p class='ocr_par' dir='ltr' id='par_1_14' title="bbox 565 1225 2139 1297">
     <span class='ocr_line' id='line_1_14' title="bbox 565 1225 2139 1297; baseline -0.006 -11"><span class='ocrx_word' id='word_1_102' title='bbox 565 1225 709 1286; x_wconf 85' lang='lat' dir='ltr'><strong>aliud</strong></span> <span class='ocrx_word' id='word_1_103' title='bbox 736 1244 855 1285; x_wconf 87' lang='lat' dir='ltr'><strong>esse</strong></span> <span class='ocrx_word' id='word_1_104' title='bbox 884 1225 1199 1297; x_wconf 86' lang='lat' dir='ltr'><strong>potuerunt,</strong></span> <span class='ocrx_word' id='word_1_105' title='bbox 1229 1228 1323 1280; x_wconf 79' lang='lat' dir='ltr'><strong>sed</strong></span> <span class='ocrx_word' id='word_1_106' title='bbox 1360 1225 1523 1281; x_wconf 84' lang='lat' dir='ltr'><strong>etiam</strong></span> <span class='ocrx_word' id='word_1_107' title='bbox 1564 1227 1709 1281; x_wconf 82' lang='lat' dir='ltr'><strong>aliud</strong></span> <span class='ocrx_word' id='word_1_108' title='bbox 1745 1225 1963 1297; x_wconf 84' lang='lat' dir='ltr'><strong>fuerunt</strong></span> <span class='ocrx_word' id='word_1_109' title='bbox 1988 1233 2139 1297; x_wconf 41' lang='lat' dir='ltr'><strong>ante:</strong></span> 
     </span>
    </p>
   </div>
   <div class='ocr_carea' id='block_1_15' title="bbox 564 1294 2135 1370">
    <p class='ocr_par' dir='ltr' id='par_1_15' title="bbox 564 1294 2135 1370">
     <span class='ocr_line' id='line_1_15' title="bbox 564 1294 2135 1370; baseline -0.004 -17"><span class='ocrx_word' id='word_1_110' title='bbox 564 1318 725 1370; x_wconf 88' lang='lat' dir='ltr'><strong>quam</strong></span> <span class='ocrx_word' id='word_1_111' title='bbox 767 1294 1016 1370; x_wconf 72' lang='lat' dir='ltr'><strong>perenni</strong></span> <span class='ocrx_word' id='word_1_112' title='bbox 1041 1299 1131 1368; x_wconf 91' lang='lat' dir='ltr'><strong>qui</strong></span> <span class='ocrx_word' id='word_1_113' title='bbox 1163 1297 1679 1370; x_wconf 84' lang='lat' dir='ltr'><strong>jnstiﬁ_cat_.__i_mpium</strong></span> <span class='ocrx_word' id='word_1_114' title='bbox 1706 1311 1773 1370; x_wconf 83' lang='lat' dir='ltr'><strong>ex_</strong></span> <span class='ocrx_word' id='word_1_115' title='bbox 1805 1295 1984 1365; x_wconf 89' lang='lat' dir='ltr'><strong>impiis</strong></span> <span class='ocrx_word' id='word_1_116' title='bbox 2003 1294 2135 1370; x_wconf 80' lang='lat' dir='ltr'><strong>justi</strong></span> 
     </span>
    </p>
   </div>
   <div class='ocr_carea' id='block_1_16' title="bbox 564 1366 2138 1436">
    <p class='ocr_par' dir='ltr' id='par_1_16' title="bbox 564 1366 2138 1436">
     <span class='ocr_line' id='line_1_16' title="bbox 564 1366 2138 1436; baseline -0.005 -11"><span class='ocrx_word' id='word_1_117' title='bbox 564 1366 922 1426; x_wconf 74' lang='lat' dir='ltr'><strong>efﬁcerentur.</strong></span> <span class='ocrx_word' id='word_1_118' title='bbox 949 1366 1075 1423; x_wconf 83' lang='lat' dir='ltr'><strong>Sive</strong></span> <span class='ocrx_word' id='word_1_119' title='bbox 1104 1366 1283 1422; x_wconf 90' lang='lat' dir='ltr'><strong>autem</strong></span> <span class='ocrx_word' id='word_1_120' title='bbox 1327 1368 1380 1421; x_wconf 93' lang='lat' dir='ltr'><strong>in</strong></span> <span class='ocrx_word' id='word_1_121' title='bbox 1408 1367 1516 1421; x_wconf 91' lang='lat' dir='ltr'><strong>illis</strong></span> <span class='ocrx_word' id='word_1_122' title='bbox 1551 1367 1643 1436; x_wconf 89' lang='lat' dir='ltr'><strong>qui</strong></span> <span class='ocrx_word' id='word_1_123' title='bbox 1694 1367 1989 1428; x_wconf 87' lang='lat' dir='ltr'><strong>salvantur,</strong></span> <span class='ocrx_word' id='word_1_124' title='bbox 2023 1366 2138 1418; x_wconf 86' lang='lat' dir='ltr'><strong>sive</strong></span> 
     </span>
    </p>
   </div>
   <div class='ocr_carea' id='block_1_17' title="bbox 564 1436 2134 1520">
    <p class='ocr_par' dir='ltr' id='par_1_17' title="bbox 564 1436 2134 1520">
     <span class='ocr_line' id='line_1_17' title="bbox 564 1436 2134 1520; baseline -0.005 -25"><span class='ocrx_word' id='word_1_125' title='bbox 564 1441 756 1520; x_wconf 84' lang='lat' dir='ltr'><strong>in_illis</strong></span> <span class='ocrx_word' id='word_1_126' title='bbox 794 1440 885 1501; x_wconf 93' lang='lat' dir='ltr'><strong>qui</strong></span> <span class='ocrx_word' id='word_1_127' title='bbox 927 1449 1179 1520; x_wconf 74' lang='lat' dir='ltr'><strong>pereunt,</strong></span> <span class='ocrx_word' id='word_1_128' title='bbox 1219 1437 1475 1520; x_wconf 63' lang='lat' dir='ltr'><strong>voluntas</strong></span> <span class='ocrx_word' id='word_1_129' title='bbox 1493 1436 2134 1520; x_wconf 46' lang='lat' dir='ltr'><strong>propria-remuneratur,</strong></span> 
     </span>
    </p>
   </div>
   <div class='ocr_carea' id='block_1_18' title="bbox 560 1505 2138 1578">
    <p class='ocr_par' dir='ltr' id='par_1_18' title="bbox 560 1505 2138 1578">
     <span class='ocr_line' id='line_1_18' title="bbox 560 1505 2138 1578; baseline -0.004 -14"><span class='ocrx_word' id='word_1_130' title='bbox 560 1511 809 1566; x_wconf 82' lang='lat' dir='ltr'><strong>voluntas</strong></span> <span class='ocrx_word' id='word_1_131' title='bbox 838 1505 1401 1578; x_wconf 15' lang='lat' dir='ltr'><strong>propriaidamnatur.</strong></span> <span class='ocrx_word' id='word_1_132' title='bbox 1442 1507 1548 1562; x_wconf 86' lang='lat' dir='ltr'><strong>Sed</strong></span> <span class='ocrx_word' id='word_1_133' title='bbox 1596 1505 1647 1561; x_wconf 91' lang='lat' dir='ltr'><strong>iu</strong></span> <span class='ocrx_word' id='word_1_134' title='bbox 1679 1505 1811 1569; x_wconf 92' lang='lat' dir='ltr'><strong>illis,</strong></span> <span class='ocrx_word' id='word_1_135' title='bbox 1866 1506 2016 1578; x_wconf 89' lang='lat' dir='ltr'><strong>quia_</strong></span> <span class='ocrx_word' id='word_1_136' title='bbox 2042 1520 2138 1572; x_wconf 87' lang='lat' dir='ltr'><strong>per</strong></span> 
     </span>
    </p>
   </div>
   <div class='ocr_carea' id='block_1_19' title="bbox 562 1575 2138 1650">
    <p class='ocr_par' dir='ltr' id='par_1_19' title="bbox 562 1575 2138 1650">
     <span class='ocr_line' id='line_1_19' title="bbox 562 1575 2138 1650; baseline -0.006 -14"><span class='ocrx_word' id='word_1_137' title='bbox 562 1582 790 1650; x_wconf 80' lang='lat' dir='ltr'><strong>gratiam</strong></span> <span class='ocrx_word' id='word_1_138' title='bbox 823 1575 1030 1633; x_wconf 83' lang='lat' dir='ltr'><strong>Domini</strong></span> <span class='ocrx_word' id='word_1_139' title='bbox 1060 1577 1354 1633; x_wconf 85' lang='lat' dir='ltr'><strong>Salvatoris</strong></span> <span class='ocrx_word' id='word_1_140' title='bbox 1382 1587 1465 1632; x_wconf 90' lang='lat' dir='ltr'><strong>est</strong></span> <span class='ocrx_word' id='word_1_141' title='bbox 1496 1584 1701 1650; x_wconf 80' lang='lat' dir='ltr'><strong>sanata,</strong></span> <span class='ocrx_word' id='word_1_142' title='bbox 1722 1584 1785 1650; x_wconf 69' lang='lat' dir='ltr'><strong>ut</strong></span> <span class='ocrx_word' id='word_1_143' title='bbox 1809 1592 1873 1650; x_wconf 66' lang='lat' dir='ltr'><strong>cii</strong></span> <span class='ocrx_word' id='word_1_144' title='bbox 1916 1575 2052 1650; x_wconf 77' lang='lat' dir='ltr'><strong>mala</strong></span> <span class='ocrx_word' id='word_1_145' title='bbox 2082 1582 2138 1628; x_wconf 88' lang='lat' dir='ltr'><strong>et</strong></span> 
     </span>
    </p>
   </div>
   <div class='ocr_carea' id='block_1_20' title="bbox 561 1644 2136 1719">
    <p class='ocr_par' dir='ltr' id='par_1_20' title="bbox 561 1644 2136 1719">
     <span class='ocr_line' id='line_1_20' title="bbox 561 1644 2136 1719; baseline -0.004 -16"><span class='ocrx_word' id='word_1_146' title='bbox 561 1644 727 1719; x_wconf 84' lang='lat' dir='ltr'><strong>prava</strong></span> <span class='ocrx_word' id='word_1_147' title='bbox 761 1651 911 1704; x_wconf 83' lang='lat' dir='ltr'><strong>ﬁeret</strong></span> <span class='ocrx_word' id='word_1_148' title='bbox 931 1651 1064 1704; x_wconf 87' lang='lat' dir='ltr'><strong>bona</strong></span> <span class='ocrx_word' id='word_1_149' title='bbox 1082 1658 1136 1703; x_wconf 91' lang='lat' dir='ltr'><strong>et</strong></span> <span class='ocrx_word' id='word_1_150' title='bbox 1157 1658 1324 1713; x_wconf 89' lang='lat' dir='ltr'><strong>recta,</strong></span> <span class='ocrx_word' id='word_1_151' title='bbox 1341 1658 1424 1703; x_wconf 89' lang='lat' dir='ltr'><strong>est</strong></span> <span class='ocrx_word' id='word_1_152' title='bbox 1440 1647 1626 1717; x_wconf 88' lang='lat' dir='ltr'><strong>procul</strong></span> <span class='ocrx_word' id='word_1_153' title='bbox 1649 1645 1809 1699; x_wconf 90' lang='lat' dir='ltr'><strong>dubio</strong></span> <span class='ocrx_word' id='word_1_154' title='bbox 1824 1644 2136 1719; x_wconf 81' lang='lat' dir='ltr'><strong>dignissime</strong></span> 
     </span>
    </p>
   </div>
   <div class='ocr_carea' id='block_1_21' title="bbox 560 1715 2135 1787">
    <p class='ocr_par' dir='ltr' id='par_1_21' title="bbox 560 1715 2135 1787">
     <span class='ocr_line' id='line_1_21' title="bbox 560 1715 2135 1787; baseline -0.004 -14"><span class='ocrx_word' id='word_1_155' title='bbox 560 1715 815 1775; x_wconf 80' lang='lat' dir='ltr'><strong>coronata</strong></span> <span class='ocrx_word' id='word_1_156' title='bbox 846 1735 861 1774; x_wconf 92' lang='lat'><strong>:</strong></span> <span class='ocrx_word' id='word_1_157' title='bbox 892 1721 942 1774; x_wconf 95' lang='lat' dir='ltr'><strong>in</strong></span> <span class='ocrx_word' id='word_1_158' title='bbox 984 1720 1101 1773; x_wconf 84' lang='lat' dir='ltr'><strong>istis</strong></span> <span class='ocrx_word' id='word_1_159' title='bbox 1134 1728 1311 1773; x_wconf 89' lang='lat' dir='ltr'><strong>autem</strong></span> <span class='ocrx_word' id='word_1_160' title='bbox 1332 1759 1347 1782; x_wconf 94' lang='lat'><strong>,</strong></span> <span class='ocrx_word' id='word_1_161' title='bbox 1387 1715 1512 1787; x_wconf 85' lang='lat' dir='ltr'><strong>quia</strong></span> <span class='ocrx_word' id='word_1_162' title='bbox 1541 1731 1663 1787; x_wconf 82' lang='lat' dir='ltr'><strong>non</strong></span> <span class='ocrx_word' id='word_1_163' title='bbox 1699 1715 1997 1783; x_wconf 85' lang='lat' dir='ltr'><strong>acquiescit</strong></span> <span class='ocrx_word' id='word_1_164' title='bbox 2038 1728 2135 1782; x_wconf 89' lang='lat' dir='ltr'><strong>per</strong></span> 
     </span>
    </p>
   </div>
   <div class='ocr_carea' id='block_1_22' title="bbox 561 1785 2131 1856">
    <p class='ocr_par' dir='ltr' id='par_1_22' title="bbox 561 1785 2131 1856">
     <span class='ocr_line' id='line_1_22' title="bbox 561 1785 2131 1856; baseline -0.006 -11"><span class='ocrx_word' id='word_1_165' title='bbox 561 1789 895 1845; x_wconf 84' lang='lat' dir='ltr'><strong>Salvatorem</strong></span> <span class='ocrx_word' id='word_1_166' title='bbox 925 1789 1162 1856; x_wconf 81' lang='lat' dir='ltr'><strong>recipere</strong></span> <span class='ocrx_word' id='word_1_167' title='bbox 1202 1785 1508 1851; x_wconf 85' lang='lat' dir='ltr'><strong>sanitatem,</strong></span> <span class='ocrx_word' id='word_1_168' title='bbox 1530 1785 1827 1855; x_wconf 89' lang='lat' dir='ltr'><strong>justissime</strong></span> <span class='ocrx_word' id='word_1_169' title='bbox 1854 1801 1950 1853; x_wconf 90' lang='lat' dir='ltr'><strong>per</strong></span> <span class='ocrx_word' id='word_1_170' title='bbox 1976 1799 2131 1856; x_wconf 69' lang='lat' dir='ltr'><strong>eum-</strong></span> 
     </span>
    </p>
   </div>
   <div class='ocr_carea' id='block_1_23' title="bbox 560 1853 2131 1929">
    <p class='ocr_par' dir='ltr' id='par_1_23' title="bbox 560 1853 2131 1929">
     <span class='ocr_line' id='line_1_23' title="bbox 560 1853 2131 1929; baseline -0.003 -17"><span class='ocrx_word' id='word_1_171' title='bbox 560 1862 682 1914; x_wconf 90' lang='lat' dir='ltr'><strong>dem</strong></span> <span class='ocrx_word' id='word_1_172' title='bbox 719 1859 954 1929; x_wconf 83' lang='lat' dir='ltr'><strong>judicem</strong></span> <span class='ocrx_word' id='word_1_173' title='bbox 1001 1853 1195 1913; x_wconf 82' lang='lat' dir='ltr'><strong>sentiet</strong></span> <span class='ocrx_word' id='word_1_174' title='bbox 1235 1853 1568 1929; x_wconf 20' lang='lat' dir='ltr'><strong>perpetuam“</strong></span> <span class='ocrx_word' id='word_1_175' title='bbox 1595 1856 2015 1929; x_wconf 79' lang='lat' dir='ltr'><strong>damnationem.</strong></span> <span class='ocrx_word' id='word_1_176' title='bbox 2065 1853 2131 1908; x_wconf 86' lang='lat' dir='ltr'><strong>Et</strong></span> 
     </span>
    </p>
   </div>
   <div class='ocr_carea' id='block_1_24' title="bbox 559 1925 2131 2004">
    <p class='ocr_par' dir='ltr' id='par_1_24' title="bbox 559 1925 2131 2004">
     <span class='ocr_line' id='line_1_24' title="bbox 559 1925 2131 2004; baseline -0.005 -19"><span class='ocrx_word' id='word_1_177' title='bbox 559 1931 666 2004; x_wconf 79' lang='lat' dir='ltr'><strong>hoc</strong></span> <span class='ocrx_word' id='word_1_178' title='bbox 690 1925 772 1986; x_wconf 79' lang='lat' dir='ltr'><strong>est</strong></span> <span class='ocrx_word' id='word_1_179' title='bbox 798 1931 1033 2004; x_wconf 77' lang='lat' dir='ltr'><strong>breviter</strong></span> <span class='ocrx_word' id='word_1_180' title='bbox 1062 1925 1397 2004; x_wconf 59' lang='lat' dir='ltr'><strong>tottim&#39;quod</strong></span> <span class='ocrx_word' id='word_1_181' title='bbox 1424 1928 1491 1981; x_wconf 92' lang='lat' dir='ltr'><strong>de</strong></span> <span class='ocrx_word' id='word_1_182' title='bbox 1518 1927 1686 2004; x_wconf 81' lang='lat' dir='ltr'><strong>libero</strong></span> <span class='ocrx_word' id='word_1_183' title='bbox 1715 1925 1938 2004; x_wconf 48' lang='lat' dir='ltr'><strong>agbitrio</strong></span> <span class='ocrx_word' id='word_1_184' title='bbox 1975 1925 2131 2004; x_wconf 69' lang='lat' dir='ltr'><strong>juxta</strong></span> 
     </span>
    </p>
   </div>
   <div class='ocr_carea' id='block_1_25' title="bbox 556 1994 2129 2062">
    <p class='ocr_par' dir='ltr' id='par_1_25' title="bbox 556 1994 2129 2062">
     <span class='ocr_line' id='line_1_25' title="bbox 556 1994 2129 2062; baseline -0.003 -10"><span class='ocrx_word' id='word_1_185' title='bbox 556 2003 838 2056; x_wconf 85' lang='lat' dir='ltr'><strong>veritatem</strong></span> <span class='ocrx_word' id='word_1_186' title='bbox 869 2000 988 2055; x_wconf 83' lang='lat' dir='ltr'><strong>fidei</strong></span> <span class='ocrx_word' id='word_1_187' title='bbox 1016 1994 1293 2053; x_wconf 63' lang='lat' dir='ltr'><strong>catbolicai</strong></span> <span class='ocrx_word' id='word_1_188' title='bbox 1317 2008 1402 2053; x_wconf 89' lang='lat' dir='ltr'><strong>est</strong></span> <span class='ocrx_word' id='word_1_189' title='bbox 1421 2000 1728 2051; x_wconf 86' lang='lat' dir='ltr'><strong>tenendum.</strong></span> <span class='ocrx_word' id='word_1_190' title='bbox 1749 1996 1902 2062; x_wconf 83' lang='lat' dir='ltr'><strong>Quod</strong></span> <span class='ocrx_word' id='word_1_191' title='bbox 1923 1994 2129 2049; x_wconf 86' lang='lat' dir='ltr'><strong>scilicet</strong></span> 
     </span>
    </p>
   </div>
   <div class='ocr_carea' id='block_1_26' title="bbox 556 2064 2131 2126">
    <p class='ocr_par' dir='ltr' id='par_1_26' title="bbox 556 2064 2131 2126">
     <span class='ocr_line' id='line_1_26' title="bbox 556 2064 2131 2126; baseline -0.003 -2"><span class='ocrx_word' id='word_1_192' title='bbox 556 2087 772 2126; x_wconf 85' lang='lat' dir='ltr'><strong>omnem</strong></span> <span class='ocrx_word' id='word_1_193' title='bbox 798 2071 1066 2126; x_wconf 84' lang='lat' dir='ltr'><strong>hominem</strong></span> <span class='ocrx_word' id='word_1_194' title='bbox 1090 2069 1242 2123; x_wconf 83' lang='lat' dir='ltr'><strong>liberi</strong></span> <span class='ocrx_word' id='word_1_195' title='bbox 1270 2068 1478 2123; x_wconf 85' lang='lat' dir='ltr'><strong>arbitrii</strong></span> <span class='ocrx_word' id='word_1_196' title='bbox 1504 2066 1803 2121; x_wconf 85' lang='lat' dir='ltr'><strong>condiderit</strong></span> <span class='ocrx_word' id='word_1_197' title='bbox 1830 2066 1988 2119; x_wconf 88' lang='lat' dir='ltr'><strong>Deus.</strong></span> <span class='ocrx_word' id='word_1_198' title='bbox 2023 2064 2131 2119; x_wconf 89' lang='lat' dir='ltr'><strong>Sed</strong></span> 
     </span>
    </p>
   </div>
   <div class='ocr_carea' id='block_1_27' title="bbox 558 2135 2131 2209">
    <p class='ocr_par' dir='ltr' id='par_1_27' title="bbox 558 2135 2131 2209">
     <span class='ocr_line' id='line_1_27' title="bbox 558 2135 2131 2209; baseline -0.004 -15"><span class='ocrx_word' id='word_1_199' title='bbox 558 2143 683 2204; x_wconf 82' lang='lat' dir='ltr'><strong>quia</strong></span> <span class='ocrx_word' id='word_1_200' title='bbox 712 2157 809 2209; x_wconf 90' lang='lat' dir='ltr'><strong>per</strong></span> <span class='ocrx_word' id='word_1_201' title='bbox 833 2156 993 2194; x_wconf 93' lang='lat' dir='ltr'><strong>unum</strong></span> <span class='ocrx_word' id='word_1_202' title='bbox 1034 2140 1304 2194; x_wconf 87' lang='lat' dir='ltr'><strong>hominem</strong></span> <span class='ocrx_word' id='word_1_203' title='bbox 1341 2147 1618 2209; x_wconf 86' lang='lat' dir='ltr'><strong>peccatum</strong></span> <span class='ocrx_word' id='word_1_204' title='bbox 1649 2135 1867 2190; x_wconf 91' lang='lat' dir='ltr'><strong>intravit</strong></span> <span class='ocrx_word' id='word_1_205' title='bbox 1885 2135 1947 2209; x_wconf 85' lang='lat' dir='ltr'><strong>in</strong></span> <span class='ocrx_word' id='word_1_206' title='bbox 1975 2151 2131 2209; x_wconf 84' lang='lat' dir='ltr'><strong>mun-</strong></span> 
     </span>
    </p>
   </div>
   <div class='ocr_carea' id='block_1_28' title="bbox 557 2205 2130 2286">
    <p class='ocr_par' dir='ltr' id='par_1_28' title="bbox 557 2205 2130 2286">
     <span class='ocr_line' id='line_1_28' title="bbox 557 2205 2130 2286; baseline -0.004 -22"><span class='ocrx_word' id='word_1_207' title='bbox 557 2205 775 2270; x_wconf 78' lang='lat' dir='ltr'><strong>dum,et</strong></span> <span class='ocrx_word' id='word_1_208' title='bbox 802 2225 897 2286; x_wconf 81' lang='lat' dir='ltr'><strong>per</strong></span> <span class='ocrx_word' id='word_1_209' title='bbox 921 2219 1198 2286; x_wconf 83' lang='lat' dir='ltr'><strong>peccatum</strong></span> <span class='ocrx_word' id='word_1_210' title='bbox 1226 2205 1391 2273; x_wconf 82' lang='lat' dir='ltr'><strong>mors,</strong></span> <span class='ocrx_word' id='word_1_211' title='bbox 1418 2218 1474 2263; x_wconf 89' lang='lat' dir='ltr'><strong>et</strong></span> <span class='ocrx_word' id='word_1_212' title='bbox 1500 2209 1573 2261; x_wconf 90' lang='lat' dir='ltr'><strong>ita</strong></span> <span class='ocrx_word' id='word_1_213' title='bbox 1598 2206 1652 2259; x_wconf 92' lang='lat' dir='ltr'><strong>in</strong></span> <span class='ocrx_word' id='word_1_214' title='bbox 1673 2220 1866 2286; x_wconf 80' lang='lat' dir='ltr'><strong>omnes</strong></span> <span class='ocrx_word' id='word_1_215' title='bbox 1883 2205 2130 2286; x_wconf 75' lang='lat' dir='ltr'><strong>bomines</strong></span> 
     </span>
    </p>
   </div>
   <div class='ocr_carea' id='block_1_29' title="bbox 554 2273 2129 2402">
    <p class='ocr_par' dir='ltr' id='par_1_29' title="bbox 554 2273 2129 2402">
     <span class='ocr_line' id='line_1_29' title="bbox 593 2273 2129 2350; baseline -0.004 -17"><span class='ocrx_word' id='word_1_216' title='bbox 593 2273 888 2343; x_wconf 58' lang='lat' dir='ltr'><strong>ertrans&#39;iit,</strong></span> <span class='ocrx_word' id='word_1_217' title='bbox 923 2273 988 2334; x_wconf 60' lang='lat' dir='ltr'><strong>&#39;in</strong></span> <span class='ocrx_word' id='word_1_218' title='bbox 1038 2296 1145 2350; x_wconf 91' lang='lat' dir='ltr'><strong>quo</strong></span> <span class='ocrx_word' id='word_1_219' title='bbox 1194 2294 1382 2334; x_wconf 90' lang='lat' dir='ltr'><strong>omnes</strong></span> <span class='ocrx_word' id='word_1_220' title='bbox 1423 2284 1802 2348; x_wconf 84' lang='lat' dir='ltr'><strong>peccaverunt,</strong></span> <span class='ocrx_word' id='word_1_221' title='bbox 1854 2275 1929 2328; x_wconf 90' lang='lat' dir='ltr'><strong>ita</strong></span> <span class='ocrx_word' id='word_1_222' title='bbox 1985 2273 2129 2328; x_wconf 89' lang='lat' dir='ltr'><strong>istud</strong></span> 
     </span>
     <span class='ocr_line' id='line_1_30' title="bbox 554 2295 2129 2402; baseline -0.002 0"><span class='ocrx_word' id='word_1_223' title='bbox 554 2295 783 2402; x_wconf 61' lang='lat' dir='ltr'><strong>liberum</strong></span> <span class='ocrx_word' id='word_1_224' title='bbox 813 2350 1096 2402; x_wconf 86' lang='lat' dir='ltr'><strong>arbitrium</strong></span> <span class='ocrx_word' id='word_1_225' title='bbox 1133 2350 1184 2402; x_wconf 91' lang='lat' dir='ltr'><strong>in</strong></span> <span class='ocrx_word' id='word_1_226' title='bbox 1217 2350 1468 2402; x_wconf 87' lang='lat' dir='ltr'><strong>universo</strong></span> <span class='ocrx_word' id='word_1_227' title='bbox 1497 2347 1730 2402; x_wconf 82' lang='lat' dir='ltr'><strong>humano</strong></span> <span class='ocrx_word' id='word_1_228' title='bbox 1758 2360 1956 2402; x_wconf 66' lang='lat' dir='ltr'><strong>genere</strong></span> <span class='ocrx_word' id='word_1_229' title='bbox 1988 2344 2129 2399; x_wconf 88' lang='lat' dir='ltr'><strong>illius</strong></span> 
     </span>
    </p>
   </div>
   <div class='ocr_carea' id='block_1_30' title="bbox 580 2344 2130 2416">
    <p class='ocr_par' dir='ltr' id='par_1_30' title="bbox 580 2344 2130 2416">
     <span class='ocr_line' id='line_1_31' title="bbox 580 2344 2130 2416; baseline -0.001 -15"><span class='ocrx_word' id='word_1_230' title='bbox 580 2351 783 2405; x_wconf 86' lang='lat' dir='ltr'><strong>iberum</strong></span> <span class='ocrx_word' id='word_1_231' title='bbox 813 2344 1096 2405; x_wconf 80' lang='lat' dir='ltr'><strong>arbitrium</strong></span> <span class='ocrx_word' id='word_1_232' title='bbox 1133 2350 1184 2404; x_wconf 89' lang='lat' dir='ltr'><strong>in</strong></span> <span class='ocrx_word' id='word_1_233' title='bbox 1217 2344 1468 2404; x_wconf 80' lang='lat' dir='ltr'><strong>universo</strong></span> <span class='ocrx_word' id='word_1_234' title='bbox 1497 2347 1730 2402; x_wconf 82' lang='lat' dir='ltr'><strong>humano</strong></span> <span class='ocrx_word' id='word_1_235' title='bbox 1758 2360 1956 2416; x_wconf 77' lang='lat' dir='ltr'><strong>genere</strong></span> <span class='ocrx_word' id='word_1_236' title='bbox 1988 2344 2130 2399; x_wconf 88' lang='lat' dir='ltr'><strong>illius</strong></span> 
     </span>
    </p>
   </div>
   <div class='ocr_carea' id='block_1_31' title="bbox 554 2416 2126 2489">
    <p class='ocr_par' dir='ltr' id='par_1_31' title="bbox 554 2416 2126 2489">
     <span class='ocr_line' id='line_1_32' title="bbox 554 2416 2126 2489; baseline -0.005 -15"><span class='ocrx_word' id='word_1_237' title='bbox 554 2422 1015 2489; x_wconf 65' lang='lat' dir='ltr'><strong>praevaricationis</strong></span> <span class='ocrx_word' id='word_1_238' title='bbox 1062 2422 1254 2473; x_wconf 90' lang='lat' dir='ltr'><strong>merito</strong></span> <span class='ocrx_word' id='word_1_239' title='bbox 1296 2420 1541 2474; x_wconf 90' lang='lat' dir='ltr'><strong>vitiatum</strong></span> <span class='ocrx_word' id='word_1_240' title='bbox 1582 2416 2126 2489; x_wconf 38' lang='lat' dir='ltr'><strong>etucorruptum,_ita</strong></span> 
     </span>
    </p>
   </div>
   <div class='ocr_carea' id='block_1_32' title="bbox 554 2484 2128 2552">
    <p class='ocr_par' dir='ltr' id='par_1_32' title="bbox 554 2484 2128 2552">
     <span class='ocr_line' id='line_1_33' title="bbox 554 2484 2128 2552; baseline -0.004 -9"><span class='ocrx_word' id='word_1_241' title='bbox 554 2484 884 2546; x_wconf 66' lang='lat' dir='ltr'><strong>olmmcatum</strong></span> <span class='ocrx_word' id='word_1_242' title='bbox 910 2500 993 2546; x_wconf 87' lang='lat' dir='ltr'><strong>est</strong></span> <span class='ocrx_word' id='word_1_243' title='bbox 1024 2500 1073 2544; x_wconf 92' lang='lat' dir='ltr'><strong>et</strong></span> <span class='ocrx_word' id='word_1_244' title='bbox 1115 2490 1464 2552; x_wconf 89' lang='lat' dir='ltr'><strong>inﬁrmatum,</strong></span> <span class='ocrx_word' id='word_1_245' title='bbox 1487 2497 1549 2541; x_wconf 91' lang='lat' dir='ltr'><strong>ut</strong></span> <span class='ocrx_word' id='word_1_246' title='bbox 1572 2487 1803 2544; x_wconf 88' lang='lat' dir='ltr'><strong>sufficiat</strong></span> <span class='ocrx_word' id='word_1_247' title='bbox 1830 2484 2030 2539; x_wconf 92' lang='lat' dir='ltr'><strong>bomini</strong></span> <span class='ocrx_word' id='word_1_248' title='bbox 2062 2484 2128 2537; x_wconf 90' lang='lat' dir='ltr'><strong>ad</strong></span> 
     </span>
    </p>
   </div>
   <div class='ocr_carea' id='block_1_33' title="bbox 553 2553 2127 2631">
    <p class='ocr_par' dir='ltr' id='par_1_33' title="bbox 553 2553 2127 2631">
     <span class='ocr_line' id='line_1_34' title="bbox 553 2553 2127 2631; baseline -0.005 -17"><span class='ocrx_word' id='word_1_249' title='bbox 553 2561 694 2631; x_wconf 86' lang='lat' dir='ltr'><strong>male</strong></span> <span class='ocrx_word' id='word_1_250' title='bbox 719 2560 1084 2631; x_wconf 88' lang='lat' dir='ltr'><strong>agendum,id</strong></span> <span class='ocrx_word' id='word_1_251' title='bbox 1112 2561 1288 2631; x_wconf 84' lang='lat' dir='ltr'><strong>estad</strong></span> <span class='ocrx_word' id='word_1_252' title='bbox 1332 2560 1542 2613; x_wconf 87' lang='lat' dir='ltr'><strong>ruinam</strong></span> <span class='ocrx_word' id='word_1_253' title='bbox 1588 2555 1914 2631; x_wconf 81' lang='lat' dir='ltr'><strong>iniquitatis,</strong></span> <span class='ocrx_word' id='word_1_254' title='bbox 1960 2564 2013 2609; x_wconf 86' lang='lat' dir='ltr'><strong>et</strong></span> <span class='ocrx_word' id='word_1_255' title='bbox 2061 2553 2127 2607; x_wconf 88' lang='lat' dir='ltr'><strong>ad</strong></span> 
     </span>
    </p>
   </div>
   <div class='ocr_carea' id='block_1_34' title="bbox 553 2628 2129 2705">
    <p class='ocr_par' dir='ltr' id='par_1_34' title="bbox 553 2628 2129 2705">
     <span class='ocr_line' id='line_1_35' title="bbox 553 2628 2129 2705; baseline -0.006 -20"><span class='ocrx_word' id='word_1_256' title='bbox 553 2630 656 2705; x_wconf 76' lang='lat' dir='ltr'><strong>boc</strong></span> <span class='ocrx_word' id='word_1_257' title='bbox 684 2628 853 2705; x_wconf 75' lang='lat' dir='ltr'><strong>solum</strong></span> <span class='ocrx_word' id='word_1_258' title='bbox 881 2630 1050 2705; x_wconf 79' lang='lat' dir='ltr'><strong>possit</strong></span> <span class='ocrx_word' id='word_1_259' title='bbox 1079 2645 1198 2705; x_wconf 82' lang='lat' dir='ltr'><strong>esse</strong></span> <span class='ocrx_word' id='word_1_260' title='bbox 1222 2630 1454 2705; x_wconf 79' lang='lat' dir='ltr'><strong>liberum</strong></span> <span class='ocrx_word' id='word_1_261' title='bbox 1486 2642 1501 2681; x_wconf 92' lang='lat'><strong>:</strong></span> <span class='ocrx_word' id='word_1_262' title='bbox 1531 2630 1597 2705; x_wconf 80' lang='lat' dir='ltr'><strong>ad</strong></span> <span class='ocrx_word' id='word_1_263' title='bbox 1624 2628 1761 2705; x_wconf 76' lang='lat' dir='ltr'><strong>bene</strong></span> <span class='ocrx_word' id='word_1_264' title='bbox 1789 2641 1917 2680; x_wconf 88' lang='lat' dir='ltr'><strong>vero</strong></span> <span class='ocrx_word' id='word_1_265' title='bbox 1958 2640 2129 2705; x_wconf 45' lang='lat' dir='ltr'><strong>agon-.-</strong></span> 
     </span>
    </p>
   </div>
   <div class='ocr_carea' id='block_1_35' title="bbox 553 2695 2128 2759">
    <p class='ocr_par' dir='ltr' id='par_1_35' title="bbox 553 2695 2128 2759">
     <span class='ocr_line' id='line_1_36' title="bbox 553 2695 2128 2759; baseline -0.003 -7"><span class='ocrx_word' id='word_1_266' title='bbox 553 2701 699 2759; x_wconf 83' lang='lat' dir='ltr'><strong>tlum.</strong></span> <span class='ocrx_word' id='word_1_267' title='bbox 729 2701 782 2754; x_wconf 93' lang='lat' dir='ltr'><strong>id</strong></span> <span class='ocrx_word' id='word_1_268' title='bbox 812 2695 895 2755; x_wconf 76' lang='lat' dir='ltr'><strong>est</strong></span> <span class='ocrx_word' id='word_1_269' title='bbox 920 2701 987 2755; x_wconf 87' lang='lat' dir='ltr'><strong>ad</strong></span> <span class='ocrx_word' id='word_1_270' title='bbox 1014 2701 1328 2755; x_wconf 80' lang='lat' dir='ltr'><strong>exercitium</strong></span> <span class='ocrx_word' id='word_1_271' title='bbox 1356 2701 1575 2754; x_wconf 88' lang='lat' dir='ltr'><strong>virtutis</strong></span> <span class='ocrx_word' id='word_1_272' title='bbox 1618 2708 1673 2752; x_wconf 91' lang='lat' dir='ltr'><strong>et</strong></span> <span class='ocrx_word' id='word_1_273' title='bbox 1720 2696 1951 2750; x_wconf 87' lang='lat' dir='ltr'><strong>fructum</strong></span> <span class='ocrx_word' id='word_1_274' title='bbox 2001 2695 2128 2750; x_wconf 89' lang='lat' dir='ltr'><strong>boni</strong></span> 
     </span>
    </p>
   </div>
   <div class='ocr_carea' id='block_1_36' title="bbox 550 2767 2130 2840">
    <p class='ocr_par' dir='ltr' id='par_1_36' title="bbox 550 2767 2130 2840">
     <span class='ocr_line' id='line_1_37' title="bbox 550 2767 2130 2840; baseline -0.002 -18"><span class='ocrx_word' id='word_1_275' title='bbox 550 2772 756 2839; x_wconf 87' lang='lat' dir='ltr'><strong>operis,</strong></span> <span class='ocrx_word' id='word_1_276' title='bbox 784 2771 930 2826; x_wconf 91' lang='lat' dir='ltr'><strong>nullo</strong></span> <span class='ocrx_word' id='word_1_277' title='bbox 956 2772 1115 2825; x_wconf 89' lang='lat' dir='ltr'><strong>modo</strong></span> <span class='ocrx_word' id='word_1_278' title='bbox 1143 2779 1389 2840; x_wconf 80' lang='lat' dir='ltr'><strong>assurgat</strong></span> <span class='ocrx_word' id='word_1_279' title='bbox 1413 2778 1469 2825; x_wconf 89' lang='lat' dir='ltr'><strong>et</strong></span> <span class='ocrx_word' id='word_1_280' title='bbox 1492 2769 1853 2829; x_wconf 82' lang='lat' dir='ltr'><strong>convalescat,</strong></span> <span class='ocrx_word' id='word_1_281' title='bbox 1883 2767 1985 2840; x_wconf 83' lang='lat' dir='ltr'><strong>nisi</strong></span> <span class='ocrx_word' id='word_1_282' title='bbox 2030 2780 2130 2840; x_wconf 81' lang='lat' dir='ltr'><strong>per</strong></span> 
     </span>
    </p>
   </div>
   <div class='ocr_carea' id='block_1_37' title="bbox 552 2836 2130 2895">
    <p class='ocr_par' dir='ltr' id='par_1_37' title="bbox 552 2836 2130 2895">
     <span class='ocr_line' id='line_1_38' title="bbox 552 2836 2130 2895; baseline -0.002 -3"><span class='ocrx_word' id='word_1_283' title='bbox 552 2836 713 2894; x_wconf 82' lang='lat' dir='ltr'><strong>ﬁdem</strong></span> <span class='ocrx_word' id='word_1_284' title='bbox 770 2841 928 2895; x_wconf 88' lang='lat' dir='ltr'><strong>unius</strong></span> <span class='ocrx_word' id='word_1_285' title='bbox 973 2841 1285 2895; x_wconf 86' lang='lat' dir='ltr'><strong>mediatoris</strong></span> <span class='ocrx_word' id='word_1_286' title='bbox 1306 2836 1423 2893; x_wconf 45' lang='lat' dir='ltr'><strong>&#39;Dei</strong></span> <span class='ocrx_word' id='word_1_287' title='bbox 1472 2849 1527 2893; x_wconf 87' lang='lat' dir='ltr'><strong>et</strong></span> <span class='ocrx_word' id='word_1_288' title='bbox 1573 2840 1846 2894; x_wconf 84' lang='lat' dir='ltr'><strong>hominum</strong></span> <span class='ocrx_word' id='word_1_289' title='bbox 1896 2836 2130 2891; x_wconf 84' lang='lat' dir='ltr'><strong>hominis</strong></span> 
     </span>
    </p>
   </div>
   <div class='ocr_carea' id='block_1_38' title="bbox 548 2908 2127 2979">
    <p class='ocr_par' dir='ltr' id='par_1_38' title="bbox 548 2908 2127 2979">
     <span class='ocr_line' id='line_1_39' title="bbox 548 2908 2127 2979; baseline -0.002 -17"><span class='ocrx_word' id='word_1_290' title='bbox 548 2909 750 2964; x_wconf 80' lang='lat' dir='ltr'><strong>Christi</strong></span> <span class='ocrx_word' id='word_1_291' title='bbox 775 2909 1000 2974; x_wconf 84' lang='lat' dir='ltr'><strong>Jesu,et</strong></span> <span class='ocrx_word' id='word_1_292' title='bbox 1027 2911 1225 2965; x_wconf 90' lang='lat' dir='ltr'><strong>donum</strong></span> <span class='ocrx_word' id='word_1_293' title='bbox 1270 2908 1504 2979; x_wconf 87' lang='lat' dir='ltr'><strong>Spiritus</strong></span> <span class='ocrx_word' id='word_1_294' title='bbox 1544 2910 1732 2967; x_wconf 90' lang='lat' dir='ltr'><strong>sancti,</strong></span> <span class='ocrx_word' id='word_1_295' title='bbox 1778 2908 2127 2979; x_wconf 82' lang='lat' dir='ltr'><strong>instauretur,</strong></span> 
     </span>
    </p>
   </div>
   <div class='ocr_carea' id='block_1_39' title="bbox 554 2976 2127 3049">
    <p class='ocr_par' dir='ltr' id='par_1_39' title="bbox 554 2976 2127 3049">
     <span class='ocr_line' id='line_1_40' title="bbox 554 2976 2127 3049; baseline -0.003 -17"><span class='ocrx_word' id='word_1_296' title='bbox 554 2979 886 3033; x_wconf 89' lang='lat' dir='ltr'><strong>illuminetur</strong></span> <span class='ocrx_word' id='word_1_297' title='bbox 930 2989 1091 3048; x_wconf 91' lang='lat' dir='ltr'><strong>atque</strong></span> <span class='ocrx_word' id='word_1_298' title='bbox 1137 2976 1375 3049; x_wconf 86' lang='lat' dir='ltr'><strong>sanetur,</strong></span> <span class='ocrx_word' id='word_1_299' title='bbox 1426 2981 1567 3049; x_wconf 88' lang='lat' dir='ltr'><strong>sicut</strong></span> <span class='ocrx_word' id='word_1_300' title='bbox 1611 2976 2019 3049; x_wconf 71' lang='lat' dir='ltr'><strong>ipseSalvator</strong></span> <span class='ocrx_word' id='word_1_301' title='bbox 2071 2976 2127 3049; x_wconf 86' lang='lat' dir='ltr'><strong>in</strong></span> 
     </span>
    </p>
   </div>
   <div class='ocr_carea' id='block_1_40' title="bbox 552 3046 2126 3119">
    <p class='ocr_par' dir='ltr' id='par_1_40' title="bbox 552 3046 2126 3119">
     <span class='ocr_line' id='line_1_41' title="bbox 552 3046 2126 3119; baseline -0.004 -16"><span class='ocrx_word' id='word_1_302' title='bbox 552 3049 843 3119; x_wconf 79' lang='lat' dir='ltr'><strong>Evangelia</strong></span> <span class='ocrx_word' id='word_1_303' title='bbox 870 3046 1154 3117; x_wconf 87' lang='lat' dir='ltr'><strong>promittit,</strong></span> <span class='ocrx_word' id='word_1_304' title='bbox 1178 3048 1359 3119; x_wconf 85' lang='lat' dir='ltr'><strong>dicens</strong></span> <span class='ocrx_word' id='word_1_305' title='bbox 1393 3065 1405 3101; x_wconf 91' lang='lat'>:</span> <span class='ocrx_word' id='word_1_306' title='bbox 1437 3047 1497 3103; x_wconf 89' lang='lat' dir='ltr'><strong>Si</strong></span> <span class='ocrx_word' id='word_1_307' title='bbox 1522 3066 1608 3103; x_wconf 81' lang='lat' dir='ltr'><strong>vos</strong></span> <span class='ocrx_word' id='word_1_308' title='bbox 1630 3046 1698 3102; x_wconf 68' lang='grc' dir='ltr'>Ἐ</span> <span class='ocrx_word' id='word_1_309' title='bbox 1704 3048 1823 3100; x_wconf 86' lang='lat' dir='ltr'><strong>ilius</strong></span> <span class='ocrx_word' id='word_1_310' title='bbox 1858 3046 2126 3119; x_wconf 79' lang='lat' dir='ltr'><strong>liberavit,</strong></span> 
     </span>
    </p>
   </div>
   <div class='ocr_carea' id='block_1_41' title="bbox 547 3115 2127 3189">
    <p class='ocr_par' dir='ltr' id='par_1_41' title="bbox 547 3115 2127 3189">
     <span class='ocr_line' id='line_1_42' title="bbox 547 3115 2127 3189; baseline -0.003 -18"><span class='ocrx_word' id='word_1_311' title='bbox 547 3129 673 3172; x_wconf 84' lang='lat' dir='ltr'><strong>tunc</strong></span> <span class='ocrx_word' id='word_1_312' title='bbox 700 3115 811 3189; x_wconf 68' lang='lat' dir='ltr'><strong>vere</strong></span> <span class='ocrx_word' id='word_1_313' title='bbox 838 3115 987 3189; x_wconf 77' lang='lat' dir='ltr'><strong>liberi</strong></span> <span class='ocrx_word' id='word_1_314' title='bbox 1012 3120 1156 3172; x_wconf 87' lang='lat' dir='ltr'><strong>eritis</strong></span> <span class='ocrx_word' id='word_1_315' title='bbox 1200 3117 1380 3187; x_wconf 82' lang='lat' dir='ltr'><strong>(Joan.</strong></span> <span class='ocrx_word' id='word_1_316' title='bbox 1409 3134 1537 3189; x_wconf 80' lang='lat' dir='ltr'><strong>vni,</strong></span> <span class='ocrx_word' id='word_1_317' title='bbox 1577 3119 1799 3189; x_wconf 21' lang='lat' dir='ltr'><strong>36);7e_t</strong></span> <span class='ocrx_word' id='word_1_318' title='bbox 1841 3115 2127 3189; x_wconf 73' lang='lat' dir='ltr'><strong>Apostoius</strong></span> 
     </span>
    </p>
   </div>
   <div class='ocr_carea' id='block_1_42' title="bbox 2316 525 3825 592">
    <p class='ocr_par' dir='ltr' id='par_1_42' title="bbox 2316 525 3825 592">
     <span class='ocr_line' id='line_1_43' title="bbox 2316 525 3825 592; baseline 0.008 -15"><span class='ocrx_word' id='word_1_319' title='bbox 2316 525 2463 578; x_wconf 86' lang='lat' dir='ltr'><strong>sculo</strong></span> <span class='ocrx_word' id='word_1_320' title='bbox 2485 538 2854 592; x_wconf 75' lang='lat' dir='ltr'><strong>consequenter</strong></span> <span class='ocrx_word' id='word_1_321' title='bbox 2872 538 2947 581; x_wconf 87' lang='lat' dir='ltr'><strong>est</strong></span> <span class='ocrx_word' id='word_1_322' title='bbox 2970 530 3211 583; x_wconf 84' lang='lat' dir='ltr'><strong>vicesimo</strong></span> <span class='ocrx_word' id='word_1_323' title='bbox 3240 530 3465 585; x_wconf 81' lang='lat' dir='ltr'><strong>secundo</strong></span> <span class='ocrx_word' id='word_1_324' title='bbox 3490 525 3537 585; x_wconf 82' lang='lat' dir='ltr'><strong>et</strong></span> <span class='ocrx_word' id='word_1_325' title='bbox 3563 525 3825 589; x_wconf 81' lang='lat' dir='ltr'><strong>tricesimo</strong></span> 
     </span>
    </p>
   </div>
   <div class='ocr_carea' id='block_1_43' title="bbox 2312 596 3090 668">
    <p class='ocr_par' dir='ltr' id='par_1_43' title="bbox 2312 596 3090 668">
     <span class='ocr_line' id='line_1_44' title="bbox 2312 596 3090 668; baseline 0.008 -23"><span class='ocrx_word' id='word_1_326' title='bbox 2312 596 2492 664; x_wconf 88' lang='lat' dir='ltr'><strong>quinto</strong></span> <span class='ocrx_word' id='word_1_327' title='bbox 2514 596 2755 665; x_wconf 86' lang='lat' dir='ltr'><strong>capitulis</strong></span> <span class='ocrx_word' id='word_1_328' title='bbox 2786 597 3090 668; x_wconf 75' lang='lat' dir='ltr'><strong>explanata.</strong></span> 
     </span>
    </p>
   </div>
   <div class='ocr_carea' id='block_1_44' title="bbox 2312 729 3821 805">
    <p class='ocr_par' dir='ltr' id='par_1_44' title="bbox 2312 729 3821 805">
     <span class='ocr_line' id='line_1_45' title="bbox 2312 729 3821 805; baseline 0.007 -22"><span class='ocrx_word' id='word_1_329' title='bbox 2312 729 2352 783; x_wconf 90' lang='grc' dir='ltr'><strong>Ι.</strong></span> <span class='ocrx_word' id='word_1_330' title='bbox 2396 729 2564 805; x_wconf 70' lang='lat' dir='ltr'><strong>Deum</strong></span> <span class='ocrx_word' id='word_1_331' title='bbox 2606 730 2889 805; x_wconf 54' lang='lat' dir='ltr'><strong>praescisse</strong></span> <span class='ocrx_word' id='word_1_332' title='bbox 2917 732 3247 805; x_wconf 25' lang='lat' dir='ltr'><strong>aztcrnalitc‘r</strong></span> <span class='ocrx_word' id='word_1_333' title='bbox 3276 740 3331 787; x_wconf 90' lang='lat' dir='ltr'><strong>et</strong></span> <span class='ocrx_word' id='word_1_334' title='bbox 3358 749 3497 789; x_wconf 84' lang='lat' dir='ltr'><strong>nona</strong></span> <span class='ocrx_word' id='word_1_335' title='bbox 3531 750 3650 805; x_wconf 77' lang='lat' dir='ltr'><strong>qua:</strong></span> <span class='ocrx_word' id='word_1_336' title='bbox 3694 736 3821 794; x_wconf 91' lang='lat' dir='ltr'><strong>boni</strong></span> 
     </span>
    </p>
   </div>
   <div class='ocr_carea' id='block_1_45' title="bbox 2238 799 3823 877">
    <p class='ocr_par' dir='ltr' id='par_1_45' title="bbox 2238 799 3823 877">
     <span class='ocr_line' id='line_1_46' title="bbox 2238 799 3823 877; baseline 0.007 -24"><span class='ocrx_word' id='word_1_337' title='bbox 2238 808 2399 854; x_wconf 88' lang='lat' dir='ltr'><strong>crant</strong></span> <span class='ocrx_word' id='word_1_338' title='bbox 2424 799 2646 877; x_wconf 56' lang='lat' dir='ltr'><strong>facturi,</strong></span> <span class='ocrx_word' id='word_1_339' title='bbox 2676 810 2731 853; x_wconf 92' lang='lat' dir='ltr'><strong>et</strong></span> <span class='ocrx_word' id='word_1_340' title='bbox 2756 801 2895 877; x_wconf 74' lang='lat' dir='ltr'><strong>maia</strong></span> <span class='ocrx_word' id='word_1_341' title='bbox 2936 818 3054 877; x_wconf 76' lang='lat' dir='ltr'><strong>qua:</strong></span> <span class='ocrx_word' id='word_1_342' title='bbox 3075 802 3224 877; x_wconf 87' lang='lat' dir='ltr'><strong>_m_ali</strong></span> <span class='ocrx_word' id='word_1_343' title='bbox 3276 813 3401 856; x_wconf 89' lang='lat' dir='ltr'><strong>sunt</strong></span> <span class='ocrx_word' id='word_1_344' title='bbox 3419 799 3666 877; x_wconf 67' lang='lat' dir='ltr'><strong>gesturi,</strong></span> <span class='ocrx_word' id='word_1_345' title='bbox 3694 810 3823 877; x_wconf 85' lang='lat' dir='ltr'><strong>quia</strong></span> 
     </span>
    </p>
   </div>
   <div class='ocr_carea' id='block_1_46' title="bbox 2239 867 3823 941">
    <p class='ocr_par' dir='ltr' id='par_1_46' title="bbox 2239 867 3823 941">
     <span class='ocr_line' id='line_1_47' title="bbox 2239 867 3823 941; baseline 0.006 -19"><span class='ocrx_word' id='word_1_346' title='bbox 2239 884 2428 941; x_wconf 84' lang='lat' dir='ltr'><strong>vocem</strong></span> <span class='ocrx_word' id='word_1_347' title='bbox 2457 867 2751 941; x_wconf 72' lang='lat' dir='ltr'><strong>Scriptura:</strong></span> <span class='ocrx_word' id='word_1_348' title='bbox 2800 867 3026 924; x_wconf 83' lang='lat' dir='ltr'><strong>dicentis</strong></span> <span class='ocrx_word' id='word_1_349' title='bbox 3062 870 3335 941; x_wconf 18' lang='lat' dir='ltr'><strong>Ababemus</strong></span> <span class='ocrx_word' id='word_1_350' title='bbox 3364 890 3378 925; x_wconf 90' lang='lat'><strong>:</strong></span> <span class='ocrx_word' id='word_1_351' title='bbox 3412 867 3548 927; x_wconf 85' lang='lat' dir='ltr'><strong>Deus</strong></span> <span class='ocrx_word' id='word_1_352' title='bbox 3595 867 3823 941; x_wconf 61' lang='lat' dir='ltr'><strong>aeterne,</strong></span> 
     </span>
    </p>
   </div>
   <div class='ocr_carea' id='block_1_47' title="bbox 2237 938 3825 1008">
    <p class='ocr_par' dir='ltr' id='par_1_47' title="bbox 2237 938 3825 1008">
     <span class='ocr_line' id='line_1_48' title="bbox 2237 938 3825 1008; baseline 0.004 -16"><span class='ocrx_word' id='word_1_353' title='bbox 2237 939 2330 1008; x_wconf 85' lang='lat' dir='ltr'><strong>qui</strong></span> <span class='ocrx_word' id='word_1_354' title='bbox 2371 938 2789 992; x_wconf 84' lang='lat' dir='ltr'><strong>absconditorum</strong></span> <span class='ocrx_word' id='word_1_355' title='bbox 2826 956 2880 992; x_wconf 84' lang='lat' dir='ltr'><strong>es</strong></span> <span class='ocrx_word' id='word_1_356' title='bbox 2923 939 3176 1007; x_wconf 83' lang='lat' dir='ltr'><strong>cognitor,</strong></span> <span class='ocrx_word' id='word_1_357' title='bbox 3209 943 3298 1008; x_wconf 90' lang='lat' dir='ltr'><strong>qui</strong></span> <span class='ocrx_word' id='word_1_358' title='bbox 3321 944 3456 996; x_wconf 88' lang='lat' dir='ltr'><strong>nosti</strong></span> <span class='ocrx_word' id='word_1_359' title='bbox 3477 945 3652 998; x_wconf 82' lang='lat' dir='ltr'><strong>omnia</strong></span> <span class='ocrx_word' id='word_1_360' title='bbox 3676 938 3825 1000; x_wconf 54' lang='lat' dir='ltr'><strong>ante;</strong></span> 
     </span>
    </p>
   </div>
   <div class='ocr_carea' id='block_1_48' title="bbox 2234 1009 3825 1079">
    <p class='ocr_par' dir='ltr' id='par_1_48' title="bbox 2234 1009 3825 1079">
     <span class='ocr_line' id='line_1_49' title="bbox 2234 1009 3825 1079; baseline 0.006 -18"><span class='ocrx_word' id='word_1_361' title='bbox 2234 1025 2395 1077; x_wconf 89' lang='lat' dir='ltr'><strong>quam</strong></span> <span class='ocrx_word' id='word_1_362' title='bbox 2437 1009 2568 1075; x_wconf 81' lang='lat' dir='ltr'><strong>ﬁant</strong></span> <span class='ocrx_word' id='word_1_363' title='bbox 2612 1009 2772 1078; x_wconf 87' lang='lat' dir='ltr'><strong>(Dan.</strong></span> <span class='ocrx_word' id='word_1_364' title='bbox 2804 1025 2938 1072; x_wconf 78' lang='lat' dir='ltr'><strong>xm,</strong></span> <span class='ocrx_word' id='word_1_365' title='bbox 2986 1009 3111 1076; x_wconf 71' lang='grc'><strong>42),</strong></span> <span class='ocrx_word' id='word_1_366' title='bbox 3166 1009 3392 1065; x_wconf 88' lang='lat' dir='ltr'><strong>ﬁdeliter</strong></span> <span class='ocrx_word' id='word_1_367' title='bbox 3441 1016 3719 1079; x_wconf 86' lang='lat' dir='ltr'><strong>tenemus;</strong></span> <span class='ocrx_word' id='word_1_368' title='bbox 3765 1027 3825 1071; x_wconf 87' lang='lat' dir='ltr'><strong>et</strong></span> 
     </span>
    </p>
   </div>
   <div class='ocr_carea' id='block_1_49' title="bbox 2238 1078 3821 1153">
    <p class='ocr_par' dir='ltr' id='par_1_49' title="bbox 2238 1078 3821 1153">
     <span class='ocr_line' id='line_1_50' title="bbox 2238 1078 3821 1153; baseline 0.005 -22"><span class='ocrx_word' id='word_1_369' title='bbox 2238 1079 2414 1147; x_wconf 89' lang='lat' dir='ltr'><strong>placet</strong></span> <span class='ocrx_word' id='word_1_370' title='bbox 2443 1087 2650 1153; x_wconf 81' lang='lat' dir='ltr'><strong>tenere,</strong></span> <span class='ocrx_word' id='word_1_371' title='bbox 2683 1078 2851 1153; x_wconf 79' lang='lat' dir='ltr'><strong>bonos</strong></span> <span class='ocrx_word' id='word_1_372' title='bbox 2882 1082 3159 1148; x_wconf 68' lang='lat' dir='ltr'><strong>praescisse</strong></span> <span class='ocrx_word' id='word_1_373' title='bbox 3203 1082 3422 1153; x_wconf 82' lang='lat' dir='ltr'><strong>omnino</strong></span> <span class='ocrx_word' id='word_1_374' title='bbox 3458 1098 3556 1151; x_wconf 88' lang='lat' dir='ltr'><strong>per</strong></span> <span class='ocrx_word' id='word_1_375' title='bbox 3588 1078 3821 1153; x_wconf 87' lang='lat' dir='ltr'><strong>gratiam</strong></span> 
     </span>
    </p>
   </div>
   <div class='ocr_carea' id='block_1_50' title="bbox 2232 1146 3812 1223">
    <p class='ocr_par' dir='ltr' id='par_1_50' title="bbox 2232 1146 3812 1223">
     <span class='ocr_line' id='line_1_51' title="bbox 2232 1146 3812 1223; baseline 0.005 -21"><span class='ocrx_word' id='word_1_376' title='bbox 2232 1146 2393 1202; x_wconf 70' lang='lat' dir='ltr'><strong>Suam</strong></span> <span class='ocrx_word' id='word_1_377' title='bbox 2452 1148 2621 1202; x_wconf 89' lang='lat' dir='ltr'><strong>bonos</strong></span> <span class='ocrx_word' id='word_1_378' title='bbox 2655 1146 2931 1223; x_wconf 83' lang='lat' dir='ltr'><strong>_futuros,</strong></span> <span class='ocrx_word' id='word_1_379' title='bbox 2996 1160 3052 1203; x_wconf 90' lang='lat' dir='ltr'><strong>et</strong></span> <span class='ocrx_word' id='word_1_380' title='bbox 3112 1146 3517 1223; x_wconf 75' lang='lat' dir='ltr'><strong>pcr_eamdeiu</strong></span> <span class='ocrx_word' id='word_1_381' title='bbox 3582 1146 3812 1223; x_wconf 70' lang='lat' dir='ltr'><strong>gratiam</strong></span> 
     </span>
    </p>
   </div>
   <div class='ocr_carea' id='block_1_51' title="bbox 2239 1218 3822 1291">
    <p class='ocr_par' dir='ltr' id='par_1_51' title="bbox 2239 1218 3822 1291">
     <span class='ocr_line' id='line_1_52' title="bbox 2239 1218 3822 1291; baseline 0.006 -20"><span class='ocrx_word' id='word_1_382' title='bbox 2239 1227 2437 1272; x_wconf 64' lang='lat' dir='ltr'><strong>interna</strong></span> <span class='ocrx_word' id='word_1_383' title='bbox 2487 1218 2702 1291; x_wconf 60' lang='lat' dir='ltr'><strong>praemia</strong></span> <span class='ocrx_word' id='word_1_384' title='bbox 2747 1228 3095 1291; x_wconf 82' lang='lat' dir='ltr'><strong>accepturos;</strong></span> <span class='ocrx_word' id='word_1_385' title='bbox 3147 1218 3314 1291; x_wconf 76' lang='lat' dir='ltr'><strong>malos</strong></span> <span class='ocrx_word' id='word_1_386' title='bbox 3359 1236 3487 1275; x_wconf 90' lang='lat' dir='ltr'><strong>vero</strong></span> <span class='ocrx_word' id='word_1_387' title='bbox 3539 1218 3822 1291; x_wconf 59' lang='lat' dir='ltr'><strong>thescisse</strong></span> 
     </span>
    </p>
   </div>
   <div class='ocr_carea' id='block_1_52' title="bbox 2238 1288 3815 1361">
    <p class='ocr_par' dir='ltr' id='par_1_52' title="bbox 2238 1288 3815 1361">
     <span class='ocr_line' id='line_1_53' title="bbox 2238 1288 3815 1361; baseline 0.006 -21"><span class='ocrx_word' id='word_1_388' title='bbox 2238 1302 2335 1361; x_wconf 84' lang='lat' dir='ltr'><strong>per</strong></span> <span class='ocrx_word' id='word_1_389' title='bbox 2352 1289 2630 1361; x_wconf 81' lang='lat' dir='ltr'><strong>propriam</strong></span> <span class='ocrx_word' id='word_1_390' title='bbox 2678 1288 2938 1361; x_wconf 78' lang='lat' dir='ltr'><strong>malitiam</strong></span> <span class='ocrx_word' id='word_1_391' title='bbox 2980 1290 3151 1361; x_wconf 85' lang='lat' dir='ltr'><strong>malos</strong></span> <span class='ocrx_word' id='word_1_392' title='bbox 3179 1288 3417 1353; x_wconf 89' lang='lat' dir='ltr'><strong>futuros,</strong></span> <span class='ocrx_word' id='word_1_393' title='bbox 3453 1302 3510 1345; x_wconf 90' lang='lat' dir='ltr'><strong>et</strong></span> <span class='ocrx_word' id='word_1_394' title='bbox 3535 1288 3632 1361; x_wconf 85' lang='lat' dir='ltr'><strong>per</strong></span> <span class='ocrx_word' id='word_1_395' title='bbox 3660 1310 3815 1349; x_wconf 88' lang='lat' dir='ltr'><strong>suam</strong></span> 
     </span>
    </p>
   </div>
   <div class='ocr_carea' id='block_1_53' title="bbox 2233 1357 3816 1425">
    <p class='ocr_par' dir='ltr' id='par_1_53' title="bbox 2233 1357 3816 1425">
     <span class='ocr_line' id='line_1_54' title="bbox 2233 1357 3816 1425; baseline 0.008 -18"><span class='ocrx_word' id='word_1_396' title='bbox 2233 1357 2498 1424; x_wconf 85' lang='lat' dir='ltr'><strong>justitiam</strong></span> <span class='ocrx_word' id='word_1_397' title='bbox 2529 1368 2726 1410; x_wconf 63' lang='lat' dir='ltr'><strong>aeterna</strong></span> <span class='ocrx_word' id='word_1_398' title='bbox 2760 1357 2959 1411; x_wconf 89' lang='lat' dir='ltr'><strong>ultione</strong></span> <span class='ocrx_word' id='word_1_399' title='bbox 3002 1360 3369 1425; x_wconf 85' lang='lat' dir='ltr'><strong>damnandos,</strong></span> <span class='ocrx_word' id='word_1_400' title='bbox 3414 1370 3473 1413; x_wconf 86' lang='lat' dir='ltr'><strong>ut</strong></span> <span class='ocrx_word' id='word_1_401' title='bbox 3518 1357 3816 1419; x_wconf 75' lang='lat' dir='ltr'><strong>secundum</strong></span> 
     </span>
    </p>
   </div>
   <div class='ocr_carea' id='block_1_54' title="bbox 2238 1425 3817 1496">
    <p class='ocr_par' dir='ltr' id='par_1_54' title="bbox 2238 1425 3817 1496">
     <span class='ocr_line' id='line_1_55' title="bbox 2238 1425 3817 1496; baseline 0.004 -13"><span class='ocrx_word' id='word_1_402' title='bbox 2238 1427 2610 1496; x_wconf 79' lang='lat' dir='ltr'><strong>Psalmistain,</strong></span> <span class='ocrx_word' id='word_1_403' title='bbox 2643 1425 2780 1492; x_wconf 83' lang='lat' dir='ltr'><strong>Quia</strong></span> <span class='ocrx_word' id='word_1_404' title='bbox 2822 1438 3047 1496; x_wconf 80' lang='lat' dir='ltr'><strong>potestas</strong></span> <span class='ocrx_word' id='word_1_405' title='bbox 3090 1427 3184 1480; x_wconf 88' lang='lat' dir='ltr'><strong>Dei</strong></span> <span class='ocrx_word' id='word_1_406' title='bbox 3216 1440 3287 1482; x_wconf 85' lang='lat' dir='ltr'><strong>est</strong></span> <span class='ocrx_word' id='word_1_407' title='bbox 3308 1470 3322 1493; x_wconf 94' lang='lat'><strong>,</strong></span> <span class='ocrx_word' id='word_1_408' title='bbox 3349 1438 3397 1483; x_wconf 86' lang='lat' dir='ltr'><strong>et</strong></span> <span class='ocrx_word' id='word_1_409' title='bbox 3428 1430 3639 1485; x_wconf 88' lang='lat' dir='ltr'><strong>Domini</strong></span> <span class='ocrx_word' id='word_1_410' title='bbox 3668 1435 3817 1488; x_wconf 83' lang='lat' dir='ltr'><strong>mise-</strong></span> 
     </span>
    </p>
   </div>
   <div class='ocr_carea' id='block_1_55' title="bbox 2238 1494 3817 1570">
    <p class='ocr_par' dir='ltr' id='par_1_55' title="bbox 2238 1494 3817 1570">
     <span class='ocr_line' id='line_1_56' title="bbox 2238 1494 3817 1570; baseline 0.004 -20"><span class='ocrx_word' id='word_1_411' title='bbox 2238 1498 2468 1570; x_wconf 79' lang='lat' dir='ltr'><strong>ricordia</strong></span> <span class='ocrx_word' id='word_1_412' title='bbox 2497 1494 2669 1566; x_wconf 83' lang='lat' dir='ltr'><strong>(l’sal.</strong></span> <span class='ocrx_word' id='word_1_413' title='bbox 2700 1494 2936 1570; x_wconf 42' lang='grc' dir='ltr'><strong>Μαίη,</strong></span> <span class='ocrx_word' id='word_1_414' title='bbox 2964 1497 3073 1568; x_wconf 80' lang='grc'><strong>15),</strong></span> <span class='ocrx_word' id='word_1_415' title='bbox 3100 1498 3286 1570; x_wconf 83' lang='lat' dir='ltr'><strong>reddat</strong></span> <span class='ocrx_word' id='word_1_416' title='bbox 3313 1499 3599 1570; x_wconf 89' lang='lat' dir='ltr'><strong>unicuique</strong></span> <span class='ocrx_word' id='word_1_417' title='bbox 3621 1517 3817 1558; x_wconf 80' lang='lat' dir='ltr'><strong>secun-</strong></span> 
     </span>
    </p>
   </div>
   <div class='ocr_carea' id='block_1_56' title="bbox 2236 1567 3810 1637">
    <p class='ocr_par' dir='ltr' id='par_1_56' title="bbox 2236 1567 3810 1637">
     <span class='ocr_line' id='line_1_57' title="bbox 2236 1567 3810 1637; baseline 0.004 -16"><span class='ocrx_word' id='word_1_418' title='bbox 2236 1568 2364 1637; x_wconf 87' lang='lat' dir='ltr'><strong>dum</strong></span> <span class='ocrx_word' id='word_1_419' title='bbox 2386 1582 2548 1637; x_wconf 88' lang='lat' dir='ltr'><strong>opera</strong></span> <span class='ocrx_word' id='word_1_420' title='bbox 2567 1582 2693 1626; x_wconf 88' lang='lat' dir='ltr'><strong>sua;</strong></span> <span class='ocrx_word' id='word_1_421' title='bbox 2719 1575 2772 1619; x_wconf 87' lang='lat' dir='ltr'><strong>ct</strong></span> <span class='ocrx_word' id='word_1_422' title='bbox 2793 1567 2931 1621; x_wconf 84' lang='lat' dir='ltr'><strong>sicut</strong></span> <span class='ocrx_word' id='word_1_423' title='bbox 2960 1568 3250 1637; x_wconf 86' lang='lat' dir='ltr'><strong>apostolica</strong></span> <span class='ocrx_word' id='word_1_424' title='bbox 3276 1567 3527 1623; x_wconf 75' lang='lat' dir='ltr'><strong>doctrina</strong></span> <span class='ocrx_word' id='word_1_425' title='bbox 3539 1586 3598 1624; x_wconf 87' lang='lat' dir='ltr'><strong>se</strong></span> <span class='ocrx_word' id='word_1_426' title='bbox 3619 1571 3810 1627; x_wconf 84' lang='lat' dir='ltr'><strong>habet:</strong></span> 
     </span>
    </p>
   </div>
   <div class='ocr_carea' id='block_1_57' title="bbox 2237 1636 3810 1711">
    <p class='ocr_par' dir='ltr' id='par_1_57' title="bbox 2237 1636 3810 1711">
     <span class='ocr_line' id='line_1_58' title="bbox 2237 1636 3810 1711; baseline 0.003 -20"><span class='ocrx_word' id='word_1_427' title='bbox 2237 1636 2340 1691; x_wconf 81' lang='lat' dir='ltr'><strong>His</strong></span> <span class='ocrx_word' id='word_1_428' title='bbox 2365 1636 2573 1711; x_wconf 82' lang='lat' dir='ltr'><strong>quidem</strong></span> <span class='ocrx_word' id='word_1_429' title='bbox 2597 1637 2687 1705; x_wconf 89' lang='lat' dir='ltr'><strong>qui</strong></span> <span class='ocrx_word' id='word_1_430' title='bbox 2713 1636 3315 1711; x_wconf 74' lang='lat' dir='ltr'><strong>secunduntpatientiam</strong></span> <span class='ocrx_word' id='word_1_431' title='bbox 3340 1639 3459 1692; x_wconf 89' lang='lat' dir='ltr'><strong>boni</strong></span> <span class='ocrx_word' id='word_1_432' title='bbox 3481 1641 3670 1709; x_wconf 86' lang='lat' dir='ltr'><strong>operis,</strong></span> <span class='ocrx_word' id='word_1_433' title='bbox 3694 1641 3810 1711; x_wconf 83' lang='lat' dir='ltr'><strong>glo-</strong></span> 
     </span>
    </p>
   </div>
   <div class='ocr_carea' id='block_1_58' title="bbox 2234 1707 3813 1778">
    <p class='ocr_par' dir='ltr' id='par_1_58' title="bbox 2234 1707 3813 1778">
     <span class='ocr_line' id='line_1_59' title="bbox 2234 1707 3813 1778; baseline 0.003 -17"><span class='ocrx_word' id='word_1_434' title='bbox 2234 1723 2401 1772; x_wconf 82' lang='lat' dir='ltr'><strong>riam,</strong></span> <span class='ocrx_word' id='word_1_435' title='bbox 2431 1716 2476 1759; x_wconf 89' lang='lat' dir='ltr'><strong>et</strong></span> <span class='ocrx_word' id='word_1_436' title='bbox 2505 1707 2782 1778; x_wconf 75' lang='lat' dir='ltr'><strong>honorem,</strong></span> <span class='ocrx_word' id='word_1_437' title='bbox 2813 1717 2859 1759; x_wconf 86' lang='lat' dir='ltr'><strong>et</strong></span> <span class='ocrx_word' id='word_1_438' title='bbox 2891 1708 3325 1776; x_wconf 83' lang='lat' dir='ltr'><strong>incorruptionem</strong></span> <span class='ocrx_word' id='word_1_439' title='bbox 3354 1707 3711 1778; x_wconf 62' lang='lat' dir='ltr'><strong>quterentibui</strong></span> <span class='ocrx_word' id='word_1_440' title='bbox 3729 1712 3813 1765; x_wconf 91' lang='lat' dir='ltr'><strong>vi-</strong></span> 
     </span>
    </p>
   </div>
   <div class='ocr_carea' id='block_1_59' title="bbox 2235 1777 3810 1851">
    <p class='ocr_par' dir='ltr' id='par_1_59' title="bbox 2235 1777 3810 1851">
     <span class='ocr_line' id='line_1_60' title="bbox 2235 1777 3810 1851; baseline 0.002 -20"><span class='ocrx_word' id='word_1_441' title='bbox 2235 1790 2345 1832; x_wconf 87' lang='lat' dir='ltr'><strong>tam</strong></span> <span class='ocrx_word' id='word_1_442' title='bbox 2379 1788 2627 1851; x_wconf 74' lang='lat' dir='ltr'><strong>a&#39;ternam</strong></span> <span class='ocrx_word' id='word_1_443' title='bbox 2667 1789 2685 1826; x_wconf 92' lang='lat'><strong><em>:</em></strong></span> <span class='ocrx_word' id='word_1_444' title='bbox 2728 1777 2808 1829; x_wconf 86' lang='lat' dir='ltr'><strong>Itis</strong></span> <span class='ocrx_word' id='word_1_445' title='bbox 2838 1786 3019 1851; x_wconf 75' lang='lat' dir='ltr'><strong>autem</strong></span> <span class='ocrx_word' id='word_1_446' title='bbox 3048 1779 3144 1851; x_wconf 81' lang='lat' dir='ltr'><strong>qui</strong></span> <span class='ocrx_word' id='word_1_447' title='bbox 3160 1793 3225 1830; x_wconf 78' lang='lat' dir='ltr'><strong>ea:</strong></span> <span class='ocrx_word' id='word_1_448' title='bbox 3248 1777 3607 1851; x_wconf 78' lang='lat' dir='ltr'><strong>Contentione,</strong></span> <span class='ocrx_word' id='word_1_449' title='bbox 3650 1791 3699 1851; x_wconf 87' lang='lat' dir='ltr'><strong>et</strong></span> <span class='ocrx_word' id='word_1_450' title='bbox 3719 1784 3810 1851; x_wconf 90' lang='lat' dir='ltr'><strong>qui</strong></span> 
     </span>
    </p>
   </div>
   <div class='ocr_carea' id='block_1_60' title="bbox 2235 1847 3806 1918">
    <p class='ocr_par' dir='ltr' id='par_1_60' title="bbox 2235 1847 3806 1918">
     <span class='ocr_line' id='line_1_61' title="bbox 2235 1847 3806 1918; baseline 0.001 -17"><span class='ocrx_word' id='word_1_451' title='bbox 2235 1865 2338 1901; x_wconf 90' lang='lat' dir='ltr'><strong>non</strong></span> <span class='ocrx_word' id='word_1_452' title='bbox 2384 1848 2717 1917; x_wconf 76' lang='lat' dir='ltr'><strong>acquiescant</strong></span> <span class='ocrx_word' id='word_1_453' title='bbox 2747 1847 2979 1909; x_wconf 72' lang='lat' dir='ltr'><strong>veritati,</strong></span> <span class='ocrx_word' id='word_1_454' title='bbox 3022 1847 3237 1901; x_wconf 87' lang='lat' dir='ltr'><strong>credunt</strong></span> <span class='ocrx_word' id='word_1_455' title='bbox 3293 1858 3465 1901; x_wconf 87' lang='lat' dir='ltr'><strong>autem</strong></span> <span class='ocrx_word' id='word_1_456' title='bbox 3510 1847 3806 1918; x_wconf 74' lang='lat' dir='ltr'><strong>iniquitati,</strong></span> 
     </span>
    </p>
   </div>
   <div class='ocr_carea' id='block_1_61' title="bbox 2231 1917 3809 1987">
    <p class='ocr_par' dir='ltr' id='par_1_61' title="bbox 2231 1917 3809 1987">
     <span class='ocr_line' id='line_1_62' title="bbox 2231 1917 3809 1987; baseline 0.002 -16"><span class='ocrx_word' id='word_1_457' title='bbox 2231 1920 2314 1972; x_wconf 91' lang='lat' dir='ltr'><strong>ira</strong></span> <span class='ocrx_word' id='word_1_458' title='bbox 2356 1928 2403 1969; x_wconf 89' lang='lat' dir='ltr'><strong>et</strong></span> <span class='ocrx_word' id='word_1_459' title='bbox 2442 1918 2763 1987; x_wconf 86' lang='lat' dir='ltr'><strong>indignatio,</strong></span> <span class='ocrx_word' id='word_1_460' title='bbox 2816 1917 3081 1971; x_wconf 86' lang='lat' dir='ltr'><strong>tribulatio</strong></span> <span class='ocrx_word' id='word_1_461' title='bbox 3120 1928 3175 1987; x_wconf 87' lang='lat' dir='ltr'><strong>et</strong></span> <span class='ocrx_word' id='word_1_462' title='bbox 3223 1918 3465 1987; x_wconf 73' lang='lat' dir='ltr'><strong>angustia</strong></span> <span class='ocrx_word' id='word_1_463' title='bbox 3504 1918 3558 1972; x_wconf 83' lang='lat' dir='ltr'><strong>in</strong></span> <span class='ocrx_word' id='word_1_464' title='bbox 3602 1917 3809 1975; x_wconf 85' lang='lat' dir='ltr'><strong>omnem</strong></span> 
     </span>
    </p>
   </div>
   <div class='ocr_carea' id='block_1_62' title="bbox 2233 1986 3806 2059">
    <p class='ocr_par' dir='ltr' id='par_1_62' title="bbox 2233 1986 3806 2059">
     <span class='ocr_line' id='line_1_63' title="bbox 2233 1986 3806 2059; baseline 0.004 -20"><span class='ocrx_word' id='word_1_465' title='bbox 2233 1988 2465 2059; x_wconf 83' lang='lat' dir='ltr'><strong>animum</strong></span> <span class='ocrx_word' id='word_1_466' title='bbox 2492 1986 2716 2059; x_wconf 72' lang='lat' dir='ltr'><strong>hominis</strong></span> <span class='ocrx_word' id='word_1_467' title='bbox 2739 1986 3416 2059; x_wconf 79' lang='lat' dir='ltr'><strong>operantis_malum_(Rom.</strong></span> <span class='ocrx_word' id='word_1_468' title='bbox 3447 2005 3499 2052; x_wconf 83' lang='grc' dir='ltr'>ι,</span> <span class='ocrx_word' id='word_1_469' title='bbox 3525 1988 3600 2059; x_wconf 85' lang='grc'><strong>7).</strong></span> <span class='ocrx_word' id='word_1_470' title='bbox 3630 1991 3686 2044; x_wconf 84' lang='lat' dir='ltr'><strong>in</strong></span> <span class='ocrx_word' id='word_1_471' title='bbox 3710 2007 3806 2045; x_wconf 84' lang='lat' dir='ltr'><strong>eo-</strong></span> 
     </span>
    </p>
   </div>
   <div class='ocr_carea' id='block_1_63' title="bbox 2232 2054 3808 2128">
    <p class='ocr_par' dir='ltr' id='par_1_63' title="bbox 2232 2054 3808 2128">
     <span class='ocr_line' id='line_1_64' title="bbox 2232 2054 3808 2128; baseline 0.004 -19"><span class='ocrx_word' id='word_1_472' title='bbox 2232 2057 2357 2109; x_wconf 90' lang='lat' dir='ltr'><strong>dem</strong></span> <span class='ocrx_word' id='word_1_473' title='bbox 2386 2071 2545 2128; x_wconf 86' lang='lat' dir='ltr'><strong>sensu</strong></span> <span class='ocrx_word' id='word_1_474' title='bbox 2592 2054 2750 2128; x_wconf 82' lang='lat' dir='ltr'><strong>idem</strong></span> <span class='ocrx_word' id='word_1_475' title='bbox 2772 2054 2910 2110; x_wconf 85' lang='lat' dir='ltr'><strong>alibi</strong></span> <span class='ocrx_word' id='word_1_476' title='bbox 2942 2073 2955 2109; x_wconf 75' lang='grc' dir='ltr'><strong>ε</strong></span> <span class='ocrx_word' id='word_1_477' title='bbox 2986 2056 3055 2109; x_wconf 86' lang='grc' dir='ltr'><strong>1η</strong></span> <span class='ocrx_word' id='word_1_478' title='bbox 3093 2054 3431 2128; x_wconf 65' lang='lat' dir='ltr'><strong>reuelatione,</strong></span> <span class='ocrx_word' id='word_1_479' title='bbox 3460 2054 3667 2128; x_wconf 85' lang='lat' dir='ltr'><strong>inquit,</strong></span> <span class='ocrx_word' id='word_1_480' title='bbox 3699 2060 3808 2116; x_wconf 81' lang='lat' dir='ltr'><strong>Do-</strong></span> 
     </span>
    </p>
   </div>
   <div class='ocr_carea' id='block_1_64' title="bbox 2230 2125 3806 2200">
    <p class='ocr_par' dir='ltr' id='par_1_64' title="bbox 2230 2125 3806 2200">
     <span class='ocr_line' id='line_1_65' title="bbox 2230 2125 3806 2200; baseline 0.005 -23"><span class='ocrx_word' id='word_1_481' title='bbox 2230 2128 2361 2200; x_wconf 75' lang='lat' dir='ltr'><strong>mini</strong></span> <span class='ocrx_word' id='word_1_482' title='bbox 2384 2126 2546 2200; x_wconf 78' lang='lat' dir='ltr'><strong>nostri</strong></span> <span class='ocrx_word' id='word_1_483' title='bbox 2565 2125 2631 2200; x_wconf 80' lang='lat' dir='ltr'><strong>de</strong></span> <span class='ocrx_word' id='word_1_484' title='bbox 2658 2125 2817 2200; x_wconf 46' lang='grc' dir='ltr'><strong>ειιιξιοΙ</strong></span> <span class='ocrx_word' id='word_1_485' title='bbox 2847 2142 2964 2179; x_wconf 88' lang='lat' dir='ltr'><strong>cum</strong></span> <span class='ocrx_word' id='word_1_486' title='bbox 2994 2126 3189 2200; x_wconf 78' lang='lat' dir='ltr'><strong>angelis</strong></span> <span class='ocrx_word' id='word_1_487' title='bbox 3214 2128 3416 2181; x_wconf 86' lang='lat' dir='ltr'><strong>virtutis</strong></span> <span class='ocrx_word' id='word_1_488' title='bbox 3440 2125 3553 2197; x_wconf 75' lang='lat' dir='ltr'><strong>ejus</strong></span> <span class='ocrx_word' id='word_1_489' title='bbox 3570 2171 3585 2192; x_wconf 95' lang='lat'><strong>,</strong></span> <span class='ocrx_word' id='word_1_490' title='bbox 3612 2131 3665 2200; x_wconf 86' lang='lat' dir='ltr'><strong>in</strong></span> <span class='ocrx_word' id='word_1_491' title='bbox 3688 2132 3806 2200; x_wconf 84' lang='lat' dir='ltr'><strong>igne</strong></span> 
     </span>
    </p>
   </div>
   <div class='ocr_carea' id='block_1_65' title="bbox 2228 2195 3802 2266">
    <p class='ocr_par' dir='ltr' id='par_1_65' title="bbox 2228 2195 3802 2266">
     <span class='ocr_line' id='line_1_66' title="bbox 2228 2195 3802 2266; baseline 0.003 -18"><span class='ocrx_word' id='word_1_492' title='bbox 2228 2196 2459 2265; x_wconf 80' lang='lat' dir='ltr'><strong>ﬂamma:</strong></span> <span class='ocrx_word' id='word_1_493' title='bbox 2482 2195 2657 2266; x_wconf 87' lang='lat' dir='ltr'><strong>dantis</strong></span> <span class='ocrx_word' id='word_1_494' title='bbox 2680 2196 2957 2266; x_wconf 84' lang='lat' dir='ltr'><strong>vindictam</strong></span> <span class='ocrx_word' id='word_1_495' title='bbox 2990 2196 3070 2266; x_wconf 80' lang='lat' dir='ltr'><strong>Itis</strong></span> <span class='ocrx_word' id='word_1_496' title='bbox 3091 2197 3183 2266; x_wconf 84' lang='lat' dir='ltr'><strong>qui</strong></span> <span class='ocrx_word' id='word_1_497' title='bbox 3202 2213 3303 2250; x_wconf 92' lang='lat' dir='ltr'><strong>non</strong></span> <span class='ocrx_word' id='word_1_498' title='bbox 3336 2195 3581 2252; x_wconf 80' lang='lat' dir='ltr'><strong>noverunt</strong></span> <span class='ocrx_word' id='word_1_499' title='bbox 3605 2195 3768 2253; x_wconf 57' lang='lat' dir='ltr'><strong>Deu&#39;m</strong></span> <span class='ocrx_word' id='word_1_500' title='bbox 3786 2243 3802 2266; x_wconf 89' lang='lat'><strong>,</strong></span> 
     </span>
    </p>
   </div>
   <div class='ocr_carea' id='block_1_66' title="bbox 2228 2264 3804 2338">
    <p class='ocr_par' dir='ltr' id='par_1_66' title="bbox 2228 2264 3804 2338">
     <span class='ocr_line' id='line_1_67' title="bbox 2228 2264 3804 2338; baseline 0.003 -19"><span class='ocrx_word' id='word_1_501' title='bbox 2228 2264 2276 2338; x_wconf 82' lang='lat' dir='ltr'><strong>et</strong></span> <span class='ocrx_word' id='word_1_502' title='bbox 2298 2266 2387 2338; x_wconf 83' lang='lat' dir='ltr'><strong>qui</strong></span> <span class='ocrx_word' id='word_1_503' title='bbox 2426 2282 2529 2338; x_wconf 86' lang='lat' dir='ltr'><strong>non</strong></span> <span class='ocrx_word' id='word_1_504' title='bbox 2551 2265 2793 2338; x_wconf 79' lang='lat' dir='ltr'><strong>obediunt</strong></span> <span class='ocrx_word' id='word_1_505' title='bbox 2837 2264 3117 2334; x_wconf 78' lang='lat' dir='ltr'><strong>Evangelia</strong></span> <span class='ocrx_word' id='word_1_506' title='bbox 3159 2265 3250 2319; x_wconf 87' lang='lat' dir='ltr'><strong>Dei</strong></span> <span class='ocrx_word' id='word_1_507' title='bbox 3292 2268 3486 2338; x_wconf 80' lang='lat' dir='ltr'><strong>nostri,</strong></span> <span class='ocrx_word' id='word_1_508' title='bbox 3516 2264 3804 2338; x_wconf 78' lang='lat' dir='ltr'><strong>quiptrnas</strong></span> 
     </span>
    </p>
   </div>
   <div class='ocr_carea' id='block_1_67' title="bbox 2229 2329 3801 2405">
    <p class='ocr_par' dir='ltr' id='par_1_67' title="bbox 2229 2329 3801 2405">
     <span class='ocr_line' id='line_1_68' title="bbox 2229 2329 3801 2405; baseline 0.003 -16"><span class='ocrx_word' id='word_1_509' title='bbox 2229 2329 2429 2389; x_wconf 83' lang='lat' dir='ltr'><strong>dabunt</strong></span> <span class='ocrx_word' id='word_1_510' title='bbox 2466 2335 2518 2387; x_wconf 89' lang='lat' dir='ltr'><strong>in</strong></span> <span class='ocrx_word' id='word_1_511' title='bbox 2559 2335 2775 2388; x_wconf 87' lang='lat' dir='ltr'><strong>interitu</strong></span> <span class='ocrx_word' id='word_1_512' title='bbox 2803 2329 3057 2398; x_wconf 71' lang='lat' dir='ltr'><strong>a&#39;ternas,</strong></span> <span class='ocrx_word' id='word_1_513' title='bbox 3084 2350 3201 2388; x_wconf 85' lang='lat' dir='ltr'><strong>cum</strong></span> <span class='ocrx_word' id='word_1_514' title='bbox 3230 2339 3417 2390; x_wconf 86' lang='lat' dir='ltr'><strong>venerit</strong></span> <span class='ocrx_word' id='word_1_515' title='bbox 3438 2329 3726 2405; x_wconf 66' lang='lat' dir='ltr'><strong>gloriﬁcari</strong></span> <span class='ocrx_word' id='word_1_516' title='bbox 3748 2341 3801 2393; x_wconf 90' lang='lat' dir='ltr'><strong>in</strong></span> 
     </span>
    </p>
   </div>
   <div class='ocr_carea' id='block_1_68' title="bbox 2228 2405 3801 2477">
    <p class='ocr_par' dir='ltr' id='par_1_68' title="bbox 2228 2405 3801 2477">
     <span class='ocr_line' id='line_1_69' title="bbox 2228 2405 3801 2477; baseline 0.003 -19"><span class='ocrx_word' id='word_1_517' title='bbox 2228 2405 2423 2477; x_wconf 86' lang='lat' dir='ltr'><strong>sanctis</strong></span> <span class='ocrx_word' id='word_1_518' title='bbox 2444 2405 2552 2477; x_wconf 71' lang='lat' dir='ltr'><strong>suis</strong></span> <span class='ocrx_word' id='word_1_519' title='bbox 2571 2414 2662 2477; x_wconf 82' lang='lat' dir='ltr'><strong>,_et</strong></span> <span class='ocrx_word' id='word_1_520' title='bbox 2690 2405 3016 2477; x_wconf 73' lang='lat' dir='ltr'><strong>admirabilis</strong></span> <span class='ocrx_word' id='word_1_521' title='bbox 3035 2405 3155 2473; x_wconf 79' lang='lat' dir='ltr'><strong>ﬁeri</strong></span> <span class='ocrx_word' id='word_1_522' title='bbox 3184 2406 3237 2458; x_wconf 91' lang='lat' dir='ltr'><strong>in</strong></span> <span class='ocrx_word' id='word_1_523' title='bbox 3261 2407 3497 2477; x_wconf 88' lang='lat' dir='ltr'><strong>omnibus</strong></span> <span class='ocrx_word' id='word_1_524' title='bbox 3517 2409 3607 2477; x_wconf 88' lang='lat' dir='ltr'><strong>qui</strong></span> <span class='ocrx_word' id='word_1_525' title='bbox 3634 2410 3801 2462; x_wconf 86' lang='lat' dir='ltr'><strong>credi-</strong></span> 
     </span>
    </p>
   </div>
   <div class='ocr_carea' id='block_1_69' title="bbox 2228 2470 3800 2547">
    <p class='ocr_par' dir='ltr' id='par_1_69' title="bbox 2228 2470 3800 2547">
     <span class='ocr_line' id='line_1_70' title="bbox 2228 2470 3800 2547; baseline 0.004 -21"><span class='ocrx_word' id='word_1_526' title='bbox 2228 2474 2416 2547; x_wconf 50' lang='grc' dir='ltr'><strong>ἀρφ-ωτι</strong></span> <span class='ocrx_word' id='word_1_527' title='bbox 2457 2470 2748 2547; x_wconf 61' lang='lat' dir='ltr'><strong>(linteas.</strong></span> <span class='ocrx_word' id='word_1_528' title='bbox 2781 2491 2833 2539; x_wconf 90' lang='grc' dir='ltr'>ι,</span> <span class='ocrx_word' id='word_1_529' title='bbox 2866 2476 2942 2547; x_wconf 78' lang='grc'><strong>7).</strong></span> <span class='ocrx_word' id='word_1_530' title='bbox 2974 2470 3081 2529; x_wconf 82' lang='lat' dir='ltr'><strong>Nec</strong></span> <span class='ocrx_word' id='word_1_531' title='bbox 3108 2490 3328 2547; x_wconf 87' lang='lat' dir='ltr'><strong>prorsus</strong></span> <span class='ocrx_word' id='word_1_532' title='bbox 3372 2476 3461 2530; x_wconf 94' lang='lat' dir='ltr'><strong>ulli</strong></span> <span class='ocrx_word' id='word_1_533' title='bbox 3490 2470 3629 2531; x_wconf 80' lang='lat' dir='ltr'><strong>nialo</strong></span> <span class='ocrx_word' id='word_1_534' title='bbox 3663 2493 3800 2547; x_wconf 77' lang='lat' dir='ltr'><strong>pra:-</strong></span> 
     </span>
    </p>
   </div>
   <div class='ocr_carea' id='block_1_70' title="bbox 2229 2544 3798 2612">
    <p class='ocr_par' dir='ltr' id='par_1_70' title="bbox 2229 2544 3798 2612">
     <span class='ocr_line' id='line_1_71' title="bbox 2229 2544 3798 2612; baseline 0.004 -16"><span class='ocrx_word' id='word_1_535' title='bbox 2229 2544 2509 2598; x_wconf 85' lang='lat' dir='ltr'><strong>scientiam</strong></span> <span class='ocrx_word' id='word_1_536' title='bbox 2535 2544 2625 2597; x_wconf 91' lang='lat' dir='ltr'><strong>Dei</strong></span> <span class='ocrx_word' id='word_1_537' title='bbox 2651 2544 2968 2612; x_wconf 75' lang='lat' dir='ltr'><strong>imposuisse</strong></span> <span class='ocrx_word' id='word_1_538' title='bbox 2995 2545 3401 2606; x_wconf 88' lang='lat' dir='ltr'><strong>necessitatem,</strong></span> <span class='ocrx_word' id='word_1_539' title='bbox 3428 2556 3485 2599; x_wconf 92' lang='lat' dir='ltr'><strong>ut</strong></span> <span class='ocrx_word' id='word_1_540' title='bbox 3511 2544 3798 2602; x_wconf 38' lang='lat' dir='ltr'><strong>aliud—csse</strong></span> 
     </span>
    </p>
   </div>
   <div class='ocr_carea' id='block_1_71' title="bbox 2227 2614 3795 2686">
    <p class='ocr_par' dir='ltr' id='par_1_71' title="bbox 2227 2614 3795 2686">
     <span class='ocr_line' id='line_1_72' title="bbox 2227 2614 3795 2686; baseline 0.003 -19"><span class='ocrx_word' id='word_1_541' title='bbox 2227 2630 2334 2686; x_wconf 80' lang='lat' dir='ltr'><strong>non</strong></span> <span class='ocrx_word' id='word_1_542' title='bbox 2385 2623 2615 2686; x_wconf 52' lang='lat' dir='ltr'><strong>posset,</strong></span> <span class='ocrx_word' id='word_1_543' title='bbox 2640 2615 2731 2686; x_wconf 84' lang='lat' dir='ltr'><strong>sed</strong></span> <span class='ocrx_word' id='word_1_544' title='bbox 2761 2616 2902 2686; x_wconf 73' lang='lat' dir='ltr'><strong>quod</strong></span> <span class='ocrx_word' id='word_1_545' title='bbox 2954 2615 3040 2669; x_wconf 92' lang='lat' dir='ltr'><strong>ille</strong></span> <span class='ocrx_word' id='word_1_546' title='bbox 3081 2614 3293 2686; x_wconf 82' lang='lat' dir='ltr'><strong>futurus</strong></span> <span class='ocrx_word' id='word_1_547' title='bbox 3334 2625 3450 2669; x_wconf 90' lang='lat' dir='ltr'><strong>erat</strong></span> <span class='ocrx_word' id='word_1_548' title='bbox 3486 2631 3549 2670; x_wconf 80' lang='lat' dir='ltr'><strong>ex</strong></span> <span class='ocrx_word' id='word_1_549' title='bbox 3582 2619 3795 2686; x_wconf 87' lang='lat' dir='ltr'><strong>propria</strong></span> 
     </span>
    </p>
   </div>
   <div class='ocr_carea' id='block_1_72' title="bbox 2228 2682 3797 2753">
    <p class='ocr_par' dir='ltr' id='par_1_72' title="bbox 2228 2682 3797 2753">
     <span class='ocr_line' id='line_1_73' title="bbox 2228 2682 3797 2753; baseline 0.004 -18"><span class='ocrx_word' id='word_1_550' title='bbox 2228 2682 2503 2738; x_wconf 88' lang='lat' dir='ltr'><strong>voluntate</strong></span> <span class='ocrx_word' id='word_1_551' title='bbox 2522 2723 2537 2747; x_wconf 92' lang='lat'><strong>,</strong></span> <span class='ocrx_word' id='word_1_552' title='bbox 2563 2682 2650 2737; x_wconf 94' lang='lat' dir='ltr'><strong>ille</strong></span> <span class='ocrx_word' id='word_1_553' title='bbox 2675 2682 2832 2738; x_wconf 88' lang='lat' dir='ltr'><strong>sicuti</strong></span> <span class='ocrx_word' id='word_1_554' title='bbox 2855 2684 2997 2740; x_wconf 90' lang='lat' dir='ltr'><strong>Deus</strong></span> <span class='ocrx_word' id='word_1_555' title='bbox 3020 2687 3109 2751; x_wconf 87' lang='lat' dir='ltr'><strong>qui</strong></span> <span class='ocrx_word' id='word_1_556' title='bbox 3135 2684 3283 2738; x_wconf 90' lang='lat' dir='ltr'><strong>novit</strong></span> <span class='ocrx_word' id='word_1_557' title='bbox 3302 2688 3478 2740; x_wconf 89' lang='lat' dir='ltr'><strong>omnia</strong></span> <span class='ocrx_word' id='word_1_558' title='bbox 3510 2682 3797 2753; x_wconf 80' lang='lat' dir='ltr'><strong>antequam</strong></span> 
     </span>
    </p>
   </div>
   <div class='ocr_carea' id='block_1_73' title="bbox 2227 2753 3790 2822">
    <p class='ocr_par' dir='ltr' id='par_1_73' title="bbox 2227 2753 3790 2822">
     <span class='ocr_line' id='line_1_74' title="bbox 2227 2753 3790 2822; baseline 0.002 -14"><span class='ocrx_word' id='word_1_559' title='bbox 2227 2754 2391 2819; x_wconf 87' lang='lat' dir='ltr'><strong>ﬁant,</strong></span> <span class='ocrx_word' id='word_1_560' title='bbox 2416 2753 2685 2822; x_wconf 74' lang='lat' dir='ltr'><strong>prtescivit</strong></span> <span class='ocrx_word' id='word_1_561' title='bbox 2703 2768 2768 2807; x_wconf 83' lang='lat' dir='ltr'><strong>ex</strong></span> <span class='ocrx_word' id='word_1_562' title='bbox 2790 2770 2886 2807; x_wconf 91' lang='lat' dir='ltr'><strong>sua</strong></span> <span class='ocrx_word' id='word_1_563' title='bbox 2915 2755 3265 2822; x_wconf 90' lang='lat' dir='ltr'><strong>omnipotenti</strong></span> <span class='ocrx_word' id='word_1_564' title='bbox 3288 2763 3343 2809; x_wconf 89' lang='lat' dir='ltr'><strong>et</strong></span> <span class='ocrx_word' id='word_1_565' title='bbox 3365 2755 3790 2811; x_wconf 88' lang='lat' dir='ltr'><strong>incommutabili</strong></span> 
     </span>
    </p>
   </div>
   <div class='ocr_carea' id='block_1_74' title="bbox 2228 2822 3791 2894">
    <p class='ocr_par' dir='ltr' id='par_1_74' title="bbox 2228 2822 3791 2894">
     <span class='ocr_line' id='line_1_75' title="bbox 2228 2822 3791 2894; baseline 0.003 -17"><span class='ocrx_word' id='word_1_566' title='bbox 2228 2823 2531 2891; x_wconf 87' lang='lat' dir='ltr'><strong>majestate.</strong></span> <span class='ocrx_word' id='word_1_567' title='bbox 2563 2822 2673 2877; x_wconf 84' lang='lat' dir='ltr'><strong>Nec</strong></span> <span class='ocrx_word' id='word_1_568' title='bbox 2695 2840 2761 2877; x_wconf 75' lang='lat' dir='ltr'><strong>ex</strong></span> <span class='ocrx_word' id='word_1_569' title='bbox 2790 2823 3099 2893; x_wconf 66' lang='lat' dir='ltr'><strong>prtejudicio</strong></span> <span class='ocrx_word' id='word_1_570' title='bbox 3140 2822 3255 2891; x_wconf 84' lang='lat' dir='ltr'><strong>ejus</strong></span> <span class='ocrx_word' id='word_1_571' title='bbox 3292 2824 3556 2894; x_wconf 90' lang='lat' dir='ltr'><strong>aliquem,</strong></span> <span class='ocrx_word' id='word_1_572' title='bbox 3605 2828 3697 2880; x_wconf 88' lang='lat' dir='ltr'><strong>sed</strong></span> <span class='ocrx_word' id='word_1_573' title='bbox 3727 2843 3791 2881; x_wconf 77' lang='lat' dir='ltr'><strong>ex</strong></span> 
     </span>
    </p>
   </div>
   <div class='ocr_carea' id='block_1_75' title="bbox 2227 2894 3791 2963">
    <p class='ocr_par' dir='ltr' id='par_1_75' title="bbox 2227 2894 3791 2963">
     <span class='ocr_line' id='line_1_76' title="bbox 2227 2894 3791 2963; baseline 0.001 -15"><span class='ocrx_word' id='word_1_574' title='bbox 2227 2896 2423 2949; x_wconf 88' lang='lat' dir='ltr'><strong>merito</strong></span> <span class='ocrx_word' id='word_1_575' title='bbox 2446 2896 2675 2963; x_wconf 67' lang='lat' dir='ltr'><strong>propria:</strong></span> <span class='ocrx_word' id='word_1_576' title='bbox 2695 2894 2993 2962; x_wconf 85' lang='lat' dir='ltr'><strong>iniquitatis</strong></span> <span class='ocrx_word' id='word_1_577' title='bbox 3014 2894 3281 2948; x_wconf 87' lang='lat' dir='ltr'><strong>credimus</strong></span> <span class='ocrx_word' id='word_1_578' title='bbox 3300 2896 3668 2960; x_wconf 87' lang='lat' dir='ltr'><strong>condemnari,</strong></span> <span class='ocrx_word' id='word_1_579' title='bbox 3696 2912 3791 2951; x_wconf 88' lang='lat' dir='ltr'><strong>nec</strong></span> 
     </span>
    </p>
   </div>
   <div class='ocr_carea' id='block_1_76' title="bbox 2226 2963 3790 3033">
    <p class='ocr_par' dir='ltr' id='par_1_76' title="bbox 2226 2963 3790 3033">
     <span class='ocr_line' id='line_1_77' title="bbox 2226 2963 3790 3033; baseline 0.002 -16"><span class='ocrx_word' id='word_1_580' title='bbox 2226 2964 2373 3032; x_wconf 75' lang='lat' dir='ltr'><strong>ipsos</strong></span> <span class='ocrx_word' id='word_1_581' title='bbox 2393 2964 2562 3033; x_wconf 87' lang='lat' dir='ltr'><strong>malos</strong></span> <span class='ocrx_word' id='word_1_582' title='bbox 2587 2964 2705 3018; x_wconf 88' lang='lat' dir='ltr'><strong>ideo</strong></span> <span class='ocrx_word' id='word_1_583' title='bbox 2726 2964 2905 3033; x_wconf 86' lang='lat' dir='ltr'><strong>perire</strong></span> <span class='ocrx_word' id='word_1_584' title='bbox 2925 2964 3052 3033; x_wconf 92' lang='lat' dir='ltr'><strong>quia</strong></span> <span class='ocrx_word' id='word_1_585' title='bbox 3076 2963 3198 3017; x_wconf 91' lang='lat' dir='ltr'><strong>boni</strong></span> <span class='ocrx_word' id='word_1_586' title='bbox 3219 2979 3337 3018; x_wconf 90' lang='lat' dir='ltr'><strong>esse</strong></span> <span class='ocrx_word' id='word_1_587' title='bbox 3354 2970 3456 3019; x_wconf 89' lang='lat' dir='ltr'><strong>non</strong></span> <span class='ocrx_word' id='word_1_588' title='bbox 3478 2976 3790 3033; x_wconf 88' lang='lat' dir='ltr'><strong>potuerunt,</strong></span> 
     </span>
    </p>
   </div>
   <div class='ocr_carea' id='block_1_77' title="bbox 2226 3032 3791 3104">
    <p class='ocr_par' dir='ltr' id='par_1_77' title="bbox 2226 3032 3791 3104">
     <span class='ocr_line' id='line_1_78' title="bbox 2226 3032 3791 3104; baseline 0.001 -17"><span class='ocrx_word' id='word_1_589' title='bbox 2226 3033 2318 3104; x_wconf 83' lang='lat' dir='ltr'><strong>sed</strong></span> <span class='ocrx_word' id='word_1_590' title='bbox 2345 3032 2470 3104; x_wconf 82' lang='lat' dir='ltr'><strong>quia</strong></span> <span class='ocrx_word' id='word_1_591' title='bbox 2503 3034 2627 3104; x_wconf 86' lang='lat' dir='ltr'><strong>boui</strong></span> <span class='ocrx_word' id='word_1_592' title='bbox 2651 3032 2771 3104; x_wconf 87' lang='lat' dir='ltr'><strong>esse</strong></span> <span class='ocrx_word' id='word_1_593' title='bbox 2800 3032 3113 3104; x_wconf 85' lang='lat' dir='ltr'><strong>noluerunt,</strong></span> <span class='ocrx_word' id='word_1_594' title='bbox 3138 3048 3340 3104; x_wconf 89' lang='lat' dir='ltr'><strong>suoque</strong></span> <span class='ocrx_word' id='word_1_595' title='bbox 3360 3032 3496 3104; x_wconf 9' lang='lat' dir='ltr'><strong>rvilio</strong></span> <span class='ocrx_word' id='word_1_596' title='bbox 3532 3034 3583 3088; x_wconf 94' lang='lat' dir='ltr'><strong>in</strong></span> <span class='ocrx_word' id='word_1_597' title='bbox 3612 3052 3791 3090; x_wconf 86' lang='lat' dir='ltr'><strong>massa</strong></span> 
     </span>
    </p>
   </div>
   <div class='ocr_carea' id='block_1_78' title="bbox 2230 3101 3788 3175">
    <p class='ocr_par' dir='ltr' id='par_1_78' title="bbox 2230 3101 3788 3175">
     <span class='ocr_line' id='line_1_79' title="bbox 2230 3101 3788 3175; baseline 0.003 -19"><span class='ocrx_word' id='word_1_598' title='bbox 2230 3101 2617 3166; x_wconf 83' lang='lat' dir='ltr'><strong>damnationis,</strong></span> <span class='ocrx_word' id='word_1_599' title='bbox 2648 3103 2732 3158; x_wconf 87' lang='lat' dir='ltr'><strong>vel</strong></span> <span class='ocrx_word' id='word_1_600' title='bbox 2758 3104 2950 3158; x_wconf 88' lang='lat' dir='ltr'><strong>merito</strong></span> <span class='ocrx_word' id='word_1_601' title='bbox 2974 3103 3221 3175; x_wconf 79' lang='lat' dir='ltr'><strong>originali</strong></span> <span class='ocrx_word' id='word_1_602' title='bbox 3243 3101 3272 3170; x_wconf 63' lang='grc'><strong>,⁷</strong></span> <span class='ocrx_word' id='word_1_603' title='bbox 3290 3103 3374 3160; x_wconf 85' lang='lat' dir='ltr'><strong>vel</strong></span> <span class='ocrx_word' id='word_1_604' title='bbox 3400 3104 3564 3159; x_wconf 88' lang='lat' dir='ltr'><strong>etiam</strong></span> <span class='ocrx_word' id='word_1_605' title='bbox 3591 3107 3788 3160; x_wconf 87' lang='lat' dir='ltr'><strong>actuali</strong></span> 
     </span>
    </p>
   </div>
   <div class='ocr_carea' id='block_1_79' title="bbox 548 3166 2126 3258">
    <p class='ocr_par' dir='ltr' id='par_1_79' title="bbox 548 3166 2120 3258">
     <span class='ocr_line' id='line_1_80' title="bbox 548 3166 2120 3258; baseline 0.004 -15"><span class='ocrx_word' id='word_1_606' title='bbox 548 3166 668 3243; x_wconf 45' lang='lat' dir='ltr'><strong>5n&quot;?</strong></span> <span class='ocrx_word' id='word_1_607' title='bbox 698 3166 807 3242; x_wconf 68' lang='lat' dir='ltr'><strong>tibi</strong></span> <span class='ocrx_word' id='word_1_608' title='bbox 826 3166 1055 3258; x_wconf 52' lang='lat' dir='ltr'><strong>sas-2.;</strong></span> <span class='ocrx_word' id='word_1_609' title='bbox 1072 3166 1391 3248; x_wconf 64' lang='grc' dir='ltr'><strong>’ῦόηιῖηῐέῐξ</strong></span> <span class='ocrx_word' id='word_1_610' title='bbox 1415 3166 1730 3258; x_wconf 63' lang='grc' dir='ltr'>ιεἰἓὲὲιιῖἕξίι</span> <span class='ocrx_word' id='word_1_611' title='bbox 1751 3166 2120 3258; x_wconf 61' lang='grc' dir='ltr'><strong>ζοὲζῖιίζιίιιᾷ</strong></span> 
     </span>
    </p>
   </div>
   <div class='ocr_carea' id='block_1_80' title="bbox 2224 3166 2658 3258">
    <p class='ocr_par' dir='ltr' id='par_1_80' title="bbox 2226 3180 2658 3258">
     <span class='ocr_line' id='line_1_81' title="bbox 2226 3180 2658 3258; baseline 0 -33"><span class='ocrx_word' id='word_1_612' title='bbox 2226 3180 2658 3258; x_wconf 47' lang='grc' dir='ltr'>ρεςιιιέιιεριηιιιι.</span> 
     </span>
    </p>
   </div>
   <div class='ocr_carea' id='block_1_81' title="bbox 553 3256 2122 3329">
    <p class='ocr_par' dir='ltr' id='par_1_81' title="bbox 553 3256 2122 3329">
     <span class='ocr_line' id='line_1_82' title="bbox 553 3256 2122 3329; baseline -0.003 -17"><span class='ocrx_word' id='word_1_613' title='bbox 553 3269 612 3313; x_wconf 85' lang='grc' dir='ltr'><strong>ιιι</strong></span> <span class='ocrx_word' id='word_1_614' title='bbox 637 3276 731 3329; x_wconf 91' lang='lat' dir='ltr'><strong>per</strong></span> <span class='ocrx_word' id='word_1_615' title='bbox 759 3256 896 3313; x_wconf 86' lang='lat' dir='ltr'><strong>banc</strong></span> <span class='ocrx_word' id='word_1_616' title='bbox 924 3259 1151 3328; x_wconf 78' lang='lat' dir='ltr'><strong>gratiam</strong></span> <span class='ocrx_word' id='word_1_617' title='bbox 1180 3258 1381 3313; x_wconf 89' lang='lat' dir='ltr'><strong>Cbristi</strong></span> <span class='ocrx_word' id='word_1_618' title='bbox 1415 3268 1470 3313; x_wconf 90' lang='lat' dir='ltr'><strong>et</strong></span> <span class='ocrx_word' id='word_1_619' title='bbox 1496 3256 1731 3329; x_wconf 86' lang='lat' dir='ltr'><strong>Spiritus</strong></span> <span class='ocrx_word' id='word_1_620' title='bbox 1762 3256 1981 3329; x_wconf 71' lang='lat' dir='ltr'><strong>Qbristi,</strong></span> <span class='ocrx_word' id='word_1_621' title='bbox 2026 3256 2122 3309; x_wconf 83' lang='lat' dir='ltr'><strong>bn-</strong></span> 
     </span>
    </p>
   </div>
   <div class='ocr_carea' id='block_1_82' title="bbox 548 3326 2124 3390">
    <p class='ocr_par' dir='ltr' id='par_1_82' title="bbox 548 3326 2124 3390">
     <span class='ocr_line' id='line_1_83' title="bbox 548 3326 2124 3390; baseline -0.003 -7"><span class='ocrx_word' id='word_1_622' title='bbox 548 3326 769 3383; x_wconf 85' lang='lat' dir='ltr'><strong>manum</strong></span> <span class='ocrx_word' id='word_1_623' title='bbox 824 3326 1052 3384; x_wconf 69' lang='lat' dir='ltr'><strong>liberum</strong></span> <span class='ocrx_word' id='word_1_624' title='bbox 1098 3330 1378 3383; x_wconf 91' lang='lat' dir='ltr'><strong>arbitrium</strong></span> <span class='ocrx_word' id='word_1_625' title='bbox 1414 3326 1717 3390; x_wconf 78' lang='lat' dir='ltr'><strong>liberatum,</strong></span> <span class='ocrx_word' id='word_1_626' title='bbox 1768 3326 2124 3381; x_wconf 70' lang='lat' dir='ltr'><strong>illuminatum</strong></span> 
     </span>
    </p>
   </div>
   <div class='ocr_carea' id='block_1_83' title="bbox 548 3396 2118 3469">
    <p class='ocr_par' dir='ltr' id='par_1_83' title="bbox 548 3396 2118 3469">
     <span class='ocr_line' id='line_1_84' title="bbox 548 3396 2118 3469; baseline -0.002 -17"><span class='ocrx_word' id='word_1_627' title='bbox 548 3410 713 3468; x_wconf 83' lang='lat' dir='ltr'><strong>atque</strong></span> <span class='ocrx_word' id='word_1_628' title='bbox 758 3408 1040 3459; x_wconf 90' lang='lat' dir='ltr'><strong>sanatum,</strong></span> <span class='ocrx_word' id='word_1_629' title='bbox 1090 3398 1231 3453; x_wconf 81' lang='lat' dir='ltr'><strong>dicat</strong></span> <span class='ocrx_word' id='word_1_630' title='bbox 1278 3400 1553 3469; x_wconf 86' lang='lat' dir='ltr'><strong>gratulans</strong></span> <span class='ocrx_word' id='word_1_631' title='bbox 1603 3399 1731 3453; x_wconf 91' lang='lat' dir='ltr'><strong>illud</strong></span> <span class='ocrx_word' id='word_1_632' title='bbox 1782 3396 2118 3469; x_wconf 55' lang='lat' dir='ltr'><strong>Psalmistge;</strong></span> 
     </span>
    </p>
   </div>
   <div class='ocr_carea' id='block_1_84' title="bbox 553 3466 2126 3537">
    <p class='ocr_par' dir='ltr' id='par_1_84' title="bbox 553 3466 2126 3537">
     <span class='ocr_line' id='line_1_85' title="bbox 553 3466 2126 3537; baseline -0.002 -15"><span class='ocrx_word' id='word_1_633' title='bbox 553 3466 808 3523; x_wconf 73' lang='lat' dir='ltr'><strong>Dominus</strong></span> <span class='ocrx_word' id='word_1_634' title='bbox 831 3468 1146 3521; x_wconf 88' lang='lat' dir='ltr'><strong>illuminatio</strong></span> <span class='ocrx_word' id='word_1_635' title='bbox 1170 3466 1293 3522; x_wconf 83' lang='lat' dir='ltr'><strong>mea</strong></span> <span class='ocrx_word' id='word_1_636' title='bbox 1310 3480 1357 3523; x_wconf 88' lang='lat' dir='ltr'><strong>et</strong></span> <span class='ocrx_word' id='word_1_637' title='bbox 1381 3470 1527 3523; x_wconf 86' lang='lat' dir='ltr'><strong>salus</strong></span> <span class='ocrx_word' id='word_1_638' title='bbox 1555 3486 1691 3532; x_wconf 89' lang='lat' dir='ltr'><strong>mea,</strong></span> <span class='ocrx_word' id='word_1_639' title='bbox 1719 3483 1872 3537; x_wconf 85' lang='lat' dir='ltr'><strong>quem</strong></span> <span class='ocrx_word' id='word_1_640' title='bbox 1897 3466 2126 3537; x_wconf 71' lang='lat' dir='ltr'><strong>timebo?</strong></span> 
     </span>
    </p>
   </div>
   <div class='ocr_carea' id='block_1_85' title="bbox 548 3535 2124 3610">
    <p class='ocr_par' dir='ltr' id='par_1_85' title="bbox 548 3535 2124 3610">
     <span class='ocr_line' id='line_1_86' title="bbox 548 3535 2124 3610; baseline 0 -19"><span class='ocrx_word' id='word_1_641' title='bbox 548 3538 725 3607; x_wconf 78' lang='lat' dir='ltr'><strong>(I’sal.</strong></span> <span class='ocrx_word' id='word_1_642' title='bbox 756 3539 1011 3610; x_wconf 56' lang='lat' dir='ltr'><strong>xxvni.)</strong></span> <span class='ocrx_word' id='word_1_643' title='bbox 1054 3538 1153 3605; x_wconf 87' lang='lat' dir='ltr'><strong>Qui</strong></span> <span class='ocrx_word' id='word_1_644' title='bbox 1202 3539 1364 3610; x_wconf 86' lang='lat' dir='ltr'><strong>igitur</strong></span> <span class='ocrx_word' id='word_1_645' title='bbox 1411 3540 1552 3594; x_wconf 91' lang='lat' dir='ltr'><strong>banc</strong></span> <span class='ocrx_word' id='word_1_646' title='bbox 1588 3535 1816 3610; x_wconf 82' lang='lat' dir='ltr'><strong>gratiam</strong></span> <span class='ocrx_word' id='word_1_647' title='bbox 1859 3535 2124 3610; x_wconf 83' lang='lat' dir='ltr'><strong>libertatis</strong></span> 
     </span>
    </p>
   </div>
   <div class='ocr_carea' id='block_1_86' title="bbox 550 3606 2121 3678">
    <p class='ocr_par' dir='ltr' id='par_1_86' title="bbox 550 3606 2121 3678">
     <span class='ocr_line' id='line_1_87' title="bbox 550 3606 2121 3678; baseline 0 -18"><span class='ocrx_word' id='word_1_648' title='bbox 550 3611 798 3676; x_wconf 82' lang='lat' dir='ltr'><strong>accipere</strong></span> <span class='ocrx_word' id='word_1_649' title='bbox 820 3609 1107 3671; x_wconf 88' lang='lat' dir='ltr'><strong>desiderat,</strong></span> <span class='ocrx_word' id='word_1_650' title='bbox 1133 3617 1190 3662; x_wconf 91' lang='lat' dir='ltr'><strong>ut</strong></span> <span class='ocrx_word' id='word_1_651' title='bbox 1215 3606 1281 3662; x_wconf 75' lang='lat' dir='ltr'><strong>ad</strong></span> <span class='ocrx_word' id='word_1_652' title='bbox 1311 3609 1445 3663; x_wconf 89' lang='lat' dir='ltr'><strong>bene</strong></span> <span class='ocrx_word' id='word_1_653' title='bbox 1474 3619 1527 3662; x_wconf 90' lang='lat' dir='ltr'><strong>et</strong></span> <span class='ocrx_word' id='word_1_654' title='bbox 1574 3606 1659 3678; x_wconf 74' lang='lat' dir='ltr'><strong>pie</strong></span> <span class='ocrx_word' id='word_1_655' title='bbox 1704 3606 1989 3662; x_wconf 87' lang='lat' dir='ltr'><strong>vivendum</strong></span> <span class='ocrx_word' id='word_1_656' title='bbox 2032 3619 2121 3678; x_wconf 42' lang='lat' dir='ltr'><strong>ve:</strong></span> 
     </span>
    </p>
   </div>
   <div class='ocr_carea' id='block_1_87' title="bbox 553 3676 2121 3748">
    <p class='ocr_par' dir='ltr' id='par_1_87' title="bbox 553 3676 2121 3748">
     <span class='ocr_line' id='line_1_88' title="bbox 553 3676 2121 3748; baseline 0 -19"><span class='ocrx_word' id='word_1_657' title='bbox 553 3681 754 3731; x_wconf 86' lang='lat' dir='ltr'><strong>raciter</strong></span> <span class='ocrx_word' id='word_1_658' title='bbox 778 3678 915 3748; x_wconf 88' lang='lat' dir='ltr'><strong>liber</strong></span> <span class='ocrx_word' id='word_1_659' title='bbox 946 3679 1056 3742; x_wconf 87' lang='lat' dir='ltr'><strong>ﬁat,</strong></span> <span class='ocrx_word' id='word_1_660' title='bbox 1086 3694 1188 3732; x_wconf 93' lang='lat' dir='ltr'><strong>non</strong></span> <span class='ocrx_word' id='word_1_661' title='bbox 1223 3680 1290 3733; x_wconf 91' lang='lat' dir='ltr'><strong>de</strong></span> <span class='ocrx_word' id='word_1_662' title='bbox 1328 3680 1442 3733; x_wconf 90' lang='lat' dir='ltr'><strong>suis</strong></span> <span class='ocrx_word' id='word_1_663' title='bbox 1469 3676 1673 3733; x_wconf 87' lang='lat' dir='ltr'><strong>viribus</strong></span> <span class='ocrx_word' id='word_1_664' title='bbox 1701 3685 2008 3748; x_wconf 64' lang='lat' dir='ltr'><strong>praesumat,</strong></span> <span class='ocrx_word' id='word_1_665' title='bbox 2028 3676 2121 3729; x_wconf 89' lang='lat' dir='ltr'><strong>sed</strong></span> 
     </span>
    </p>
   </div>
   <div class='ocr_carea' id='block_1_88' title="bbox 548 3747 2121 3815">
    <p class='ocr_par' dir='ltr' id='par_1_88' title="bbox 548 3747 2121 3815">
     <span class='ocr_line' id='line_1_89' title="bbox 548 3747 2121 3815; baseline -0.001 -14"><span class='ocrx_word' id='word_1_666' title='bbox 548 3749 642 3801; x_wconf 80' lang='lat' dir='ltr'><strong>ille</strong></span> <span class='ocrx_word' id='word_1_667' title='bbox 671 3763 728 3801; x_wconf 91' lang='lat' dir='ltr'><strong>se</strong></span> <span class='ocrx_word' id='word_1_668' title='bbox 760 3747 989 3802; x_wconf 89' lang='lat' dir='ltr'><strong>ﬁdeliter</strong></span> <span class='ocrx_word' id='word_1_669' title='bbox 1023 3749 1321 3802; x_wconf 88' lang='lat' dir='ltr'><strong>sanandum</strong></span> <span class='ocrx_word' id='word_1_670' title='bbox 1367 3747 2121 3815; x_wconf 69' lang='lat' dir='ltr'><strong>corroboraudnmqnecom-</strong></span> 
     </span>
    </p>
   </div>
   <div class='ocr_carea' id='block_1_89' title="bbox 551 3814 2120 3886">
    <p class='ocr_par' dir='ltr' id='par_1_89' title="bbox 551 3814 2120 3886">
     <span class='ocr_line' id='line_1_90' title="bbox 551 3814 2120 3886; baseline -0.001 -15"><span class='ocrx_word' id='word_1_671' title='bbox 551 3818 750 3879; x_wconf 78' lang='lat' dir='ltr'><strong>mittat,</strong></span> <span class='ocrx_word' id='word_1_672' title='bbox 778 3817 843 3870; x_wconf 92' lang='lat' dir='ltr'><strong>de</strong></span> <span class='ocrx_word' id='word_1_673' title='bbox 880 3831 987 3886; x_wconf 91' lang='lat' dir='ltr'><strong>quo</strong></span> <span class='ocrx_word' id='word_1_674' title='bbox 1026 3819 1162 3872; x_wconf 91' lang='lat' dir='ltr'><strong>idem</strong></span> <span class='ocrx_word' id='word_1_675' title='bbox 1210 3818 1493 3873; x_wconf 86' lang='lat' dir='ltr'><strong>Psalmisla</strong></span> <span class='ocrx_word' id='word_1_676' title='bbox 1531 3818 1703 3872; x_wconf 89' lang='lat' dir='ltr'><strong>dicit:</strong></span> <span class='ocrx_word' id='word_1_677' title='bbox 1735 3814 1887 3886; x_wconf 80' lang='lat' dir='ltr'><strong>Apud</strong></span> <span class='ocrx_word' id='word_1_678' title='bbox 1934 3814 2120 3886; x_wconf 72' lang='lat' dir='ltr'><strong>[Ionii-</strong></span> 
     </span>
    </p>
   </div>
   <div class='ocr_carea' id='block_1_90' title="bbox 550 3884 2121 3957">
    <p class='ocr_par' dir='ltr' id='par_1_90' title="bbox 550 3884 2121 3957">
     <span class='ocr_line' id='line_1_91' title="bbox 550 3884 2121 3957; baseline 0 -18"><span class='ocrx_word' id='word_1_679' title='bbox 550 3904 674 3940; x_wconf 84' lang='lat' dir='ltr'><strong>num</strong></span> <span class='ocrx_word' id='word_1_680' title='bbox 703 3884 911 3957; x_wconf 77' lang='lat' dir='ltr'><strong>gressus</strong></span> <span class='ocrx_word' id='word_1_681' title='bbox 930 3888 1151 3943; x_wconf 83' lang='lat' dir='ltr'><strong>hominis</strong></span> <span class='ocrx_word' id='word_1_682' title='bbox 1184 3889 1492 3957; x_wconf 86' lang='lat' dir='ltr'><strong>dirigentur,</strong></span> <span class='ocrx_word' id='word_1_683' title='bbox 1532 3897 1580 3942; x_wconf 88' lang='lat' dir='ltr'><strong>et</strong></span> <span class='ocrx_word' id='word_1_684' title='bbox 1625 3884 1789 3941; x_wconf 44' lang='lat' dir='ltr'><strong>viam&#39;</strong></span> <span class='ocrx_word' id='word_1_685' title='bbox 1823 3887 1935 3956; x_wconf 83' lang='lat' dir='ltr'><strong>ejus</strong></span> <span class='ocrx_word' id='word_1_686' title='bbox 1973 3884 2121 3957; x_wconf 23' lang='lat' dir='ltr'><strong>‘volet</strong></span> 
     </span>
    </p>
   </div>
   <div class='ocr_carea' id='block_1_91' title="bbox 553 3954 2115 4028">
    <p class='ocr_par' dir='ltr' id='par_1_91' title="bbox 553 3954 2115 4028">
     <span class='ocr_line' id='line_1_92' title="bbox 553 3954 2115 4028; baseline 0 -19"><span class='ocrx_word' id='word_1_687' title='bbox 553 3954 724 4021; x_wconf 69' lang='lat' dir='ltr'><strong>(Psal.</strong></span> <span class='ocrx_word' id='word_1_688' title='bbox 773 3973 968 4028; x_wconf 56' lang='lat' dir='ltr'><strong>xxgvn,</strong></span> <span class='ocrx_word' id='word_1_689' title='bbox 1004 3957 1116 4028; x_wconf 75' lang='lat'><strong>2&#39;5).</strong></span> <span class='ocrx_word' id='word_1_690' title='bbox 1164 3954 1315 4012; x_wconf 84' lang='lat' dir='ltr'><strong>Illum</strong></span> <span class='ocrx_word' id='word_1_691' title='bbox 1345 3968 1466 4012; x_wconf 90' lang='lat' dir='ltr'><strong>oret</strong></span> <span class='ocrx_word' id='word_1_692' title='bbox 1503 3967 1664 4027; x_wconf 86' lang='lat' dir='ltr'><strong>atque</strong></span> <span class='ocrx_word' id='word_1_693' title='bbox 1712 3958 1788 4011; x_wconf 93' lang='lat' dir='ltr'><strong>illi</strong></span> <span class='ocrx_word' id='word_1_694' title='bbox 1833 3954 2115 4028; x_wconf 82' lang='lat' dir='ltr'><strong>supplicet,</strong></span> 
     </span>
    </p>
   </div>
   <div class='ocr_carea' id='block_1_92' title="bbox 549 4026 2119 4097">
    <p class='ocr_par' dir='ltr' id='par_1_92' title="bbox 549 4026 2119 4097">
     <span class='ocr_line' id='line_1_93' title="bbox 549 4026 2119 4097; baseline -0.001 -18"><span class='ocrx_word' id='word_1_695' title='bbox 549 4028 735 4082; x_wconf 82' lang='lat' dir='ltr'><strong>dicens</strong></span> <span class='ocrx_word' id='word_1_696' title='bbox 776 4044 791 4081; x_wconf 87' lang='lat'><strong>:</strong></span> <span class='ocrx_word' id='word_1_697' title='bbox 836 4026 1083 4082; x_wconf 47' lang='lat' dir='ltr'><strong>G&#39;ressus&#39;</strong></span> <span class='ocrx_word' id='word_1_698' title='bbox 1114 4045 1254 4083; x_wconf 85' lang='lat' dir='ltr'><strong>meos</strong></span> <span class='ocrx_word' id='word_1_699' title='bbox 1299 4028 1464 4097; x_wconf 84' lang='lat' dir='ltr'><strong>dirige</strong></span> <span class='ocrx_word' id='word_1_700' title='bbox 1520 4026 1804 4082; x_wconf 80' lang='lat' dir='ltr'><strong>secundum</strong></span> <span class='ocrx_word' id='word_1_701' title='bbox 1857 4026 2119 4097; x_wconf 78' lang='lat' dir='ltr'><strong>eloquium</strong></span> 
     </span>
    </p>
   </div>
   <div class='ocr_carea' id='block_1_93' title="bbox 550 4093 2113 4167">
    <p class='ocr_par' dir='ltr' id='par_1_93' title="bbox 550 4093 2113 4167">
     <span class='ocr_line' id='line_1_94' title="bbox 550 4093 2113 4167; baseline -0.001 -19"><span class='ocrx_word' id='word_1_702' title='bbox 550 4108 716 4159; x_wconf 89' lang='lat' dir='ltr'><strong>tuum,</strong></span> <span class='ocrx_word' id='word_1_703' title='bbox 744 4108 793 4150; x_wconf 90' lang='lat' dir='ltr'><strong>et</strong></span> <span class='ocrx_word' id='word_1_704' title='bbox 832 4114 934 4151; x_wconf 91' lang='lat' dir='ltr'><strong>non</strong></span> <span class='ocrx_word' id='word_1_705' title='bbox 964 4098 1261 4152; x_wconf 84' lang='lat' dir='ltr'><strong>dominetur</strong></span> <span class='ocrx_word' id='word_1_706' title='bbox 1302 4093 1422 4151; x_wconf 51' lang='lat' dir='ltr'><strong>mei&#39;</strong></span> <span class='ocrx_word' id='word_1_707' title='bbox 1445 4098 1613 4152; x_wconf 83' lang='lat' dir='ltr'><strong>omnis</strong></span> <span class='ocrx_word' id='word_1_708' title='bbox 1654 4096 1912 4166; x_wconf 87' lang='lat' dir='ltr'><strong>injustitia</strong></span> <span class='ocrx_word' id='word_1_709' title='bbox 1943 4093 2113 4167; x_wconf 81' lang='lat' dir='ltr'><strong>(Psal.</strong></span> 
     </span>
    </p>
   </div>
   <div class='ocr_carea' id='block_1_94' title="bbox 547 4166 2116 4238">
    <p class='ocr_par' dir='ltr' id='par_1_94' title="bbox 547 4166 2116 4238">
     <span class='ocr_line' id='line_1_95' title="bbox 547 4166 2116 4238; baseline -0.003 -17"><span class='ocrx_word' id='word_1_710' title='bbox 547 4182 736 4232; x_wconf 76' lang='lat' dir='ltr'><strong>cxvm,</strong></span> <span class='ocrx_word' id='word_1_711' title='bbox 774 4167 929 4238; x_wconf 71' lang='lat'><strong>135);</strong></span> <span class='ocrx_word' id='word_1_712' title='bbox 979 4177 1035 4223; x_wconf 93' lang='lat' dir='ltr'><strong>et</strong></span> <span class='ocrx_word' id='word_1_713' title='bbox 1071 4169 1265 4238; x_wconf 82' lang='lat' dir='ltr'><strong>iterum</strong></span> <span class='ocrx_word' id='word_1_714' title='bbox 1296 4186 1309 4221; x_wconf 89' lang='lat'><strong>:</strong></span> <span class='ocrx_word' id='word_1_715' title='bbox 1342 4167 1581 4238; x_wconf 74' lang='lat' dir='ltr'><strong>Domine,</strong></span> <span class='ocrx_word' id='word_1_716' title='bbox 1610 4168 1775 4238; x_wconf 81' lang='lat' dir='ltr'><strong>deduc</strong></span> <span class='ocrx_word' id='word_1_717' title='bbox 1814 4182 1894 4219; x_wconf 85' lang='lat' dir='ltr'><strong>me</strong></span> <span class='ocrx_word' id='word_1_718' title='bbox 1931 4168 1987 4219; x_wconf 88' lang='lat' dir='ltr'><strong>in</strong></span> <span class='ocrx_word' id='word_1_719' title='bbox 2030 4166 2116 4217; x_wconf 88' lang='lat' dir='ltr'><strong>via</strong></span> 
     </span>
    </p>
   </div>
   <div class='ocr_carea' id='block_1_95' title="bbox 544 4235 2117 4306">
    <p class='ocr_par' dir='ltr' id='par_1_95' title="bbox 544 4235 2117 4306">
     <span class='ocr_line' id='line_1_96' title="bbox 544 4235 2117 4306; baseline -0.002 -17"><span class='ocrx_word' id='word_1_720' title='bbox 544 4248 660 4301; x_wconf 90' lang='lat' dir='ltr'><strong>tua,</strong></span> <span class='ocrx_word' id='word_1_721' title='bbox 682 4249 729 4291; x_wconf 83' lang='lat' dir='ltr'><strong>et</strong></span> <span class='ocrx_word' id='word_1_722' title='bbox 762 4235 1030 4301; x_wconf 63' lang='lat' dir='ltr'><strong>ingrediar</strong></span> <span class='ocrx_word' id='word_1_723' title='bbox 1052 4239 1107 4291; x_wconf 89' lang='lat' dir='ltr'><strong>in</strong></span> <span class='ocrx_word' id='word_1_724' title='bbox 1139 4236 1353 4293; x_wconf 82' lang='lat' dir='ltr'><strong>veritate</strong></span> <span class='ocrx_word' id='word_1_725' title='bbox 1395 4247 1486 4291; x_wconf 92' lang='lat' dir='ltr'><strong>tua</strong></span> <span class='ocrx_word' id='word_1_726' title='bbox 1532 4235 1704 4306; x_wconf 83' lang='lat' dir='ltr'><strong>(Psal.</strong></span> <span class='ocrx_word' id='word_1_727' title='bbox 1729 4252 1761 4289; x_wconf 86' lang='grc' dir='ltr'><strong>ν</strong></span> <span class='ocrx_word' id='word_1_728' title='bbox 1780 4276 1795 4299; x_wconf 86' lang='grc'><em>,</em></span> <span class='ocrx_word' id='word_1_729' title='bbox 1823 4239 1909 4300; x_wconf 82' lang='lat'><strong>9),</strong></span> <span class='ocrx_word' id='word_1_730' title='bbox 1934 4246 1990 4289; x_wconf 89' lang='lat' dir='ltr'><strong>et</strong></span> <span class='ocrx_word' id='word_1_731' title='bbox 2014 4250 2117 4287; x_wconf 79' lang='lat' dir='ltr'><strong>ca:-</strong></span> 
     </span>
    </p>
   </div>
   <div class='ocr_carea' id='block_1_96' title="bbox 548 4306 2116 4375">
    <p class='ocr_par' dir='ltr' id='par_1_96' title="bbox 548 4306 2116 4375">
     <span class='ocr_line' id='line_1_97' title="bbox 548 4306 2116 4375; baseline -0.003 -15"><span class='ocrx_word' id='word_1_732' title='bbox 548 4317 663 4360; x_wconf 86' lang='lat' dir='ltr'><strong>tera</strong></span> <span class='ocrx_word' id='word_1_733' title='bbox 686 4308 900 4362; x_wconf 87' lang='lat' dir='ltr'><strong>similia.</strong></span> <span class='ocrx_word' id='word_1_734' title='bbox 935 4307 1062 4362; x_wconf 69' lang='lat' dir='ltr'><strong>Haec</strong></span> <span class='ocrx_word' id='word_1_735' title='bbox 1089 4309 1242 4363; x_wconf 83' lang='lat' dir='ltr'><strong>vobis</strong></span> <span class='ocrx_word' id='word_1_736' title='bbox 1273 4308 1508 4363; x_wconf 81' lang='lat' dir='ltr'><strong>breviter</strong></span> <span class='ocrx_word' id='word_1_737' title='bbox 1539 4306 1790 4375; x_wconf 86' lang='lat' dir='ltr'><strong>rescripsi</strong></span> <span class='ocrx_word' id='word_1_738' title='bbox 1810 4307 1875 4358; x_wconf 90' lang='lat' dir='ltr'><strong>ad</strong></span> <span class='ocrx_word' id='word_1_739' title='bbox 1904 4320 1966 4358; x_wconf 88' lang='lat' dir='ltr'><strong>ea</strong></span> <span class='ocrx_word' id='word_1_740' title='bbox 1994 4318 2116 4375; x_wconf 67' lang='lat' dir='ltr'><strong>quae</strong></span> 
     </span>
    </p>
   </div>
   <div class='ocr_carea' id='block_1_97' title="bbox 536 4373 2113 4446">
    <p class='ocr_par' dir='ltr' id='par_1_97' title="bbox 536 4373 2113 4446">
     <span class='ocr_line' id='line_1_98' title="bbox 536 4373 2113 4446; baseline -0.002 -16"><span class='ocrx_word' id='word_1_741' title='bbox 536 4376 815 4444; x_wconf 85' lang='lat' dir='ltr'><strong>jussistis:</strong></span> <span class='ocrx_word' id='word_1_742' title='bbox 843 4393 987 4431; x_wconf 92' lang='lat' dir='ltr'><strong>nunc</strong></span> <span class='ocrx_word' id='word_1_743' title='bbox 1012 4377 1239 4432; x_wconf 78' lang='lat' dir='ltr'><strong>fideliter</strong></span> <span class='ocrx_word' id='word_1_744' title='bbox 1266 4378 1525 4446; x_wconf 89' lang='lat' dir='ltr'><strong>deprecor</strong></span> <span class='ocrx_word' id='word_1_745' title='bbox 1549 4386 1603 4446; x_wconf 84' lang='lat' dir='ltr'><strong>et</strong></span> <span class='ocrx_word' id='word_1_746' title='bbox 1649 4373 1908 4446; x_wconf 77' lang='lat' dir='ltr'><strong>exbortor</strong></span> <span class='ocrx_word' id='word_1_747' title='bbox 1947 4384 2025 4446; x_wconf 80' lang='lat' dir='ltr'><strong>ut,</strong></span> <span class='ocrx_word' id='word_1_748' title='bbox 2058 4373 2113 4427; x_wconf 94' lang='lat' dir='ltr'><strong>in</strong></span> 
     </span>
    </p>
   </div>
   <div class='ocr_carea' id='block_1_98' title="bbox 545 4444 2113 4515">
    <p class='ocr_par' dir='ltr' id='par_1_98' title="bbox 545 4444 2113 4515">
     <span class='ocr_line' id='line_1_99' title="bbox 545 4444 2113 4515; baseline -0.003 -15"><span class='ocrx_word' id='word_1_749' title='bbox 545 4447 890 4515; x_wconf 86' lang='lat' dir='ltr'><strong>simplicitate</strong></span> <span class='ocrx_word' id='word_1_750' title='bbox 926 4456 983 4501; x_wconf 89' lang='lat' dir='ltr'><strong>et</strong></span> <span class='ocrx_word' id='word_1_751' title='bbox 1016 4444 1503 4502; x_wconf 38' lang='lat' dir='ltr'><strong>sinceritate—verte</strong></span> <span class='ocrx_word' id='word_1_752' title='bbox 1540 4445 1661 4500; x_wconf 89' lang='lat' dir='ltr'><strong>ﬁdei</strong></span> <span class='ocrx_word' id='word_1_753' title='bbox 1708 4444 1949 4509; x_wconf 88' lang='lat' dir='ltr'><strong>fundati,</strong></span> <span class='ocrx_word' id='word_1_754' title='bbox 1972 4444 2113 4515; x_wconf 89' lang='lat' dir='ltr'><strong>clau-</strong></span> 
     </span>
    </p>
   </div>
   <div class='ocr_carea' id='block_1_99' title="bbox 2295 3240 3791 3313">
    <p class='ocr_par' dir='ltr' id='par_1_99' title="bbox 2295 3240 3791 3313">
     <span class='ocr_line' id='line_1_100' title="bbox 2295 3240 3791 3313; baseline 0.003 -18"><span class='ocrx_word' id='word_1_755' title='bbox 2295 3240 2358 3296; x_wconf 89' lang='lat' dir='ltr'><strong>il.</strong></span> <span class='ocrx_word' id='word_1_756' title='bbox 2388 3242 2491 3313; x_wconf 85' lang='lat' dir='ltr'><strong>Sed</strong></span> <span class='ocrx_word' id='word_1_757' title='bbox 2517 3252 2571 3295; x_wconf 90' lang='lat' dir='ltr'><strong>et</strong></span> <span class='ocrx_word' id='word_1_758' title='bbox 2599 3244 2665 3313; x_wconf 89' lang='lat' dir='ltr'><strong>de</strong></span> <span class='ocrx_word' id='word_1_759' title='bbox 2705 3242 3171 3312; x_wconf 71' lang='lat' dir='ltr'><strong>prmdestinatione</strong></span> <span class='ocrx_word' id='word_1_760' title='bbox 3214 3243 3306 3299; x_wconf 87' lang='lat' dir='ltr'><strong>Dei</strong></span> <span class='ocrx_word' id='word_1_761' title='bbox 3358 3243 3553 3313; x_wconf 90' lang='lat' dir='ltr'><strong>placuit</strong></span> <span class='ocrx_word' id='word_1_762' title='bbox 3578 3253 3633 3299; x_wconf 91' lang='lat' dir='ltr'><strong>et</strong></span> <span class='ocrx_word' id='word_1_763' title='bbox 3662 3246 3791 3300; x_wconf 86' lang='lat' dir='ltr'><strong>ﬁde-</strong></span> 
     </span>
    </p>
   </div>
   <div class='ocr_carea' id='block_1_100' title="bbox 2224 3309 3791 3385">
    <p class='ocr_par' dir='ltr' id='par_1_100' title="bbox 2224 3309 3791 3385">
     <span class='ocr_line' id='line_1_101' title="bbox 2224 3309 3791 3385; baseline 0.004 -22"><span class='ocrx_word' id='word_1_764' title='bbox 2224 3309 2349 3385; x_wconf 83' lang='lat' dir='ltr'><strong>liter</strong></span> <span class='ocrx_word' id='word_1_765' title='bbox 2389 3312 2596 3385; x_wconf 74' lang='lat' dir='ltr'><strong>placet;</strong></span> <span class='ocrx_word' id='word_1_766' title='bbox 2639 3309 2793 3385; x_wconf 48' lang='lat' dir='ltr'><strong>iusta</strong></span> <span class='ocrx_word' id='word_1_767' title='bbox 2825 3315 3219 3385; x_wconf 84' lang='lat' dir='ltr'><strong>auctoritatem</strong></span> <span class='ocrx_word' id='word_1_768' title='bbox 3244 3309 3625 3385; x_wconf 84' lang='lat' dir='ltr'><strong>apostolicam,</strong></span> <span class='ocrx_word' id='word_1_769' title='bbox 3672 3332 3791 3385; x_wconf 63' lang='lat' dir='ltr'><strong>quae</strong></span> 
     </span>
    </p>
   </div>
   <div class='ocr_carea' id='block_1_101' title="bbox 2225 3381 3791 3454">
    <p class='ocr_par' dir='ltr' id='par_1_101' title="bbox 2225 3381 3791 3454">
     <span class='ocr_line' id='line_1_102' title="bbox 2225 3381 3791 3454; baseline 0.003 -19"><span class='ocrx_word' id='word_1_770' title='bbox 2225 3381 2354 3435; x_wconf 88' lang='lat' dir='ltr'><strong>dicit</strong></span> <span class='ocrx_word' id='word_1_771' title='bbox 2391 3381 2409 3436; x_wconf 71' lang='grc' dir='ltr'>Ξ</span> <span class='ocrx_word' id='word_1_772' title='bbox 2438 3383 2639 3454; x_wconf 57' lang='lat' dir='ltr'><strong>Annon</strong></span> <span class='ocrx_word' id='word_1_773' title='bbox 2658 3452 2664 3454; x_wconf 20' lang='grc' dir='ltr'><em>Α</em></span> <span class='ocrx_word' id='word_1_774' title='bbox 2682 3383 2832 3454; x_wconf 78' lang='lat' dir='ltr'><strong>liabet</strong></span> <span class='ocrx_word' id='word_1_775' title='bbox 2857 3393 3159 3454; x_wconf 85' lang='lat' dir='ltr'><strong>potestatem</strong></span> <span class='ocrx_word' id='word_1_776' title='bbox 3187 3381 3377 3454; x_wconf 80' lang='lat' dir='ltr'><strong>ligulas</strong></span> <span class='ocrx_word' id='word_1_777' title='bbox 3402 3384 3499 3437; x_wconf 89' lang='lat' dir='ltr'><strong>luti</strong></span> <span class='ocrx_word' id='word_1_778' title='bbox 3519 3402 3583 3438; x_wconf 75' lang='lat' dir='ltr'><strong>ea:</strong></span> <span class='ocrx_word' id='word_1_779' title='bbox 3609 3381 3791 3440; x_wconf 82' lang='lat' dir='ltr'><strong>eadem</strong></span> 
     </span>
    </p>
   </div>
   <div class='ocr_carea' id='block_1_102' title="bbox 2225 3452 3793 3521">
    <p class='ocr_par' dir='ltr' id='par_1_102' title="bbox 2225 3452 3793 3521">
     <span class='ocr_line' id='line_1_103' title="bbox 2225 3452 3793 3521; baseline 0.004 -20"><span class='ocrx_word' id='word_1_780' title='bbox 2225 3467 2398 3505; x_wconf 85' lang='lat' dir='ltr'><strong>massa</strong></span> <span class='ocrx_word' id='word_1_781' title='bbox 2422 3452 2592 3521; x_wconf 80' lang='lat' dir='ltr'><strong>facere</strong></span> <span class='ocrx_word' id='word_1_782' title='bbox 2615 3452 2759 3505; x_wconf 86' lang='lat' dir='ltr'><strong>aliud</strong></span> <span class='ocrx_word' id='word_1_783' title='bbox 2782 3470 2867 3506; x_wconf 88' lang='lat' dir='ltr'><strong>vas</strong></span> <span class='ocrx_word' id='word_1_784' title='bbox 2890 3453 2942 3505; x_wconf 88' lang='lat' dir='ltr'><strong>in</strong></span> <span class='ocrx_word' id='word_1_785' title='bbox 2970 3452 3248 3519; x_wconf 69' lang='lat' dir='ltr'><strong>notiorem,</strong></span> <span class='ocrx_word' id='word_1_786' title='bbox 3277 3453 3422 3507; x_wconf 81' lang='lat' dir='ltr'><strong>aliud</strong></span> <span class='ocrx_word' id='word_1_787' title='bbox 3448 3471 3563 3507; x_wconf 89' lang='lat' dir='ltr'><strong>vero</strong></span> <span class='ocrx_word' id='word_1_788' title='bbox 3589 3456 3642 3508; x_wconf 91' lang='lat' dir='ltr'><strong>in</strong></span> <span class='ocrx_word' id='word_1_789' title='bbox 3668 3471 3793 3509; x_wconf 78' lang='lat' dir='ltr'><strong>con-</strong></span> 
     </span>
    </p>
   </div>
   <div class='ocr_carea' id='block_1_103' title="bbox 2222 3520 3788 3592">
    <p class='ocr_par' dir='ltr' id='par_1_103' title="bbox 2222 3520 3788 3592">
     <span class='ocr_line' id='line_1_104' title="bbox 2222 3520 3788 3592; baseline 0.004 -20"><span class='ocrx_word' id='word_1_790' title='bbox 2222 3520 2490 3592; x_wconf 66' lang='lat' dir='ltr'><strong>(autetiam</strong></span> <span class='ocrx_word' id='word_1_791' title='bbox 2521 3521 2698 3592; x_wconf 81' lang='lat' dir='ltr'><strong>(Rom.</strong></span> <span class='ocrx_word' id='word_1_792' title='bbox 2743 3538 2834 3585; x_wconf 79' lang='lat' dir='ltr'><strong>ix,</strong></span> <span class='ocrx_word' id='word_1_793' title='bbox 2872 3522 3001 3592; x_wconf 75' lang='lat'><strong>2|)?</strong></span> <span class='ocrx_word' id='word_1_794' title='bbox 3042 3523 3130 3576; x_wconf 91' lang='lat' dir='ltr'><strong>ubi</strong></span> <span class='ocrx_word' id='word_1_795' title='bbox 3171 3533 3224 3577; x_wconf 90' lang='lat' dir='ltr'><strong>el</strong></span> <span class='ocrx_word' id='word_1_796' title='bbox 3264 3524 3444 3577; x_wconf 86' lang='lat' dir='ltr'><strong>statim</strong></span> <span class='ocrx_word' id='word_1_797' title='bbox 3474 3523 3788 3592; x_wconf 83' lang='lat' dir='ltr'><strong>subjungit:</strong></span> 
     </span>
    </p>
   </div>
   <div class='ocr_carea' id='block_1_104' title="bbox 2225 3589 3793 3663">
    <p class='ocr_par' dir='ltr' id='par_1_104' title="bbox 2225 3589 3793 3663">
     <span class='ocr_line' id='line_1_105' title="bbox 2225 3589 3793 3663; baseline 0.004 -21"><span class='ocrx_word' id='word_1_798' title='bbox 2225 3589 2442 3663; x_wconf 83' lang='lat' dir='ltr'><strong>Quodsi</strong></span> <span class='ocrx_word' id='word_1_799' title='bbox 2477 3591 2648 3646; x_wconf 87' lang='lat' dir='ltr'><strong>volens</strong></span> <span class='ocrx_word' id='word_1_800' title='bbox 2678 3592 2818 3645; x_wconf 83' lang='lat' dir='ltr'><strong>Deus</strong></span> <span class='ocrx_word' id='word_1_801' title='bbox 2853 3589 3119 3646; x_wconf 77' lang='lat' dir='ltr'><strong>ostendere</strong></span> <span class='ocrx_word' id='word_1_802' title='bbox 3161 3593 3291 3646; x_wconf 91' lang='lat' dir='ltr'><strong>iram</strong></span> <span class='ocrx_word' id='word_1_803' title='bbox 3313 3603 3360 3646; x_wconf 89' lang='lat' dir='ltr'><strong>et</strong></span> <span class='ocrx_word' id='word_1_804' title='bbox 3405 3589 3584 3646; x_wconf 81' lang='lat' dir='ltr'><strong>notam</strong></span> <span class='ocrx_word' id='word_1_805' title='bbox 3618 3589 3793 3663; x_wconf 76' lang='lat' dir='ltr'><strong>facere</strong></span> 
     </span>
    </p>
   </div>
   <div class='ocr_carea' id='block_1_105' title="bbox 2220 3662 3790 3732">
    <p class='ocr_par' dir='ltr' id='par_1_105' title="bbox 2220 3662 3790 3732">
     <span class='ocr_line' id='line_1_106' title="bbox 2220 3662 3790 3732; baseline 0.004 -21"><span class='ocrx_word' id='word_1_806' title='bbox 2220 3662 2501 3728; x_wconf 83' lang='lat' dir='ltr'><strong>potentiam</strong></span> <span class='ocrx_word' id='word_1_807' title='bbox 2528 3678 2677 3715; x_wconf 86' lang='lat' dir='ltr'><strong>suam</strong></span> <span class='ocrx_word' id='word_1_808' title='bbox 2695 3702 2711 3725; x_wconf 91' lang='lat'><strong>,</strong></span> <span class='ocrx_word' id='word_1_809' title='bbox 2731 3663 2979 3715; x_wconf 85' lang='lat' dir='ltr'><strong>sustinuit</strong></span> <span class='ocrx_word' id='word_1_810' title='bbox 3004 3664 3057 3716; x_wconf 88' lang='lat' dir='ltr'><strong>in</strong></span> <span class='ocrx_word' id='word_1_811' title='bbox 3089 3664 3253 3716; x_wconf 80' lang='lat' dir='ltr'><strong>multa</strong></span> <span class='ocrx_word' id='word_1_812' title='bbox 3276 3664 3527 3732; x_wconf 82' lang='lat' dir='ltr'><strong>patientia</strong></span> <span class='ocrx_word' id='word_1_813' title='bbox 3554 3662 3673 3717; x_wconf 82' lang='lat' dir='ltr'><strong>vasa</strong></span> <span class='ocrx_word' id='word_1_814' title='bbox 3695 3664 3790 3717; x_wconf 84' lang='lat' dir='ltr'><strong>ira:</strong></span> 
     </span>
    </p>
   </div>
   <div class='ocr_carea' id='block_1_106' title="bbox 2222 3732 3788 3799">
    <p class='ocr_par' dir='ltr' id='par_1_106' title="bbox 2222 3732 3788 3799">
     <span class='ocr_line' id='line_1_107' title="bbox 2222 3732 3788 3799; baseline 0.002 -20"><span class='ocrx_word' id='word_1_815' title='bbox 2222 3740 2401 3792; x_wconf 87' lang='lat' dir='ltr'><strong>aptata</strong></span> <span class='ocrx_word' id='word_1_816' title='bbox 2427 3732 2530 3784; x_wconf 89' lang='lat' dir='ltr'><strong>sive</strong></span> <span class='ocrx_word' id='word_1_817' title='bbox 2569 3742 2863 3799; x_wconf 78' lang='lat' dir='ltr'><strong>prtcparata</strong></span> <span class='ocrx_word' id='word_1_818' title='bbox 2886 3732 2937 3784; x_wconf 91' lang='lat' dir='ltr'><strong>in</strong></span> <span class='ocrx_word' id='word_1_819' title='bbox 2964 3732 3227 3785; x_wconf 89' lang='lat' dir='ltr'><strong>interitum</strong></span> <span class='ocrx_word' id='word_1_820' title='bbox 3246 3774 3259 3794; x_wconf 91' lang='lat'><strong>,</strong></span> <span class='ocrx_word' id='word_1_821' title='bbox 3289 3742 3342 3785; x_wconf 88' lang='lat' dir='ltr'><strong>ut</strong></span> <span class='ocrx_word' id='word_1_822' title='bbox 3375 3733 3662 3786; x_wconf 81' lang='lat' dir='ltr'><strong>ostenderet</strong></span> <span class='ocrx_word' id='word_1_823' title='bbox 3703 3733 3788 3785; x_wconf 83' lang='lat' dir='ltr'><strong>di.-</strong></span> 
     </span>
    </p>
   </div>
   <div class='ocr_carea' id='block_1_107' title="bbox 2222 3799 3791 3871">
    <p class='ocr_par' dir='ltr' id='par_1_107' title="bbox 2222 3799 3791 3871">
     <span class='ocr_line' id='line_1_108' title="bbox 2222 3799 3791 3871; baseline 0.003 -19"><span class='ocrx_word' id='word_1_824' title='bbox 2222 3799 2372 3853; x_wconf 86' lang='lat' dir='ltr'><strong>vitias</strong></span> <span class='ocrx_word' id='word_1_825' title='bbox 2395 3802 2581 3871; x_wconf 69' lang='lat' dir='ltr'><strong>gratia?</strong></span> <span class='ocrx_word' id='word_1_826' title='bbox 2604 3817 2712 3853; x_wconf 79' lang='lat' dir='ltr'><strong>saw</strong></span> <span class='ocrx_word' id='word_1_827' title='bbox 2732 3840 2746 3864; x_wconf 98' lang='lat'><strong>,</strong></span> <span class='ocrx_word' id='word_1_828' title='bbox 2774 3801 2826 3871; x_wconf 84' lang='lat' dir='ltr'><strong>in</strong></span> <span class='ocrx_word' id='word_1_829' title='bbox 2852 3818 2974 3854; x_wconf 81' lang='lat' dir='ltr'><strong>vasa</strong></span> <span class='ocrx_word' id='word_1_830' title='bbox 3014 3802 3387 3855; x_wconf 73' lang='lat' dir='ltr'><strong>misericordia:</strong></span> <span class='ocrx_word' id='word_1_831' title='bbox 3407 3843 3422 3866; x_wconf 91' lang='lat'><strong>,</strong></span> <span class='ocrx_word' id='word_1_832' title='bbox 3450 3819 3563 3871; x_wconf 79' lang='lat' dir='ltr'><strong>qua:</strong></span> <span class='ocrx_word' id='word_1_833' title='bbox 3588 3819 3791 3871; x_wconf 64' lang='lat' dir='ltr'><strong>praepa-</strong></span> 
     </span>
    </p>
   </div>
   <div class='ocr_carea' id='block_1_108' title="bbox 2221 3869 3789 3940">
    <p class='ocr_par' dir='ltr' id='par_1_108' title="bbox 2221 3869 3789 3940">
     <span class='ocr_line' id='line_1_109' title="bbox 2221 3869 3789 3940; baseline 0.004 -20"><span class='ocrx_word' id='word_1_834' title='bbox 2221 3871 2353 3923; x_wconf 86' lang='lat' dir='ltr'><strong>ravit</strong></span> <span class='ocrx_word' id='word_1_835' title='bbox 2392 3870 2445 3923; x_wconf 90' lang='lat' dir='ltr'><strong>in</strong></span> <span class='ocrx_word' id='word_1_836' title='bbox 2501 3869 2721 3939; x_wconf 88' lang='lat' dir='ltr'><strong>gloriam</strong></span> <span class='ocrx_word' id='word_1_837' title='bbox 2769 3870 2941 3937; x_wconf 81' lang='lat' dir='ltr'><strong>(ibid.,</strong></span> <span class='ocrx_word' id='word_1_838' title='bbox 2999 3871 3102 3936; x_wconf 73' lang='lat'><strong>22,</strong></span> <span class='ocrx_word' id='word_1_839' title='bbox 3143 3872 3269 3940; x_wconf 74' lang='lat'><strong>‘23)?</strong></span> <span class='ocrx_word' id='word_1_840' title='bbox 3306 3869 3533 3926; x_wconf 83' lang='lat' dir='ltr'><strong>ﬁdenter</strong></span> <span class='ocrx_word' id='word_1_841' title='bbox 3558 3869 3789 3926; x_wconf 83' lang='lat' dir='ltr'><strong>fatemur</strong></span> 
     </span>
    </p>
   </div>
   <div class='ocr_carea' id='block_1_109' title="bbox 2218 3940 3790 4010">
    <p class='ocr_par' dir='ltr' id='par_1_109' title="bbox 2218 3940 3790 4010">
     <span class='ocr_line' id='line_1_110' title="bbox 2218 3940 3790 4010; baseline 0.003 -19"><span class='ocrx_word' id='word_1_842' title='bbox 2218 3940 2739 4010; x_wconf 66' lang='lat' dir='ltr'><strong>pmdestinatiouem</strong></span> <span class='ocrx_word' id='word_1_843' title='bbox 2769 3940 3062 3995; x_wconf 87' lang='lat' dir='ltr'><strong>electorum</strong></span> <span class='ocrx_word' id='word_1_844' title='bbox 3108 3944 3174 3995; x_wconf 90' lang='lat' dir='ltr'><strong>ad</strong></span> <span class='ocrx_word' id='word_1_845' title='bbox 3204 3943 3367 3995; x_wconf 87' lang='lat' dir='ltr'><strong>vitam</strong></span> <span class='ocrx_word' id='word_1_846' title='bbox 3386 3983 3400 4005; x_wconf 97' lang='lat'><strong>,</strong></span> <span class='ocrx_word' id='word_1_847' title='bbox 3431 3951 3487 3996; x_wconf 91' lang='lat' dir='ltr'><strong>et</strong></span> <span class='ocrx_word' id='word_1_848' title='bbox 3514 3942 3790 4010; x_wconf 75' lang='lat' dir='ltr'><strong>praedesti-</strong></span> 
     </span>
    </p>
   </div>
   <div class='ocr_carea' id='block_1_110' title="bbox 2218 4009 3791 4079">
    <p class='ocr_par' dir='ltr' id='par_1_110' title="bbox 2218 4009 3791 4079">
     <span class='ocr_line' id='line_1_111' title="bbox 2218 4009 3791 4079; baseline 0.003 -18"><span class='ocrx_word' id='word_1_849' title='bbox 2218 4009 2486 4064; x_wconf 90' lang='lat' dir='ltr'><strong>nationem</strong></span> <span class='ocrx_word' id='word_1_850' title='bbox 2507 4009 2789 4079; x_wconf 89' lang='lat' dir='ltr'><strong>impiorum</strong></span> <span class='ocrx_word' id='word_1_851' title='bbox 2807 4011 2872 4064; x_wconf 92' lang='lat' dir='ltr'><strong>ad</strong></span> <span class='ocrx_word' id='word_1_852' title='bbox 2888 4022 3134 4065; x_wconf 90' lang='lat' dir='ltr'><strong>mortem.</strong></span> <span class='ocrx_word' id='word_1_853' title='bbox 3151 4012 3206 4065; x_wconf 94' lang='lat' dir='ltr'><strong>lu</strong></span> <span class='ocrx_word' id='word_1_854' title='bbox 3226 4011 3487 4066; x_wconf 90' lang='lat' dir='ltr'><strong>electione</strong></span> <span class='ocrx_word' id='word_1_855' title='bbox 3503 4009 3675 4065; x_wconf 89' lang='lat' dir='ltr'><strong>tamen</strong></span> <span class='ocrx_word' id='word_1_856' title='bbox 3691 4011 3791 4065; x_wconf 84' lang='lat' dir='ltr'><strong>sal-</strong></span> 
     </span>
    </p>
   </div>
   <div class='ocr_carea' id='block_1_111' title="bbox 2216 4080 3790 4150">
    <p class='ocr_par' dir='ltr' id='par_1_111' title="bbox 2216 4080 3790 4150">
     <span class='ocr_line' id='line_1_112' title="bbox 2216 4080 3790 4150; baseline 0.003 -19"><span class='ocrx_word' id='word_1_857' title='bbox 2216 4080 2510 4150; x_wconf 87' lang='lat' dir='ltr'><strong>vandorum</strong></span> <span class='ocrx_word' id='word_1_858' title='bbox 2537 4082 2957 4135; x_wconf 88' lang='lat' dir='ltr'><strong>misericordiam</strong></span> <span class='ocrx_word' id='word_1_859' title='bbox 2981 4081 3071 4134; x_wconf 86' lang='lat' dir='ltr'><strong>Dei</strong></span> <span class='ocrx_word' id='word_1_860' title='bbox 3097 4083 3398 4150; x_wconf 71' lang='lat' dir='ltr'><strong>prascedcre</strong></span> <span class='ocrx_word' id='word_1_861' title='bbox 3422 4081 3672 4135; x_wconf 88' lang='lat' dir='ltr'><strong>meritum</strong></span> <span class='ocrx_word' id='word_1_862' title='bbox 3702 4081 3790 4136; x_wconf 87' lang='lat' dir='ltr'><strong>bo-</strong></span> 
     </span>
    </p>
   </div>
   <div class='ocr_carea' id='block_1_112' title="bbox 2218 4149 3790 4218">
    <p class='ocr_par' dir='ltr' id='par_1_112' title="bbox 2218 4149 3790 4218">
     <span class='ocr_line' id='line_1_113' title="bbox 2218 4149 3790 4218; baseline 0.003 -17"><span class='ocrx_word' id='word_1_863' title='bbox 2218 4163 2342 4218; x_wconf 85' lang='lat' dir='ltr'><strong>num</strong></span> <span class='ocrx_word' id='word_1_864' title='bbox 2362 4166 2375 4214; x_wconf 91' lang='lat'><strong>;</strong></span> <span class='ocrx_word' id='word_1_865' title='bbox 2398 4149 2448 4202; x_wconf 91' lang='lat' dir='ltr'><strong>in</strong></span> <span class='ocrx_word' id='word_1_866' title='bbox 2464 4150 2809 4205; x_wconf 89' lang='lat' dir='ltr'><strong>danmatione</strong></span> <span class='ocrx_word' id='word_1_867' title='bbox 2825 4160 3000 4204; x_wconf 88' lang='lat' dir='ltr'><strong>autem</strong></span> <span class='ocrx_word' id='word_1_868' title='bbox 3024 4149 3385 4218; x_wconf 86' lang='lat' dir='ltr'><strong>periturorum</strong></span> <span class='ocrx_word' id='word_1_869' title='bbox 3409 4151 3661 4204; x_wconf 89' lang='lat' dir='ltr'><strong>meritum</strong></span> <span class='ocrx_word' id='word_1_870' title='bbox 3680 4167 3790 4205; x_wconf 90' lang='lat' dir='ltr'><strong>ma-</strong></span> 
     </span>
    </p>
   </div>
   <div class='ocr_carea' id='block_1_113' title="bbox 2215 4217 3788 4289">
    <p class='ocr_par' dir='ltr' id='par_1_113' title="bbox 2215 4217 3788 4289">
     <span class='ocr_line' id='line_1_114' title="bbox 2215 4217 3788 4289; baseline 0.004 -19"><span class='ocrx_word' id='word_1_871' title='bbox 2215 4217 2326 4271; x_wconf 91' lang='lat' dir='ltr'><strong>lum</strong></span> <span class='ocrx_word' id='word_1_872' title='bbox 2354 4220 2869 4289; x_wconf 73' lang='lat' dir='ltr'><strong>przecederejustum</strong></span> <span class='ocrx_word' id='word_1_873' title='bbox 2896 4217 3285 4285; x_wconf 87' lang='lat' dir='ltr'><strong>Deijudicium.</strong></span> <span class='ocrx_word' id='word_1_874' title='bbox 3313 4219 3788 4276; x_wconf 70' lang='lat' dir='ltr'><strong>Prtedestinatione</strong></span> 
     </span>
    </p>
   </div>
   <div class='ocr_carea' id='block_1_114' title="bbox 2215 4289 3785 4361">
    <p class='ocr_par' dir='ltr' id='par_1_114' title="bbox 2215 4289 3785 4361">
     <span class='ocr_line' id='line_1_115' title="bbox 2215 4289 3785 4361; baseline 0.001 -19"><span class='ocrx_word' id='word_1_875' title='bbox 2215 4298 2393 4361; x_wconf 83' lang='lat' dir='ltr'><strong>autem</strong></span> <span class='ocrx_word' id='word_1_876' title='bbox 2424 4289 2590 4361; x_wconf 87' lang='lat' dir='ltr'><strong>Deum</strong></span> <span class='ocrx_word' id='word_1_877' title='bbox 2622 4298 2824 4361; x_wconf 86' lang='lat' dir='ltr'><strong>tantum</strong></span> <span class='ocrx_word' id='word_1_878' title='bbox 2854 4292 3108 4361; x_wconf 84' lang='lat' dir='ltr'><strong>statuisse</strong></span> <span class='ocrx_word' id='word_1_879' title='bbox 3134 4305 3254 4361; x_wconf 78' lang='lat' dir='ltr'><strong>qua:</strong></span> <span class='ocrx_word' id='word_1_880' title='bbox 3284 4290 3368 4344; x_wconf 93' lang='lat' dir='ltr'><strong>vel</strong></span> <span class='ocrx_word' id='word_1_881' title='bbox 3396 4292 3508 4359; x_wconf 89' lang='lat' dir='ltr'><strong>ipse</strong></span> <span class='ocrx_word' id='word_1_882' title='bbox 3552 4291 3785 4361; x_wconf 83' lang='lat' dir='ltr'><strong>gratuita</strong></span> 
     </span>
    </p>
   </div>
   <div class='ocr_carea' id='block_1_115' title="bbox 2213 4358 3784 4429">
    <p class='ocr_par' dir='ltr' id='par_1_115' title="bbox 2213 4358 3784 4429">
     <span class='ocr_line' id='line_1_116' title="bbox 2213 4358 3784 4429; baseline 0.001 -17"><span class='ocrx_word' id='word_1_883' title='bbox 2213 4358 2585 4429; x_wconf 67' lang='lat' dir='ltr'><strong>misericordia</strong></span> <span class='ocrx_word' id='word_1_884' title='bbox 2618 4358 2701 4412; x_wconf 87' lang='lat' dir='ltr'><strong>vel</strong></span> <span class='ocrx_word' id='word_1_885' title='bbox 2724 4360 2871 4429; x_wconf 89' lang='lat' dir='ltr'><strong>justo</strong></span> <span class='ocrx_word' id='word_1_886' title='bbox 2891 4359 3096 4427; x_wconf 91' lang='lat' dir='ltr'><strong>judicio</strong></span> <span class='ocrx_word' id='word_1_887' title='bbox 3135 4359 3377 4414; x_wconf 85' lang='lat' dir='ltr'><strong>facturus</strong></span> <span class='ocrx_word' id='word_1_888' title='bbox 3403 4358 3784 4423; x_wconf 52' lang='lat' dir='ltr'><strong>eratfsecun-</strong></span> 
     </span>
    </p>
   </div>
   <div class='ocr_carea' id='block_1_116' title="bbox 2214 4428 3785 4511">
    <p class='ocr_par' dir='ltr' id='par_1_116' title="bbox 2214 4428 3785 4511">
     <span class='ocr_line' id='line_1_117' title="bbox 2214 4428 3785 4511; baseline 0.001 -29"><span class='ocrx_word' id='word_1_889' title='bbox 2214 4428 2338 4511; x_wconf 82' lang='lat' dir='ltr'><strong>dum</strong></span> <span class='ocrx_word' id='word_1_890' title='bbox 2388 4428 2735 4511; x_wconf 41' lang='lat' dir='ltr'><strong>Scripturam&#39;</strong></span> <span class='ocrx_word' id='word_1_891' title='bbox 2767 4429 3031 4511; x_wconf 71' lang='lat' dir='ltr'><strong>dicentem</strong></span> <span class='ocrx_word' id='word_1_892' title='bbox 3068 4448 3080 4485; x_wconf 92' lang='lat'>:</span> <span class='ocrx_word' id='word_1_893' title='bbox 3123 4429 3227 4496; x_wconf 89' lang='lat' dir='ltr'><strong>Qui</strong></span> <span class='ocrx_word' id='word_1_894' title='bbox 3251 4429 3397 4511; x_wconf 62' lang='lat' dir='ltr'><strong>fecit</strong></span> <span class='ocrx_word' id='word_1_895' title='bbox 3440 4447 3557 4502; x_wconf 75' lang='lat' dir='ltr'><strong>qua:</strong></span> <span class='ocrx_word' id='word_1_896' title='bbox 3604 4430 3785 4511; x_wconf 78' lang='lat' dir='ltr'><strong>futura</strong></span> 
     </span>
    </p>
   </div>
   <div class='ocr_carea' id='block_1_117' title="bbox 543 4499 2126 4586">
    <p class='ocr_par' dir='ltr' id='par_1_117' title="bbox 543 4499 2110 4586">
     <span class='ocr_line' id='line_1_118' title="bbox 543 4499 2110 4586; baseline -0.001 -17"><span class='ocrx_word' id='word_1_897' title='bbox 543 4499 689 4569; x_wconf 65' lang='lat' dir='ltr'><strong>datis</strong></span> <span class='ocrx_word' id='word_1_898' title='bbox 716 4499 1390 4571; x_wconf 31' lang='lat' dir='ltr'><strong>auresvestrasvadversus</strong></span> <span class='ocrx_word' id='word_1_899' title='bbox 1424 4499 1660 4586; x_wconf 88' lang='lat' dir='ltr'><strong>linguam</strong></span> <span class='ocrx_word' id='word_1_900' title='bbox 1697 4499 1948 4583; x_wconf 41' lang='lat' dir='ltr'><strong>nequam.</strong></span> <span class='ocrx_word' id='word_1_901' title='bbox 1970 4514 2110 4569; x_wconf 92' lang='lat' dir='ltr'><strong>illius</strong></span> 
     </span>
    </p>
   </div>
   <div class='ocr_carea' id='block_1_118' title="bbox 2224 4499 3785 4586">
    <p class='ocr_par' dir='ltr' id='par_1_118' title="bbox 2224 4499 3785 4586">
     <span class='ocr_line' id='line_1_119' title="bbox 2224 4499 3785 4586; baseline 0 -33"><span class='ocrx_word' id='word_1_902' title='bbox 2224 4508 2366 4581; x_wconf 78' lang='lat' dir='ltr'><strong>Iunt;</strong></span> <span class='ocrx_word' id='word_1_903' title='bbox 2412 4499 2655 4582; x_wconf 58' lang='lat' dir='ltr'><strong>innnalis</strong></span> <span class='ocrx_word' id='word_1_904' title='bbox 2700 4513 2828 4554; x_wconf 90' lang='lat' dir='ltr'><strong>vero</strong></span> <span class='ocrx_word' id='word_1_905' title='bbox 2878 4502 3115 4586; x_wconf 77' lang='lat' dir='ltr'><strong>ipsorum</strong></span> <span class='ocrx_word' id='word_1_906' title='bbox 3161 4501 3419 4584; x_wconf 80' lang='lat' dir='ltr'><strong>malitiam</strong></span> <span class='ocrx_word' id='word_1_907' title='bbox 3453 4499 3785 4586; x_wconf 36' lang='lat' dir='ltr'><strong>’praascis&#39;sle,</strong></span> 
     </span>
    </p>
   </div>
   <div class='ocr_carea' id='block_1_119' title="bbox 544 4585 2112 4654">
    <p class='ocr_par' dir='ltr' id='par_1_119' title="bbox 544 4585 2112 4654">
     <span class='ocr_line' id='line_1_120' title="bbox 544 4585 2112 4654; baseline 0.003 -18"><span class='ocrx_word' id='word_1_908' title='bbox 544 4585 822 4639; x_wconf 79' lang='lat' dir='ltr'><strong>vanissimi</strong></span> <span class='ocrx_word' id='word_1_909' title='bbox 850 4595 907 4639; x_wconf 91' lang='lat' dir='ltr'><strong>et</strong></span> <span class='ocrx_word' id='word_1_910' title='bbox 933 4586 1222 4640; x_wconf 89' lang='lat' dir='ltr'><strong>miserrimi</strong></span> <span class='ocrx_word' id='word_1_911' title='bbox 1246 4585 1618 4654; x_wconf 31' lang='lat' dir='ltr'><strong>hominis,’qui</strong></span> <span class='ocrx_word' id='word_1_912' title='bbox 1646 4600 1767 4639; x_wconf 89' lang='lat' dir='ltr'><strong>cum</strong></span> <span class='ocrx_word' id='word_1_913' title='bbox 1800 4586 1870 4639; x_wconf 87' lang='lat' dir='ltr'><strong>sit</strong></span> <span class='ocrx_word' id='word_1_914' title='bbox 1892 4595 2112 4654; x_wconf 88' lang='lat' dir='ltr'><strong>paratus</strong></span> 
     </span>
    </p>
   </div>
   <div class='ocr_carea' id='block_1_120' title="bbox 546 4656 2108 4718">
    <p class='ocr_par' dir='ltr' id='par_1_120' title="bbox 546 4656 2108 4718">
     <span class='ocr_line' id='line_1_121' title="bbox 546 4656 2108 4718; baseline 0.001 -10"><span class='ocrx_word' id='word_1_915' title='bbox 546 4656 610 4708; x_wconf 91' lang='lat' dir='ltr'><strong>ad</strong></span> <span class='ocrx_word' id='word_1_916' title='bbox 640 4656 1036 4708; x_wconf 84' lang='lat' dir='ltr'><strong>contentionem</strong></span> <span class='ocrx_word' id='word_1_917' title='bbox 1077 4665 1134 4710; x_wconf 91' lang='lat' dir='ltr'><strong>et</strong></span> <span class='ocrx_word' id='word_1_918' title='bbox 1173 4665 1462 4709; x_wconf 84' lang='lat' dir='ltr'><strong>contumax</strong></span> <span class='ocrx_word' id='word_1_919' title='bbox 1504 4657 1757 4709; x_wconf 90' lang='lat' dir='ltr'><strong>adversus</strong></span> <span class='ocrx_word' id='word_1_920' title='bbox 1804 4658 2108 4718; x_wconf 83' lang='lat' dir='ltr'><strong>veritatem,</strong></span> 
     </span>
    </p>
   </div>
   <div class='ocr_carea' id='block_1_121' title="bbox 548 4724 2113 4793">
    <p class='ocr_par' dir='ltr' id='par_1_121' title="bbox 548 4724 2113 4793">
     <span class='ocr_line' id='line_1_122' title="bbox 548 4724 2113 4793; baseline 0.002 -17"><span class='ocrx_word' id='word_1_921' title='bbox 548 4724 830 4783; x_wconf 83' lang='lat' dir='ltr'><strong>maluitse.</strong></span> <span class='ocrx_word' id='word_1_922' title='bbox 855 4724 1060 4789; x_wconf 77' lang='lat' dir='ltr'><strong>infelix,</strong></span> <span class='ocrx_word' id='word_1_923' title='bbox 1088 4724 1353 4780; x_wconf 89' lang='lat' dir='ltr'><strong>diabolico</strong></span> <span class='ocrx_word' id='word_1_924' title='bbox 1382 4724 1595 4779; x_wconf 81' lang='lat' dir='ltr'><strong>inflatus</strong></span> <span class='ocrx_word' id='word_1_925' title='bbox 1614 4726 1827 4793; x_wconf 90' lang='lat' dir='ltr'><strong>spiritu,</strong></span> <span class='ocrx_word' id='word_1_926' title='bbox 1855 4741 1885 4779; x_wconf 90' lang='lat' dir='ltr'><strong>a</strong></span> <span class='ocrx_word' id='word_1_927' title='bbox 1912 4726 2113 4781; x_wconf 75' lang='lat' dir='ltr'><strong>(Zbristi</strong></span> 
     </span>
    </p>
   </div>
   <div class='ocr_carea' id='block_1_122' title="bbox 546 4793 2113 4866">
    <p class='ocr_par' dir='ltr' id='par_1_122' title="bbox 546 4793 2113 4866">
     <span class='ocr_line' id='line_1_123' title="bbox 546 4793 2113 4866; baseline 0.002 -19"><span class='ocrx_word' id='word_1_928' title='bbox 546 4793 794 4866; x_wconf 10' lang='lat' dir='ltr'><strong>Ecclesia!</strong></span> <span class='ocrx_word' id='word_1_929' title='bbox 807 4804 861 4847; x_wconf 92' lang='lat' dir='ltr'><strong>et</strong></span> <span class='ocrx_word' id='word_1_930' title='bbox 890 4796 1260 4866; x_wconf 76' lang='lat' dir='ltr'><strong>sacerdotibus</strong></span> <span class='ocrx_word' id='word_1_931' title='bbox 1286 4809 1559 4863; x_wconf 85' lang='lat' dir='ltr'><strong>separare,</strong></span> <span class='ocrx_word' id='word_1_932' title='bbox 1573 4811 1733 4865; x_wconf 89' lang='lat' dir='ltr'><strong>quam</strong></span> <span class='ocrx_word' id='word_1_933' title='bbox 1763 4811 1860 4850; x_wconf 92' lang='lat' dir='ltr'><strong>sua</strong></span> <span class='ocrx_word' id='word_1_934' title='bbox 1887 4797 2113 4866; x_wconf 87' lang='lat' dir='ltr'><strong>profana</strong></span> 
     </span>
    </p>
   </div>
   <div class='ocr_carea' id='block_1_123' title="bbox 545 4864 1262 4933">
    <p class='ocr_par' dir='ltr' id='par_1_123' title="bbox 545 4864 1262 4933">
     <span class='ocr_line' id='line_1_124' title="bbox 545 4864 1262 4933; baseline 0 -16"><span class='ocrx_word' id='word_1_935' title='bbox 545 4872 602 4918; x_wconf 86' lang='lat' dir='ltr'><strong>et</strong></span> <span class='ocrx_word' id='word_1_936' title='bbox 634 4864 965 4933; x_wconf 86' lang='lat' dir='ltr'><strong>iuaniloqnia</strong></span> <span class='ocrx_word' id='word_1_937' title='bbox 991 4864 1262 4920; x_wconf 86' lang='lat' dir='ltr'><strong>deserere.</strong></span> 
     </span>
    </p>
   </div>
   <div class='ocr_carea' id='block_1_124' title="bbox 614 4972 2116 5048">
    <p class='ocr_par' dir='ltr' id='par_1_124' title="bbox 614 4972 2116 5048">
     <span class='ocr_line' id='line_1_125' title="bbox 614 4972 2116 5048; baseline 0.006 -22"><span class='ocrx_word' id='word_1_938' title='bbox 614 4972 846 5043; x_wconf 76' lang='lat' dir='ltr'><strong>Bxplicit</strong></span> <span class='ocrx_word' id='word_1_939' title='bbox 893 4972 1169 5028; x_wconf 89' lang='lat' dir='ltr'><strong>Hiucmari</strong></span> <span class='ocrx_word' id='word_1_940' title='bbox 1215 4976 1605 5048; x_wconf 86' lang='lat' dir='ltr'><strong>archiepiscopi</strong></span> <span class='ocrx_word' id='word_1_941' title='bbox 1655 4976 2011 5045; x_wconf 81' lang='lat' dir='ltr'><strong>Rbemensis,</strong></span> <span class='ocrx_word' id='word_1_942' title='bbox 2047 4980 2116 5035; x_wconf 89' lang='lat' dir='ltr'><strong>ad</strong></span> 
     </span>
    </p>
   </div>
   <div class='ocr_carea' id='block_1_125' title="bbox 543 5067 2117 5139">
    <p class='ocr_par' dir='ltr' id='par_1_125' title="bbox 543 5067 2117 5139">
     <span class='ocr_line' id='line_1_126' title="bbox 543 5067 2117 5139; baseline 0.005 -21"><span class='ocrx_word' id='word_1_943' title='bbox 543 5079 734 5119; x_wconf 89' lang='lat' dir='ltr'><strong>omnes</strong></span> <span class='ocrx_word' id='word_1_944' title='bbox 777 5078 913 5133; x_wconf 90' lang='lat' dir='ltr'><strong>pene</strong></span> <span class='ocrx_word' id='word_1_945' title='bbox 964 5073 1089 5119; x_wconf 91' lang='lat' dir='ltr'><strong>tunc</strong></span> <span class='ocrx_word' id='word_1_946' title='bbox 1137 5067 1396 5135; x_wconf 91' lang='lat' dir='ltr'><strong>temporis</strong></span> <span class='ocrx_word' id='word_1_947' title='bbox 1439 5069 1749 5139; x_wconf 86' lang='lat' dir='ltr'><strong>episcopos,</strong></span> <span class='ocrx_word' id='word_1_948' title='bbox 1781 5078 1889 5125; x_wconf 90' lang='lat' dir='ltr'><strong>tam</strong></span> <span class='ocrx_word' id='word_1_949' title='bbox 1930 5070 2117 5126; x_wconf 69' lang='lat' dir='ltr'><strong>Gallize</strong></span> 
     </span>
    </p>
   </div>
   <div class='ocr_carea' id='block_1_126' title="bbox 542 5153 2113 5231">
    <p class='ocr_par' dir='ltr' id='par_1_126' title="bbox 542 5153 2113 5231">
     <span class='ocr_line' id='line_1_127' title="bbox 542 5153 2113 5231; baseline 0.008 -27"><span class='ocrx_word' id='word_1_950' title='bbox 542 5169 704 5222; x_wconf 85' lang='lat' dir='ltr'><strong>quam</strong></span> <span class='ocrx_word' id='word_1_951' title='bbox 755 5153 981 5206; x_wconf 90' lang='lat' dir='ltr'><strong>aliarum</strong></span> <span class='ocrx_word' id='word_1_952' title='bbox 1045 5155 1476 5226; x_wconf 87' lang='lat' dir='ltr'><strong>provinciarum,</strong></span> <span class='ocrx_word' id='word_1_953' title='bbox 1522 5175 1810 5231; x_wconf 89' lang='lat' dir='ltr'><strong>suppresso</strong></span> <span class='ocrx_word' id='word_1_954' title='bbox 1861 5163 2113 5228; x_wconf 90' lang='lat' dir='ltr'><strong>nomine,</strong></span> 
     </span>
    </p>
   </div>
   <div class='ocr_carea' id='block_1_127' title="bbox 543 5244 2117 5325">
    <p class='ocr_par' dir='ltr' id='par_1_127' title="bbox 543 5244 2117 5325">
     <span class='ocr_line' id='line_1_128' title="bbox 543 5244 2117 5325; baseline 0.006 -24"><span class='ocrx_word' id='word_1_955' title='bbox 543 5255 732 5301; x_wconf 89' lang='lat' dir='ltr'><strong>contra</strong></span> <span class='ocrx_word' id='word_1_956' title='bbox 763 5244 1202 5314; x_wconf 87' lang='lat' dir='ltr'><strong>Gotbescalcum,</strong></span> <span class='ocrx_word' id='word_1_957' title='bbox 1236 5256 1360 5305; x_wconf 91' lang='lat' dir='ltr'><strong>tunc</strong></span> <span class='ocrx_word' id='word_1_958' title='bbox 1397 5254 1652 5323; x_wconf 89' lang='lat' dir='ltr'><strong>temporis</strong></span> <span class='ocrx_word' id='word_1_959' title='bbox 1696 5255 1763 5310; x_wconf 89' lang='lat' dir='ltr'><strong>ab</strong></span> <span class='ocrx_word' id='word_1_960' title='bbox 1808 5254 1925 5325; x_wconf 91' lang='lat' dir='ltr'><strong>ipso</strong></span> <span class='ocrx_word' id='word_1_961' title='bbox 1956 5254 2117 5310; x_wconf 88' lang='lat' dir='ltr'><strong>Hinc-</strong></span> 
     </span>
    </p>
   </div>
   <div class='ocr_carea' id='block_1_128' title="bbox 540 5333 2115 5416">
    <p class='ocr_par' dir='ltr' id='par_1_128' title="bbox 540 5333 2115 5416">
     <span class='ocr_line' id='line_1_129' title="bbox 540 5333 2115 5416; baseline 0.008 -26"><span class='ocrx_word' id='word_1_962' title='bbox 540 5350 696 5391; x_wconf 89' lang='lat' dir='ltr'><strong>maro</strong></span> <span class='ocrx_word' id='word_1_963' title='bbox 727 5335 780 5389; x_wconf 91' lang='lat' dir='ltr'><strong>in</strong></span> <span class='ocrx_word' id='word_1_964' title='bbox 802 5333 1105 5393; x_wconf 85' lang='lat' dir='ltr'><strong>Altovillari</strong></span> <span class='ocrx_word' id='word_1_965' title='bbox 1133 5342 1459 5398; x_wconf 89' lang='lat' dir='ltr'><strong>monasterio</strong></span> <span class='ocrx_word' id='word_1_966' title='bbox 1481 5353 1751 5400; x_wconf 87' lang='lat' dir='ltr'><strong>retrusum</strong></span> <span class='ocrx_word' id='word_1_967' title='bbox 1770 5388 1784 5411; x_wconf 94' lang='lat'><strong>,</strong></span> <span class='ocrx_word' id='word_1_968' title='bbox 1807 5348 1899 5416; x_wconf 90' lang='lat' dir='ltr'><strong>qui</strong></span> <span class='ocrx_word' id='word_1_969' title='bbox 1928 5347 1985 5402; x_wconf 92' lang='lat' dir='ltr'><strong>in</strong></span> <span class='ocrx_word' id='word_1_970' title='bbox 2013 5347 2115 5403; x_wconf 88' lang='lat' dir='ltr'><strong>Or-</strong></span> 
     </span>
    </p>
   </div>
   <div class='ocr_carea' id='block_1_129' title="bbox 501 5426 1867 5501">
    <p class='ocr_par' dir='ltr' id='par_1_129' title="bbox 501 5426 1867 5501">
     <span class='ocr_line' id='line_1_130' title="bbox 501 5426 1867 5501; baseline 0.009 -21"><span class='ocrx_word' id='word_1_971' title='bbox 501 5457 504 5461; x_wconf 83' lang='lat'><strong><em>~</em></strong></span> <span class='ocrx_word' id='word_1_972' title='bbox 543 5426 760 5481; x_wconf 80' lang='lat' dir='ltr'><strong>bacensi</strong></span> <span class='ocrx_word' id='word_1_973' title='bbox 792 5427 1119 5485; x_wconf 91' lang='lat' dir='ltr'><strong>monasterio</strong></span> <span class='ocrx_word' id='word_1_974' title='bbox 1158 5431 1307 5501; x_wconf 90' lang='lat' dir='ltr'><strong>prius</strong></span> <span class='ocrx_word' id='word_1_975' title='bbox 1336 5436 1636 5491; x_wconf 87' lang='lat' dir='ltr'><strong>monachus</strong></span> <span class='ocrx_word' id='word_1_976' title='bbox 1668 5434 1867 5492; x_wconf 86' lang='lat' dir='ltr'><strong>fuerat.</strong></span> 
     </span>
    </p>
   </div>
   <div class='ocr_carea' id='block_1_130' title="bbox 540 5538 2110 5617">
    <p class='ocr_par' dir='ltr' id='par_1_130' title="bbox 540 5538 2110 5617">
     <span class='ocr_line' id='line_1_131' title="bbox 540 5538 2110 5617; baseline 0.003 -22"><span class='ocrx_word' id='word_1_977' title='bbox 540 5538 686 5617; x_wconf 65' lang='lat' dir='ltr'><strong>&quot;ire</strong></span> <span class='ocrx_word' id='word_1_978' title='bbox 713 5539 974 5608; x_wconf 87' lang='lat' dir='ltr'><strong>capitula,</strong></span> <span class='ocrx_word' id='word_1_979' title='bbox 1014 5540 1309 5617; x_wconf 84' lang='lat' dir='ltr'><strong>in_synodo</strong></span> <span class='ocrx_word' id='word_1_980' title='bbox 1340 5545 1604 5617; x_wconf 10' lang='lat' dir='ltr'><strong>rTullensis</strong></span> <span class='ocrx_word' id='word_1_981' title='bbox 1646 5546 1899 5601; x_wconf 89' lang='lat' dir='ltr'><strong>territorii</strong></span> <span class='ocrx_word' id='word_1_982' title='bbox 1942 5548 2110 5617; x_wconf 87' lang='lat' dir='ltr'><strong>primo</strong></span> 
     </span>
    </p>
   </div>
   <div class='ocr_carea' id='block_1_131' title="bbox 610 5610 2111 5686">
    <p class='ocr_par' dir='ltr' id='par_1_131' title="bbox 610 5610 2111 5686">
     <span class='ocr_line' id='line_1_132' title="bbox 610 5610 2111 5686; baseline 0.004 -24"><span class='ocrx_word' id='word_1_983' title='bbox 610 5610 800 5664; x_wconf 76' lang='lat' dir='ltr'><strong>retecta</strong></span> <span class='ocrx_word' id='word_1_984' title='bbox 820 5650 835 5676; x_wconf 92' lang='lat'><strong>,</strong></span> <span class='ocrx_word' id='word_1_985' title='bbox 859 5620 905 5664; x_wconf 89' lang='lat' dir='ltr'><strong>et</strong></span> <span class='ocrx_word' id='word_1_986' title='bbox 928 5629 960 5664; x_wconf 93' lang='lat' dir='ltr'><strong>a</strong></span> <span class='ocrx_word' id='word_1_987' title='bbox 980 5610 1290 5686; x_wconf 69' lang='lat' dir='ltr'><strong>quibusdam</strong></span> <span class='ocrx_word' id='word_1_988' title='bbox 1320 5616 1571 5686; x_wconf 76' lang='lat' dir='ltr'><strong>fratribus</strong></span> <span class='ocrx_word' id='word_1_989' title='bbox 1596 5616 1823 5685; x_wconf 80' lang='lat' dir='ltr'><strong>refutata</strong></span> <span class='ocrx_word' id='word_1_990' title='bbox 1840 5657 1852 5678; x_wconf 90' lang='lat'><strong>,</strong></span> <span class='ocrx_word' id='word_1_991' title='bbox 1877 5610 2111 5686; x_wconf 80' lang='lat' dir='ltr'><strong>seqttenti</strong></span> 
     </span>
    </p>
   </div>
   <div class='ocr_carea' id='block_1_132' title="bbox 612 5680 2108 5754">
    <p class='ocr_par' dir='ltr' id='par_1_132' title="bbox 612 5680 2108 5754">
     <span class='ocr_line' id='line_1_133' title="bbox 612 5680 2108 5754; baseline 0.001 -19"><span class='ocrx_word' id='word_1_992' title='bbox 612 5693 783 5754; x_wconf 86' lang='lat' dir='ltr'><strong>autem</strong></span> <span class='ocrx_word' id='word_1_993' title='bbox 830 5680 1407 5754; x_wconf 75' lang='lat' dir='ltr'><strong>opereCatltolicorutn</strong></span> <span class='ocrx_word' id='word_1_994' title='bbox 1458 5680 1697 5740; x_wconf 82' lang='lat' dir='ltr'><strong>doctrina</strong></span> <span class='ocrx_word' id='word_1_995' title='bbox 1747 5695 1867 5740; x_wconf 89' lang='lat' dir='ltr'><strong>sunt</strong></span> <span class='ocrx_word' id='word_1_996' title='bbox 1904 5680 2108 5754; x_wconf 81' lang='lat' dir='ltr'><strong>plenius</strong></span> 
     </span>
    </p>
   </div>
   <div class='ocr_carea' id='block_1_133' title="bbox 610 5749 2105 5828">
    <p class='ocr_par' dir='ltr' id='par_1_133' title="bbox 610 5749 2105 5828">
     <span class='ocr_line' id='line_1_134' title="bbox 610 5749 2105 5828; baseline 0.001 -22"><span class='ocrx_word' id='word_1_997' title='bbox 610 5749 897 5819; x_wconf 72' lang='lat' dir='ltr'><strong>confutata.</strong></span> <span class='ocrx_word' id='word_1_998' title='bbox 929 5749 1288 5823; x_wconf 84' lang='lat' dir='ltr'><strong>Cupitulorum</strong></span> <span class='ocrx_word' id='word_1_999' title='bbox 1319 5766 1486 5812; x_wconf 84' lang='lat' dir='ltr'><strong>autem</strong></span> <span class='ocrx_word' id='word_1_1000' title='bbox 1517 5757 1690 5828; x_wconf 82' lang='lat' dir='ltr'><strong>quarti</strong></span> <span class='ocrx_word' id='word_1_1001' title='bbox 1741 5766 1785 5811; x_wconf 88' lang='lat' dir='ltr'><strong>ct</strong></span> <span class='ocrx_word' id='word_1_1002' title='bbox 1832 5749 1999 5826; x_wconf 78' lang='lat' dir='ltr'><strong>quinti</strong></span> <span class='ocrx_word' id='word_1_1003' title='bbox 2043 5757 2105 5809; x_wconf 88' lang='lat' dir='ltr'><strong>ab</strong></span> 
     </span>
    </p>
   </div>
   <div class='ocr_carea' id='block_1_134' title="bbox 2213 4569 3783 4640">
    <p class='ocr_par' dir='ltr' id='par_1_134' title="bbox 2213 4569 3783 4640">
     <span class='ocr_line' id='line_1_135' title="bbox 2213 4569 3783 4640; baseline 0.001 -18"><span class='ocrx_word' id='word_1_1004' title='bbox 2213 4570 2339 4640; x_wconf 90' lang='lat' dir='ltr'><strong>quia</strong></span> <span class='ocrx_word' id='word_1_1005' title='bbox 2367 4586 2434 4624; x_wconf 84' lang='lat' dir='ltr'><strong>ex</strong></span> <span class='ocrx_word' id='word_1_1006' title='bbox 2475 4569 2608 4639; x_wconf 89' lang='lat' dir='ltr'><strong>ipsis</strong></span> <span class='ocrx_word' id='word_1_1007' title='bbox 2650 4578 2760 4634; x_wconf 86' lang='lat' dir='ltr'><strong>est,</strong></span> <span class='ocrx_word' id='word_1_1008' title='bbox 2793 4586 2898 4625; x_wconf 92' lang='lat' dir='ltr'><strong>non</strong></span> <span class='ocrx_word' id='word_1_1009' title='bbox 2943 4572 3394 4640; x_wconf 74' lang='lat' dir='ltr'><strong>przedestinasse,</strong></span> <span class='ocrx_word' id='word_1_1010' title='bbox 3424 4569 3546 4639; x_wconf 88' lang='lat' dir='ltr'><strong>quia</strong></span> <span class='ocrx_word' id='word_1_1011' title='bbox 3593 4586 3658 4625; x_wconf 81' lang='lat' dir='ltr'><strong>ex</strong></span> <span class='ocrx_word' id='word_1_1012' title='bbox 3694 4570 3783 4624; x_wconf 90' lang='lat' dir='ltr'><strong>illo</strong></span> 
     </span>
    </p>
   </div>
   <div class='ocr_carea' id='block_1_135' title="bbox 2214 4642 3782 4709">
    <p class='ocr_par' dir='ltr' id='par_1_135' title="bbox 2214 4642 3782 4709">
     <span class='ocr_line' id='line_1_136' title="bbox 2214 4642 3782 4709; baseline -0.001 -15"><span class='ocrx_word' id='word_1_1013' title='bbox 2214 4654 2319 4694; x_wconf 88' lang='lat' dir='ltr'><strong>non</strong></span> <span class='ocrx_word' id='word_1_1014' title='bbox 2344 4649 2425 4695; x_wconf 91' lang='lat' dir='ltr'><strong>est</strong></span> <span class='ocrx_word' id='word_1_1015' title='bbox 2450 4657 2463 4693; x_wconf 90' lang='lat'><strong>:</strong></span> <span class='ocrx_word' id='word_1_1016' title='bbox 2490 4654 2700 4709; x_wconf 66' lang='lat' dir='ltr'><strong>poenam</strong></span> <span class='ocrx_word' id='word_1_1017' title='bbox 2723 4655 2851 4693; x_wconf 88' lang='lat' dir='ltr'><strong>sane</strong></span> <span class='ocrx_word' id='word_1_1018' title='bbox 2873 4643 3066 4695; x_wconf 87' lang='lat' dir='ltr'><strong>malum</strong></span> <span class='ocrx_word' id='word_1_1019' title='bbox 3095 4642 3346 4696; x_wconf 89' lang='lat' dir='ltr'><strong>meritum</strong></span> <span class='ocrx_word' id='word_1_1020' title='bbox 3375 4651 3782 4709; x_wconf 71' lang='lat' dir='ltr'><strong>exsequentem,</strong></span> 
     </span>
    </p>
   </div>
   <div class='ocr_carea' id='block_1_136' title="bbox 2217 4710 3783 4781">
    <p class='ocr_par' dir='ltr' id='par_1_136' title="bbox 2217 4710 3783 4781">
     <span class='ocr_line' id='line_1_137' title="bbox 2217 4710 3783 4781; baseline 0 -18"><span class='ocrx_word' id='word_1_1021' title='bbox 2217 4710 2291 4781; x_wconf 87' lang='lat' dir='ltr'><strong>uti</strong></span> <span class='ocrx_word' id='word_1_1022' title='bbox 2323 4711 2489 4781; x_wconf 89' lang='lat' dir='ltr'><strong>Demn</strong></span> <span class='ocrx_word' id='word_1_1023' title='bbox 2533 4710 2623 4779; x_wconf 87' lang='lat' dir='ltr'><strong>qui</strong></span> <span class='ocrx_word' id='word_1_1024' title='bbox 2651 4711 2847 4781; x_wconf 81' lang='lat' dir='ltr'><strong>omnia</strong></span> <span class='ocrx_word' id='word_1_1025' title='bbox 2890 4713 3175 4781; x_wconf 84' lang='lat' dir='ltr'><strong>prospicit,</strong></span> <span class='ocrx_word' id='word_1_1026' title='bbox 3208 4712 3544 4781; x_wconf 77' lang='lat' dir='ltr'><strong>przescivisse</strong></span> <span class='ocrx_word' id='word_1_1027' title='bbox 3568 4719 3623 4764; x_wconf 87' lang='lat' dir='ltr'><strong>et</strong></span> <span class='ocrx_word' id='word_1_1028' title='bbox 3647 4726 3783 4779; x_wconf 70' lang='lat' dir='ltr'><strong>pne-</strong></span> 
     </span>
    </p>
   </div>
   <div class='ocr_carea' id='block_1_137' title="bbox 2215 4779 3784 4850">
    <p class='ocr_par' dir='ltr' id='par_1_137' title="bbox 2215 4779 3784 4850">
     <span class='ocr_line' id='line_1_138' title="bbox 2215 4779 3784 4850; baseline -0.001 -16"><span class='ocrx_word' id='word_1_1029' title='bbox 2215 4779 2546 4846; x_wconf 89' lang='lat' dir='ltr'><strong>dcstinasse,</strong></span> <span class='ocrx_word' id='word_1_1030' title='bbox 2573 4779 2699 4848; x_wconf 90' lang='lat' dir='ltr'><strong>quia</strong></span> <span class='ocrx_word' id='word_1_1031' title='bbox 2720 4780 2897 4850; x_wconf 89' lang='lat' dir='ltr'><strong>justus</strong></span> <span class='ocrx_word' id='word_1_1032' title='bbox 2926 4779 3037 4846; x_wconf 70' lang='lat' dir='ltr'><strong>est;</strong></span> <span class='ocrx_word' id='word_1_1033' title='bbox 3072 4779 3392 4849; x_wconf 25' lang='lat' dir='ltr'><strong>apnd‘quem</strong></span> <span class='ocrx_word' id='word_1_1034' title='bbox 3426 4790 3509 4834; x_wconf 89' lang='lat' dir='ltr'><strong>est</strong></span> <span class='ocrx_word' id='word_1_1035' title='bbox 3528 4820 3559 4850; x_wconf 22' lang='lat'><strong>,&gt;</strong></span> <span class='ocrx_word' id='word_1_1036' title='bbox 3576 4789 3636 4832; x_wconf 92' lang='lat' dir='ltr'><strong>ut</strong></span> <span class='ocrx_word' id='word_1_1037' title='bbox 3659 4796 3784 4832; x_wconf 85' lang='lat' dir='ltr'><strong>sau-</strong></span> 
     </span>
    </p>
   </div>
   <div class='ocr_carea' id='block_1_138' title="bbox 2215 4848 3778 4921">
    <p class='ocr_par' dir='ltr' id='par_1_138' title="bbox 2215 4848 3778 4921">
     <span class='ocr_line' id='line_1_139' title="bbox 2215 4848 3778 4921; baseline -0.003 -18"><span class='ocrx_word' id='word_1_1038' title='bbox 2215 4859 2335 4921; x_wconf 84' lang='lat' dir='ltr'><strong>ctus</strong></span> <span class='ocrx_word' id='word_1_1039' title='bbox 2362 4850 2693 4921; x_wconf 82' lang='lat' dir='ltr'><strong>Augustinus</strong></span> <span class='ocrx_word' id='word_1_1040' title='bbox 2719 4848 2824 4913; x_wconf 79' lang='lat' dir='ltr'><strong>ait,</strong></span> <span class='ocrx_word' id='word_1_1041' title='bbox 2852 4851 2917 4904; x_wconf 88' lang='lat' dir='ltr'><strong>dc</strong></span> <span class='ocrx_word' id='word_1_1042' title='bbox 2946 4848 3195 4905; x_wconf 88' lang='lat' dir='ltr'><strong>omnibus</strong></span> <span class='ocrx_word' id='word_1_1043' title='bbox 3238 4852 3458 4921; x_wconf 87' lang='lat' dir='ltr'><strong>omnino</strong></span> <span class='ocrx_word' id='word_1_1044' title='bbox 3489 4848 3656 4921; x_wconf 83' lang='lat' dir='ltr'><strong>rebus</strong></span> <span class='ocrx_word' id='word_1_1045' title='bbox 3674 4860 3778 4921; x_wconf 84' lang='lat' dir='ltr'><strong>tam</strong></span> 
     </span>
    </p>
   </div>
   <div class='ocr_carea' id='block_1_139' title="bbox 2216 4919 3783 4990">
    <p class='ocr_par' dir='ltr' id='par_1_139' title="bbox 2216 4919 3783 4990">
     <span class='ocr_line' id='line_1_140' title="bbox 2216 4919 3783 4990; baseline -0.002 -17"><span class='ocrx_word' id='word_1_1046' title='bbox 2216 4919 2324 4974; x_wconf 64' lang='lat' dir='ltr'><strong>ﬁxa</strong></span> <span class='ocrx_word' id='word_1_1047' title='bbox 2354 4919 2621 4975; x_wconf 78' lang='lat' dir='ltr'><strong>sententia</strong></span> <span class='ocrx_word' id='word_1_1048' title='bbox 2648 4936 2807 4988; x_wconf 88' lang='lat' dir='ltr'><strong>quam</strong></span> <span class='ocrx_word' id='word_1_1049' title='bbox 2829 4929 2974 4973; x_wconf 88' lang='lat' dir='ltr'><strong>certa</strong></span> <span class='ocrx_word' id='word_1_1050' title='bbox 3004 4921 3358 4990; x_wconf 68' lang='lat' dir='ltr'><strong>praescientia.</strong></span> <span class='ocrx_word' id='word_1_1051' title='bbox 3382 4920 3460 4974; x_wconf 82' lang='lat' dir='ltr'><strong>Ad</strong></span> <span class='ocrx_word' id='word_1_1052' title='bbox 3492 4920 3593 4990; x_wconf 88' lang='lat' dir='ltr'><strong>hoc</strong></span> <span class='ocrx_word' id='word_1_1053' title='bbox 3616 4919 3783 4990; x_wconf 86' lang='lat' dir='ltr'><strong>siqui-</strong></span> 
     </span>
    </p>
   </div>
   <div class='ocr_carea' id='block_1_140' title="bbox 2219 4989 3779 5058">
    <p class='ocr_par' dir='ltr' id='par_1_140' title="bbox 2219 4989 3779 5058">
     <span class='ocr_line' id='line_1_141' title="bbox 2219 4989 3779 5058; baseline -0.003 -15"><span class='ocrx_word' id='word_1_1054' title='bbox 2219 4990 2339 5044; x_wconf 89' lang='lat' dir='ltr'><strong>dem</strong></span> <span class='ocrx_word' id='word_1_1055' title='bbox 2370 4990 2497 5045; x_wconf 69' lang='grc' dir='ltr'>[ιιοιι</span> <span class='ocrx_word' id='word_1_1056' title='bbox 2525 4990 2795 5058; x_wconf 87' lang='lat' dir='ltr'><strong>Sapientis</strong></span> <span class='ocrx_word' id='word_1_1057' title='bbox 2820 4989 3019 5043; x_wconf 85' lang='lat' dir='ltr'><strong>dictum</strong></span> <span class='ocrx_word' id='word_1_1058' title='bbox 3050 5007 3061 5041; x_wconf 89' lang='lat'><strong>:</strong></span> <span class='ocrx_word' id='word_1_1059' title='bbox 3094 4989 3291 5042; x_wconf 79' lang='lat' dir='ltr'><strong>l’aruta</strong></span> <span class='ocrx_word' id='word_1_1060' title='bbox 3313 4999 3433 5043; x_wconf 81' lang='lat' dir='ltr'><strong>sunt</strong></span> <span class='ocrx_word' id='word_1_1061' title='bbox 3463 4989 3779 5042; x_wconf 84' lang='lat' dir='ltr'><strong>derisoribus</strong></span> 
     </span>
    </p>
   </div>
   <div class='ocr_carea' id='block_1_141' title="bbox 2208 5058 3782 5128">
    <p class='ocr_par' dir='ltr' id='par_1_141' title="bbox 2208 5058 3782 5128">
     <span class='ocr_line' id='line_1_142' title="bbox 2208 5058 3782 5128; baseline -0.001 -17"><span class='ocrx_word' id='word_1_1062' title='bbox 2208 5058 2448 5128; x_wconf 86' lang='lat' dir='ltr'><strong>judicia,</strong></span> <span class='ocrx_word' id='word_1_1063' title='bbox 2487 5069 2534 5112; x_wconf 88' lang='lat' dir='ltr'><strong>et</strong></span> <span class='ocrx_word' id='word_1_1064' title='bbox 2569 5059 2743 5113; x_wconf 86' lang='lat' dir='ltr'><strong>mallei</strong></span> <span class='ocrx_word' id='word_1_1065' title='bbox 2771 5059 3106 5127; x_wconf 82' lang='lat' dir='ltr'><strong>percutientes</strong></span> <span class='ocrx_word' id='word_1_1066' title='bbox 3154 5059 3429 5112; x_wconf 87' lang='lat' dir='ltr'><strong>stultorum</strong></span> <span class='ocrx_word' id='word_1_1067' title='bbox 3479 5058 3782 5128; x_wconf 74' lang='lat' dir='ltr'><strong>corporibus</strong></span> 
     </span>
    </p>
   </div>
   <div class='ocr_carea' id='block_1_142' title="bbox 2220 5127 3781 5199">
    <p class='ocr_par' dir='ltr' id='par_1_142' title="bbox 2220 5127 3781 5199">
     <span class='ocr_line' id='line_1_143' title="bbox 2220 5127 3781 5199; baseline -0.001 -18"><span class='ocrx_word' id='word_1_1068' title='bbox 2220 5129 2401 5199; x_wconf 87' lang='lat' dir='ltr'><strong>(l’rov.</strong></span> <span class='ocrx_word' id='word_1_1069' title='bbox 2431 5145 2518 5182; x_wconf 78' lang='grc' dir='ltr'>χιιι</span> <span class='ocrx_word' id='word_1_1070' title='bbox 2540 5168 2554 5193; x_wconf 86' lang='grc'><em>,</em></span> <span class='ocrx_word' id='word_1_1071' title='bbox 2582 5129 2692 5198; x_wconf 72' lang='lat'><strong>‘29).</strong></span> <span class='ocrx_word' id='word_1_1072' title='bbox 2723 5129 2798 5181; x_wconf 90' lang='lat' dir='ltr'><strong>De</strong></span> <span class='ocrx_word' id='word_1_1073' title='bbox 2825 5131 2925 5182; x_wconf 88' lang='lat' dir='ltr'><strong>bac</strong></span> <span class='ocrx_word' id='word_1_1074' title='bbox 2954 5130 3321 5183; x_wconf 86' lang='lat' dir='ltr'><strong>immobititate</strong></span> <span class='ocrx_word' id='word_1_1075' title='bbox 3348 5127 3698 5199; x_wconf 59' lang='lat' dir='ltr'><strong>przescieniitc</strong></span> <span class='ocrx_word' id='word_1_1076' title='bbox 3726 5136 3781 5179; x_wconf 91' lang='lat' dir='ltr'><strong>et</strong></span> 
     </span>
    </p>
   </div>
   <div class='ocr_carea' id='block_1_143' title="bbox 2219 5195 3779 5281">
    <p class='ocr_par' dir='ltr' id='par_1_143' title="bbox 2219 5195 3779 5281">
     <span class='ocr_line' id='line_1_144' title="bbox 2219 5195 3779 5281; baseline -0.003 -29"><span class='ocrx_word' id='word_1_1077' title='bbox 2219 5195 2702 5281; x_wconf 53' lang='lat' dir='ltr'><strong>praedestinatiouis</strong></span> <span class='ocrx_word' id='word_1_1078' title='bbox 2746 5199 2873 5278; x_wconf 81' lang='lat' dir='ltr'><strong>Dei,</strong></span> <span class='ocrx_word' id='word_1_1079' title='bbox 2905 5214 3001 5267; x_wconf 90' lang='lat' dir='ltr'><strong>per</strong></span> <span class='ocrx_word' id='word_1_1080' title='bbox 3022 5215 3199 5281; x_wconf 51' lang='lat' dir='ltr'><strong>-q_l‘|:l.il</strong></span> <span class='ocrx_word' id='word_1_1081' title='bbox 3247 5195 3384 5281; x_wconf 77' lang='lat' dir='ltr'><strong>apud</strong></span> <span class='ocrx_word' id='word_1_1082' title='bbox 3432 5213 3552 5281; x_wconf 71' lang='lat' dir='ltr'><strong>einu</strong></span> <span class='ocrx_word' id='word_1_1083' title='bbox 3600 5195 3779 5281; x_wconf 61' lang='lat' dir='ltr'><strong>futura</strong></span> 
     </span>
    </p>
   </div>
   <div class='ocr_carea' id='block_1_144' title="bbox 2213 5265 3780 5339">
    <p class='ocr_par' dir='ltr' id='par_1_144' title="bbox 2213 5265 3780 5339">
     <span class='ocr_line' id='line_1_145' title="bbox 2213 5265 3780 5339; baseline -0.001 -21"><span class='ocrx_word' id='word_1_1084' title='bbox 2213 5265 2324 5339; x_wconf 84' lang='lat' dir='ltr'><strong>jam</strong></span> <span class='ocrx_word' id='word_1_1085' title='bbox 2354 5269 2490 5322; x_wconf 85' lang='lat' dir='ltr'><strong>facta</strong></span> <span class='ocrx_word' id='word_1_1086' title='bbox 2520 5276 2674 5331; x_wconf 86' lang='lat' dir='ltr'><strong>sunt,</strong></span> <span class='ocrx_word' id='word_1_1087' title='bbox 2706 5268 2868 5339; x_wconf 85' lang='lat' dir='ltr'><strong>etiam</strong></span> <span class='ocrx_word' id='word_1_1088' title='bbox 2899 5265 3035 5339; x_wconf 74' lang='lat' dir='ltr'><strong>apud</strong></span> <span class='ocrx_word' id='word_1_1089' title='bbox 3061 5265 3442 5322; x_wconf 37' lang='lat' dir='ltr'><strong>&#39;ltlcclcsiastcm</strong></span> <span class='ocrx_word' id='word_1_1090' title='bbox 3469 5270 3606 5322; x_wconf 83' lang='lat' dir='ltr'><strong>bene</strong></span> <span class='ocrx_word' id='word_1_1091' title='bbox 3628 5265 3780 5339; x_wconf 72' lang='lat' dir='ltr'><strong>intul-</strong></span> 
     </span>
    </p>
   </div>
   <div class='ocr_carea' id='block_1_145' title="bbox 2219 5336 3765 5409">
    <p class='ocr_par' dir='ltr' id='par_1_145' title="bbox 2219 5336 3765 5409">
     <span class='ocr_line' id='line_1_146' title="bbox 2219 5336 3765 5409; baseline -0.003 -17"><span class='ocrx_word' id='word_1_1092' title='bbox 2219 5336 2401 5409; x_wconf 78' lang='lat' dir='ltr'><strong>l_igitur</strong></span> <span class='ocrx_word' id='word_1_1093' title='bbox 2429 5339 2627 5393; x_wconf 91' lang='lat' dir='ltr'><strong>dictum</strong></span> <span class='ocrx_word' id='word_1_1094' title='bbox 2662 5356 2674 5390; x_wconf 86' lang='lat'>:</span> <span class='ocrx_word' id='word_1_1095' title='bbox 2709 5336 2947 5409; x_wconf 65' lang='lat' dir='ltr'><strong>Cognovi</strong></span> <span class='ocrx_word' id='word_1_1096' title='bbox 2962 5340 3098 5409; x_wconf 88' lang='lat' dir='ltr'><strong>quod</strong></span> <span class='ocrx_word' id='word_1_1097' title='bbox 3138 5340 3313 5392; x_wconf 87' lang='lat' dir='ltr'><strong>omnia</strong></span> <span class='ocrx_word' id='word_1_1098' title='bbox 3352 5354 3505 5407; x_wconf 85' lang='lat' dir='ltr'><strong>opera</strong></span> <span class='ocrx_word' id='word_1_1099' title='bbox 3526 5352 3645 5409; x_wconf 67' lang='lat' dir='ltr'><strong>qua!</strong></span> <span class='ocrx_word' id='word_1_1100' title='bbox 3667 5336 3765 5409; x_wconf 77' lang='lat' dir='ltr'><strong>feci</strong></span> 
     </span>
    </p>
   </div>
   <div class='ocr_carea' id='block_1_146' title="bbox 2214 5405 3775 5478">
    <p class='ocr_par' dir='ltr' id='par_1_146' title="bbox 2214 5405 3775 5478">
     <span class='ocr_line' id='line_1_147' title="bbox 2214 5405 3775 5478; baseline -0.003 -17"><span class='ocrx_word' id='word_1_1101' title='bbox 2214 5405 2356 5461; x_wconf 79' lang='lat' dir='ltr'><strong>Deus</strong></span> <span class='ocrx_word' id='word_1_1102' title='bbox 2376 5417 2692 5478; x_wconf 80' lang='lat' dir='ltr'><strong>perseverent</strong></span> <span class='ocrx_word' id='word_1_1103' title='bbox 2714 5408 2767 5459; x_wconf 91' lang='lat' dir='ltr'><strong>in</strong></span> <span class='ocrx_word' id='word_1_1104' title='bbox 2788 5405 3088 5478; x_wconf 77' lang='lat' dir='ltr'><strong>perpetuum</strong></span> <span class='ocrx_word' id='word_1_1105' title='bbox 3121 5425 3139 5462; x_wconf 90' lang='lat'><strong><em>:</em></strong></span> <span class='ocrx_word' id='word_1_1106' title='bbox 3163 5424 3264 5461; x_wconf 90' lang='lat' dir='ltr'><strong>non</strong></span> <span class='ocrx_word' id='word_1_1107' title='bbox 3284 5405 3555 5478; x_wconf 83' lang='lat' dir='ltr'><strong>possumus</strong></span> <span class='ocrx_word' id='word_1_1108' title='bbox 3576 5406 3657 5478; x_wconf 78' lang='lat' dir='ltr'><strong>lti_s</strong></span> <span class='ocrx_word' id='word_1_1109' title='bbox 3678 5405 3775 5478; x_wconf 79' lang='lat' dir='ltr'><strong>ad-</strong></span> 
     </span>
    </p>
   </div>
   <div class='ocr_carea' id='block_1_147' title="bbox 2213 5474 3777 5548">
    <p class='ocr_par' dir='ltr' id='par_1_147' title="bbox 2213 5474 3777 5548">
     <span class='ocr_line' id='line_1_148' title="bbox 2213 5474 3777 5548; baseline -0.001 -18"><span class='ocrx_word' id='word_1_1110' title='bbox 2213 5474 2453 5548; x_wconf 79' lang='lat' dir='ltr'><strong>derenec</strong></span> <span class='ocrx_word' id='word_1_1111' title='bbox 2482 5476 2689 5548; x_wconf 75' lang='lat' dir='ltr'><strong>auferre</strong></span> <span class='ocrx_word' id='word_1_1112' title='bbox 2729 5474 2845 5545; x_wconf 80' lang='lat' dir='ltr'><strong>qua:</strong></span> <span class='ocrx_word' id='word_1_1113' title='bbox 2876 5474 2991 5548; x_wconf 69' lang='lat' dir='ltr'><strong>fecit</strong></span> <span class='ocrx_word' id='word_1_1114' title='bbox 3028 5478 3168 5532; x_wconf 85' lang='lat' dir='ltr'><strong>Deus</strong></span> <span class='ocrx_word' id='word_1_1115' title='bbox 3196 5487 3249 5530; x_wconf 89' lang='lat' dir='ltr'><strong>ut</strong></span> <span class='ocrx_word' id='word_1_1116' title='bbox 3286 5474 3535 5548; x_wconf 84' lang='lat' dir='ltr'><strong>timeatur</strong></span> <span class='ocrx_word' id='word_1_1117' title='bbox 3576 5474 3777 5544; x_wconf 81' lang='lat' dir='ltr'><strong>(Eccle.</strong></span> 
     </span>
    </p>
   </div>
   <div class='ocr_carea' id='block_1_148' title="bbox 2214 5546 3778 5617">
    <p class='ocr_par' dir='ltr' id='par_1_148' title="bbox 2214 5546 3778 5617">
     <span class='ocr_line' id='line_1_149' title="bbox 2214 5546 3778 5617; baseline -0.001 -16"><span class='ocrx_word' id='word_1_1118' title='bbox 2214 5563 2293 5609; x_wconf 86' lang='grc' dir='ltr'>ιιι,</span> <span class='ocrx_word' id='word_1_1119' title='bbox 2333 5547 2438 5616; x_wconf 79' lang='lat' dir='ltr'><strong>M).</strong></span> <span class='ocrx_word' id='word_1_1120' title='bbox 2480 5547 2673 5600; x_wconf 79' lang='lat' dir='ltr'><strong>Verum</strong></span> <span class='ocrx_word' id='word_1_1121' title='bbox 2698 5546 2907 5617; x_wconf 88' lang='lat' dir='ltr'><strong>aliquos</strong></span> <span class='ocrx_word' id='word_1_1122' title='bbox 2932 5549 2996 5602; x_wconf 92' lang='lat' dir='ltr'><strong>ad</strong></span> <span class='ocrx_word' id='word_1_1123' title='bbox 3012 5548 3208 5601; x_wconf 90' lang='lat' dir='ltr'><strong>malum</strong></span> <span class='ocrx_word' id='word_1_1124' title='bbox 3230 5546 3638 5617; x_wconf 70' lang='lat' dir='ltr'><strong>prtedcstinatos</strong></span> <span class='ocrx_word' id='word_1_1125' title='bbox 3657 5559 3778 5599; x_wconf 88' lang='lat' dir='ltr'><strong>esse</strong></span> 
     </span>
    </p>
   </div>
   <div class='ocr_carea' id='block_1_149' title="bbox 2213 5615 3774 5686">
    <p class='ocr_par' dir='ltr' id='par_1_149' title="bbox 2213 5615 3774 5686">
     <span class='ocr_line' id='line_1_150' title="bbox 2213 5615 3774 5686; baseline -0.003 -14"><span class='ocrx_word' id='word_1_1126' title='bbox 2213 5615 2404 5672; x_wconf 89' lang='lat' dir='ltr'><strong>divina</strong></span> <span class='ocrx_word' id='word_1_1127' title='bbox 2429 5625 2720 5686; x_wconf 82' lang='lat' dir='ltr'><strong>potestate,</strong></span> <span class='ocrx_word' id='word_1_1128' title='bbox 2754 5615 2996 5672; x_wconf 75' lang='lat' dir='ltr'><strong>videlicet</strong></span> <span class='ocrx_word' id='word_1_1129' title='bbox 3025 5626 3083 5669; x_wconf 91' lang='lat' dir='ltr'><strong>ut</strong></span> <span class='ocrx_word' id='word_1_1130' title='bbox 3128 5616 3278 5685; x_wconf 91' lang='lat' dir='ltr'><strong>quasi</strong></span> <span class='ocrx_word' id='word_1_1131' title='bbox 3313 5615 3463 5686; x_wconf 87' lang='lat' dir='ltr'><strong>aliud</strong></span> <span class='ocrx_word' id='word_1_1132' title='bbox 3504 5631 3624 5669; x_wconf 89' lang='lat' dir='ltr'><strong>esse</strong></span> <span class='ocrx_word' id='word_1_1133' title='bbox 3669 5630 3774 5669; x_wconf 91' lang='lat' dir='ltr'><strong>non</strong></span> 
     </span>
    </p>
   </div>
   <div class='ocr_carea' id='block_1_150' title="bbox 2210 5685 3776 5756">
    <p class='ocr_par' dir='ltr' id='par_1_150' title="bbox 2210 5685 3776 5756">
     <span class='ocr_line' id='line_1_151' title="bbox 2210 5685 3776 5756; baseline -0.001 -17"><span class='ocrx_word' id='word_1_1134' title='bbox 2210 5685 2446 5756; x_wconf 75' lang='lat' dir='ltr'><strong>possint,</strong></span> <span class='ocrx_word' id='word_1_1135' title='bbox 2477 5702 2579 5741; x_wconf 92' lang='lat' dir='ltr'><strong>non</strong></span> <span class='ocrx_word' id='word_1_1136' title='bbox 2612 5687 2780 5741; x_wconf 90' lang='lat' dir='ltr'><strong>solmu</strong></span> <span class='ocrx_word' id='word_1_1137' title='bbox 2813 5702 2916 5741; x_wconf 92' lang='lat' dir='ltr'><strong>non</strong></span> <span class='ocrx_word' id='word_1_1138' title='bbox 2944 5687 3211 5740; x_wconf 89' lang='lat' dir='ltr'><strong>credimus</strong></span> <span class='ocrx_word' id='word_1_1139' title='bbox 3230 5726 3244 5750; x_wconf 93' lang='lat'><strong>,</strong></span> <span class='ocrx_word' id='word_1_1140' title='bbox 3279 5686 3372 5739; x_wconf 90' lang='lat' dir='ltr'><strong>sed</strong></span> <span class='ocrx_word' id='word_1_1141' title='bbox 3397 5685 3626 5756; x_wconf 88' lang='lat' dir='ltr'><strong>etiamsi</strong></span> <span class='ocrx_word' id='word_1_1142' title='bbox 3650 5695 3776 5738; x_wconf 86' lang='lat' dir='ltr'><strong>sunt</strong></span> 
     </span>
    </p>
   </div>
   <div class='ocr_carea' id='block_1_151' title="bbox 2210 5755 3775 5828">
    <p class='ocr_par' dir='ltr' id='par_1_151' title="bbox 2210 5755 3775 5828">
     <span class='ocr_line' id='line_1_152' title="bbox 2210 5755 3775 5828; baseline -0.003 -17"><span class='ocrx_word' id='word_1_1143' title='bbox 2210 5755 2299 5828; x_wconf 84' lang='lat' dir='ltr'><strong>qui</strong></span> <span class='ocrx_word' id='word_1_1144' title='bbox 2335 5766 2539 5813; x_wconf 84' lang='lat' dir='ltr'><strong>tantum</strong></span> <span class='ocrx_word' id='word_1_1145' title='bbox 2586 5758 2707 5813; x_wconf 85' lang='lat' dir='ltr'><strong>mali</strong></span> <span class='ocrx_word' id='word_1_1146' title='bbox 2751 5757 2967 5811; x_wconf 80' lang='lat' dir='ltr'><strong>credere</strong></span> <span class='ocrx_word' id='word_1_1147' title='bbox 2999 5756 3188 5826; x_wconf 80' lang='lat' dir='ltr'><strong>velint,</strong></span> <span class='ocrx_word' id='word_1_1148' title='bbox 3218 5771 3339 5811; x_wconf 82' lang='lat' dir='ltr'><strong>cum</strong></span> <span class='ocrx_word' id='word_1_1149' title='bbox 3366 5755 3509 5810; x_wconf 91' lang='lat' dir='ltr'><strong>omni</strong></span> <span class='ocrx_word' id='word_1_1150' title='bbox 3538 5755 3775 5811; x_wconf 77' lang='lat' dir='ltr'><strong>dctesta~</strong></span> 
     </span>
    </p>
   </div>
  </div>
