4052 6334
244 248 383 349 ’δὲ

1086 290 1173 346 DE
1213 288 1373 350 PRE
1383 282 1867 346 DESTINATIONI

1968 285 2384 373 {ISSERTATIO
2420 259 2833 382 resretuon.
3517 304 3588 358 es

292 410 360 463 in
389 406 610 478 Pelagio
631 403 904 479 damnatis
925 401 1304 479 universatiter
1330 400 1573 479 Ecclesia
1599 413 1889 479 consense-
1916 403 1964 462 Α
1994 408 2140 457 tione
2158 402 2210 456 in
2235 406 2481 473 sequenti
2505 417 2669 472 opere
2706 419 2902 476 saeptus
2954 403 3185 463 facimus
3222 411 3582 479 mentionem,

292 480 398 537 rit.
423 473 683 548 satégerit
710 487 873 544 atque
900 473 1447 548 s_uhscripserit,_h:ec
1472 479 1647 526 tamen
1674 473 1887 548 specia-

287 548 410 603 lius
436 541 697 602 advérsus
715 541 839 600 enin
888 541 1127 613 ejusque
1149 544 1462 612 emnpliees,
1503 556 1604 665 ger
1640 541 1895 611 apostoli—

287 635 423 665 cam
448 619 659 665 sedem-
682 616 937 665 instanlia
962 615 1257 665 beatissimi
1280 612 1482 665 Aurelii
1547 612 1894 665 artltaainen-

286 635 423 673 eam
448 619 659 677 sedem.
682 616 937 671 insmutia
962 612 1257 668 beatissimi
1280 612 1482 667 Aurelii
1503 612 1894 681 Carthagineu-

286 690 378 743 sis
415 688 686 757 episcopi,
732 695 893 754 atque
939 684 1245 757 Augustini,
1290 700 1413 737 cum
1460 682 1581 757 aliis
1629 682 1894 757 trecentis

286 752 719 827 quattuordecim
749 752 1047 825 episcopis,
1076 756 1147 827 ab
1171 755 1288 827 ejus
1336 753 1672 827 pravissimis
1713 752 1889 806 sensi-

286 822 605 904 linseruta,
636 822 1228 904 viu_di’cata_,’et.multis
1266 832 1386 904 tam
1445 822 1688 904 epistolis
1727 836 1889 904 quam

282 897 459 953 libris
495 907 612 952 toto
660 898 792 950 orbe
830 895 1084 965 vulgatis,
1134 894 1311 949 omnis
1363 892 1633 965 hodieque
1671 892 1886 965 gamlet,

284 968 616 1032 conﬁtetur,
638 961 996 1037 praedicatfet
1024 973 1188 1029 tenet,
1234 973 1396 1033 atque
1443 961 1889 1037 tenebitd’Eecle-

282 1040 401 1092 sia.
440 1038 538 1092 His
573 1031 670 1107 per
694 1036 873 1091 omnia
897 1031 1339 1096 consentaneum,
1363 1031 1759 1107 pnediqabilem
1794 1047 1891 1100 pa-

285 1103 612 1162 ternitatem
645 1106 1148 1175 fraternitatemque
1170 1112 1403 1157 vestram
1426 1103 1599 1174 gratia
1652 1116 1887 1175 superna

284 1179 561 1233 invictam
590 1187 750 1245 atque
775 1173 1141 1245 praevalidam,
1170 1184 1224 1229 et
1245 1190 1345 1228 suo
1387 1173 1610 1228 munere
1649 1173 1890 1244 gauden-

284 1256 408 1302 tem
441 1248 708 1319 perpetim
734 1261 1060 1301 conservare
1079 1246 1350 1315 dignetur.

359 1405 637 1461 Caeterum
688 1402 1012 1473 multiplices
1054 1418 1119 1457 ac
1165 1412 1434 1456 tortuosas
1474 1409 1529 1454 et
1589 1406 1886 1454 venenatas

271 1496 598 1553 saltentias
638 1494 1003 1558 Gothescalci,
1049 1493 1421 1563 cujusdebita
1461 1507 1586 1545 cum
1634 1505 1886 1544 exsecra-

1999 493 2167 548 sedet
2195 492 2535 563 complicium
2573 495 2690 564 ejus
2732 509 2931 565 agones
2978 497 3265 565 pestiferos
3313 500 3404 556 hic
3445 516 3578 571 prae-

1998 590 2200 650 ponere
2222 597 2327 635 non
2356 584 2722 651 necessarium
2757 583 3026 647 duximus,
3073 586 3199 654 quia
3242 586 3370 642 licet
3406 592 3581 658 pesti-

1997 671 2117 727 lens
2143 686 2329 727 eorum
2358 671 2599 725 doctrina
2623 688 2691 726 ex
2722 673 3012 742 aliquantis
3035 691 3093 731 se
3116 677 3169 730 in
3196 675 3409 732 diversa
3444 682 3587 735 scin-

1995 762 2088 817 dat
2119 761 2330 826 itinera,
2384 762 2450 816 de
2493 763 2965 831 praedestinatione
3008 775 3191 821 tamen
3232 770 3584 838 reproborum

1994 852 2061 906 ad
2117 852 2397 906 interitum
2426 891 2443 918 ,
2493 859 2547 906 et
2591 852 2734 921 quod
2781 852 2919 909 Deus
2946 868 3052 908 non
3097 871 3286 912 omnes
3338 856 3589 915 homines

2000 941 2114 996 vult
2134 946 2312 997 salvos
2345 940 2485 1007 fieri,
2512 942 2605 997 sed
2629 955 2724 996 eos
2751 944 3125 998 tantummodo
3147 945 3237 1014 qui
3278 945 3583 1013 salvantur,

1996 1043 2052 1089 et
2082 1034 2207 1103 quia
2236 1048 2339 1087 non
2362 1048 2461 1102 pro
2501 1033 2755 1089 omnibus
2796 1049 2989 1104 passus
3029 1036 3122 1101 sit,
3172 1038 3315 1092 unde
3354 1054 3587 1108 opuscu-

1995 1126 2105 1180 lum
2128 1128 2464 1196 subsequens
2507 1126 2900 1182 catholicorum
2955 1129 3259 1184 doctrinam
3312 1131 3583 1187 sullicieu-

1995 1225 2080 1270 ter
2118 1215 2370 1277 ostendit,
2414 1216 2731 1284 conspirare
2781 1228 3100 1283 noscuntur,
3149 1226 3206 1273 et
3246 1228 3435 1274 contra
3490 1234 3585 1277 eos

1985 1302 2099 1372 jam
2124 1304 2433 1375 singillatim
2466 1304 2520 1357 in
2559 1304 2678 1359 aliis
2704 1305 2899 1360 libellis
2921 1317 3047 1361 ante
3076 1308 3173 1363 hos
3215 1309 3373 1375 actis,
3422 1320 3583 1381 prout

1996 1395 2253 1449 Dominus
2291 1395 2459 1459 dedit,
2508 1395 2748 1451 laborem
2797 1397 3179 1467 impendimus,
3223 1400 3367 1456 sicut
3404 1401 3457 1456 ei
3495 1403 3585 1458 cui

1991 1488 2208 1543 libuerit
2241 1487 2323 1542 vel
2346 1487 2561 1541 licuerit
2585 1498 2772 1558 patere
2793 1490 3012 1567 valebit.

294 1610 3531 1641 ————————'—*‘—_——_'—_—

1460 1719 2390 1837 HINCMABI

1394 1926 1987 1973 ARCHIEPISCOPI
2041 1929 2480 1975 RHEMENSIS

505 2071 651 2221 DE
703 2064 1788 2223 PRMDESTINATMNE
1871 2068 2069 2219 DEI
2122 2069 2266 2221 E’l‘
2331 2070 2742 2229 LIBERO
2798 2074 3354 2237 ARBITRM

1274 2321 1842 2404 POSTERIDR
1894 2326 2575 2407 DISSERTATIO

962 2482 1278 2546 Adversus
1312 2482 1832 2543 Goraescncuu
1873 2486 1930 2540 et
1963 2486 2216 2541 cetera:
2263 2480 2881 2551 Prwdestinatianoa.

596 2436 612 2462 I

661 2772 707 2843 ι
750 2769 1087 2828 EPISTOLA
1121 2770 1214 2827 AD
1246 2769 1508 2826 ascen.

353 2863 587 2921 Domino
607 2860 826 2917 (ἰλλοιο
875 2862 986 2931 regi
1012 2860 1244 2931 glorioso
1286 2859 1625 2923 lltscmnus,
1649 2858 1869 2915 nomine

270 2974 388 3013 non
419 2955 619 3010 merito
658 2953 989 3009 Rhemorum
1016 2952 1320 3023 episcopus,
1357 2967 1420 3006 ac
1468 2950 1638 3021 plebis
1664 2950 1758 3005 Dei
1786 2949 1869 3004 fa-

271 3048 483 3110 mulus,
513 3062 641 3101 una
667 3061 790 3099 cum
827 3044 1047 3114 collegis
1075 3043 1310 3098 dominis
1340 3051 1395 3097 et
1444 3042 1703 3098 fratribus
1728 3043 1869 3098 meis

269 3137 612 3193 venerandis
632 3133 918 3204 episcopis,
939 3135 1249 3190 oratoribus
1271 3133 1479 3189 scilicet
1500 3133 1690 3189 salutis
1704 3141 1867 3204 atque

267 3228 660 3301 prosperitatis
689 3234 885 3281 vestra:
923 3224 1153 3280 devotis.

347 3320 538 3390 Nuper
570 3318 754 3387 elapso
782 3331 966 3372 mense
995 3313 1174 3382 Junio,
1207 3331 1305 3387 per
1323 3314 1674 3372 lndictionem
1702 3316 1867 3387 septi-

272 3425 449 3475 mam,
496 3424 641 3464 anno
676 3406 1070 3461 lncarnationis
1114 3406 1409 3461 Dominicis
1457 3407 1582 3471 859,
1642 3407 1866 3463 dedistis

272 3503 439 3557 nobis
465 3501 715 3571 quzedam
732 3496 988 3568 capitula,
1022 3497 1162 3553 sicut
1183 3508 1382 3552 nostra:
1403 3497 1617 3553 dixistis
1641 3497 1863 3552 humili-

268 3594 395 3659 tati,
417 3608 448 3647 a
478 3590 726 3661 Remigio
752 3588 1189 3644 reverentissimo
1214 3586 1652 3659 Lugdunensium
1675 3588 1861 3644 archi-

269 3683 528 3755 episcopo
576 3688 772 3735 vestrze
818 3687 1068 3749 porrecta
1118 3677 1454 3743 sublimitati,
1501 3676 1756 3747 iubentes
1805 3684 1866 3734 ut

270 3783 520 3844 tempore
554 3787 797 3841 congruo
841 3771 908 3826 de
954 3770 1039 3825 his
1084 3771 1238 3826 vobis
1263 3770 1610 3826 redderemus
1641 3785 1865 3840 respon-

270 3882 419 3931 sum,
462 3865 510 3919 si
555 3862 840 3918 unanimes
876 3877 984 3917 uno
1024 3875 1120 3916 ore
1163 3860 1477 3916 earumdem
1505 3860 1864 3945 capitulorum

268 3956 455 4013 sensui
479 3952 975 4011 concordaremus:
1002 3966 1071 4005 an
1092 3950 1218 4020 quia
1244 3950 1399 4005 vobis
1419 3966 1450 4004 a
1479 3965 1613 4005 cana
1640 3948 1863 4004 Patrum

269 4051 381 4105 ﬁde
408 4049 465 4103 in
493 4046 820 4117 quibusdam
848 4043 1137 4099 dissentire
1162 4042 1500 4108 videbantur,
1538 4052 1726 4097 noster
1746 4057 1773 4096 s
1792 4056 1861 4097 en

1903 2768 1953 2829 B
1980 2766 2140 2832 lensi,
2181 2767 2234 2822 in
2266 2767 2391 2822 villa
2419 2783 2539 2838 qua:
2568 2768 2770 2824 dicitur
2805 2768 3156 2841 Saponarias,
3186 2783 3311 2830 ante
3337 2775 3561 2835 biduum

1970 2872 2131 2927 quam
2177 2858 2331 2913 vobis
2377 2866 2628 2929 porrecta
2661 2859 2883 2928 fuerint,
2926 2872 3052 2918 sunt
3099 2865 3347 2932 recitata,
3383 2868 3563 2938 prole-

1967 2956 2124 3003 reute
2146 2957 2201 3002 et
2226 2949 2527 3019 deponente
2549 2965 2614 3006 ea
2644 2954 2851 3023 synodo
2899 2952 3099 3011 domno
3136 2956 3382 3030 Remigio
3417 2959 3559 3032 Lug-

1969 3040 2288 3095 dunensium
2331 3041 2736 3114 archiepiscopo
2778 3059 2945 3114 :qme
2990 3046 3132 3102 sicut
3174 3047 3342 3119 dixit,
3388 3059 3444 3105 et
3504 3053 3559 3106 in

1969 3133 2359 3203 epigrammate
2391 3135 2710 3190 eorumdum
2749 3137 3107 3206 capitulorum
3139 3141 3471 3207 continetur,
3501 3143 3556 3197 in

1968 3225 2071 3280 hoc
2092 3225 2207 3296 ipso
2235 3240 2398 3292 anno,
2442 3226 2493 3280 in
2530 3226 2783 3283 Kalendis
2823 3229 3176 3286 nihilominus
3210 3231 3409 3287 ibidem
3434 3232 3556 3289 des-

1967 3317 2177 3388 criptis,
2203 3326 2259 3372 et
2294 3317 2348 3372 in
2380 3318 2638 3374 suburbio
2679 3319 2986 3390 Lingonicae
3046 3323 3216 3389 urbis,
3248 3324 3316 3379 ad
3363 3324 3561 3380 instru-

1966 3407 2201 3463 ctionem
2232 3407 2495 3463 Dominici
2517 3408 2694 3477 populi
2723 3409 2839 3478 ipse
2865 3418 2919 3464 et
2938 3408 3038 3465 sibi
3072 3411 3559 3481 comprovinciales

1956 3498 2218 3569 Episcopi
2250 3498 2555 3554 ediderunt.
2590 3499 2655 3554 Et
2686 3499 2738 3553 in
2769 3501 3005 3554 crastina
3034 3500 3138 3556 alia
3174 3503 3421 3571 quaedam
3464 3518 3555 3560 ca-

1970 3589 2165 3659 pitula,
2194 3589 2260 3644 de
2282 3588 2478 3660 quibus
2504 3601 2628 3659 post
2653 3589 2886 3645 locuturi
2911 3606 3119 3656 sumus,
3146 3592 3343 3649 relecta
3357 3593 3509 3651 fuere
3538 3613 3550 3649 :

1964 3696 2126 3751 super
2140 3682 2359 3751 quibus,
2386 3680 2527 3735 sicut
2545 3681 2867 3750 quibusdam
2895 3698 2961 3737 ex
2978 3681 3236 3738 fratribus
3250 3684 3423 3740 visum
3444 3695 3523 3741 est
3535 3726 3551 3752 ,

1964 3772 2322 3841 quorumdam
2346 3786 2538 3827 sensus
2559 3779 2642 3827 est
2658 3781 2857 3828 motus.
2877 3772 3012 3827 Nam
3034 3782 3094 3828 ut
3110 3789 3258 3841 vere,
3286 3784 3341 3830 et
3362 3791 3462 3832 nos
3475 3774 3553 3831 fa-

1965 3873 2195 3929 teamur,
2230 3871 2431 3918 nostra:
2450 3864 2799 3919 conscientia:
2835 3880 2998 3934 super
3018 3866 3227 3935 pridem
3280 3868 3551 3938 capitulis,

1963 3968 2084 4025 qute
2125 3963 2184 4007 ut
2233 3953 2466 4009 diximus
2522 3952 2803 4024 Remigius
2852 3955 3290 4027 archiepiscopus
3344 3961 3553 4030 synodo

1963 4052 2412 4114 praesentaverat,
2436 4043 2701 4108 recitatis,
2730 4045 3119 4100 catholicorum
3151 4047 3219 4100 ad
3233 4049 3549 4104 memoriam

266 4157 386 4206 sus,
414 4154 579 4209 quem
603 4152 632 4190 a
664 4134 930 4191 catholico
960 4134 1176 4189 tramite
1201 4149 1308 4188 non
1339 4133 1557 4188 deviare
1595 4132 1854 4188 credeba-
1884 4122 1931 4185 C
1963 4135 2282 4190 reducentes
2333 4135 2612 4189 doctorum
2671 4134 3011 4199 traditiones,
3072 4152 3179 4191 non
3227 4139 3440 4194 modice
3491 4154 3551 4195 se

266 4235 364 4297 tis,
395 4233 465 4287 ab
488 4232 567 4285 eis
598 4230 653 4285 in
684 4229 864 4298 aliquo
890 4228 1198 4288 dissideret,
1220 4236 1508 4296 sequentes
1526 4235 1580 4280 et
1604 4226 1857 4296 praecepti

264 4322 534 4380 Dominici
558 4320 881 4389 iussionem,
904 4328 961 4374 et
1007 4318 1371 4374 Christianam
1399 4318 1858 4388 praedecessorum

263 4424 577 4470 vestrorum
607 4409 1076 4466 consuetudinem.
1117 4409 1214 4464 Est
1242 4411 1386 4465 enim
1410 4420 1464 4465 et
1484 4409 1683 4464 divinis
1727 4408 1860 4480 legi-

264 4506 370 4561 bus
416 4512 662 4567 cautum,
691 4509 747 4555 et
778 4500 960 4571 prisco
989 4499 1321 4554 anteriorum
1352 4499 1654 4570 principum
1706 4513 1859 4554 more

262 4592 1026 4663 suetum,utquotiescunque
1047 4590 1101 4646 in
1136 4590 1403 4645 catholica
1435 4590 1539 4645 lide
1566 4588 1649 4644 vel
1674 4590 1856 4645 divina

265 4686 530 4758 religione
567 4683 822 4755 quiddam
850 4682 975 4738 novi
997 4682 1301 4747 emerserit,
1337 4697 1368 4736 a
1398 4681 1683 4751 principali
1733 4698 1856 4736 sen-

265 4778 436 4833 tentia
477 4776 855 4846 episcOporum
882 4773 1149 4830 consultui
1180 4772 1471 4840 referatur,
1504 4782 1561 4828 et
1584 4774 1726 4845 quod
1764 4788 1855 4829 eo-

264 4883 385 4923 rum
405 4864 636 4935 judicio,
661 4864 1067 4936 Scripturarum
1090 4873 1400 4922 sanctarum
1428 4867 1777 4932 auctoritate,
1798 4874 1853 4922 et

264 4960 693 5016 orlhodoxorum
707 4960 758 5030 2
778 4959 1158 5033 magistrorum
1183 4960 1450 5023 doctrina,
1473 4970 1636 5031 atque
1651 4976 1848 5016 secun-

263 5051 393 5106 dum
427 5050 808 5105 auctoritatem
839 5051 1178 5115 canonicam,
1201 5059 1257 5105 et
1284 5051 1502 5106 decreta
1532 5051 1851 5122 pontificum

260 5141 657 5206 Romanorum,
680 5141 883 5197 Christi
908 5141 1003 5197 Dei
1032 5142 1204 5197 nostri
1233 5143 1423 5197 vicarii
1449 5152 1503 5198 et
1523 5151 1726 5198 sancta:
1749 5142 1851 5198 Ec-

261 5232 439 5288 clesize
459 5232 721 5303 praesules
733 5233 1078 5297 credendum,
1095 5236 1451 5304 sequendum,
1468 5243 1523 5290 et
1536 5236 1846 5301 tenendum,

263 5332 427 5392 atque
486 5322 889 5393 praedicandum
953 5323 1311 5390 decreverint,
1366 5324 1419 5379 id
1475 5325 1545 5380 ab
1595 5324 1848 5380 omnibus

260 5414 424 5468 corde
450 5412 710 5467 credatur
750 5410 1120 5482 adiuslitiam,
1163 5428 1258 5469 ore
1297 5415 1621 5470 conﬁteatur
1658 5416 1726 5471 ad
1761 5430 1846 5471 sa-

1963 4232 2377 4281 concusserunt.
2421 4223 2572 4279 Unde
2615 4228 2925 4278 nostrorum
2974 4214 3193 4294 quidam
3244 4226 3548 4283 ﬁdeiChri—

1962 4316 2152 4372 stiame
2173 4315 2290 4371 zelo
2317 4313 2565 4369 succensi
2618 4313 2800 4383 aliqua
2851 4314 3063 4385 synodo
3089 4314 3309 4370 voluere
3351 4330 3538 4388 sugge-

1962 4421 2112 4462 rere:
2146 4406 2241 4462 sed
2281 4414 2460 4460 motus
2482 4405 2653 4459 nostri
2701 4405 2770 4459 ab
2788 4405 2977 4459 eodem
3000 4403 3296 4460 venerabili
3338 4405 3548 4461 archie-

1959 4498 2180 4568 piscopo
2210 4497 2458 4567 Remigio
2488 4496 2928 4568 Lugdunensium
2954 4507 3080 4551 sunt
3128 4498 3371 4554 modeste
3393 4514 3547 4555 com-

1959 4590 2120 4660 positi
2147 4609 2161 4646 :
2185 4606 2251 4645 eo
2278 4590 2665 4645 venerabiliter
2685 4599 2998 4660 perorante,
3022 4597 3083 4644 ut
3105 4591 3150 4646 si
3188 4606 3548 4661 quorumcun-

1958 4698 2065 4753 que
2086 4694 2396 4738 nostrorum
2432 4697 2623 4737 sensus
2645 4682 2714 4736 ab
2741 4682 2943 4738 eisdem
2970 4683 3193 4754 prolatis
3217 4683 3470 4754 capitulis
3491 4683 3544 4739 in

1958 4775 2140 4846 aliquo
2161 4774 2526 4830 dissentiendo
2550 4788 2608 4829 se
2628 4784 3015 4839 commoveret,
3038 4776 3106 4829 ad
3129 4777 3374 4846 proxime
3400 4776 3541 4831 futu-

1956 4883 2073 4923 ram
2101 4868 2363 4940 synodum
2407 4866 2795 4922 catholicorum
2843 4867 3008 4922 libros
3028 4869 3307 4923 doctorum
3343 4869 3543 4937 quique

1955 4958 2168 5015 deferre
2195 4973 2467 5021 curemus,
2500 4965 2553 5013 et
2583 4958 2724 5013 sicut
2751 4957 2945 5013 melius
2973 4959 3266 5014 secundum
3316 4958 3537 5015 catholio

1954 5065 2074 5105 cam
2103 5059 2160 5105 et
2178 5048 2524 5119 apostolicam
2551 5049 2851 5104 doctrinam
2904 5050 2958 5105 in
2986 5064 3272 5106 commune
3322 5051 3541 5106 invene-

1953 5143 2145 5205 rimus,
2191 5141 2258 5196 de
2295 5149 2493 5196 caetero
2516 5155 2706 5196 omnes
2746 5143 3074 5198 unanimiter
3129 5150 3427 5197 teneamus.
3479 5139 3537 5196 ln

1952 5233 2107 5303 cujus
2118 5234 2421 5300 devotione,
2445 5233 2996 5304 coepiscoporumque
3022 5233 3190 5302 ipsius
3216 5233 3534 5295 diteceseos,

1952 5342 2183 5397 quorum
2213 5326 2377 5381 etiam
2408 5334 2464 5381 et
2491 5335 2616 5380 ante
2643 5308 3040 5380 ordinatione'm
3085 5333 3319 5378 mentem
3351 5322 3538 5377 catho-

1953 5417 2114 5475 licam
2159 5428 2322 5489 atque
2369 5419 2691 5481 doctrinam,
2718 5418 2936 5471 sicutet
2978 5431 3075 5471 vos
3115 5430 3219 5470 non
3261 5415 3413 5481 latet,
3444 5431 3534 5472 co‘

259 5501 447 5568 Ιυιθῐι),
486 5511 747 5573 sequatur
788 5504 856 5557 ad
896 5504 1258 5568 vocationem,
1303 5513 1553 5560 lenealur
1584 5506 1652 5560 ad
1694 5521 1850 5561 COI‘O-
1879 5479 1929 5537 Ι)
1958 5512 2259 5583 gnovimus,
2288 5522 2545 5580 quantum
2579 5511 2760 5567 sensui
2790 5509 3099 5581 pusillitatis
3141 5519 3343 5566 nostra:
3373 5510 3534 5566 fidem

256 5609 406 5659 nam,
440 5593 766 5664 pnedicetur
786 5595 855 5648 ad
880 5594 1111 5650 lucrum.
1154 5594 1284 5664 Quae
1314 5596 1579 5667 siquidem
1609 5597 1843 5669 capitula

256 5683 311 5739 in
346 5695 619 5743 conventu
665 5686 1037 5758 episcoporum
1071 5685 1256 5743 habito
1292 5687 1344 5743 in
1397 5690 1668 5745 territorio
1715 5692 1843 5749 Tul-

1956 5601 2367 5658 accommodare
2382 5602 2658 5659 audemus.
2677 5599 3019 5670 percepimus
3030 5600 3154 5670 quia
3172 5615 3276 5657 non
3293 5615 3361 5656 ex
3382 5599 3533 5670 ipsis,

1953 5701 2012 5748 ut
2038 5707 2145 5749 non
2177 5692 2423 5750 dicamus
2442 5706 2539 5762 per
2567 5691 2729 5763 ipsos,
2754 5693 2958 5763 synodo
2985 5692 3218 5764 capitula
3244 5695 3357 5765 ipsa
3379 5689 3535 5748 fuero
