4052 6334
504 300 571 356 (η
1484 290 1817 349 HINCMARI
1850 284 2247 345 RHEMENSIS
2282 287 2803 352 ARClilEPlSCOPi
3148 342 3153 351 .
3716 312 3785 370 os

504 412 732 486 prolata.
765 408 1102 481 Quapropter
1127 405 1377 476 quamvis
1427 404 1624 463 blando
1648 405 1804 461 sibilo
1827 420 1922 463 eos
1966 403 2167 475 qui-,A
2183 403 2617 475 colloqueremur
2636 425 2905 479 sermone,
2938 420 2994 469 et
3023 429 3117 471 eos
3166 416 3211 472 si
3238 415 3423 490 aliquo
3449 421 3610 477 modo
3637 425 3783 479 vale-

504 504 630 558 tlam
648 501 968 558 .charaxare
993 498 1279 553 voluerunt
1296 496 1362 551 de
1390 512 1455 551 eo
1480 497 1622 567 quod
1662 504 1883 551 sanctus
1902 495 2092 577 Coele-

503 595 679 650 stinus
689 591 968 661 episcopos
981 587 1289 665 Gallicanos
1310 588 1604 658 redarguit,
1620 586 1993 660 dicens!(epist.
2011 588 2089 659 8):

510 705 529 739 ι
561 685 703 753 Quid
730 684 863 748 illic,
888 683 1082 754 inquit,
1109 683 1224 752 spei
1250 690 1353 745 est,
1376 683 1463 737 ubi
1484 683 1754 752 magistris
1782 685 2097 763 tacentibus

504 776 560 830 bi
588 775 897 844 loquuntur,
926 774 1017 843 qui
1042 772 1084 828 si
1128 774 1201 828 ita
1230 781 1314 827 est
1346 786 1534 826 eorum
1564 773 1812 843 discipuli
1842 788 1951 828 non
1974 774 2091 829 fue-

505 866 667 920 runt?
694 865 883 931 Timeo
912 879 983 920 ne
1031 864 1283 920 cohibere
1324 863 1394 917 sit
1421 864 1523 918 hoc
1577 872 1755 920 tacere
1787 883 1800 918 :
1832 866 1992 921 timeo
2020 880 2100 922 ne.

504 958 680 1027 magis
708 957 810 1026 ipsi
836 956 1147 1028 loquantur,
1172 956 1264 1026 qui
1296 957 1614 1025 permittunt
1643 957 1748 1013 illis
1801 957 1983 1013 taliter
2008 958 2091 1014 lo-

501 1048 616 1117 qui.
654 1048 713 1103 In
743 1047 934 1104 talibus
977 1046 1157 1102 causis
1184 1063 1290 1101 non
1334 1056 1487 1103 caret
1527 1048 1838 1119 suspicione
1866 1050 2091 1105 tacitur-

503 1140 670 1206 n’tas,
696 1140 824 1210 quia
853 1148 1170 1205 occurreret
1202 1140 1403 1194 veritas
1430 1140 1474 1194 si
1519 1139 1728 1196 falsitas
1756 1141 2086 1212 displiceret.

499 1231 695 1289 Merito
727 1247 961 1302 namque
998 1247 1176 1295 causa
1222 1248 1323 1288 nos
1371 1233 1624 1304 respicit,
1666 1234 1712 1289 si
1756 1234 1974 1291 silentio
2006 1235 2088 1291 fa-

504 1339 731 1380 veamus
780 1324 974 1379 errori.
1014 1344 1034 1377 »
1086 1324 1197 1380 Nos
1251 1333 1430 1380 tamen
1479 1325 1662 1394 plures
1696 1365 1712 1392 ,
1764 1326 1857 1395 qui
1898 1342 2088 1383 eorum

499 1425 556 1475 et
605 1418 764 1474 ﬁdem
792 1458 809 1483 ,
855 1426 911 1472 et
957 1418 1282 1483 doctrinam,
1335 1426 1391 1472 et.
1428 1418 1768 1488 prudentiam
1815 1419 2085 1484 novimus,

498 1510 677 1563 minus
759 1509 812 1563 in
869 1509 950 1564 eis
1027 1510 1132 1571 ista
1190 1508 1540 1582 noscentibus
1608 1509 1932 1564 sententiam
1985 1525 2086 1579 pro

498 1600 835 1656 dissensione
884 1600 1138 1669 baptismi
1185 1601 1252 1655 de
1297 1600 1456 1655 beato
1503 1600 1771 1670 Cypriano
1798 1639 1814 1666 ,
1858 1614 1888 1654 a
1960 1614 2087 1654 san-

497 1700 586 1745 cto
624 1678 925 1761 Augustino
974 1692 1330 1747 collaudatum
1374 1707 1742 1761 saepenumero
1770 1732 1784 1756 ,
1835 1692 1889 1746 in
1945 1692 2085 1747 libro

2195 509 2378 553 remus
2424 499 2494 555 ab
2523 500 2627 556 hac
2656 518 2819 573 prava
2874 505 3172 564 intentione
3216 509 3285 564 ad
3325 510 3608 568 catholica:
3657 514 3787 573 ﬁdei

2188 586 2457 642 unitatem
2484 601 2808 660 cooperante
2838 592 3066 651 Domino
3094 612 3496 655 revocaremus.
3527 598 3635 656 Sed
3655 604 3787 673 quia

2191 677 2391 746 partim
2425 681 2869 749 occupationibus
2917 687 3221 755 praepediti,
3252 690 3454 758 partim
3485 700 3671 748 autem
3727 694 3785 750 in

2194 766 2446 823 fraternis
2503 770 3073 830 suasionibus—minus
3125 791 3289 846 quam
3337 791 3562 835 necesse
3608 779 3788 837 fuerat

2189 857 2456 922 obauditi,
2485 873 2579 913 eos
2613 875 2749 929 quos
2779 876 2999 918 monere
3025 864 3391 934 disposuimus
3415 883 3447 923 a
3482 884 3578 923 sua
3608 869 3787 926 inten-

2192 947 2336 1003 tione
2367 963 2623 1005 revocare
2653 952 2995 1021 nequivimus
3041 971 3055 1008 :
3100 954 3224 1011 inde
3251 957 3414 1028 quia,
3463 959 3606 1014 sicut
3650 958 3789 1017 dicit

2187 1038 2498 1109 Apostolus,
2533 1040 2895 1106 Quorumdam
2945 1045 3217 1101 hominum
3252 1058 3466 1115 peccata
3501 1051 3785 1122 manifesta

2189 1142 2330 1194 sunt,
2379 1133 2725 1202 prwcedentia
2766 1137 2836 1190 ad
2873 1136 3467 1211 judicium;quo'sdam
3513 1153 3688 1198 autem
3731 1154 3785 1199 et

2188 1223 2594 1295 subsequuntur.
2635 1223 2891 1280 Similiter
2910 1238 2958 1282 et
2989 1229 3133 1298 facta
3158 1230 3293 1285 bona
3318 1232 3604 1303 manifesta
3628 1244 3777 1301 sunt,

2188 1322 2238 1366 et
2277 1329 2395 1383 qua:
2425 1313 2580 1367 aliter
2605 1331 2660 1367 se
2688 1315 2897 1380 habent,
2929 1319 3180 1373 abscondi
3205 1336 3311 1375 non
3330 1333 3547 1390 possunt
3569 1322 3627 1393 (Ι
3641 1323 3780 1379 Tim.

2188 1418 2244 1468 v,
2273 1403 2366 1467 24,
2393 1404 2487 1473 25)
2510 1444 2525 1468 ,
2567 1404 2703 1459 adeo
2734 1409 3090 1475 quorumdam
3123 1414 3368 1465 excrevit
3395 1413 3690 1481 dissensio,
3718 1422 3784 1470 ut

2189 1494 2304 1548 lucc
2333 1493 2664 1547 dissonantia
2695 1496 2760 1549 ad
2794 1505 3029 1550 vestram
3061 1500 3368 1568 perveniret
3406 1503 3689 1570 notitiam,
3722 1514 3783 1560 et

2188 1584 2431 1656 synodali
2468 1586 2708 1648 decreto,
2741 1602 2838 1656 pro
2870 1588 2988 1642 zelo
3017 1586 3137 1643 fidei
3162 1600 3216 1644 et
3239 1593 3612 1650 unanimitatis
3631 1610 3783 1651 amo-

2191 1694 2270 1743 re,
2300 1689 2588 1748 antequam
2617 1680 2731 1735 lucc
2753 1680 2908 1736 nobis
2929 1684 3314 1751 perscrutanda
3338 1688 3779 1755 committeretis,

498 1759 736 1837 ερρυηάό
774 1784 838 1837 (ιε
881 1782 1149 1851 baptismo
1189 1781 1377 1851 (contr,
1436 1759 1630 1834 ὺοηηι,
1670 1799 1716 1834 ε,
1750 1781 1806 1852 4)
1854 1782 2084 1850 positam
2118 1759 2165 1818 Β
2192 1779 2428 1839 quatuor
2470 1771 2703 1842 capitula
2755 1772 3047 1843 episcopali
3076 1772 3132 1846 4
3156 1774 3476 1833 dillinitione
3520 1780 3676 1835 vobis
3710 1781 3780 1836 de

497 1871 549 1942 3
586 1872 986 1941 proposuimus.
1020 1890 1038 1921 ι
1060 1871 1345 1938 Quomodo
1365 1872 1529 1935 enim,
1559 1871 1753 1941 inquit,
1786 1872 1958 1941 potuit
1980 1872 2085 1927 ista

498 1980 586 2018 res
619 1964 780 2018 tantis
810 1964 1219 2018 altercationum
1252 1964 1460 2019 nebulis
1497 1963 1734 2018 involuta
1765 1965 1833 2019 ad
1857 1965 2084 2034 plcnarii

497 2053 708 2107 concilii
756 2052 1083 2108 luculentam
1139 2053 1555 2108 illustrationem
1590 2053 2087 2109 confirmationem-

496 2159 601 2214 que
643 2145 886 2215 perduci,
916 2145 1020 2199 nisi
1066 2144 1242 2215 primo
1284 2146 1486 2200 diutius
1513 2159 1610 2214 per
1636 2145 1785 2201 orbis
1815 2153 2085 2201 terrarum

492 2234 746 2302 regiones
774 2234 963 2290 multis
994 2235 1117 2290 hinc
1149 2244 1311 2304 atque
1355 2235 1482 2290 hinc
1529 2236 1982 2305 diSputationibus
2030 2245 2086 2292 et

496 2326 877 2382 collationibus
947 2328 1327 2397 episcoporum
1381 2335 1707 2397 pertractata
1764 2329 2086 2383 constaret?

494 2415 610 2471 Hoc
638 2425 818 2471 autem
846 2416 977 2471 facit
1002 2418 1209 2472 sanitas
1235 2418 1410 2487 pacis,
1442 2426 1501 2471 ut
1521 2432 1643 2472 eum
1671 2416 1872 2472 diutius
1907 2418 2085 2489 aliqua

494 2510 806 2564 obscuriora
835 2517 1171 2579 quaeruntur,
1196 2518 1250 2563 et
1278 2519 1504 2579 propter
1532 2509 1836 2565 inveniendi
1859 2509 2086 2566 difﬁcul-

496 2608 659 2655 tatem
688 2600 933 2656 diversas
961 2602 1180 2671 pariunt
1207 2601 1259 2655 in
1284 2602 1525 2657 fraterna
1552 2602 1944 2674 disceptatione
1970 2619 2087 2659 sen-

494 2692 736 2757 tentias,
788 2694 960 2749 donee
1013 2695 1082 2749 ad
1133 2710 1322 2750 verum
1383 2695 1646 2766 liquidum
1696 2698 2081 2766 perveniatur,

492 2783 769 2837 vinculum
820 2794 1134 2854 permaneat
1171 2787 1416 2850 unitatis,
1462 2803 1531 2842 ne
1578 2788 1631 2842 in
1674 2797 1827 2857 parte
1854 2790 2084 2861 praecisa

492 2883 774 2927 remaneat
802 2873 1105 2930 insanabile
1132 2875 1329 2932 vulnus
1352 2877 1574 2932 erroris.
1603 2877 1672 2932 Et
1699 2878 1820 2934 ideo
1846 2879 2083 2949 plerum-

491 2980 601 3034 que
629 2966 966 3022 doctioribus
995 2968 1171 3024 minus
1199 2969 1403 3039 aliquid
1445 2970 1719 3026 revelatur
1739 3011 1756 3036 ,
1806 2981 1867 3026 ut
1892 2987 2083 3028 eorum

491 3058 721 3126 patiens.
748 3067 804 3113 et
854 3058 1074 3115 humilis
1119 3060 1400 3127 charitas,
1452 3061 1506 3117 in
1537 3077 1643 3132 qua
1670 3061 1880 3117 fructus
1910 3061 2084 3133 major

492 3156 606 3212 est,
639 3150 1065 3220 comprobetur,
1100 3151 1186 3206 vel
1231 3153 1504 3223 quomodo
1552 3162 1773 3209 teneant
1817 3154 2080 3210 unitatem

446 3280 449 3285 .
492 3255 615 3295 cum
658 3241 711 3296 in
745 3244 908 3297 rebus
953 3243 1359 3299 obscurioribus
1396 3244 1610 3299 diversa
1662 3246 1953 3312 sentiunt,
1999 3249 2084 3302 vel

492 3330 762 3398 quomodo
808 3333 1087 3402 accipiant.
1121 3334 1407 3417 veritatem
1447 3350 1569 3390 cum
1612 3345 1819 3391 contra.
1847 3338 1902 3393 id
1939 3339 2089 3409 quod

492 3418 799 3477 sentiebant
832 3420 1164 3476 declaratum
1197 3438 1317 3479 esse
1342 3433 1692 3496 cognoscunt.
1718 3444 1736 3481 ι

574 3510 833 3566 Sciebant
879 3527 1115 3581 namque
1164 3513 1326 3569 iidem
1358 3515 1698 3572 venerabiles
1731 3516 1982 3573 catholici
2028 3525 2085 3573 et

493 3601 637 3657 docti
681 3603 806 3667 viri,
847 3603 976 3673 quia
1020 3605 1076 3658 in
1106 3604 1288 3660 multis
1329 3606 1642 3676 regionibus
1681 3622 1745 3663 ac
1790 3610 2084 3678 provinciis

494 3694 610 3747 lucc
646 3693 904 3763 pestifera
937 3702 1055 3748 erat
1087 3705 1418 3751 recommota
1450 3698 1819 3773 doctrinm-Et
1849 3701 1969 3755 ideo
2012 3702 2084 3763 sie

494 3782 717 3837 lentinm
747 3784 801 3838 in
829 3785 944 3840 suis
972 3785 1266 3855 provinciis
1298 3788 1578 3858 imponere
1610 3798 1719 3845 tam
1751 3790 1912 3868 facile
1942 3793 2087 3847 sicut

495 3872 635 3929 forte
662 3883 912 3944 poterant
956 3875 1248 3932 noluerunt
1287 3879 1484 3944 errori,
1524 3881 1697 3936 donec
1727 3882 1791 3936 ad
1822 3882 2085 3956 plurimo-_

494 3980 616 4020 rum
646 3966 892 4021 notitiam
914 3967 1191 4037 -'perventa
1223 3968 1572 4039 plurimorum
1599 3971 1803 4038 judicio
1856 3973 2083 4042 qumstio

494 4062 767 4127 sopiretur
796 4078 809 4112 :
838 4058 965 4128 quia
995 4066 1055 4117 ut
1083 4059 1216 4114 dicit
1245 4069 1464 4117 sanctus
1512 4062 1841 4118 Ccelestinus
1871 4064 1924 4118 in
1968 4064 2085 4134 epi-

495 4147 634 4203 stola
671 4148 740 4202 ad
761 4146 1070 4215 Nestorium
1098 4148 1305 4205 directa
1326 4150 1494 4222 (epist.
1518 4151 1553 4229 _5
1579 4152 1635 4205 in
1671 4152 1815 4225 ﬁta),
1842 4172 1861 4204 ι
1883 4153 2085 4210 Omnes

496 4244 695 4299 debent
739 4257 901 4298 nosse
926 4242 1090 4312 quod,
1123 4243 1338 4314 agitur,
1391 4243 1604 4313 quoties
1642 4245 1881 4311 omnium
1920 4262 2084 4304 causa

495 4346 780 4400 tractatur,
810 4357 828 4389 ι
862 4335 1115 4392 videlicet
1144 4345 1205 4391 ut
1235 4352 1358 4393 cum
1400 4338 1640 4391 omnium
1682 4338 1736 4391 in
1780 4340 1942 4395 unius
1961 4356 2085 4410 pro-

493 4426 762 4500 positione
789 4429 955 4485 fuerit
980 4428 1201 4485 dilIinita
1228 4428 1558 4484 consultatio
1577 4470 1592 4494 ,
1622 4440 1940 4487 cunctorum
1982 4449 2082 4489 va-
2111 4464 2161 4525 ι)

495 4522 607 4576 leat
636 4523 703 4576 ad
733 4535 1213 4578 omnes'emanare
1241 4519 1456 4574 solutio.
1480 4518 1609 4574 Hzcc
1634 4521 1823 4576 eadem
1848 4538 2083 4594 namque

497 4613 754 4685 capitula,
785 4613 925 4668 sicut
966 4610 1124 4667 facile
1167 4609 1440 4665 reminisci
1473 4611 1718 4680 potestis,
1758 4621 1885 4668 ante
1916 4614 2084 4670 trien-

498 4705 648 4759 nium
702 4704 857 4759 nobis
905 4703 961 4757 in
1003 4701 1129 4755 villa
1163 4700 1613 4772 Rothomagensis
1640 4703 1933 4775 episcopii,
1963 4721 2084 4775 quae

498 4792 674 4849 Ntelfa
708 4794 924 4858 dicitur,
969 4792 1186 4862 quando
1217 4792 1270 4845 in
1300 4792 1542 4847 excubiis
1571 4802 1760 4849 contra
1796 4794 2085 4851 Nortman-

499 4901 692 4942 norum
722 4884 1122 4940 infestationem
1153 4884 1504 4954 degebamus,
1534 4886 1633 4941 sub
1666 4885 1818 4942 titulo
1845 4888 1998 4958 quasi
2027 4889 2082 4944 in

501 4976 788 5032 Valentina
818 4973 1023 5045 synodo
1046 4974 1354 5044 conscripta
1402 4974 1622 5040 fuerint,
1656 4991 1798 5030 anno
1831 4976 2085 5032 lnearna-

500 5066 662 5120 tionis
693 5064 985 5120 Dominica:
1005 5063 1111 5119 855
1138 5104 1155 5130 ,
1188 5065 1286 5119 sub
1332 5064 1592 5120 Lothario
1630 5065 1956 5136 imperatore
1993 5067 2086 5121 de-

451 5199 463 5212 .
499 5155 697 5220 distis,
748 5161 809 5207 ut
859 5152 925 5217 ad
966 5153 1055 5209 illa
1090 5169 1211 5225 qua:
1259 5155 1416 5211 nobis
1456 5157 1774 5211 viderentur
1819 5155 2086 5215 catltolice

499 5260 571 5299 ex
608 5243 1036 5300 orthodoxorum
1083 5244 1395 5315 magisterio
1442 5249 1934 5316 reSponderemus:
1962 5259 2082 5301 cum

501 5333 626 5389 aliis
656 5340 1103 5404 qtiorumcunque
1141 5334 1359 5405 scriptis
1407 5351 1527 5405 qua:
1577 5335 1703 5391 hinc
1739 5336 1806 5390 ad
1844 5345 2084 5392 vestram

504 5427 749 5482 notitiam
771 5440 1067 5496 pervenere
1099 5445 1112 5481 :
1141 5443 1370 5498 quorum
1401 5428 1649 5499 quaedam
1695 5428 1896 5498 scripta
1937 5443 2086 5484 rece-

503 5521 685 5592 pimus
706 5560 722 5585 ,
750 5520 845 5575 sed
869 5535 933 5576 ea
961 5520 1236 5591 publicare
1281 5510 1584 5587 noluimus,
1630 5519 1842 5575 solliciti
1880 5536 2086 5574 servare

505 5613 758 5666 unitatem
796 5613 1012 5683 spiritus
1049 5614 1104 5667 in
1144 5612 1347 5669 vinculo
1382 5613 1526 5683 pacis
1566 5610 1728 5681 (Eph.
1757 5625 1835 5675 tv,
1866 5611 1920 5680 5)
1951 5624 1964 5663 :
1994 5609 2087 5664 do-

505 5720 608 5763 nec
633 5720 754 5761 cum
799 5705 879 5761 eis
913 5706 1005 5776 qui
1052 5706 1205 5763 vobis
1246 5705 1333 5760 illa
1379 5703 1794 5761 transmiserant
1832 5700 2085 5757 familiari

2189 1862 2576 1918 catholicorum
2608 1864 2839 1918 ‘Patrum
2884 1865 3042 1921 dictis
3069 1866 3244 1939 colligi
3273 1908 3290 1931 ,
3336 1878 3393 1924 et
3435 1870 3777 1943 singulorum

2186 1955 2479 2026 exigeretis
2518 1956 2764 2011 manibus
2794 1957 3061 2012 roborari.
3115 1957 3310 2015 Postea
3358 1976 3490 2018 vero
3542 1970 3599 2018 et
3643 1978 3781 2033 quo-

2187 2048 2436 2101 rumdam
2467 2063 2531 2102 ex
2564 2048 2650 2102 his
2678 2047 2769 2117 qui
2801 2048 3005 2103 eisdem
3034 2049 3287 2119 capitulis
3320 2051 3776 2123 subscripserant,

2186 2149 2243 2195 et
2280 2140 2507 2195 aliorum
2560 2141 2723 2195 etiam
2775 2140 3042 2195 intantum
3088 2152 3174 2196 est
3214 2142 3551 2200 accumulata
3591 2160 3781 2202 vecor-

2188 2231 2296 2296 dia,
2327 2241 2388 2287 ut
2412 2246 2634 2287 necesse
2664 2230 2805 2286 foret
2830 2240 2887 2286 et
2905 2229 3166 2299 jnssionis
3194 2242 3387 2288 vestrae
3415 2233 3692 2300 instantia,
3721 2245 3782 2291 et

2188 2321 2552 2377 exsecutionis
2583 2329 2785 2376 nostra:
2826 2320 3132 2376 obedientia
3161 2362 3176 2385 ,
3229 2322 3356 2379 hinc
3401 2338 3589 2379 eorum
3640 2342 3780 2396 quos

2185 2414 2547 2484 praemisimus
2576 2414 2793 2483 scriptis
2820 2421 2875 2469 et
2900 2413 3585 2484 propositionibuslitterali
3602 2418 3779 2476 ollicio

2188 2506 2534 2575 respondere.
2574 2504 2719 2560 Inter
2767 2519 2888 2574 quae
2934 2512 2990 2560 et
3037 2504 3121 2559 his
3162 2505 3444 2575 capitulis,
3470 2510 3593 2577 qua:
3622 2510 3779 2564 nobis

2187 2614 2360 2675 nuper
2386 2597 2628 2663 dedistis,
2656 2613 2755 2670 pro
2797 2597 2967 2653 nostri
3012 2596 3266 2667 ingenioli
3297 2600 3598 2670 capacitate
3619 2640 3635 2666 ,
3677 2600 3779 2656 sub

2188 2690 2462 2745 dubietate
2490 2695 2669 2743 tamen
2700 2690 3075 2758 respondimus
3103 2708 3119 2745 :
3149 2690 3275 2761 quia
3315 2705 3423 2745 non
3448 2691 3780 2747 credidimus

2186 2789 2248 2835 ut
2279 2779 2480 2834 fratres
2506 2786 2561 2834 et
2588 2779 2893 2849 coepiscopi
2935 2781 3106 2836 nostri
3137 2788 3327 2836 contra
3358 2778 3572 2849 regulas
3596 2778 3776 2835 eccle-

2188 2872 2439 2928 siasticas
2463 2858 2751 2926 adversum
2778 2885 2877 2926 nos
2902 2870 3027 2925 talia
3054 2870 3367 2927 debuissent
3390 2868 3734 2925 conscribere
3759 2888 3773 2923 ε

2186 2965 2487 3035 prtescrtim
2527 2978 2650 3018 cum
2696 2979 2805 3019 non
2857 2964 3171 3033 ignorarent
3215 2962 3513 3018 Dominicis
3560 2961 3779 3017 institu-

2190 3056 2425 3112 tionibus
2471 3066 2527 3110 et
2572 3053 2778 3124 legibus
2807 3063 2998 3109 sancto
3026 3054 3229 3125 Spiritu
3260 3054 3613 3124 promulgatis
3639 3068 3780 3122 pra:-
3820 3090 3823 3097 ι

2187 3147 2352 3200 fixum
2385 3161 2504 3201 esse
2533 3186 2547 3211 ,
2594 3145 2829 3215 qualiter
2873 3147 2918 3201 si
2977 3145 3030 3200 in
3087 3144 3358 3216 smpefatis
3406 3145 3599 3215 capitis
3645 3145 3773 3200 fidei

2184 3237 2618 3307 obloqueremur,
2665 3251 2765 3290 nos
2804 3235 3128 3307 compellare
3150 3275 3165 3302 ,
3190 3244 3246 3289 et
3274 3244 3404 3289 tunc
3429 3234 3670 3307 synodali
3687 3233 3780 3303 ju-

2185 3331 2326 3385 dicio
2365 3344 2466 3383 nos
2514 3338 2842 3398 nostrasque
2887 3327 3184 3382 sententias
3232 3341 3264 3381 a
3318 3340 3414 3381 sua
3465 3326 3780 3381 debuissent

2087 3480 2091 3489 ,
2183 3421 2564 3478 communione
2593 3419 2904 3491 eXplodere.
2932 3418 3088 3474 Nunc
3117 3433 3250 3474 vero
3274 3458 3290 3484 ,
3342 3418 3469 3488 quia
3513 3418 3645 3473 certi
3681 3432 3776 3473 su-

2184 3528 2327 3577 mus,
2368 3509 2523 3578 cujus
2547 3509 2925 3579 compositioni
2958 3508 3216 3565 debemus
3247 3507 3314 3564 de
3340 3500 3779 3579 smpenominatis

2183 3603 2574 3675 qumstionibus
2611 3599 2940 3671 respondere
2970 3639 2985 3664 ,
3017 3598 3249 3655 servatis
3275 3598 3593 3653 relationum
3618 3598 3779 3652 abso-

2184 3693 2480 3750 lutionibus
2510 3701 2702 3747 contra
2754 3705 2848 3745 eos
2890 3690 3089 3760 quibus
3117 3707 3147 3745 a
3182 3698 3360 3745 vestra
3407 3689 3777 3745 dominatione

2182 3800 2281 3855 pro
2325 3783 2575 3853 imposito
2614 3780 2766 3845 nobis
2803 3780 3105 3835 ministerio
3129 3780 3264 3850 jussi
3307 3794 3494 3834 sumus
3547 3779 3775 3833 reddere

2184 3877 2472 3939 rationem,
2501 3883 2687 3928 contra
2718 3874 2834 3929 haec
2862 3882 3074 3928 tantum
3124 3873 3380 3944 capitula,
3412 3882 3676 3942 quantum
3706 3887 3777 3927 ex

2184 3967 2341 4022 nobis
2371 3974 2457 4021 est
2490 3980 2612 4019 cum
2641 3965 2893 4019 omnibus
2918 3979 3106 4034 pacem
3150 3963 3436 4028 habentes,
3464 3977 3532 4017 ex
3562 3970 3777 4017 sancta-

2184 4074 2304 4113 rum
2345 4056 2745 4127 Scripturarum
2779 4057 3101 4110 auctoritate
3127 4096 3141 4120 ,
3174 4063 3228 4111 et
3256 4054 3645 4110 catholicorum
3674 4054 3778 4109 Pa-

2189 4158 2329 4203 trum
2364 4147 2672 4211 sententiis,
2713 4146 3034 4216 simpliciter
3064 4146 3392 4216 respondere
3417 4146 3728 4201 curabimus
3756 4158 3772 4210 ;

2186 4253 2248 4297 ut
2298 4242 2383 4297 cui
2426 4240 2564 4296 forte
2605 4240 2784 4294 omnia
2833 4239 2922 4293 illa
2950 4239 3129 4310 legere
3158 4254 3264 4292 non
3292 4238 3524 4304 licuerit,
3557 4237 3639 4293 vel
3669 4253 3777 4293 non

2187 4333 2427 4398 libuerit,
2456 4332 2543 4385 hic
2578 4329 2989 4400 compendiosas
3017 4343 3115 4398 pro
3148 4339 3388 4397 tempore
3417 4327 3776 4398 capitulorum

2187 4425 2568 4496 responsiones
2596 4420 2834 4476 inveniat
2864 4438 2876 4472 :
2909 4435 3045 4488 quas
3074 4418 3267 4474 furatis
3293 4419 3498 4491 horulis
3529 4433 3560 4472 a
3589 4419 3773 4473 diver-

2187 4516 2262 4572 sis
2290 4512 2702 4585 occupationum
2748 4509 3192 4576 distensionibus,
3239 4508 3331 4579 qui
3386 4509 3774 4580 cogitationum

2189 4606 2355 4662 ferias
2400 4619 2505 4659 non
2543 4603 2834 4667 habemus,
2862 4601 3005 4656 sicut
3047 4602 3113 4655 de
3152 4601 3436 4655 sententiis
3462 4609 3774 4655 sanctorum

2188 4698 2409 4752 Patrum
2462 4695 2790 4765 accepimus,
2833 4706 2901 4747 ne
2931 4701 3149 4764 torpore
3187 4692 3272 4747 vel
3327 4692 3691 4748 inobedientia
3742 4706 3773 4747 a

2187 4796 2369 4841 vestra
2396 4788 2777 4840 denotaremur
2802 4782 3111 4838 Christiana
3159 4783 3477 4845 devotione,
3520 4778 3774 4838 Acommit-

2188 4887 2305 4934 tere
2327 4876 2599 4933 schedulis
2627 4875 2976 4929 tumultuario
3002 4890 3254 4930 sermone
3282 4874 3586 4930 studuimus
3609 4890 3624 4932 :
3647 4889 3776 4944 quo.

2186 4970 2332 5025 niam
2382 4969 2436 5023 in
2478 4965 2718 5038 pnefatis
2773 4965 3126 5021 relationibus
3184 4965 3464 5036 provocati
3516 4964 3775 5034 multiplio

2187 5061 2343 5117 cibus
2396 5057 2770 5128 multiplicium
2820 5057 3184 5121 illationibus,
3228 5056 3597 5128 multipliciter
3634 5056 3773 5111 mul~

2187 5153 2564 5224 tiplicibusque
2608 5149 3028 5216 collationibus,
3096 5164 3204 5204 non
3263 5150 3382 5205 sine
3465 5150 3606 5204 sicut
3668 5149 3775 5205 sci-

2188 5259 2309 5300 mus
2336 5251 2390 5297 et
2415 5242 2737 5297 confitemur
2779 5241 2996 5297 lectoris
3029 5241 3210 5307 taedio,
3243 5256 3405 5296 sensu
3446 5239 3540 5295 sed
3592 5247 3769 5293 tamen

2188 5333 2477 5396 catholico,
2511 5332 2563 5385 in
2597 5330 2768 5384 tribus
2789 5328 2942 5385 libris
2982 5328 3244 5384 lacinioso
3271 5342 3522 5385 sermone
3551 5341 3773 5398 respou-

2189 5422 2318 5477 dere
2341 5419 2654 5490 sategimus.
2687 5416 2793 5472 Sed
2824 5418 2879 5472 in
2909 5418 3014 5473 hoc
3050 5417 3286 5472 maxime
3315 5417 3549 5488 benigno
3580 5412 3769 5471 lectori

2190 5530 2288 5570 nos
2323 5512 2639 5569 satisfacere
2683 5518 3066 5576 autumamus,
3110 5509 3238 5579 quia
3283 5510 3616 5581 singulorum
3659 5507 3771 5562 sin-

2189 5607 2340 5680 gulas
2387 5619 2599 5675 semper
2646 5613 2908 5674 ponentes
2954 5601 3271 5666 sententias,
3315 5600 3660 5672 singulariter
3701 5596 3772 5652 ad

2188 5698 2397 5769 objecta
2443 5706 2500 5753 et
2550 5694 2856 5753 resistentia
2905 5694 3025 5750 fidei
3076 5693 3402 5763 respondere
3445 5691 3768 5747 studuimus.
