4052 6334
238 324 309 378 σε)
468 288 479 297 ’
1002 321 1090 378 DE
1126 314 1791 378 PREDESTINATIONE
1833 316 2285 379 DISSERTATIO
2324 322 2734 383 POSTERIOR.
3454 334 3521 387 το

238 439 310 493 Et
364 432 452 492 vel
495 431 551 486 in
597 430 703 486 hoc
756 436 873 495 solo
924 437 1181 494 devotum
1239 451 1509 508 quemque
1563 437 1823 493 lectorem
1855 435 1904 497 Α
1932 432 2039 487 lam
2075 441 2247 499 tuam,
2293 436 2345 490 in
2370 452 2476 507 qua
2504 439 2646 509 petis
2688 447 2747 493 ut
2779 439 2848 495 de
2888 440 3209 512 hicresibus,
3236 398 3359 517 qua:
3383 446 3517 503 oriri

236 535 395 592 nobis
422 532 703 590 conciliari
745 530 1070 588 conﬁdimus
1087 572 1101 597 ,
1130 531 1257 601 quia
1286 546 1409 586 cum
1435 546 1503 587 ex
1524 546 1622 586 sua
1651 538 1831 585 mente

235 637 487 682 nostrum
518 625 760 680 laborem
779 623 1147 694 perpenderit,
1178 638 1277 678 nos
1302 623 1444 693 apud
1464 636 1523 678 se
1543 632 1833 678 excusatus

237 719 481 774 habebit.
512 717 648 784 Quis
672 731 804 772 vero
844 716 916 770 sit
959 716 1186 771 istorum
1226 712 1584 785 capitulorum
1614 729 1832 784 compo-

234 810 407 875 sitor,
452 808 544 863 cui
583 807 739 876 quasi
787 821 819 860 a
862 821 1005 861 novo
1054 807 1300 876 cogimur
1337 807 1685 877 respondere,
1717 806 1832 877 ipse

236 918 295 959 se
336 903 535 973 prodet
575 916 703 957 cum
751 902 1060 958 necessario
1102 902 1383 974 urgebitur
1416 901 1484 956 ad
1529 902 1703 957 lucem
1735 918 1829 958 ve-

234 993 422 1047 ritatis
446 992 636 1047 venire
666 1006 684 1046 :
714 993 841 1062 quia
865 1000 1121 1061 operator
1144 992 1548 1047 tenebrosorum
1579 1005 1824 1062 operum,

232 1085 382 1140 inter
409 1101 533 1155 qua:
556 1085 626 1140 ab
656 1084 900 1156 apostolo
927 1094 982 1139 et
1016 1086 1252 1139 haereses
1287 1083 1687 1149 describuntur,
1715 1085 1830 1139 odit

233 1174 414 1230 lucem
458 1184 518 1229 et
555 1190 666 1230 non
709 1176 859 1230 venit
904 1176 971 1230 ad
1011 1174 1182 1230 lucem
1208 1216 1224 1237 ,
1273 1184 1332 1229 ut
1378 1191 1483 1229 non
1532 1185 1833 1247 arguantur

230 1280 404 1335 opera
437 1262 559 1332 ejus
609 1281 624 1319 :
666 1265 845 1320 omnis
886 1279 1018 1319 vero
1066 1264 1157 1333 qui
1190 1266 1329 1318 bona
1356 1264 1497 1335 agit,
1538 1265 1679 1318 inter
1707 1280 1828 1335 quae

229 1354 377 1409 bona
404 1355 475 1409 ab
505 1354 763 1424 Apostolo
807 1362 863 1409 et
903 1354 1036 1409 ﬁdes
1071 1363 1501 1409 connumeratur
1525 1394 1540 1419 ,
1575 1356 1725 1409 venit
1760 1354 1829 1409 ad

228 1449 436 1512 lucem,
465 1456 527 1502 ut
560 1444 979 1501 manifestentur
1030 1460 1195 1516 opera
1247 1446 1394 1517 ejus,
1437 1447 1563 1517 quia
1618 1447 1670 1501 in
1714 1445 1829 1502 Deo

226 1548 358 1595 sunt
390 1539 557 1594 facta.
586 1538 696 1594 Sed
727 1546 782 1593 et
808 1537 900 1592 ille
944 1537 1255 1607 quicunque
1291 1542 1379 1592 est
1405 1577 1421 1603 ,
1465 1540 1508 1594 si
1547 1537 1614 1591 ad
1648 1536 1824 1592 lucem

224 1631 467 1695 venerit,
510 1637 566 1684 et
605 1629 819 1683 veritati
847 1644 912 1684 ex
941 1629 1104 1684 corde
1131 1631 1501 1696 consenserit,
1538 1645 1659 1687 esse
1685 1631 1826 1687 ﬁlius

225 1721 369 1776 lucis
417 1720 640 1790 poterit.
686 1717 739 1791 5
790 1718 849 1774 Si
883 1727 1063 1773 autem
1107 1728 1163 1774 et
1210 1721 1567 1789 pertinaciter
1605 1732 1825 1777 contra-

1932 534 2228 593 potuerunt
2265 542 2333 581 ex
2358 542 2468 597 quo
2510 528 2720 584 Domini
2766 530 2819 584 in
2865 546 3032 589 carne
3064 536 3306 592 nuntiari
3350 543 3518 612 cepit

1934 614 2214 679 adventus,
2244 615 2446 685 aliquid
2475 617 2790 674 scriberem.
2819 620 2931 677 Hoc
2966 633 3148 679 autem
3190 626 3319 695 feci,
3345 639 3408 685 ut
3433 631 3519 686 vi-

1933 704 2115 759 derem
2155 712 2336 761 utrum
2375 705 2490 775 jam
2539 708 2794 765 deberem
2844 712 3016 783 ipsum
3065 731 3202 787 opus
3255 723 3519 790 aggredi,

1932 807 1989 854 et
2034 800 2158 854 inde
2193 801 2289 855 tibi
2321 801 2528 872 aliquid
2551 803 2787 868 mittere,
2819 808 2908 862 ubi
2950 811 3326 869 considerares
3367 823 3521 869 tanto

1932 896 2053 947 esse
2087 892 2360 950 difﬁcilius
2405 906 2609 965 quanto
2639 898 2724 953 vis
2745 914 2866 955 esse
2893 902 3129 958 brevius.
3163 904 3272 961 Sed
3309 922 3379 961 ne
3416 908 3521 963 hoc

1930 983 2147 1051 quidem
2174 978 2321 1053 potui
2341 1025 2357 1050 ,
2409 985 2603 1041 talibus
2638 988 2785 1043 curis
2818 993 3319 1060 supervenientibus
3346 996 3523 1069 impc-

1931 1073 2097 1139 ditus,
2134 1090 2166 1129 a
2191 1075 2390 1145 quibus
2411 1078 2633 1132 omnino
2656 1078 3000 1137 dissimulare
3039 1099 3145 1139 non
3179 1087 3236 1157 6
3267 1103 3523 1157 possem.-

1930 1164 2066 1221 Nam
2098 1183 2183 1223 me
2213 1176 2268 1223 ct
2291 1169 2359 1223 ab
2392 1183 2458 1225 eo
2485 1170 2628 1240 quod
2675 1172 2940 1228 habebam
2976 1176 3030 1230 in
3070 1178 3319 1235 manibus
3356 1195 3522 1235 aver-

1931 1266 2150 1312 terunt:
2178 1259 2281 1314 hoc
2310 1267 2488 1314 autem
2516 1267 2619 1327 est,
2652 1262 2742 1316 ubi
2781 1265 3081 1333 respondeo
3115 1265 3268 1323 libris
3289 1268 3517 1334 Juliani,

1928 1364 2067 1419 quos
2103 1361 2227 1407 octo
2278 1352 2449 1408 edidit
2507 1361 2632 1423 post
2696 1354 2815 1410 illos
2865 1367 3099 1427 quatuor
3153 1362 3350 1431 quibus
3391 1375 3523 1420 ante

1930 1443 2203 1511 respondi.
2257 1442 2367 1499 Hos
2404 1445 2546 1499 enim
2586 1461 2710 1501 cum
2764 1447 2949 1504 Romae
3001 1454 3300 1524 accepisset
3351 1454 3526 1511 frater

1927 1530 2169 1603 Alypius,
2219 1533 2457 1599 nondum
2495 1550 2683 1591 omnes
2712 1538 3095 1611 dcscirpserat,
3130 1559 3252 1600 cum
3280 1544 3523 1602 oblatam

1928 1624 2273 1679 occasionem
2295 1625 2466 1681 noluit
2484 1628 2779 1698 praeterire,
2805 1646 2903 1701 per
2926 1648 3088 1703 quam
3118 1635 3250 1690 mibi
3279 1638 3520 1709 quinque

1932 1712 2262 1780 transmisit,
2302 1715 2624 1785 promittens
2651 1717 2787 1774 alios
2818 1729 2930 1777 tres
2960 1722 3068 1778 cito
3094 1739 3155 1779 se
3173 1740 3295 1782 esse
3324 1727 3520 1783 missu-

223 1813 437 1868 dixerit
461 1813 703 1879 veritati,
747 1812 864 1883 ipse
908 1811 1224 1867 inﬁdelitate
1254 1828 1350 1867 sua
1379 1821 1435 1868 et
1460 1814 1817 1871 contentionis

1927 1821 2084 1873 rum,
2126 1817 2184 1863 et
2225 1809 2453 1864 multum
2482 1811 2691 1866 instans
2741 1829 2810 1869 ne
2857 1818 3125 1886 responde
3154 1819 3519 1877 rediﬁ‘errem.

221 1919 343 1959 suae
370 1902 650 1968 vecordia,
696 1902 937 1958 haeretici
983 1902 1085 1956 sibi
1138 1916 1337 1957 nomen
1390 1904 1824 1974 imponetzquia

156 2055 160 2059 ,
222 2013 337 2053 non
398 1997 586 2052 statim
628 2004 714 2052 est
768 1995 1083 2051 haereticum
1115 1994 1259 2063 quod
1313 1996 1680 2067 ignorantera
1720 1996 1825 2052 ﬁde

219 2088 466 2143 sentitur
516 2088 794 2143 diversum
882 2087 929 2142 si
983 2101 1089 2141 non
1140 2087 1235 2142 ﬁat
1288 2088 1552 2160 pertinaci
1599 2096 1824 2145 conten-

221 2184 378 2238 tione
406 2183 742 2237 hazreticum.

909 2258 1140 2278 ρ--ρ

742 2323 971 2380 CAPUT
1011 2322 1304 2381 PRIMUM.

221 2414 483 2480 Quando,
511 2423 562 2468 et
591 2414 700 2477 ubi,
730 2424 778 2469 et
807 2415 943 2469 unde
971 2414 1083 2468 Im'c
1106 2414 1585 2469 Praedestinatiana
1611 2412 1824 2468 [uernis

296 2488 533 2555 primum
563 2497 745 2539 exorta
774 2485 952 2554 fuerit,
986 2494 1033 2537 et
1064 2502 1157 2554 per
1191 2501 1321 2555 quos
1368 2502 1430 2539 ac
1473 2484 1700 2556 qualiter
1745 2501 1827 2538 re-

294 2557 433 2610 ricta
463 2560 622 2626 alque
647 2572 942 2625 compressa
972 2556 1252 2609 exstiterit.

294 2647 455 2702 Nunc
482 2646 600 2716 jam
625 2646 911 2701 dicendum
947 2648 1262 2701 censuimus
1298 2648 1515 2719 quando
1541 2689 1559 2714 ,
1608 2655 1663 2703 et
1708 2645 1820 2710 ubi,

218 2750 278 2795 et
306 2755 414 2810 qua
447 2740 735 2795 occasione
779 2740 895 2794 hzec
923 2740 1145 2794 lucrcsis
1174 2748 1295 2795 orta
1341 2742 1574 2811 primum
1601 2741 1825 2795 exstite-

219 2833 319 2886 rit.
361 2831 505 2886 Ante
545 2829 967 2901 quadringentos
1013 2831 1233 2885 circiter
1279 2830 1494 2901 triginta
1522 2840 1577 2885 et
1621 2845 1687 2886 eo
1709 2846 1824 2884 am-

217 2922 366 2992 plius
392 2935 569 2974 annos
588 2921 703 2974 harc
730 2920 951 2975 lueresis
974 2928 1059 2974 est
1071 2929 1260 2975 exorta
1278 2930 1517 2989 tempore
1536 2919 1823 2975 Theodosii

217 3023 277 3067 et
313 3012 679 3067 Valentiniani
726 3011 1112 3082 imperatorum
1138 3052 1153 3076 ,
1204 3011 1303 3066 sub
1331 3012 1620 3080 praesulatu
1651 3011 1823 3067 sancti

218 3102 794 3175 Caelestinuperidcm
822 3113 1032 3174 tempus
1060 3102 1274 3173 quando
1296 3111 1353 3156 et
1374 3101 1691 3157 Nestoriana
1709 3103 1819 3157 hae-

226 3198 366 3253 resis
398 3196 542 3267 apud
557 3196 773 3251 Gra'cos
789 3195 841 3251 in
854 3194 1323 3266 Constantinopoli
1354 3194 1577 3251 civitate
1598 3204 1820 3251 auctore

219 3289 476 3343 Nestorio
506 3287 768 3350 ebullivit,
798 3286 970 3343 sancti
1014 3286 1301 3357 Augustini
1356 3286 1666 3358 temporalis
1696 3287 1820 3342 vitae

219 3378 457 3432 termino
492 3376 827 3441 imminente,
864 3376 1006 3430 sicut
1030 3374 1265 3445 Prosper
1305 3376 1360 3431 in
1390 3375 1663 3433 Chronica
1718 3393 1821 3433 sua

220 3468 609 3533 demonstrat,
652 3466 837 3521 dicens
877 3484 889 3519 :
932 3484 952 3517 α
989 3464 1296 3521 Theodosio
1346 3464 1418 3520 X1
1469 3475 1524 3522 et
1573 3464 1817 3522 Valenti-

220 3558 387 3612 niano
417 3555 731 3612 consulibus
760 3574 773 3610 :
803 3564 859 3611 et
881 3556 949 3610 ad
976 3555 1177 3623 locum,
1228 3555 1511 3611 Nestorius
1547 3555 1817 3612 Constan-

220 3647 616 3718 tinopolitanus
674 3647 957 3718 episcopus
1016 3662 1216 3702 novum
1275 3647 1535 3703 Ecclesiis
1594 3647 1819 3703 molitur

219 3758 467 3797 errorem
516 3740 795 3795 inducere.
825 3738 892 3792 Et
920 3738 1047 3793 item
1079 3755 1092 3792 :
1131 3738 1436 3795 Theodosio
1454 3738 1594 3806 Xlll,
1624 3746 1680 3794 et
1704 3737 1814 3793 Va-

219 3832 521 3887 lentiniano
568 3830 656 3897 Ill,
690 3830 1025 3901 Augustinus
1065 3830 1348 3901 episcopus
1385 3845 1483 3901 per
1511 3832 1692 3886 omnia
1720 3845 1818 3885 ex-

218 3918 645 3983 cellentissimus
696 3923 928 3978 moritur
975 3937 1008 3975 v
1054 3922 1178 3977 Kal.
1232 3921 1565 3994 Septembris
1593 3965 1609 3989 ,
1663 3922 1818 3979 libris

217 4016 419 4072 Juliani
466 4016 612 4070 inter
647 4016 882 4086 impetus
916 4014 1281 4071 obsidentium
1319 4015 1707 4072 Wandalorum
1759 4016 1814 4069 in

218 4108 337 4178 ipso
366 4109 582 4163 dierum
609 4123 829 4163 suorum
858 4107 964 4162 ﬁne
998 4108 1364 4178 respondens,
1396 4118 1453 4163 et
1489 4109 1720 4180 gloriose
1759 4110 1813 4164 in

217 4200 540 4256 defensione
567 4201 755 4272 gratia:
788 4199 1109 4256 Christianae
1135 4216 1542 4273 perseverans.)
1572 4202 1640 4259 Et
1668 4202 1812 4259 Beda

216 4288 271 4349 in
299 4294 574 4350 Chronica
604 4309 701 4349 sua
734 4311 748 4349 :
784 4312 802 4345 ι
842 4292 1195 4360 Theodosius,
1231 4294 1427 4364 inquit,
1467 4295 1665 4360 minor,
1710 4295 1814 4350 Ar-

216 4386 356 4440 cadii
390 4384 557 4450 ﬁlius,
591 4399 761 4439 annos
780 4383 970 4456 viginti
1009 4399 1103 4439 sex
1129 4384 1813 4455 regnavitNalentinianus

210 4477 419 4545 iunior,
466 4475 765 4531 Constantii
809 4475 950 4529 ﬁlius
975 4515 991 4540 ,
1027 4473 1301 4531 Ravennae
1336 4474 1629 4544 imperator
1654 4490 1809 4531 crea-

1928 1895 2092 1965 Cujus
2122 1899 2380 1956 instantia
2407 1912 2628 1958 coactus
2656 1919 2775 1960 sum
2807 1907 3088 1965 remissius
3119 1926 3333 1983 semper
3357 1929 3522 1985 agere

1925 1990 2069 2059 quod
2120 1992 2377 2062 agebam,
2420 2002 2479 2047 ut
2528 2009 2690 2066 opera
2728 1997 2947 2069 utrique
2972 2016 3079 2056 non
3110 2003 3355 2060 deessem
3376 2046 3391 2071 ,
3422 2006 3520 2063 uni

1927 2083 2118 2138 diebus
2149 2084 2301 2140 alteri
2348 2086 2618 2155 noctibus,
2667 2098 2929 2160 quantum
2956 2093 3088 2149 mihi
3120 2094 3190 2149 ab
3215 2096 3336 2151 aliis
3358 2113 3529 2153 occur-

1926 2174 2236 2244 pationibus
2264 2177 2392 2232 hinc
2418 2186 2582 2248 atque
2612 2180 2738 2237 hinc
2770 2183 2956 2239 venire
2994 2200 3101 2240 non
3130 2187 3518 2246 desistentibus

1926 2278 2263 2335 parceretur.
2287 2268 2527 2341 Agebam
2550 2285 2678 2325 vero
2702 2287 2814 2327 rem
2836 2273 3125 2344 plurimum
3151 2278 3515 2335 necessariam

1928 2370 2050 2409 nam
2083 2362 2448 2415 retractabam
2481 2362 2741 2431 Opuscula
2773 2379 2912 2431 mea,
2935 2375 2991 2421 et
3018 2368 3062 2423 si
3084 2370 3213 2439 quid
3243 2371 3296 2425 in
3324 2372 3404 2427 eis
3428 2388 3517 2428 me

1924 2447 2247 2517 offenderet,
2272 2452 2360 2506 vel
2381 2453 2517 2510 alios
2540 2453 2815 2512 offendere
2848 2446 3070 2529 posset’,
3100 2463 3300 2537 partim
3333 2479 3519 2536 repre-

1926 2542 2227 2608 hendendo,
2252 2547 2449 2615 partim
2480 2546 2852 2617 defendendo,
2903 2553 3045 2623 quod
3092 2553 3195 2626 legi
3238 2568 3421 2626 posset
3463 2567 3519 2612 et

1926 2631 2147 2687 deberet
2180 2638 2458 2705 operabat.
2485 2639 2552 2693 Et
2578 2641 2685 2695 duo
2714 2642 2985 2699 volumina
3010 2645 3124 2715 jam
3149 2647 3513 2714 absolveram,

1926 2727 2235 2781 retractatis
2276 2729 2531 2785 omnibus
2572 2731 2725 2789 libris
2758 2735 2897 2791 meis
2919 2775 2935 2801 ,
2968 2752 3195 2808 quorum
3227 2756 3512 2798 numerum

1926 2816 2255 2883 nesciebam,
2304 2834 2505 2890 eosque
2532 2824 2792 2881 ducentos
2845 2827 3066 2899 triginta
3117 2839 3173 2886 ct
3226 2832 3359 2888 duos
3393 2849 3514 2891 esse

1924 2910 2176 2979 cognovi.
2209 2910 2508 2970 Restabant
2534 2916 2794 2987 epistolze,
2827 2930 2883 2974 ct
2912 2931 3175 2979 tractatus
3224 2926 3516 2996 populares

1924 3016 2060 3069 quos
2086 3002 2260 3060 Grarci
2286 3004 2549 3063 Homilias
2577 3020 2795 3065 vocant.
2824 3029 2843 3063 ›
2895 3012 2989 3068 Isti
3039 3025 3220 3071 autem
3260 3018 3383 3072 libri
3422 3018 3513 3074 Ju-

1925 3090 2076 3158 liani,
2105 3093 2248 3148 sicut
2272 3096 2618 3154 manifestum
2650 3108 2775 3168 est,
2823 3117 2929 3158 non
2982 3114 3110 3160 sunt
3157 3106 3255 3175 illi,
3294 3124 3429 3179 quos
3457 3111 3509 3165 in

1848 3153 1893 3215 Ο
1924 3182 2078 3239 libris
2120 3184 2587 3244 Retractationum
2610 3153 3021 3251 commemorat.

1992 3275 2099 3330 Sed
2123 3286 2179 3332 et
2200 3278 2266 3334 de
2289 3280 2586 3337 barresihus
2610 3284 2883 3356 octaginta
2904 3295 2959 3341 et
2982 3298 3104 3345 octo
3127 3289 3297 3345 isdem
3320 3291 3512 3349 doctor

1919 3366 2182 3424 miriﬁcus
2206 3370 2902 3446 Augustinus‘conscripsit,
2930 3379 3128 3449 quibus
3154 3383 3507 3439 novissimam

1918 3459 2170 3516 haeresim
2200 3462 2546 3534 Pelagianam
2572 3467 2867 3538 subjnnxit.
2896 3470 3020 3527 Inde
3042 3469 3350 3530 Gennadius
3375 3474 3509 3530 Mas-

1917 3549 2153 3606 siliensis
2189 3555 2445 3610 sacerdos
2482 3555 2638 3611 valde
2669 3557 2891 3623 doctus,
2923 3560 3015 3630 qui
3052 3570 3108 3616 et
3137 3564 3204 3617 de
3230 3563 3359 3619 viris
3389 3564 3509 3619 illuc

1917 3640 2118 3696 stribus
2163 3644 2407 3713 scripsit,
2460 3646 2529 3701 ab
2575 3662 2642 3702 eo
2684 3648 2803 3704 loco
2855 3650 3119 3721 incipiens
3164 3654 3255 3708 ubi
3288 3664 3511 3710 sanctus

1918 3731 2280 3805 Hieronymus
2312 3738 2589 3793 memoria:
2618 3739 2943 3809 scriptorum
2997 3742 3288 3799 illustrium
3346 3744 3509 3799 ﬁnem

1918 3824 2194 3894 imposuit,
2234 3836 2291 3881 et
2320 3827 2385 3881 ad
2410 3843 2506 3882 sua
2542 3843 2714 3899 usque
2744 3839 2986 3900 tempora
3014 3834 3307 3904 scriptores
3335 3836 3510 3889 famo-

1917 3928 2007 3969 sos
2044 3929 2167 3969 cum
2218 3917 2395 3972 debita
2451 3918 2608 3973 laude
2662 3924 3125 3987 commemoravit,
3177 3924 3316 3981 hanc
3363 3925 3511 3980 Pne-

1915 4007 2331 4065 destinatianam
2384 4013 2787 4083 nonagesimam
2831 4014 3080 4070 hmresim
3135 4026 3296 4072 secta:
3352 4016 3508 4073 Pela-

1916 4098 2089 4169 giana:
2120 4101 2421 4169 supposuit,
2457 4102 2642 4156 dicens
2676 4119 2689 4155 :
2729 4120 2748 4153 ι
2781 4102 2942 4169 Sunt,
2970 4105 3165 4175 inquit,
3197 4106 3284 4176 qui
3318 4107 3509 4163 dicunt

1916 4194 2059 4263 quod
2106 4192 2250 4249 Deus
2302 4200 2407 4249 nan
2444 4209 2635 4250 omnes
2664 4196 2909 4260 homines
2954 4200 3023 4253 ad
3071 4200 3174 4254 hoc
3219 4209 3388 4265 creet,
3447 4211 3508 4256 ut

1915 4296 2104 4339 omnes
2138 4284 2415 4339 salventur
2436 4325 2452 4350 ,
2508 4287 2601 4341 sed
2639 4295 2700 4341 ut
2735 4286 3076 4343 multitudine
3104 4290 3382 4345 hominum
3414 4307 3505 4346 or-

1916 4383 2078 4430 netur
2111 4375 2342 4431 mundus
2363 4414 2378 4441 ,
2414 4395 2433 4428 ι
2466 4386 2523 4431 et
2553 4377 2757 4447 reliqua
2790 4393 2910 4449 quae
2959 4380 3306 4450 prosequitur
3330 4421 3346 4447 ,
3382 4397 3504 4451 qua:

1917 4468 1970 4522 in
2024 4484 2280 4539 processu
2337 4471 2781 4527 monstrabimus.
2839 4473 3039 4529 Deinde
3093 4476 3500 4545 nonagesimam

217 4539 325 4621 tur.
350 4587 370 4619 ι
405 4539 477 4622 Et
513 4575 636 4637 post
668 4566 944 4637 paululum
1038 4585 1057 4617 ι
1089 4565 1195 4621 Sed
1232 4539 1428 4623 beatus
1474 4568 1807 4639 Augustinus
1837 4539 1885 4600 Β
1912 4565 2141 4634 primam
2185 4563 2762 4638 Nestorianamponit,
2793 4569 2977 4640 sicque
3011 4539 3423 4643 Eutycbianam,
3446 4581 3503 4629 et’

221 4659 583 4730 Hipponensis
627 4660 913 4729 episc0pus
939 4699 955 4725 ,
998 4667 1055 4714 et
1077 4660 1319 4715 omnium
1348 4660 1538 4715 doctor
1575 4660 1807 4716 eximius

219 4750 610 4816 Ecclesiarum,
642 4765 709 4805 ne
738 4751 974 4806 civitatis
1002 4766 1113 4807 suae
1152 4752 1364 4809 ruinam
1387 4751 1614 4817 videret,
1647 4752 1805 4807 tertio

218 4845 516 4900 obsidionis
552 4845 669 4916 ejus
695 4861 882 4902 mense
910 4847 1166 4919 migravit
1189 4846 1254 4900 ad
1280 4847 1567 4902 Dominum
1606 4862 1641 4899 v
1683 4845 1799 4900 Kal.

222 4936 577 5008 Septembris,
599 4952 724 4992 cum
746 4937 971 4995 vixisset
1004 4953 1178 4993 annos
1212 4939 1550 5010 septuaginta
1589 4952 1703 5000 sex,
1748 4937 1802 4992 in

220 5030 479 5085 clericatu
542 5040 722 5087 autem
773 5046 945 5087 annos
998 5029 1169 5087 ferme
1233 5032 1588 5103 quadraginta
1652 5045 1802 5086 com-

217 5122 436 5190 plesset.
466 5140 486 5174 ι
533 5121 634 5189 Qui
685 5122 876 5178 beatus
926 5124 1260 5196 Augustinus
1313 5123 1369 5178 in
1427 5124 1542 5194 ipso
1594 5122 1804 5177 dierum

219 5228 445 5268 suorum
480 5212 589 5267 ﬁne
613 5214 811 5269 librum
840 5214 908 5269 de
935 5212 1266 5278 Haeresibus,
1319 5214 1461 5269 inter
1493 5215 1797 5284 responsio-

217 5317 311 5358 nes
352 5303 737 5372 praedictorum
766 5302 1025 5358 librorum
1051 5302 1248 5359 Juliani
1266 5344 1281 5368 ,
1312 5318 1546 5373 quorum
1568 5303 1802 5373 Prosper

216 5391 421 5449 fecerat
484 5395 815 5450 mentionem
848 5436 864 5461 ,
911 5396 978 5451 ad
1022 5394 1454 5463 Quodvultdeum
1512 5395 1800 5451 diaconum

216 5486 455 5557 scripsit,
486 5481 629 5540 sicut
653 5487 766 5556 ipse
795 5487 847 5541 in
890 5486 1117 5557 epistola
1147 5487 1227 5559 ad,
1253 5486 1572 5556 praedictum
1613 5487 1799 5541 diaco-

216 5590 342 5630 num
376 5577 454 5632 ita
499 5586 890 5633 commemorat
919 5596 932 5632 :
973 5597 991 5629 ι
1018 5576 1153 5632 Cum
1184 5578 1342 5643 mihi,
1374 5578 1645 5648 inquiens,
1686 5579 1800 5634 hmc

215 5665 490 5721 scribendi
516 5656 803 5723 oﬁerretur
825 5669 1039 5724 occasio
1078 5682 1177 5740 per
1199 5668 1553 5725 Fusalensem
1577 5669 1799 5741 presby-

218 5768 413 5828 terum,
442 5777 604 5830 quem
631 5764 948 5820 commendo
976 5763 1227 5819 charitati
1254 5771 1380 5832 tum,
1419 5765 1579 5837 relegi
1605 5766 1798 5837 episto-

1910 4666 2033 4726 post
2061 4657 2201 4712 hanc
2223 4656 2659 4714 Timotheanam.
2692 4659 2798 4715 Sed
2829 4670 2883 4716 et
2908 4661 3166 4735 Hyginus,
3193 4666 3498 4738 catalogum

1910 4747 2223 4803 describens
2236 4749 2537 4815 bmreseon,
2553 4752 2937 4822 octogesimum
2959 4763 3013 4809 et
3034 4770 3230 4810 nonam
3249 4758 3496 4814 haeresim

1908 4839 2285 4895 Ncstorianam
2339 4842 2511 4911 ponit,
2547 4850 2604 4895 et
2642 4843 3047 4914 nonagesimam
3088 4846 3245 4901 istam
3284 4848 3493 4904 Prmde:

1907 4933 2282 4997 stinatianam,
2313 4948 2433 4987 cum
2463 4932 2641 4989 libello
2667 4934 2735 4988 ab
2757 4935 2959 4991 eisdem
2999 4935 3497 5013 Prmdestinatianis

1910 5024 2230 5093 composito,
2265 5024 2339 5078 ita
2367 5024 2553 5078 dicens
2595 5040 2609 5077 :
2652 5042 2670 5074 ι
2704 5023 3063 5097 Nonagesima
3104 5029 3326 5085 haeresis
3352 5071 3368 5095 ,
3417 5032 3498 5086 in-

1907 5116 2045 5187 quit,
2071 5131 2231 5185 quam
2260 5117 2313 5170 in
2336 5115 2651 5187 praefatione
2695 5126 2879 5173 nostra
2925 5119 3159 5177 diximus
3178 5120 3248 5176 de
3274 5122 3495 5180 nomine

1907 5210 2189 5280 Augustini
2219 5209 2454 5280 episcopi
2483 5225 2603 5266 esse
2629 5212 2932 5277 mentitam,
2981 5213 3493 5271 Praedestinatiano-

1907 5317 2028 5358 rum
2073 5317 2269 5357 nomen
2305 5303 2533 5373 accepit.
2560 5322 2581 5356 ι
2611 5302 2809 5360 Beatus
2850 5305 3010 5359 etiam
3055 5304 3391 5376 Augustinus
3434 5308 3492 5365 in

1904 5394 2220 5466 pnefatione
2245 5394 2713 5452 Retractationum
2761 5398 2827 5453 de
2865 5388 3138 5468 opusculis
3163 5399 3276 5454 suis
3310 5400 3443 5457 dicit
3472 5420 3489 5458 :

1909 5506 1927 5538 ‹
1958 5485 2091 5541 lllud
2114 5486 2256 5541 enim
2296 5487 2438 5557 quod
2481 5487 2740 5557 scriptum
2770 5495 2883 5552 est,
2917 5504 2982 5541 ex
3009 5486 3340 5562 multiloquio
3384 5508 3492 5549 non

1900 5580 2117 5651 e/fugies
2137 5588 2405 5649 peccatum
2423 5577 2604 5649 (Prov.
2630 5594 2684 5641 χ,
2708 5578 2813 5648 l9),
2842 5587 3009 5634 terret
3039 5596 3124 5633 me
3150 5580 3442 5651 plurimum
3466 5601 3485 5647 ;

1901 5686 2007 5725 non
2039 5671 2165 5741 quia
2211 5670 2377 5725 multa
2408 5668 2622 5738 scripsi,
2652 5669 2737 5725 vel
2780 5667 2908 5738 quia
2959 5669 3126 5725 multa
3173 5672 3338 5727 etiam
3368 5687 3492 5742 qua:

1901 5764 2102 5821 dictata
2134 5779 2239 5820 non
2268 5772 2414 5831 sunt,
2445 5769 2622 5818 tamen
2652 5778 2681 5818 a
2712 5778 2797 5819 me
2823 5763 2965 5820 dicta
2995 5764 3303 5835 conscripta
3328 5764 3484 5821 suntl
