4052 6334
223 316 324 423 π’
998 367 1086 422 DE
1122 362 1792 422 PBJEDES'I'INATIONE
1830 362 2286 423 DlSSER'I‘ATlO
2323 366 2733 425 POSTERIOR.
2958 384 2963 387 '
3433 378 3506 435 ἠ
3538 412 3543 422 .

223 491 335 532 nos
349 477 552 547 quippe
578 476 664 531 vel
691 466 988 546 prmdicare
1009 476 1329 545 suggillatis,
1359 475 1486 543 quia
1527 488 1651 528 cum
1696 473 1814 542 lege
1843 480 1891 537 Α
1916 482 2002 537 est
2030 475 2083 529 in
2111 490 2219 532 uno
2262 476 2404 534 libro
2429 494 2777 550 responsum,
2799 486 3099 543 monachus
3136 487 3237 545 fuit
3264 490 3506 564 Syracu-

223 568 322 622 Dei
367 576 425 621 et
471 567 770 637 prophetis,
810 582 941 622 cum
992 566 1287 637 Evangelio
1337 565 1543 622 Christi
1588 564 1816 634 ejusque

219 658 510 729 apostolis,
538 658 1066 728 praedestinationem
1107 658 1360 723 dicimus,
1402 671 1470 711 eo
1499 654 1643 724 quod
1674 655 1818 710 Deus

220 751 496 819 quosdam
525 750 807 804 hominum
852 750 931 804 sic
962 749 1311 818 praedestinet
1356 748 1426 803 ad
1464 749 1633 802 vitam
1662 745 1818 816 regni

220 841 517 907 celerum,
545 850 606 897 ut
637 841 686 897 si
716 842 774 913 9
799 842 971 897 nolint
1014 856 1174 896 orare
1206 849 1261 895 et
1303 840 1575 911 jejunare,
1623 848 1721 894 ant
1763 840 1817 894 in

219 936 383 990 omni
414 949 580 1006 opere
620 935 801 990 divino
834 934 1024 1005 vigiles
1073 949 1217 999 esse,
1262 949 1357 989 eos
1384 934 1609 988 omnino
1639 932 1820 1002 perire

219 1041 550 1097 nonposse.
583 1044 605 1079 ι
639 1026 706 1080 Et
726 1026 885 1096 paulo
910 1033 1074 1097 post:
1114 1045 1135 1076 r
1165 1023 1283 1080 Non
1317 1026 1582 1079 miramur
1610 1040 1706 1078 vos
1752 1024 1820 1078 de

220 1118 414 1181 nobis,
466 1115 521 1171 id
570 1124 656 1171 est
703 1116 953 1171 homines
997 1116 1064 1171 de
1112 1114 1444 1177 hominibus,
1482 1112 1615 1169 falsa
1663 1127 1821 1183 posse

219 1205 564 1276 contingere,
609 1220 731 1260 cum
770 1206 1049 1261 videamus
1078 1220 1176 1259 vos
1220 1205 1303 1261 sic
1354 1221 1382 1257 a
1433 1203 1647 1259 diabolo
1696 1216 1821 1257 esse

221 1295 553 1362 fascinatos,
589 1305 652 1351 ut
704 1294 1018 1366 Scripturas
1070 1304 1287 1351 sanctas
1330 1304 1387 1349 et
1433 1294 1705 1349 veridicas
1752 1294 1822 1349 ad

218 1387 534 1443 voluntatis
560 1396 759 1443 vestrae
782 1386 1114 1443 intellectum
1152 1395 1365 1441 mutare
1393 1384 1666 1450 nitamini,
1702 1403 1722 1436 ο
1767 1392 1823 1438 et

218 1477 446 1547 reliqua
471 1492 595 1548 quae
618 1477 820 1533 diserte
839 1477 1210 1547 prosequitur.
1648 1518 1661 1527 .

294 1568 385 1624 De
429 1585 539 1639 quo
580 1568 836 1625 videlicet
879 1567 1337 1640 ilyponmesticon
1391 1568 1552 1633 libro,
1601 1566 1820 1639 quidam

216 1661 570 1717 contendunt
595 1662 739 1730 quod
762 1675 886 1716 eum
916 1669 1139 1717 sanctus
1167 1661 1501 1732 Augustinus
1541 1674 1647 1715 non
1673 1674 1822 1715 com-

220 1751 500 1818 posuerit,
529 1749 788 1820 quoniam
826 1750 1041 1806 illorum
1069 1750 1350 1806 erroribus
1385 1749 1823 1805 manifestissime

1921 580 2132 632 sanus,
2200 567 2302 623 iste
2364 579 2544 624 autem
2608 571 2846 629 Ililarius
2902 577 3112 633 exstitit
3176 579 3507 640 Arelatensis

1920 656 2226 726 episcopus,
2259 658 2345 713 cui
2379 660 2540 714 simul
2586 678 2709 716 cum
2742 663 3007 735 Prospero
3039 669 3171 724 istos
3200 686 3337 739 quos
3362 688 3508 728 nunc

1923 759 2292 803 memoramus
2321 748 2489 805 libros
2517 752 2815 823 rescripsit.
2841 755 2898 810 Si
2925 757 3046 825 quis
3076 768 3256 816 tamen
3285 765 3505 819 eosdem

1921 835 2088 891 libros
2131 853 2237 893 non
2266 840 2468 907 habet,
2504 843 2687 897 videat
2730 846 2781 898 in
2829 846 3146 906 collectione
3185 857 3511 911 venerabilis

1927 924 2032 995 ιο
2056 924 2214 981 Bedes
2240 931 2542 1000 presbyteri
2588 932 2656 987 de
2699 936 2971 1004 opusculis
3018 941 3191 995 sancti
3221 941 3510 1015 Augustini

1924 1030 2090 1084 super
2127 1020 2454 1087 apostolum,
2485 1030 2539 1076 et
2587 1024 2658 1079 ibi
2689 1025 2897 1082 discere
2941 1030 3140 1097 poterit
3163 1036 3305 1101 quod
3348 1045 3513 1093 antea

1924 1106 2213 1178 ignoravit.
2259 1112 2445 1168 Sancti
2496 1115 2847 1176 nihilominus
2876 1123 3112 1196 episcopi
3154 1127 3353 1185 Africa:
3380 1146 3509 1201 pro-

1922 1199 2117 1255 vincia:
2171 1202 2248 1257 ita
2300 1209 2616 1263 eorumdem
2674 1209 2936 1268 librorum
2992 1215 3047 1271 in
3106 1199 3513 1289 synodica—sua

1922 1289 2148 1358 cpistola
2189 1291 2394 1350 faciunt
2425 1299 2755 1355 mentionem
2786 1302 3026 1361 dicentes
3061 1324 3075 1361 :
3127 1327 3147 1359 ι
3196 1307 3292 1365 Dei
3339 1313 3515 1382 gratia

1922 1380 2215 1450 plurimum
2265 1388 2655 1457 amplectendis
2710 1394 2914 1450 sanctis
2971 1394 3275 1467 fratribus,
3319 1380 3516 1461 Joanni

1862 1502 1865 1511 -
1923 1472 2241 1542 presbytero
2274 1483 2331 1531 et
2381 1478 2921 1549 archimandritaz,ct
2970 1486 3206 1542 Venerio
3249 1489 3513 1557 diacono,

1923 1569 1979 1616 et
2038 1562 2286 1621 fidelibus
2337 1570 2471 1625 viris
2517 1586 2753 1641 quorum
2785 1576 2840 1631 in
2883 1588 3063 1634 vestra
3106 1581 3333 1651 epistola
3382 1586 3515 1641 sub-

1925 1654 2148 1742 scriptio
2175 1658 2504 1725 continetur,
2539 1663 2818 1734 Datianus,
2863 1668 3225 1739 Fortunatus,
3254 1674 3515 1742 Boethus,
3544 1714 3549 1721 ρ

1926 1740 2130 1832 Victor,
2164 1744 2553 1815 Scholasticus,
2594 1752 2873 1822 Orontius,
2904 1757 3277 1829 Vinrlicianus,
3306 1740 3517 1832 Victor,

219 1840 569 1897 contradicit
602 1859 619 1895 :
654 1840 899 1897 dicentes
924 1842 1052 1911 quia
1096 1850 1318 1897 sanctus
1355 1842 1678 1912 episcopus,
1728 1841 1822 1910 qni
1850 1844 1897 1903 Β
1923 1830 2237 1903 Januarius,
2277 1839 2641 1911 Victorianus,
2683 1845 2929 1916 Pontius,
2956 1850 3387 1922 Quodvultdeus,
3433 1830 3518 1912 fa;

221 1935 481 1988 ninnium
512 1934 775 1990 librorum
807 1936 952 1990 illius
979 1934 1195 1991 nemina
1223 1934 1277 1988 in
1310 1934 1489 1990 indice
1513 1933 1825 2005 conscripta

224 2026 377 2080 Vita:
428 2024 601 2095 ipsius
657 2024 1032 2094 subjunxerit,
1097 2023 1250 2079 illum
1303 2039 1411 2081 non
1464 2023 1822 2080 adnotaverit.

228 2112 397 2172 Unde
429 2116 709 2172 sciendum
742 2126 845 2181 est,
886 2118 1009 2186 quia
1056 2116 1238 2186 plures
1272 2116 1416 2172 illius
1444 2117 1611 2173 libros
1652 2118 1825 2174 habe-

229 2222 382 2271 mus,
428 2208 522 2276 qui
574 2207 630 2262 in
672 2208 862 2263 eodem
900 2208 1137 2271 indiculo
1164 2225 1271 2266 non
1315 2210 1586 2265 habentur
1622 2225 1637 2264 :
1686 2210 1827 2265 sicut

226 2306 323 2353 est
353 2297 418 2352 de
445 2296 737 2368 Disciplina
766 2298 1099 2364 Christiana,
1149 2309 1378 2371 excepto
1405 2300 1570 2356 etiam
1616 2300 1707 2358 illo
1733 2301 1827 2370 qui

231 2389 490 2444 titulatur
514 2391 581 2444 de
606 2390 858 2446 Doctrina
885 2389 1216 2446 Christiana.
1243 2391 1350 2447 Sed
1371 2401 1425 2447 et
1452 2392 1519 2446 de
1544 2392 1831 2447 Prtedesti-

230 2483 463 2537 natione
492 2482 702 2553 gratiae,
739 2491 797 2536 et
839 2484 908 2537 de
949 2482 1258 2539 llznresibus
1285 2484 1353 2538 ad
1393 2481 1828 2550 Quodvultdeum

233 2573 553 2636 diaconum,
609 2582 667 2628 et
707 2572 774 2627 de
803 2573 1012 2629 unitate
1058 2573 1382 2639 Trinitatis,
1435 2583 1489 2629 et
1530 2574 1726 2629 librum
1763 2574 1833 2629 de

233 2663 600 2728 Pcnitentia,
628 2679 789 2734 quem
831 2674 1225 2720 commemorat
1248 2666 1303 2720 in
1333 2666 1561 2736 epistola
1586 2667 1655 2722 ad
1686 2664 1828 2722 Con-

234 2755 478 2809 sentium
511 2756 833 2811 monachum
872 2754 1048 2827 (epist.
1084 2757 1207 2823 146,
1252 2758 1353 2813 sub
1379 2758 1522 2829 lin.),
1551 2769 1608 2813 et
1631 2758 1831 2812 librum

235 2846 333 2915 qni
366 2844 617 2899 titulatnr
644 2846 711 2901 de
757 2846 949 2902 Verbis
978 2847 1212 2913 Domini,
1256 2858 1314 2903 et
1360 2848 1495 2905 alios
1523 2863 1659 2918 quos
1685 2864 1833 2904 com-

239 2948 553 2991 memorare
612 2936 944 3007 superfluum
995 2938 1244 2993 ducimus
1302 2956 1316 2992 :
1363 2954 1485 2993 eum
1542 2940 1683 2994 idem
1717 2940 1833 3010 ipse

237 3035 466 3081 sanctus
511 3027 843 3097 Augustianos
890 3029 944 3082 in
996 3029 1103 3084 line
1128 3028 1599 3085 Retractationum
1639 3033 1781 3088 (licet
1810 3053 1827 3088 :

246 3135 265 3167 ι
297 3115 432 3171 ilice
476 3132 643 3188 Opera
680 3128 949 3191 nongenta
1003 3129 1059 3175 et
1103 3122 1207 3176 tria
1252 3122 1309 3176 in
1375 3122 1531 3178 libris
1582 3125 1831 3181 ducentis

1931 1924 2062 1979 muli
2089 1924 2292 1984 Christi
2333 1931 2385 1985 in
2418 1931 2647 1991 Domino
2682 1936 2930 1993 salutem.
2973 1959 2993 1992 ι
3025 1941 3092 1998 Et
3120 1941 3177 1996 in
3225 1942 3417 2002 eadem
3446 1947 3519 2002 ad

1930 2013 2107 2072 locum
2159 2037 2172 2073 :
2226 2039 2245 2073 ι
2298 2020 2492 2079 Libros
2520 2027 2695 2083 sancti
2731 2027 3037 2100 Augustini,
3087 2047 3223 2102 quos
3267 2035 3335 2089 ad
3384 2034 3519 2092 Pro-

1930 2119 2149 2176 sperum
2186 2119 2243 2166 et
2293 2110 2555 2170 Hilarium
2593 2117 2846 2189 scripsit,
2900 2124 3215 2180 memoratis
3256 2122 3521 2184 fratribus

1930 2196 2186 2269 legendos
2231 2203 2460 2276 ingerite
2502 2224 2777 2278 :quorum
2829 2214 3157 2270 mentionem
3205 2218 3383 2274 beata:
3406 2235 3520 2277 me-

1934 2289 2121 2344 moria:
2148 2290 2458 2363 Horinisda,
2487 2298 2631 2355 sedis
2668 2302 2977 2371 apostolica:
3000 2302 3264 2376 gloriosus
3289 2310 3520 2369 antistes

1919 2379 1988 2434 'in
2019 2382 2268 2450 epistola,
2305 2400 2466 2455 quam
2496 2389 2799 2446 consulenti
2828 2407 2887 2448 se
2909 2405 3099 2452 saneto
3126 2396 3283 2453 fratri
3318 2415 3520 2457 consa-

1932 2472 2249 2544 cerdotique
2286 2486 2480 2533 nostro
2526 2478 2832 2540 Possessori
2879 2486 3118 2555 scripsit,
3165 2503 3296 2545 eum
3320 2504 3521 2562 magno

1933 2565 2204 2633 prmeonio
2267 2570 2547 2627 catholicae
2606 2572 2780 2630 laudis
2858 2577 3112 2643 inseruit;
3184 2580 3339 2649 cujus
3399 2583 3523 2640 hinc

1934 2655 2096 2710 verba
2146 2665 2271 2712 sunt
2309 2658 2484 2730 (epist.
2515 2663 2682 2733 van)
2716 2682 2730 2718 :
2762 2663 2840 2720 De
2863 2667 3091 2723 arbitrio
3128 2679 3310 2726 tamen
3346 2671 3522 2730 libero

1935 2750 1989 2796 et
2017 2745 2191 2812 gratia
2220 2745 2315 2800 Dei
2345 2750 2472 2818 quid
2500 2749 2767 2816 Romana,
2803 2754 2907 2809 hee
2933 2764 3017 2810 est
3042 2757 3303 2815 catholica
3329 2775 3521 2831 sequa-

1937 2839 2026 2885 tur
2051 2842 2107 2888 et
2142 2845 2323 2891 servet
2363 2837 2622 2906 Ecclesia,
2674 2842 2799 2898 licet
2837 2844 2891 2899 in
2943 2847 3110 2903 variis
3162 2848 3319 2906 libris
3374 2851 3529 2909 beati

1936 2922 2241 2996 Augustini,
2280 2938 2336 2985 et
2361 2934 2598 2988 niaxime
2648 2934 2717 2988 ad
2772 2932 3035 2992 Hilarium
3091 2950 3149 2996 ct
3192 2941 3527 3013 Prosperum

1937 3013 2149 3073 abunde
2176 3021 2347 3089 possit
2375 3024 2611 3094 agnosci,
2649 3035 2829 3082 tamen
2858 3036 2914 3083 et
2947 3029 3001 3084 in
3027 3030 3245 3088 scriniis
3266 3033 3524 3091 ecclesia-

1938 3104 2090 3161 sticis
2130 3122 2385 3179 expressa
2414 3114 2647 3181 capitula
2682 3116 3045 3173 continentur.
3097 3139 3117 3173 »
3146 3120 3216 3176 Ει
3248 3122 3527 3183 incudem

241 3207 466 3275 malum
511 3209 724 3264 duobus
766 3224 856 3264 me
902 3210 1139 3265 dictasse
1184 3211 1408 3277 ηουιυί,
1453 3215 1671 3283 quando
1720 3217 1835 3273 ha,c
1863 3193 1907 3256 C
1939 3195 2164 3264 epistola
2186 3198 2395 3268 praefati
2432 3204 2604 3257 sancti
2646 3206 2885 3277 episcopi
2921 3207 3037 3278 ipsa
3063 3209 3210 3267 beati
3234 3212 3527 3284 Augustini

241 3299 556 3364 retractavi,
605 3308 789 3355 utrum
831 3302 1041 3372 aliquos
1094 3304 1272 3359 adhuc
1312 3320 1488 3361 essem
1534 3307 1837 3365 dictaturas

240 3390 521 3459 ignorans.
569 3391 745 3462 Atque
774 3394 943 3463 ipsam
989 3410 1177 3449 eorum
1218 3397 1658 3453 retractationem
1688 3399 1742 3452 in
1772 3399 1837 3455 li-

240 3482 356 3537 bris
383 3482 598 3539 duobus
638 3483 802 3549 edidi,
844 3486 1159 3555 urgentibus
1192 3486 1455 3543 fratribus
1481 3528 1499 3555 ,
1545 3498 1836 3560 antequam

239 3574 507 3642 epistolas
537 3583 701 3645 atque
722 3590 1000 3632 sermones
1021 3576 1086 3631 ad
1116 3578 1391 3648 populum,
1413 3579 1548 3636 alios
1578 3580 1836 3650 dictatos,

244 3666 381 3722 alios
414 3680 445 3721 a
474 3683 565 3723 me
600 3669 793 3736 dictos,
831 3680 1133 3727 retractare
1162 3674 1469 3743 cmpissem.
1509 3694 1528 3727 ο
1561 3676 1629 3730 Et
1666 3677 1837 3732 isdem

242 3766 471 3814 sanctus
525 3758 809 3829 episcopus
838 3801 854 3826 ,
927 3762 1020 3831 qui
1073 3763 1304 3818 indicem
1358 3764 1623 3820 librorum
1694 3767 1837 3824 illius

243 3849 359 3904 sive
405 3839 758 3919 epistolarum
788 3853 1132 3923 conscripsit,
1160 3855 1217 3909 in
1254 3854 1358 3911 line
1406 3857 1572 3934 ipsius
1618 3858 1837 3916 indiculi

245 3941 540 4014 subiungat
565 3944 753 3999 dicens
788 3963 803 3999 :
841 3964 861 3997 ς
910 3945 1093 4012 Fiunt,
1140 3946 1334 4016 inquit,
1362 3950 1521 4005 simul
1561 3967 1697 4021 quos
1728 3968 1839 4007 me-

249 4040 499 4087 moratus
540 4042 763 4089 sanctus
806 4035 1136 4106 Augustinus
1163 4036 1367 4107 Spiritu
1394 4040 1576 4095 divino
1601 4051 1752 4098 actus
1782 4044 1838 4097 in

220 4129 433 4191 puncta
484 4120 727 4178 Ecclesia
771 4123 1038 4179 catholica
1071 4126 1139 4181 ad
1188 4126 1599 4183 instructionem
1626 4133 1836 4185 anima-

250 4229 368 4269 rum
414 4214 550 4270 fecit
600 4215 789 4281 libros,
839 4225 1121 4283 tractatus,
1167 4218 1449 4288 epistolas,
1495 4222 1715 4277 milleet
1745 4224 1840 4278 tri-

244 4303 679 4382 sima,.excepte
703 4306 796 4375 qui
824 4307 1104 4363 numerari
1147 4324 1252 4364 non
1302 4319 1548 4380 possunt,
1580 4313 1703 4382 quia
1738 4329 1841 4370 nec

253 4378 536 4449 numerum
557 4392 857 4465 designavit
882 4395 1141 4464 ipsorum.
1180 4416 1200 4449 ι
1235 4378 1354 4468 ipse
1383 4378 1611 4456 sanctus
1630 4403 1839 4472 episco-

250 4500 369 4555 pus,
396 4486 493 4557 qui
532 4484 625 4542 illa
671 4487 979 4557 descripsit,
1010 4491 1282 4545 numerari
1314 4507 1420 4546 non
1450 4508 1610 4562 posse
1638 4504 1839 4550 tracta-

1938 3287 2099 3342 verba
2130 3290 2195 3343 de
2231 3293 2539 3360 supradicto
2559 3293 3007 3366 vaomnesticon
3034 3299 3171 3358 libro
3195 3317 3261 3357 ex
3293 3319 3524 3374 respon-

1938 3378 2090 3436 sione
2128 3383 2301 3438 tertia:
2323 3386 2640 3454 quwstionis
2667 3386 2735 3443 ad
2779 3390 3135 3449 revincendos
3160 3403 3369 3463 ponunt
3410 3398 3523 3450 ha:-

1938 3471 2157 3528 reticos.
2213 3474 2281 3529 Et
2353 3476 2464 3546 ipse
2516 3477 2708 3534 beatus
2777 3479 3111 3551 Augustinus
3159 3483 3212 3539 in
3260 3484 3399 3541 libro
3449 3487 3523 3543 ad

1938 3560 2229 3620 Dulcitium
2277 3565 2346 3621 de
2390 3574 2514 3623 octo
2560 3569 2947 3638 quaestionibus
2977 3611 2994 3636 ,
3040 3588 3177 3643 quas
3223 3574 3273 3629 ei
3318 3575 3531 3646 scripto

1939 3653 2102 3709 solvit
2142 3667 2421 3713 revertens
2450 3673 2481 3712 a
2509 3658 2858 3732 Carthagine,
2894 3678 3328 3721 commemorans
3354 3665 3527 3723 libros

1939 3759 2067 3801 suos
2094 3746 2148 3801 in
2171 3749 2369 3817 quibus
2413 3749 2479 3806 de
2518 3751 2725 3808 eisdem
2773 3753 3159 3824 quaestionibus
3202 3756 3518 3826 scripserat,

1940 3839 2014 3893 ita
2067 3841 2135 3894 ad
2180 3840 2339 3897 linem
2398 3842 2568 3912 ipsius
2639 3845 2820 3914 operis
2868 3846 2947 3900 de
2977 3845 3167 3901 eodem
3212 3846 3520 3918 Hyponme-

1940 3933 2112 3987 sticon
2143 3933 2282 3990 libro
2321 3946 2713 4005 commemorat
2760 3938 2992 3995 dicens:
3051 3958 3068 3990 ι
3105 3939 3317 3995 Addere
3352 3942 3527 3998 etiam

1941 4022 2044 4077 hoc
2082 4038 2245 4091 quam
2282 4026 2517 4080 maxime
2548 4028 2676 4082 huic
2699 4028 2854 4098 operi
2882 4038 3112 4097 oportet,
3140 4038 3197 4084 ut
3232 4040 3409 4087 vestra
3428 4046 3525 4087 ea-

1940 4109 2165 4176 lumnia,
2195 4128 2358 4181 quam
2386 4113 2543 4169 nobis
2587 4114 2823 4184 obiicere
2865 4117 3068 4183 soletis,
3107 4134 3203 4188 per
3250 4119 3525 4177 illumina-

1943 4201 2145 4257 tionem
2172 4202 2359 4274 gratim
2382 4202 2683 4260 Salvatoris
2704 4205 3034 4271 revincetur,
3064 4208 3172 4262 imo
3191 4209 3526 4278 confutatur,

1941 4301 1999 4348 et
2026 4300 2228 4350 nostra:
2254 4293 2377 4350 fidei
2413 4293 2697 4366 integritas
2735 4296 3134 4366 comprobetur.
3165 4298 3397 4353 Credere
3427 4315 3531 4359 nos

1940 4378 2140 4456 quippe
2170 4386 2253 4442 vel
2278 4385 2577 4455 praedicare
2620 4386 2937 4458 suggillatis,
2966 4387 3091 4458 quia
3120 4404 3246 4444 cum
3283 4389 3400 4460 lege
3429 4391 3529 4447 Dei

1941 4486 1996 4532 et
2019 4476 2320 4546 prophetis,
2346 4493 2469 4534 cum
2497 4477 2788 4547 Evangelia
2829 4477 3029 4534 Christi
3065 4477 3287 4549 ejusque
3310 4490 3532 4551 apostoe,

255 4544 432 4633 ἱαεὲί
461 4576 723 4649 epistolas
773 4544 920 4634 utilis
966 4544 1119 4646 nixu,
1154 4544 1226 4636 iet
1257 4544 1477 4650 quati";
1503 4544 1840 4640 aliialii-
1868 4544 1921 4605 θ
1945 4544 2573 4637 ιίείντὲθιιθειίηειίοηθιη
2604 4544 2851 4636 dicimus.
2904 4589 2923 4623 ι
2957 4570 3243 4639 ctwliqua
3282 4586 3404 4641 quae
3451 4573 3531 4630 ibi

253 4670 473 4725 brorum
499 4670 616 4725 sive
668 4669 1017 4738 epistolarum
1040 4670 1158 4738 ejus
1202 4686 1511 4727 numerum
1541 4674 1839 4743 diligentis-

255 4761 384 4817 sime
434 4763 492 4816 in
538 4759 646 4817 line
710 4760 882 4831 ipsius
946 4759 1242 4830 Scriptura:
1288 4763 1537 4818 eumdem
1593 4773 1839 4826 sanctum

254 4855 567 4924 episcopum
598 4853 943 4925 subjunxisse
991 4862 1263 4910 testantur
1318 4874 1330 4910 :
1372 4872 1495 4911 cum
1541 4859 1748 4926 possint
1784 4866 1839 4913 et

255 4944 353 5014 ipsi
392 4946 581 5001 videre
628 4945 681 5000 in
733 4947 926 5001 eodem
981 4946 1217 5003 indiculo
1270 4948 1314 5001 si
1366 4949 1658 5018 conscripti
1715 4957 1840 5003 sunt

256 5035 372 5091 libri
418 5037 511 5093 isti
563 5036 629 5091 de
678 5037 1160 5094 Praedestinatione
1201 5048 1537 5103 sanctorum,
1586 5055 1650 5095 ac
1689 5041 1840 5098 Bono

254 5127 707 5196 perseverantia,
762 5143 901 5197 quos
948 5129 1116 5184 sancti
1161 5130 1447 5200 Augustini
1504 5146 1625 5187 esse
1682 5149 1842 5188 nemo

253 5218 523 5290 denegare
560 5225 653 5273 aut
678 5218 821 5273 volet
860 5229 953 5274 aut
994 5221 1152 5275 valet.
1186 5220 1262 5276 De
1289 5223 1484 5290 quibus
1520 5223 1683 5278 etiam
1713 5238 1843 5278 con-

255 5312 481 5366 tendere
550 5313 813 5380 quosdam
879 5312 1183 5367 audivimus
1212 5354 1227 5376 ,
1275 5314 1366 5383 qui
1419 5316 1633 5369 eosdem
1697 5315 1840 5370 beati

254 5402 543 5471 Augustini
582 5401 752 5459 libros
786 5402 1148 5472 intelligenter
1176 5419 1280 5459 non
1309 5403 1569 5474 legerant,
1603 5404 1746 5474 quod
1774 5406 1842 5458 de
1878 5443 1884 5449 .

255 5494 358 5550 illis
411 5496 680 5565 scriptum
736 5496 807 5550 sit
854 5495 907 5549 in
956 5494 1225 5561 indiculo,
1273 5495 1572 5566 Responsio
1614 5495 1851 5565 objectis

258 5587 444 5644 Hilarii
519 5587 661 5643 liber
710 5605 772 5653 I,
842 5603 967 5644 cum
1031 5589 1148 5644 sine
1232 5588 1409 5657 aliqua
1496 5589 1841 5647 contentione

260 5675 452 5731 falsum
499 5692 624 5733 esse
660 5679 838 5731 valeat
876 5678 1239 5733 demonstrari
1280 5678 1460 5732 abhis
1495 5679 1586 5747 qui
1616 5678 1839 5734 eosdem

259 5766 423 5825 libros
455 5776 761 5824 noscuntur
790 5769 994 5823 habere
1016 5807 1032 5835 ,
1079 5769 1205 5837 quia
1244 5776 1299 5823 et
1336 5766 1425 5825 ille
1453 5767 1708 5837 Hilarius,
1751 5771 1838 5826 cui

622 5860 899 5923 Ρηιωι..
940 5861 1195 5922 CXXV.

1946 4660 2118 4718 lector
2142 4679 2210 4719 ex
2236 4664 2448 4734 integro
2467 4678 2593 4718 cum
2619 4672 2787 4721 sextae
2824 4663 3138 4733 quaestionis
3168 4664 3433 4723 solutione
3461 4666 3531 4723 de

1946 4750 2407 4823 Hypomnesticon
2438 4753 2578 4810 libro
2618 4753 2874 4809 inveniet.
2906 4752 3170 4809 Similiter
3195 4763 3251 4810 et
3295 4756 3362 4813 de
3388 4756 3528 4812 libro

1945 4842 2038 4911 qui
2078 4841 2179 4897 sub
2207 4844 2424 4899 nomine
2448 4843 2622 4899 sancti
2652 4842 2966 4913 Hieronymi
2996 4842 3302 4898 intitulatur
3325 4844 3393 4900 de
3433 4844 3527 4900 ln-

1946 4932 2231 4987 duratione
2259 4932 2439 4988 cordis
2468 4931 2785 4998 Pharaonis,
2815 4931 2942 5001 quia
2972 4945 3161 4988 eorum
3189 4933 3369 4989 sensui
3391 4948 3526 4989 con-

1947 5023 2181 5089 tradicit,
2209 5039 2532 5094 magnopere
2582 5032 2835 5095 satagunt
2880 5039 2987 5079 non
3035 5040 3155 5081 esse
3198 5024 3385 5105 ipsius.
3417 5024 3545 5095 Sed,

1947 5116 2081 5170 nihil
2118 5117 2198 5172 eis
2250 5116 2463 5187 proficit
2507 5116 2553 5171 si
2593 5131 2717 5170 eum
2762 5115 3033 5186 rejiciunt,
3060 5116 3315 5186 quoniam
3350 5116 3529 5177 isdem

1946 5222 2166 5269 sanctus
2191 5211 2568 5283 Hieronymus,
2613 5217 2667 5264 et
2715 5210 2896 5265 cmteri
2942 5208 3202 5268 Doctores
3251 5212 3526 5278 catholici,

1946 5306 2135 5362 eodem
2174 5318 2336 5361 sensu
2378 5317 2475 5357 eos
2521 5299 2663 5356 male
2705 5301 2909 5358 sentire
2946 5304 3293 5368 convincunt,
3335 5318 3444 5373 quo
3472 5314 3529 5358 et

1945 5399 2089 5453 idem
2114 5398 2250 5452 liber
2279 5395 2493 5450 illorum
2523 5393 2704 5449 exurit
2723 5392 2931 5447 zizania

2017 5491 2093 5545 De
2122 5487 2543 5557 reprehensione
2571 5483 2922 5542 nihilominus
2952 5500 3072 5551 sua,
3098 5484 3243 5540 unde
3264 5485 3529 5555 praemisi-

1946 5599 2087 5650 mus,
2128 5589 2317 5638 contra
2347 5581 2740 5637 obtrectatores
2777 5591 2909 5638 suo:
2936 5580 3109 5639 isdem
3152 5578 3208 5632 in
3252 5578 3362 5633 ﬁne
3399 5577 3525 5635 libri

1946 5675 2014 5733 de
2036 5674 2187 5731 Bono
2217 5672 2631 5744 perseverantia:
2657 5670 2792 5730 dicit
2820 5687 2837 5727 :
2873 5693 2892 5725 ι
2921 5670 3023 5740 Qui
3050 5684 3184 5729 vero
3207 5684 3295 5727 me
3337 5683 3527 5725 errare

1946 5768 2279 5833 existimant,
2314 5765 2477 5822 etiam
2508 5772 2673 5838 atque
2715 5751 3210 5834 etiam‘diligeuter
3248 5776 3369 5832 quae
3400 5765 3527 5816 sunt

3050 5856 3088 5917 3
