4052 6334
506 302 585 359 ’15

1510 297 1839 356 lllNCMARl
1878 294 2269 353 RHEMENSlS
2304 297 2824 359 ARCﬂlEPlSCOPl
3720 307 3788 367 76

515 421 662 478 dicta
685 416 1052 479 considerent,
1100 428 1169 469 nc
1198 413 1446 470 fortassis
1486 412 1588 483 ipsi
1619 420 1823 470 errent.
1854 430 1873 464 ι
1902 409 2101 465 Beatus
2124 412 2179 471 Α
2203 410 2477 482 aliquibus
2501 413 2718 484 scriptis
2745 430 2871 470 eum
2896 429 2927 469 a
2952 429 3059 486 quo
3105 414 3228 471 talis
3277 423 3495 473 emanat
3538 417 3787 479 doctrina

513 513 783 585 siquidem
837 509 1163 566 Caelestinus
1218 507 1321 563 hoc
1364 507 1419 563 in
1464 505 1692 577 epistola
1737 503 1992 561 decretali
2033 502 2105 558 ad
2205 503 2566 559 conveniant?
2611 504 2804 576 Magna
2834 505 2980 561 enim
3003 506 3174 576 gloria
3205 522 3299 562 sua
3332 506 3571 566 humano
3599 515 3784 582 generi

515 602 808 660 Venerium
853 607 911 655 et
958 609 1189 655 caeteros
1226 596 1534 653 Gallicanos
1592 596 1876 665 episcopos
1935 593 2105 649 etiam

506 701 637 765 post
680 690 891 748 obitum
942 689 1088 745 illius
1131 687 1472 744 demonstrat
1502 684 1675 758 (epist.
1729 684 1813 755 8.)
1855 683 2046 740 dicens
2082 699 2096 736 :

518 804 537 834 ι
577 782 838 839 Vitentur‘
875 777 1183 851 huiusmodi
1204 777 1295 848 qui
1349 775 1600 832 laborant
1633 775 1733 845 ιι
1779 788 1877 844 per
1923 782 2100 828 terras

510 876 654 933 aliud
673 890 837 947 quam
861 872 951 929 ille
979 880 1165 927 uoster
1190 868 1353 941 jussit
1381 865 1616 939 agricola
1658 866 1949 921 seminare.
1987 862 2099 919 Nec

509 974 692 1022 tamen
720 961 909 1019 mirari
936 973 1243 1032 possumus,
1256 958 1305 1012 si
1328 957 1443 1012 haec
1468 971 1593 1028 erga
1615 955 1857 1010 viventes
1878 954 1931 1009 bi
1955 968 2099 1009 nunc

510 1064 724 1111 tentare
752 1049 1080 1135 audcntnqui
1111 1048 1358 1103 nituntur
1385 1046 1548 1103 etiam
1571 1045 1962 1116 quiescentium
1986 1044 2098 1098 fra-

511 1159 655 1205 trum
690 1144 1008 1202 memoriam
1044 1141 1327 1210 dissipare.
1368 1138 1726 1210 Augustinum
1764 1147 1967 1192 sancta:
2007 1152 2095 1192 rc-

508 1237 844 1298 cordolionis
888 1236 1067 1290 virum
1113 1249 1213 1306 pro
1260 1233 1370 1289 vita
1420 1248 1518 1287 sua
1566 1240 1728 1301 atque
1774 1229 1984 1286 meritis
2038 1230 2091 1284 in

508 1337 692 1397 nostra
719 1325 1100 1387 communione
1127 1338 1341 1395 semper
1378 1322 1696 1388 habuimus,
1729 1336 1830 1377 nec
1854 1336 2095 1391 unquam

503 1423 654 1481 hunc
679 1420 915 1478 sinistre:
960 1417 1283 1489 suspicionis
1329 1414 1519 1471 saltem
1563 1430 1753 1470 rumor
1792 1413 2025 1484 aspersit
2073 1430 2089 1468 :

505 1525 669 1583 quem
688 1517 852 1566 tanta:
871 1508 1113 1565 scientiae
1130 1506 1258 1563 olim
1288 1506 1455 1562 fuisse
1477 1504 1845 1569 meminimus,
1868 1512 1928 1558 ut
1950 1503 2095 1558 inter

505 1602 797 1673 magistros
813 1600 1048 1672 optimos
1067 1598 1228 1655 etiam
1249 1612 1281 1652 a
1315 1596 1451 1653 meis
1479 1610 1694 1666 semper
1718 1593 2093 1651 decessoribus

508 1695 824 1753 haberetur.
852 1691 997 1746 Bene
1015 1704 1147 1760 ergo
1178 1689 1244 1745 de
1271 1704 1336 1744 eo
1365 1702 1558 1745 omnes
1582 1687 1635 1742 in
1662 1699 1952 1741 commune
1973 1699 2088 1738 sen-

2201 597 2595 662 cousulueriut,
2625 599 2672 655 si
2697 599 3055 671 Augustinum
3080 601 3150 655 ab
3171 615 3359 656 errore
3386 607 3783 661 revocaverint.

2200 686 2313 744 Nisi
2341 686 2482 744 forte
2514 690 2615 759 12
2642 690 2869 747 modesti
2905 692 3172 757 homines,
3222 693 3455 763 novique
3504 709 3783 761 censores,

2198 793 2519 850 magnorum
2553 780 2708 850 prius
2758 770 3077 836 meritorum
3121 782 3237 837 seni
3295 784 3685 843 honorabiliter
3716 801 3787 842 ac

2197 869 2622 925 misericorditer
2665 878 2917 940 parcunt,
2946 879 3003 926 et
3047 872 3224 929 securi
3274 872 3403 943 quia
3448 873 3617 930 libros
3661 875 3784 944 ejus

2195 975 2357 1017 nemo
2388 977 2613 1032 usquam
2645 962 2869 1033 recipiat
2886 964 3294 1034 conquiescunt.
3321 965 3483 1034 Atqui
3508 969 3780 1033 noverint,

2195 1053 2306 1109 imo
2332 1063 2623 1121 noverunt,
2652 1070 2759 1112 non
2796 1055 2969 1110 solent
2998 1054 3323 1119 Romanam,
3355 1056 3782 1129 Africanamque

2195 1144 2516 1211 Ecclesiam,
2543 1146 2596 1201 ei
2640 1160 2739 1215 per
2783 1160 2975 1202 omnes
3023 1147 3209 1202 tuundi
3262 1157 3448 1216 partes
3499 1149 3781 1205 tmiversos

2192 1236 2567 1306 promissionis
2606 1235 2768 1300 filios,
2800 1252 2924 1291 cum
2952 1236 3194 1292 doctrina
3237 1236 3397 1306 hujus
3421 1237 3521 1293 viri
3550 1238 3691 1294 sicut
3721 1230 3776 1294 in

2194 1333 2305 1380 tota
2336 1325 2441 1381 ﬁde
2469 1327 2543 1381 ita
2572 1327 2626 1381 in
2676 1326 2867 1397 gratia:
2911 1325 3254 1382 confessione
3299 1342 3600 1398 congruere
3632 1345 3649 1382 :
3682 1329 3787 1383 sed

2191 1417 2357 1473 etiam
2404 1418 2458 1474 in
2505 1419 2590 1474 his
2637 1418 2769 1490 ipsis
2815 1419 2978 1483 locis,
3009 1419 3062 1473 in
3112 1420 3309 1489 quibus
3354 1421 3612 1476 adversus
3651 1436 3780 1476 eum

2189 1507 2529 1578 querimonia
2567 1510 2896 1575 concitatur,
2918 1524 3040 1567 esse
3067 1511 3303 1580 propitio
3338 1511 3450 1568 Deo
3491 1511 3778 1582 plurimos,

2190 1599 2284 1669 qui
2330 1599 2399 1655 ad
2437 1601 2839 1671 perceptionem
2868 1602 3199 1672 evangelicae
3226 1603 3646 1673 apostolieaque
3673 1605 3777 1661 do-

2191 1691 2380 1746 ctrinm
2405 1690 2775 1747 saluberrimis
2804 1690 2923 1761 ejus
2951 1692 3411 1763 disputationibus
3439 1693 3778 1760 imbuuntur,

501 1793 721 1851 serunt,
755 1791 943 1854 utpote
969 1781 1062 1853 qui
1098 1781 1297 1852 ubique
1326 1780 1536 1835 cunctis
1558 1786 1614 1835 et
1651 1778 1821 1833 amori
1848 1777 2011 1831 fuerit
2039 1783 2091 1831 et
2126 1763 2166 1821 Β
2193 1789 2249 1836 et
2273 1782 2512 1852 quotidie
2538 1782 2592 1837 iu
2618 1783 2874 1838 membris
2898 1784 3144 1852 corporis
3168 1783 3371 1841 Christi
3414 1784 3469 1841 in
3511 1794 3779 1843 quantum

502 1878 721 1936 honori.
750 1876 905 1933 Unde
932 1875 1219 1937 resistatur
1249 1872 1448 1928 talibus
1474 1887 1611 1942 quos
1655 1869 1796 1926 male
1844 1882 2094 1925 crescere

499 1971 767 2027 videretis.
791 1968 956 2025 Nefas
992 1975 1078 2025 est
1112 1968 1227 2023 haec
1253 1967 1371 2038 pati
1404 1965 1683 2036 religiosas
1708 1965 1938 2029 animas,
1958 1977 2092 2033 qua-

503 2078 624 2119 rum
675 2061 1039 2128 allictatione,
1085 2060 1219 2130 quia
1269 2058 1513 2114 membra
1559 2066 1744 2111 nostra
1797 2062 1953 2118 sunt,
1992 2069 2092 2109 nos

501 2168 717 2225 quoque
764 2152 1020 2208 convenit
1069 2150 1336 2206 macerari
1374 2168 1388 2204 :
1435 2148 1684 2219 quamvis
1721 2154 1940 2201 maneat
1990 2146 2092 2201 hos

498 2243 776 2300 beatitudo
812 2242 1111 2312 promissa,
1136 2241 1442 2311 quicunque
1488 2238 1790 2310 probantur
1828 2250 2087 2306 persecu-

500 2334 707 2391 tionem
733 2342 954 2404 propter
969 2332 1236 2404 justitiam
1262 2330 1569 2386 sustinere:
1592 2327 1790 2398 quibus
1812 2325 1940 2396 quid
1964 2337 2091 2396 pro-

498 2427 682 2482 mittat
710 2426 973 2482 Deminus
1001 2424 1055 2480 in
1083 2423 1324 2478 futurum
1353 2436 1590 2493 sequens
1619 2434 1798 2476 sermo
1822 2417 2085 2472 declarat.

498 2517 617 2574 Non
643 2527 731 2574 est
751 2517 1026 2589 agentium
1056 2531 1220 2573 causa
1251 2515 1511 2581 solorum,
1529 2513 1746 2585 quando
1766 2511 2088 2568 universalis

498 2607 741 2664 Ecclesia
770 2620 1095 2676 quacunque
1121 2596 1360 2659 novitate
1411 2603 1673 2673 pulsatur.
1721 2599 2089 2670 Intelligamus

497 2700 616 2755 hac
642 2698 761 2769 ipsa
790 2695 943 2752 vobis
968 2710 1091 2767 quae
1117 2694 1273 2750 nobis
1319 2708 1427 2748 non
1469 2691 1683 2764 placent
1734 2690 2021 2763 displicere
2068 2706 2081 2744 :

495 2790 640 2864 quod
669 2790 743 2844 ita
766 2788 984 2845 demum
1010 2787 1243 2857 probare
1275 2784 1599 2856 poterimus,
1620 2784 1663 2838 si
1698 2782 1954 2853 imposito
1987 2783 2088 2836 im-

497 2879 682 2948 probis
705 2877 921 2932 silentio
949 2876 1017 2931 de
1053 2874 1149 2930 tali
1181 2874 1315 2930 rein
1352 2883 1630 2945 posterum
1660 2873 1879 2944 querela
1911 2885 2088 2927 cessa-

498 2970 596 3024 bit.
632 2990 652 3021 ι
695 2967 935 3023 Sanctus
959 2979 1176 3036 quoque
1211 2963 1446 3034 Prosper
1474 2964 1602 3018 hinc
1630 2963 1682 3017 in
1738 2959 1962 3030 cpistola
2014 2961 2085 3015 ad

498 3058 747 3114 Ruﬁnum
768 3056 840 3112 ita
860 3054 989 3111 dicit
1014 3071 1029 3109 :
1059 3072 1079 3107 ι
1112 3052 1243 3119 llas,
1270 3053 1541 3123 inquiens,
1564 3052 1852 3116 versutins,
1884 3050 2081 3121 quibus

495 3164 555 3203 se
582 3146 677 3202 filii
723 3146 1070 3203 tenebrarum
1113 3143 1171 3200 in
1210 3143 1616 3200 similitudinem
1665 3142 1896 3198 ﬁliorum
1941 3142 2078 3197 lucis

498 3238 885 3308 transﬁgurare
906 3237 1211 3300 voluerunt,
1241 3252 1365 3291 cum
1400 3244 1458 3291 et
1481 3234 1836 3292 Orientalium
1866 3236 2079 3304 episco-

495 3344 699 3398 porum.
735 3327 974 3398 judicia,
1021 3335 1079 3384 et
1123 3326 1433 3397 apostolico
1477 3325 1625 3382 sedis
1664 3326 1978 3389 auctoritas,
2023 3332 2080 3379 et

494 3417 883 3474 Africanorum.
904 3418 1265 3474 conciliorum
1313 3417 1593 3490 vigilantia
1639 3415 2077 3488 deprehenderit,

493 3508 843 3565 beatissimus
870 3525 1085 3581 quoque
1125 3509 1490 3581 Augustinus,
1519 3510 1786 3581 praecipua
1811 3509 1995 3579 utique
2023 3509 2076 3563 in

496 3601 599 3657 hoc
623 3609 865 3670 tempore
891 3601 1068 3671 portio
1112 3601 1326 3657 Domini
1371 3600 1735 3666 sacerdotum,
1765 3600 1982 3670 copiose
2022 3609 2079 3655 et

494 3693 719 3764 pulchre
761 3692 816 3747 in
863 3691 1049 3748 multis
1099 3692 1431 3748 voluminum
1485 3692 1936 3764 disputationibus
1986 3693 2079 3747 de-

480 3787 692 3842 struxit
733 3803 748 3841 :
789 3793 977 3857 utpote
1016 3785 1159 3840 inter
1190 3785 1360 3841 multa
1387 3784 1483 3841 Dei
1515 3786 1686 3850 dona,
1710 3784 1906 3855 quibtts
1925 3783 2075 3837 illum

492 3878 958 3934 abundantissime
1004 3877 1230 3949 Spiritus
1272 3877 1518 3932 veritatis
1567 3876 1842 3948 implevit,
1870 3875 2077 3931 habens

491 3971 654 4025 etiam
682 3971 825 4027 hanc
864 3970 1106 4026 scientia
1140 3979 1197 4025 et
1242 3968 1524 4040 sapientiae
1560 3983 1626 4024 ex
1670 3967 1763 4024 Dei
1806 3967 2079 4025 charitatc

489 4062 770 4127 virtutem,
795 4071 989 4117 utnon
1017 4060 1190 4117 solum
1221 4060 1384 4117 istam
1425 4061 1601 4118 adhuc
1628 4062 1681 4116 in
1707 4062 1821 4117 suis
1852 4060 2075 4117 detrun-

486 4156 796 4213 cationibus
816 4155 1205 4227 palpitantem,
1235 4157 1333 4212 sed
1361 4157 1527 4212 etiam
1555 4155 1753 4212 multas
1782 4156 1933 4225 prius
1962 4146 2075 4210 hee-

493 4262 642 4303 reses
668 4247 873 4303 invicto
898 4246 1044 4303 verbi
1074 4245 1255 4318 gladio
1296 4246 1613 4302 debellaret.
1663 4246 1761 4302 Cui
1809 4246 1955 4301 inter
1995 4253 2075 4300 tot

488 4341 850 4397 mertaminnm
879 4340 1104 4411 palmas,
1124 4341 1267 4396 inter
1296 4348 1372 4396 tot
1394 4342 1791 4411 triumphorum
1818 4356 2071 4405 coronas,

2191 1886 2254 1928 ea
2280 1871 2398 1942 ipse
2426 1871 2746 1943 multiplicat
2768 1873 3081 1933 dilatantur.
3110 1893 3130 1927 ι

2242 1965 2331 2021 ,Ει
2361 1967 2487 2021 item
2514 1967 2655 2021 idem
2681 1965 2918 2036 Prosper
2950 1967 3001 2021 itt
3037 1966 3176 2024 libro
3203 1983 3368 2037 quem
3394 1968 3565 2024 edidit
3584 1979 3777 2025 contra

2189 2057 2431 2115 Cassiani
2454 2059 2723 2129 quondam
2750 2060 2966 2121 abbatis
2988 2060 3205 2122 librum,
3232 2061 3322 2130 qui
3355 2070 3687 2131 prtenotatur
3705 2062 3778 2118 de

2188 2150 2530 2207 Protectione
2557 2150 2653 2207 Dei
2671 2192 2686 2215 ,
2717 2152 2784 2209 de
2815 2153 3296 2223 reprehensoribus
3318 2152 3579 2210 librorum
3601 2153 3777 2209 sancti

2187 2242 2492 2313 Augustini,
2514 2242 2720 2298 scilicet
2748 2245 2815 2299 de
2843 2245 3196 2313 tiom-ptione
3224 2253 3278 2299 ct
3308 2243 3519 2307 Gratia,
3537 2245 3605 2299 de
3630 2244 3777 2299 Ριξξ-

2188 2334 2551 2389 destinatione
2594 2344 2939 2398 sanctorum,
2993 2351 3058 2390 ac
3108 2334 3259 2391 Bono
3308 2337 3773 2404 perseverantiae,

2188 2438 2325 2493 quos
2373 2424 2520 2479 circa
2570 2424 2730 2479 finem
2761 2425 3029 2489 ediderat,
3077 2424 3151 2479 ita
3205 2433 3326 2496 post
3368 2423 3579 2481 laudent
3625 2426 3774 2481 beati

2186 2514 2472 2586 Augustini
2523 2531 2554 2570 a
2601 2513 2895 2571 leestino
2938 2516 3205 2584 prolatam
3253 2517 3387 2572 dicit
3433 2535 3450 2572 ;
3501 2536 3519 2569 ι
3565 2516 3771 2575 Contra

2188 2604 2347 2660 istam
2393 2603 2707 2660 clarissima:
2753 2603 3078 2662 laudationis
3124 2607 3331 2673 tubam,
3371 2616 3561 2663 contra
3608 2608 3768 2663 istam

2187 2697 2542 2753 sacratissimi
2572 2696 2865 2752 testimonii
2904 2697 3245 2768 dignitatem,
3275 2699 3441 2753 audet
3479 2699 3770 2769 quisquam

2187 2787 2434 2857 maligna:
2458 2787 2922 2856 interpretationis
2949 2803 3195 2843 murmur
3232 2789 3505 2853 emittere,
3549 2797 3608 2843 et
3646 2804 3769 2858 per-

2186 2879 2389 2948 spicere
2443 2877 2934 2945 sincerissimteqnc
2971 2877 3255 2930 sententiae
3299 2877 3495 2931 nubent
3535 2876 3771 2946 obliqua:

2186 2970 2558 3041 ambiguitatis
2580 2969 2914 3025 obtendere?
2943 2978 3000 3023 ut
3023 2969 3253 3034 scilicet,
3274 2970 3401 3040 quia
3444 2970 3497 3025 in
3540 2969 3769 3039 epistola

2186 3074 2335 3129 papa!
2356 3057 2634 3121 librorum,
2659 3073 2757 3128 pro
2784 3058 2979 3128 quibus
3007 3068 3186 3114 actum
3213 3070 3317 3123 est,
3341 3074 3447 3115 non
3478 3075 3771 3130 expressus

2181 3158 2266 3204 est
2296 3148 2497 3207 titulus,
2531 3148 2659 3203 hinc
2688 3163 2783 3203 eos
2803 3159 3060 3218 appareat
3080 3165 3184 3202 non
3213 3150 3487 3218 probatos.
3511 3158 3567 3204 et
3601 3150 3769 3207 istaut

2180 3241 2235 3296 in
2277 3250 2522 3296 sanctum
2579 3240 2940 3311 Augustinum
2995 3240 3359 3297 laudationem
3399 3256 3497 3311 pro
3520 3244 3762 3299 anterio-

2180 3346 2298 3385 rum
2350 3331 2676 3401 scriptonttn
2727 3331 2937 3386 meritis
2979 3331 3146 3387 fuisse
3187 3332 3458 3386 collatam.
3501 3352 3520 3383 ι
3549 3332 3617 3388 Et
3642 3340 3769 3402 post

2177 3422 2454 3491 aliquanta
2498 3439 2512 3476 :
2555 3441 2573 3473 ι
2607 3421 2919 3491 Αροειοιίριι
2946 3424 3090 3479 enim
3120 3424 3279 3479 sedes
3316 3425 3460 3494 quod
3497 3439 3529 3478 a
3564 3439 3763 3492 pramo-

2178 3512 2342 3584 guitis
2366 3512 2468 3567 sibi
2499 3528 2605 3567 non
2633 3513 2906 3583 discrepat
2929 3529 3053 3568 cum
3096 3515 3443 3585 pnecognitis
3468 3514 3682 3584 probat,
3702 3523 3762 3568 et

2179 3600 2324 3671 quod
2346 3600 2551 3667 judicio
2571 3599 2752 3671 jungit
2778 3601 2935 3655 laude
2960 3618 3066 3657 non
3112 3601 3322 3658 dividit.
3365 3602 3468 3670 Qui
3496 3618 3629 3674 ergo
3657 3602 3764 3660 bos

2175 3691 2421 3762 proxime
2450 3691 2627 3747 editos
2653 3692 2819 3748 libros
2846 3691 3114 3757 refutant,
3137 3694 3503 3751 anterior-ibus
3529 3696 3756 3766 acquie-

2176 3792 2351 3847 scant,
2382 3793 2437 3837 ct
2464 3783 2531 3838 iis
2555 3796 2675 3852 qua:
2723 3799 2821 3853 pro
2865 3785 3038 3854 gratia
3083 3783 3391 3841 Christiana
3437 3786 3589 3856 prius
3632 3795 3763 3843 sunt

2177 3876 2377 3946 scripta
2405 3866 2766 3929 consentiant.
2798 3873 2906 3930 Sed
2951 3892 3058 3930 non
3103 3875 3328 3933 faciunt.
3375 3876 3569 3934 Sciunt
3610 3878 3763 3934 enim

2174 3968 2353 4024 omnia
2386 3967 2685 4039 Pelagianis
2713 3982 2834 4022 esse
2859 3967 3153 4034 contraria,
3183 3978 3240 4023 et
3285 3968 3419 4025 nihil
3464 3971 3566 4028 sibi
3598 3985 3763 4041 posse

2175 4066 2483 4128 competere
2507 4058 2575 4113 ad
2602 4059 3049 4129 consequentium
3081 4058 3489 4125 resolutionem,
3534 4061 3579 4117 si
3628 4075 3759 4117 coa-

2176 4150 2431 4207 liteantur
2481 4152 2534 4206 in
2586 4139 3013 4220 praecedentibus
3076 4151 3380 4221 consistere
3445 4153 3754 4208 veritatem.

2172 4240 2343 4312 Igitur
2376 4238 2680 4309 hujusmodi
2718 4241 2994 4295 hominum
3018 4244 3277 4311 pravitati
3302 4259 3409 4299 non
3441 4252 3550 4297 tant
3575 4242 3761 4312 dispu~

2179 4332 2441 4386 tationum
2473 4331 2867 4401 st‘udio,quatn
2912 4333 3297 4388 auetoritatum
3342 4332 3623 4403 privilegio
3668 4348 3760 4388 re-

488 4434 555 4488 ad
588 4433 1035 4488 illuminationetn
1064 4432 1352 4497 Ecclesizc,
1384 4443 1439 4489 et
1482 4433 1548 4488 ad
1596 4433 1822 4505 gloriam
1867 4432 2067 4488 Christi

2185 4422 2473 4479 sistendum
2498 4432 2619 4477 cst:
2649 4431 2707 4477 ut
2735 4422 2802 4477 de
2834 4424 3090 4494 prostrati
3124 4424 3324 4481 dudum
3347 4423 3616 4490 dogmatis
3636 4437 3760 4477 cor-

489 4540 596 4594 qua
626 4523 743 4593 ipse
770 4522 1068 4578 illustratus
1089 4533 1173 4577 est
1197 4522 1522 4594 perfulgenti
1540 4565 1555 4588 ,
1583 4525 1803 4594 quidam
1852 4533 2065 4579 nostro-

489 4631 632 4680 rum,
647 4615 790 4685 quod
808 4614 877 4670 de
899 4613 1031 4685 ipsis
1051 4617 1278 4669 multum
1301 4614 1587 4670 dolendum
1609 4625 1715 4683 est,
1731 4614 1958 4671 occultis
1978 4614 2075 4669 sed

491 4721 595 4761 non
620 4705 907 4778 incognitis
927 4705 1394 4763 snsurrationibus
1415 4707 1779 4778 obloquuntur
1802 4725 1815 4761 :
1840 4717 1892 4762 et
1916 4715 2075 4779 prout

488 4799 591 4855 sibi
623 4798 887 4854 obnoxias
912 4798 1217 4869 aliquorum
1252 4814 1415 4855 aures
1439 4809 1881 4872 opportunasquc
1923 4815 2076 4870 repe-

490 4892 681 4957 rerint,
706 4891 908 4962 scripta
937 4889 1056 4961 ejus
1080 4891 1279 4962 quibus
1314 4908 1469 4949 error
1514 4892 1926 4962 Pelagianorum
1973 4894 2075 4949 im-

490 4991 759 5052 pugnatur
796 4981 1080 5049 infamant,
1103 4982 1345 5039 dicentes
1373 4998 1496 5039 eum
1526 4984 1756 5040 liberum
1787 4986 2071 5041 arbitrium

488 5072 704 5141 perdtus
726 5073 1070 5136 submovere,
1096 5081 1151 5129 et
1174 5074 1275 5129 sub
1304 5075 1495 5145 gratiae
1526 5076 1745 5131 nomine
1783 5078 2077 5132 necessita-

492 5172 597 5219 tem
627 5165 922 5235 prmdicare
947 5164 1195 5232 fatalem;
1228 5166 1544 5237 adjicitmtes
1567 5168 1731 5224 etiam
1760 5169 1895 5224 duas
1923 5169 2073 5225 illum

488 5254 712 5310 humani
747 5255 961 5326 generis
988 5269 1196 5311 massas
1219 5263 1277 5311 et
1305 5257 1440 5312 duas
1465 5257 1613 5313 credi
1646 5257 1783 5313 velle
1828 5267 2071 5324 naturas,

488 5351 551 5396 ut
577 5343 789 5400 scilicet
823 5353 986 5401 tantae
1012 5346 1231 5415 pietatis
1254 5346 1375 5402 viro
1413 5347 1755 5418 Paganorum
1801 5359 1857 5405 et
1900 5349 2073 5405 Mani-

490 5418 767 5490 chaeorum
788 5436 1094 5492 ascribatur
1121 5435 1391 5508 impietas.
1423 5438 1554 5507 Qua:
1576 5440 1621 5495 si
1653 5455 1777 5495 vera
1804 5451 1949 5506 sunt,
1978 5457 2078 5495 cur

491 5511 1096 5610 ipsillattﬂtegligeutes
1124 5531 1621 5602 ne~-dieemt-Iimpii
1674 5539 1819 5596 sunt,
1868 5540 1929 5586 ut
1967 5540 2077 5586 tam

493 5618 805 5690 almrpmm-V
818 5619 1114 5689 perniciem
1139 5621 1215 5677 ab
1234 5612 1489 5678 Ecclesia
1509 5628 1623 5677 non
1645 5622 1934 5693 repellant,
1966 5631 2077 5677 tam

492 5710 1195 5787 insanio-pitaétliealionibus
1242 5714 1691 5780 nonsresista'ut,
1742 5727 1839 5771 nec
1885 5712 2085 5769 saltem

2178 4530 2309 4586 pore
2355 4515 2558 4571 nullum
2605 4517 2907 4571 membrum
2967 4517 3178 4571 sinatur
3225 4530 3515 4587 assurgere
3563 4533 3579 4570 :
3630 4515 3763 4585 quia

2179 4616 2368 4663 notum
2391 4617 2476 4664 est
2523 4607 2596 4662 ita
2627 4623 2686 4663 se
2712 4607 2963 4665 falsitatis
2983 4609 3140 4663 istius
3166 4608 3370 4664 habere
3398 4609 3764 4669 versutias.ut

2178 4701 2231 4763 si.
2255 4702 2304 4755 ei
2346 4700 2524 4765 liceat,
2549 4708 2808 4769 prmtcnta
2853 4700 3214 4756 correctionis
3259 4700 3513 4770 imagine,
3544 4699 3763 4769 aliquod

2179 4791 2281 4845 sibi
2327 4790 2622 4844 faventiqu
2670 4789 2868 4845 radicis
2901 4805 3014 4845 suae
3038 4804 3259 4860 germen
3284 4790 3558 4859 excipere,
3591 4798 3763 4849 letam

2180 4896 2239 4935 se
2259 4882 2429 4951 possit
2458 4881 2510 4935 in
2534 4880 2731 4949 exigua
2751 4881 2832 4935 sui
2855 4891 3011 4950 parte
3039 4896 3315 4952 reparare.
3349 4880 3451 4938 Ubi
3480 4881 3628 4939 enim
3655 4896 3766 4937 non

2183 4973 2326 5028 aliud
2354 4973 2513 5031 habet
2551 4989 2763 5029 summa
2800 4990 2963 5044 quam
2991 4976 3191 5046 portio,
3219 4990 3325 5031 non
3351 4985 3437 5030 est
3463 4975 3769 5031 devotionis

2181 5065 2396 5121 dedisse
2421 5080 2586 5136 prope
2611 5075 2801 5131 totum,
2832 5068 2925 5122 sed
2956 5066 3162 5123 fraudis
3205 5067 3509 5123 restituisse
3543 5067 3625 5123 vel
3658 5067 3769 5122 mi-

2183 5155 2407 5211 nimum.
2432 5156 2586 5223 Quod
2617 5173 2684 5212 ne
2713 5158 3119 5229 ltvpocritarum
3169 5160 3483 5215 obtineatur
3532 5158 3765 5223 insidiis,

2182 5249 2505 5307 confidimus
2536 5249 2746 5305 Domini
2776 5250 3112 5320 protectione
3139 5251 3525 5321 praestandum,
3548 5250 3775 5320 utquod

2181 5351 2439 5412 operatus
2465 5351 2552 5399 est
2590 5342 2643 5397 ιιι
2689 5342 3028 5408 Innocentio,
3053 5343 3292 5409 Zosituo,
3321 5341 3620 5404 Bonifaeio,
3643 5342 3769 5398 Cae-

2179 5433 2400 5499 lestino,
2425 5441 2682 5504 operetur
2707 5443 2765 5491 et
2795 5434 2849 5489 in
2876 5434 3069 5506 Xysto,
3097 5424 3169 5490 et
3208 5434 3265 5489 in
3297 5433 3543 5489 custodia
3589 5431 3772 5487 Domi-

2181 5527 2285 5583 nici
2307 5526 2489 5597 gregis
2511 5526 2628 5581 hrec
2646 5528 2716 5582 sit
2738 5541 2865 5597 pars
2885 5527 3067 5598 glorize
3090 5526 3218 5583 huic
3240 5534 3517 5585 reservata
3539 5524 3767 5595 pastori,

2180 5626 2242 5675 ut
2265 5618 2407 5673 sicut
2432 5616 2507 5672 illi
2533 5616 2689 5687 lupos
2718 5618 2951 5689 abegere
2972 5616 3314 5684 manifestos,
3341 5618 3417 5673 ita
3462 5616 3552 5671 hic
3594 5612 3773 5684 depol.

2183 5707 2265 5786 lat
2287 5706 2532 5786 occultos
2562 5722 2578 5763 :
2611 5707 2703 5764 illo
2729 5708 2955 5764 auribus
2974 5709 3087 5765 suis
3112 5706 3412 5765 doctissimi
3445 5704 3591 5762 senis
3618 5702 3771 5758 inso-
