4052 6334
254 365 343 421 7'1"

1015 369 1102 426 DE
1137 370 1805 431 PRJEDESTINATIONE
1836 377 2297 439 ‘DISSERTATIO
2333 382 2741 444 POSTERIOR.
3432 399 3500 455 78

252 488 407 537 nantc
432 495 709 547 sermone,
734 495 842 551 quo
882 482 1306 541 collaborantem
1351 500 1536 542 secum
1576 487 1825 544 hortatus
1853 492 2138 555 A‘sionum
2195 503 2385 554 contra
2427 497 2609 555 Gallos
2661 515 2826 570 prave
2868 503 3164 564 sentientes
3210 508 3313 567 hoc
3363 512 3505 570 idem

249 582 329 629 est
370 572 767 629 dicens:Sunt
806 574 951 630 enim
995 576 1213 645 quidam
1258 577 1351 647 qui
1367 578 1687 647 «iustissime
1720 579 1821 649 13

247 667 528 720 damnatas
579 666 887 736 impietates
946 668 1123 723 adhuc
1178 669 1400 725 liberius
1461 669 1823 727 defendendas

241 766 452 826 putant,
488 766 546 811 et
573 768 699 811 sunt
734 758 827 827 qui
874 759 1465 828 occultius‘penetrant
1504 762 1716 826 domos,
1767 768 1825 816 et

238 848 380 916 quod
409 848 465 900 in
493 857 689 916 aperto
714 847 1083 917 clamarejam
1112 859 1381 915 metuunt,
1410 851 1462 904 in
1497 858 1711 906 secreto
1730 865 1821 906 se-

238 936 446 989 minare
504 951 613 991 non
660 937 966 1007 quiescunt.
1017 939 1157 993 Sunt
1208 947 1390 995 autem
1450 941 1541 1011 qni
1597 941 1820 997 omnino

236 1026 506 1081 siluerunt
534 1042 733 1098 magno
754 1029 951 1084 timore
976 1031 1294 1101 compressi,
1326 1033 1421 1087 sed
1459 1032 1635 1087 adhuc
1658 1033 1823 1088 corde

234 1118 543 1173 retinentes
561 1119 705 1187 quod
736 1135 837 1186 ore
864 1119 978 1189 jam
1024 1122 1269 1191 proferre
1307 1139 1414 1177 non
1461 1125 1682 1180 audent.
1715 1125 1819 1193 Qui

234 1216 415 1261 tamen
447 1220 575 1261 esse
598 1207 861 1264 fratribus
905 1221 1131 1280 possunt
1173 1228 1241 1267 ex
1287 1214 1467 1283 priore
1514 1215 1682 1284 ipsius
1724 1216 1821 1270 do-

230 1297 433 1366 gmatis
471 1296 786 1355 defensione
831 1303 1119 1357 notissimi.
1167 1304 1399 1361 Proinde
1440 1307 1529 1360 alii
1574 1308 1820 1364 severius

230 1397 355 1442 sunt
390 1392 703 1454 coercendi,
733 1393 824 1448 alii
865 1395 1179 1465 vigilantius
1218 1399 1541 1469 vestigandi,
1571 1400 1662 1455 alii
1707 1410 1820 1457 tra-

228 1480 408 1535 ctandi
441 1481 662 1550 quidem
690 1483 884 1547 lenius,
915 1486 1010 1539 sed
1030 1502 1135 1542 non
1165 1490 1385 1558 segnius
1406 1499 1532 1545 sunt
1561 1491 1813 1558 docendi,

229 1579 293 1623 ιιι·
311 1570 358 1625 si
388 1587 501 1626 non
532 1573 791 1627 timentur
818 1589 885 1629 ne
921 1578 1172 1644 perdant,
1197 1594 1302 1633 non
1331 1587 1511 1635 tamen
1540 1582 1817 1653 negligan-

230 1669 315 1715 tur
342 1677 423 1717 ne
440 1674 689 1733 pereant.
719 1663 1065 1722 Suﬂicicnter
1097 1676 1157 1722 ιιι
1202 1670 1440 1725 arbitror
1478 1673 1816 1728 demonstra-

227 1762 341 1807 tum
384 1763 476 1809 est
529 1746 950 1827 reprehensores
1001 1761 1175 1816 sancti
1241 1763 1522 1834 Augustini
1567 1773 1623 1820 et
1673 1782 1812 1821 vana

1924 583 2257 640 demonstrat
2274 588 2459 643 dicens
2483 607 2497 643 :
2524 609 2544 642 ι
2559 590 2889 660 Doctrinam,
2917 594 3108 667 inquit,
3123 614 3284 669 quam
3304 615 3508 660 sanciat

1923 674 2200 727 memoriae
2238 675 2570 744 Augustinus
2613 683 2894 752 episcopus
2927 694 3116 742 contra
3162 688 3503 763 Pelagianos,

1923 758 2172 815 inimicos
2196 765 2383 832 gratiae
2403 765 2600 821 Christi
2623 777 2678 823 ct
2697 769 2848 826 liberi
2869 774 3079 829 arbitrii
3106 758 3504 850 decemptores,

1921 859 2018 915 per
2069 847 2268 903 multos
2321 864 2491 906 annos
2535 853 2825 923 apostolico
2872 861 3138 926 asseruit,
3197 847 3503 936 litterisque

1921 935 2213 1002 mandavit,
2241 939 2558 1009 quibusdam
2586 943 2760 998 visum
2783 955 2867 1002 est
2891 957 2982 1002 aut
3014 966 3120 1007 non
3155 935 3504 1029 intelligendi,

1920 1033 2015 1080 aut
2044 1026 2262 1098 intelligi
2292 1044 2411 1084 eam
2436 1030 2665 1089 nolendo
2692 1036 3110 1106 reprehendere,
3144 1052 3200 1097 et
3225 1026 3509 1119 hoc—quasi

1920 1119 2295 1187 compendium
2334 1123 2655 1192 cognitionis
2699 1124 2784 1181 bis
2815 1127 2908 1197 qui
2944 1128 3150 1199 judicio
3191 1148 3377 1190 eorum
3405 1136 3503 1192 du-

1919 1206 2182 1263 cebantur
2208 1209 2423 1277 aﬂ‘erre,
2458 1222 2518 1270 ut
2547 1230 2668 1284 quae
2695 1216 2749 1271 in
2779 1216 2929 1274 libris
2955 1222 3195 1290 praedicti
3225 1224 3324 1280 viri
3354 1225 3507 1284 dam-

1919 1300 2114 1355 nabiiia
2140 1316 2199 1357 se
2228 1305 2496 1375 reperisse
2515 1304 2813 1375 jactabant,
2861 1309 3106 1368 brevium
3146 1316 3502 1387 capitulorum

1917 1388 2167 1448 indiculis
2201 1394 2578 1464 publicarent,
2624 1398 2824 1471 talique
2852 1414 3158 1461 commento
3186 1414 3240 1463 et
3266 1406 3503 1464 detesta—

1917 1478 2117 1535 tionem
2156 1483 2275 1554 ejus
2301 1500 2462 1555 quem
2489 1488 2811 1558 impeterent
2846 1492 3173 1561 obtinerent,
3222 1505 3277 1551 et
3321 1500 3391 1555 ab
3416 1500 3503 1557 his

1915 1584 2034 1637 qua:
2065 1570 2419 1631 infamassent
2443 1591 2631 1634 curam
2651 1581 2896 1636 exterriti
2928 1582 3146 1640 lectoris
3166 1598 3498 1646 averterent.
3524 1648 3529 1655 ,

1913 1659 1991 1714 Ne
2011 1676 2141 1732 ergo
2172 1663 2313 1720 hanc
2336 1669 2742 1734 persuasionem
2778 1680 2979 1729 temere
3021 1677 3143 1745 quis
3174 1679 3423 1750 recipiat,
3445 1692 3503 1738 et

1915 1751 2075 1806 talem
2102 1762 2256 1824 putet
2276 1771 2494 1813 sensum
2523 1761 2742 1831 scriptis
2760 1764 3013 1821 catholici
3036 1767 3215 1824 inesse
3237 1770 3499 1836 doctoris.

224 1842 574 1912 0145mm,“
602 1856 751 1902 recta
793 1849 1144 1919 impugnare,
1187 1860 1243 1907 ει
1290 1867 1452 1922 prava
1499 1854 1809 1923 defendere,
1840 1839 1886 1899 Β
1913 1844 2128 1914 qualem
2184 1862 2306 1901 eum
2358 1850 2449 1919 qui
2504 1849 2704 1908 frustra
2758 1855 3153 1913 calumniantur
3200 1871 3499 1930 ostentant,

224 1945 743 2007 peremptorumque
764 1940 935 1993 annis
956 1941 1271 1998 intestinum
1300 1943 1494 1999 bellum
1514 1960 1813 2014 moventes,

224 2024 384 2081 dictis
414 2026 620 2082 divinis
646 2039 813 2099 atque
845 2030 1099 2088 lnnnanis
1133 2034 1614 2093 constitutionibus
1651 2040 1818 2095 rebel-

222 2116 356 2173 lare.
389 2118 635 2186 Quorum
662 2129 867 2185 tamen,
888 2124 1014 2178 dum
1039 2125 1217 2181 adhuc
1242 2142 1348 2182 non
1379 2136 1505 2182 sum
1524 2144 1553 2182 a
1579 2131 1813 2189 fraterna

228 2209 500 2265 societate
523 2210 704 2277 divisi,
738 2214 1015 2269 toleranda
1049 2217 1223 2286 magis
1263 2228 1348 2273 est
1384 2219 1623 2275 intentio
1648 2238 1813 2293 quam

222 2300 562 2369 desperanda
590 2305 862 2359 correctio
893 2324 905 2358 :
935 2315 995 2360 ut
1017 2307 1190 2364 donec
1222 2308 1484 2365 Dominus
1509 2328 1605 2381 per
1630 2312 1814 2369 Eccle-

220 2390 315 2444 sia:
341 2391 641 2463 principes,
667 2403 726 2449 et
758 2394 1028 2467 legitimos
1048 2397 1374 2465 iudiciorum
1400 2418 1621 2459 suorum
1655 2405 1815 2459 mini-

220 2485 533 2549 siros,me
560 2500 682 2555 qure
728 2503 830 2557 per
876 2506 1172 2560 paucorum
1218 2495 1525 2563 superbiam
1572 2506 1627 2551 et
1673 2513 1810 2567 quo-

193 2571 472 2628 rumdam
495 2575 821 2645 imperitiam
847 2587 979 2635 sunt
1011 2580 1245 2643 turbata,
1280 2593 1601 2653 componat,
1634 2587 1808 2653 nobis,

222 2662 333 2719 Deo
373 2664 689 2732 adiuvante,
724 2666 1094 2735 sitstudium,
1122 2671 1307 2741 quieta
1341 2675 1688 2745 modesteque
1712 2693 1810 2746 pae

220 2756 411 2810 tientia
470 2756 614 2812 odiis
663 2758 1010 2815 dilectionem
1073 2763 1299 2818 reddere
1323 2804 1338 2830 ,
1390 2772 1444 2820 et
1499 2766 1809 2836 ineptornm

219 2845 395 2900 vitare
419 2846 703 2904 entitlictus
734 2867 749 2903 :
779 2851 1063 2907 veritatem
1086 2869 1197 2909 non
1228 2855 1513 2922 deserere,
1540 2870 1643 2913 nec
1682 2873 1808 2914 cum

218 2934 461 2990 falsitate
501 2944 736 3003 certare,
780 2955 1100 3013 semperque
1145 2959 1179 2998 a
1228 2944 1340 3001 Deo
1381 2957 1591 3015 petere,
1638 2956 1700 3003 nt
1753 2950 1815 3005 in

216 3027 477 3083 omnibus
500 3028 951 3098 cogitationibus,
977 3034 1033 3088 in
1061 3036 1312 3092 omnibus
1340 3037 1728 3105 voluntatibus,
1750 3042 1807 3095 in

214 3118 473 3173 omnibus
521 3121 860 3177 sermonibus
904 3138 1046 3193 aque
1091 3125 1395 3183 actionibus
1438 3129 1656 3193 nostris,
1691 3130 1806 3200 ipse

217 3214 399 3260 teneat
423 3206 715 3276 primatum
747 3210 920 3279 quise
950 3182 1088 3267 dixit
1114 3228 1237 3271 esse
1261 3182 1804 3288 principiuminuo-Z
1832 3182 1877 3244 Ο

212 3296 359 3351 niam
390 3308 459 3351 ex
488 3296 628 3368 ipso,
651 3307 705 3353 et
729 3315 830 3370 per
858 3301 1053 3372 ipsum,
1083 3310 1140 3358 et
1175 3304 1230 3358 in
1268 3306 1384 3375 ipso
1423 3316 1552 3363 sunt
1587 3309 1801 3375 omnia,

212 3389 312 3461 ipsi
355 3390 528 3459 gloria
569 3392 622 3445 in
662 3393 875 3448 sazcula.
913 3394 1107 3451 Amen.
1144 3416 1164 3449 ι
1191 3397 1257 3452 Ει
1286 3399 1417 3454 item
1443 3398 1674 3471 Prosper
1698 3400 1805 3456 Ca-

213 3479 365 3535 millo
391 3488 441 3533 et
478 3479 762 3537 Theodoro
787 3482 1136 3541 Jannensium
1165 3488 1493 3560 presbyteris
1515 3491 1759 3547 scribens
1783 3506 1800 3547 :

216 3588 235 3622 ι
268 3569 327 3625 In
372 3570 550 3637 libris,
598 3572 805 3643 inquit,
835 3574 1009 3630 beate
1049 3579 1323 3633 memoria:
1362 3579 1647 3652 Augustini
1685 3583 1800 3654 (ιρί-

207 3662 380 3734 scopi,
406 3677 640 3725 utrorum
672 3665 857 3723 titulus
882 3676 971 3722 est
994 3668 1061 3725 de
1081 3668 1561 3728 Prasdestinatione
1584 3683 1803 3731 sancto-

207 3768 353 3816 rum,
376 3753 625 3823 quaedam
654 3757 993 3813 sanctitatem
1032 3768 1268 3816 vestram
1313 3761 1398 3816 vel
1446 3762 1657 3819 insolita
1706 3774 1802 3821 aut.

208 3843 391 3897 minus
410 3842 557 3898 clara
590 3855 890 3911 moverunt,
912 3863 1032 3919 quae
1058 3851 1122 3905 ad
1149 3850 1505 3908 humilitatem
1530 3870 1706 3911 meam
1731 3857 1801 3914 de

204 3944 466 3990 contextu
511 3936 887 4005 disputationis
928 3951 1184 4012 excerpta
1220 3944 1473 4008 misistis,
1499 3954 1557 4001 ut
1585 3962 1693 4017 quo
1722 3948 1800 4004 in-

205 4024 424 4080 tellecta
469 4038 647 4095 quove
669 4026 876 4097 judicio
901 4045 964 4087 ea
996 4034 1297 4102 acciperem
1339 4038 1659 4101 nosceretis,
1694 4058 1712 4090 ι
1743 4046 1801 4094 et

205 4118 440 4189 reliqua.
473 4118 543 4173 Et
577 4119 709 4176 item
752 4121 804 4179 iu
842 4122 981 4180 libro
1022 4125 1114 4195 qui
1165 4125 1408 4181 titnlatur
1456 4128 1523 4180 de
1569 4127 1799 4200 lngratis

202 4219 393 4265 contra
420 4210 762 4282 Pelagianos,
784 4214 1028 4287 aliosque
1058 4217 1369 4285 haereticos,
1411 4234 1642 4290 quorum
1694 4221 1797 4277 ibi-

201 4299 325 4356 dem
355 4303 580 4359 nomina
594 4305 983 4378 designantur:

321 4432 501 4509 Coth
520 4438 845 4509 Augustinum
867 4448 1090 4509 narratur
1109 4457 1313 4509 serpere
1338 4446 1532 4509 quidam

382 4497 627 4561 Scriptor:
648 4516 797 4563 quem
815 4504 994 4553 dudum
1021 4508 1140 4555 livor
1162 4497 1514 4559 adussit'edax.

321 4556 464 4631 inter
486 4556 633 4615 multa
654 4556 754 4631 suis
775 4580 885 4631 qua
908 4569 1012 4616 trad
1030 4567 1101 4616 dit
1124 4556 1497 4631 haereatarclies,

489 4627 760 4695 cognoscis,
787 4618 875 4695 ait,
898 4637 1136 4689 naturam,
1156 4643 1267 4695 quae
1290 4618 1409 4680 bona
1436 4618 1553 4682 facta
1578 4639 1677 4695 est,

248 4716 251 4717 ν
316 4679 480 4753 {initis
499 4679 612 4753 cu'm
637 4679 764 4753 vittis
786 4689 833 4753 in
856 4679 1097 4753 quoquam
1120 4679 1316 4741 ἑ)ιῖιηίηο
1336 4679 1512 4751 creari,

318 4741 427 4814 ﬁse
446 4748 670 4814 cuiquam
696 4750 833 4814 primi
855 4741 1043 4812 culpam
1069 4755 1289 4802 mouisse
1315 4741 1549 4814 parcttli'r,

318 4801 383 4876 ξι
407 4801 636 4876 quoniam
656 4801 780 4876 tales
802 4801 1056 4860 nasca'utnr
1079 4801 1205 4862 nunc
1227 4801 1444 4875 quo'que,
1469 4801 1625 4876 qualis

321 4864 411 4933 ille
427 4864 530 4933 iuit
554 4873 705 4933 nostri
728 4876 929 4933 generis
950 4881 1088 4929 pater
1106 4883 1219 4925 ante
1245 4864 1458 4932 iustum}

320 4926 887 4999 {assertiomiuenisine
897 4926 1094 4999 peccato
1111 4939 1378 4986 decurrere
1404 4926 1565 4999 vitam,

321 4988 538 5058 $i_relit,
564 5000 616 5040 ut
636 4997 789 5058 potuit
812 4988 941 5045 nullo
961 4996 1258 5058 delinquere
1281 5000 1464 5058 primus

324 5049 579 5117 Libertate
598 5049 705 5103 sua.
728 5055 917 5117 Nempe
943 5059 1047 5107 hinc
1063 5049 1292 5108 damnata
1309 5060 1477 5108 fateris

318 5111 564 5179 gon-ciliis,
589 5111 868 5179 mundique
880 5132 1043 5169 manu.
1069 5119 1320 5171 Counectit
1346 5128 1395 5170 et
1422 5118 1539 5169 illud

203 5154 305 5226 14
324 5154 1021 5239 ELEH'aEEtE'rIHJAJiei'ﬁ;
1030 5154 1261 5230 sancio:
1248 5154 1439 5231 miserit
1461 5186 1575 5231 olim

317 5234 560 5305 εξοειοιιιιιι
586 5239 634 5285 iu
654 5234 887 5305 regnum,
906 5243 1033 5291 sicut
1055 5253 1182 5290 nunc
1204 5246 1362 5305 gratia
1386 5246 1546 5295 mittit.

315 5295 423 5366 iiut:
445 5310 643 5358 quoque
663 5295 1031 5366 judiciosaucto
1048 5305 1144 5366 scis
1167 5295 1278 5355 esse
1302 5313 1628 5366 peremptum.

319 5356 831 5429 ijertumesialiud
854 5364 1211 5429 ipsumgdixisse
1234 5356 1539 5429 magistrum,

317 5418 454 5490 Quod
464 5489 469 5490 ν
479 5422 672 5490 meritis
695 5418 952 5490 hominum
965 5431 1000 5474 ιι
1012 5426 1205 5490 ibuatnr
1231 5418 1384 5490 gratia
1409 5418 1601 5490 Christi,

317 5484 562 5551 Quantum
580 5484 791 5551 quisque
810 5483 905 5551 Dei
922 5485 1064 5551 donis
1080 5500 1134 5551 se
1159 5483 1337 5551 iecorlt
1354 5501 1537 5551 aptum.

318 5540 418 5614 ξω
444 5540 870 5614 ιιίιιιὶειιύιίξιξυιιι
888 5548 978 5596 hoc
1001 5547 1111 5614 lidei
1141 5540 1439 5614 nimiumque
1457 5562 1745 5614 repugnans

313 5600 438 5672 gae
462 5605 653 5672 videns,
676 5605 803 5657 dixit
823 5619 879 5657 se
905 5621 999 5658 non
1023 5612 1089 5659 ita
1108 5610 1337 5672 credere,
1360 5600 1416 5662 'ct
1436 5600 1544 5662 ilioi

313 5663 544 5716 Damnart
568 5667 763 5732 dignos,
789 5682 995 5733 quorum
1019 5683 1159 5736 mons
1180 5672 1271 5723 ista
1293 5663 1505 5733 teneret,

262 5760 465 5821 Verum
484 5775 541 5823 et
559 5767 614 5823 in
640 5768 963 5828 Prmi’atione
981 5773 1345 5846 objectionum
1368 5785 1528 5848 atque
1544 5792 1771 5850 respon-

1916 1936 2139 2007 singnlis
2166 1939 2433 2010 capitulis,
2461 1958 2582 2013 qua:
2622 1945 2982 2006 damnationis
3029 1950 3185 2008 titulo
3230 1967 3502 2024 praenota»

1916 2037 2080 2095 runt,
2131 2024 2282 2085 b'revi
2325 2039 2381 2087 et
2415 2030 2658 2090 absoluta
2705 2036 3038 2108 professione
3080 2045 3416 2112 respondeo:
3445 2047 3502 2103 in

1915 2120 2060 2175 nullo
2109 2123 2369 2180 recedens
2415 2140 2448 2181 a
2492 2127 2709 2184 tramite
2742 2143 2927 2186 earum
2956 2129 3352 2203 dilliuitionuni,
3382 2153 3501 2208 qua:

1915 2209 1967 2263 in
1990 2211 2162 2267 sancti
2194 2213 2293 2266 viri
2342 2213 2795 2284 disputationibus
2840 2222 3225 2280 continentur:
3252 2236 3312 2283 ut
3340 2226 3505 2285 facile

1912 2298 1996 2353 vel
2022 2301 2195 2356 tenuis
2217 2302 2506 2374 diligentiae
2531 2308 2780 2365 advertat
2812 2309 3102 2382 inspector,
3153 2332 3318 2387 quam
3356 2317 3501 2390 inju-

1912 2390 2012 2446 stis
2055 2394 2360 2463 opprobriis
2401 2397 2652 2455 catholici
2697 2402 3065 2471 pratdicatoris
3087 2410 3349 2466 memoria
3373 2426 3500 2471 car-

1911 2489 2092 2549 patur,
2118 2491 2173 2537 et
2213 2483 2267 2539 in
2309 2488 2451 2557 quod
2492 2498 2773 2557 peceatum
2809 2491 3004 2548 cadant
3023 2495 3115 2565 qui
3140 2496 3315 2554 aliena
3341 2500 3500 2557 iusti-

1911 2572 2128 2641 gation‘e
2182 2579 2436 2633 commoti
2490 2580 2809 2651 scriptorem
2871 2571 3206 2644 celeberrimi
3261 2591 3500 2653 nominis

1909 2665 2211 2735 promptius
2253 2666 2486 2724 habeant
2526 2671 2745 2742 culpare
2772 2689 2934 2744 quam
2983 2691 3196 2732 nosse.»

1982 2755 2109 2812 Haec
2148 2767 2353 2826 autem,
2395 2776 2515 2830 quae
2539 2762 2748 2833 prolata
2776 2776 2902 2821 sunt
2929 2783 2959 2821 a
2986 2778 3176 2826 sancto
3204 2769 3499 2833 leestino

1909 2856 1964 2900 et
2005 2847 2166 2903 beato
2199 2848 2464 2922 Prospero
2505 2854 2558 2908 in
2591 2856 2969 2926 redargutione
3010 2869 3066 2916 et
3095 2866 3501 2934 compressione

1910 2953 1978 2993 ex
2023 2940 2206 2996 verbis
2256 2942 2398 2997 beati
2446 2943 2729 3026 Augustini
2783 2947 2941 3017 hujus
2995 2967 3149 3010 nova:
3204 2955 3503 3026 haereseos,

1912 3037 2032 3084 acta
2062 3040 2190 3086 sunt
2221 3043 2346 3102 post
2380 3018 2779 3108 obitum‘ipsius
2806 3039 3102 3099 doctissimi
3146 3054 3205 3102 et
3243 3018 3499 3108 catholici

1910 3122 2033 3188 viri,
2065 3125 2304 3181 secundo
2329 3142 2471 3182 anno
2496 3139 2779 3201 postquam
2812 3133 2928 3203 ipse
2951 3134 3104 3192 obiit.
3158 3139 3227 3195 Et
3263 3157 3493 3217 congre-

1908 3220 2072 3282 gata,
2117 3214 2256 3270 sicut
2301 3215 2533 3288 Prosper
2578 3220 2632 3275 in
2674 3222 2937 3279 Chronica
2972 3241 3071 3282 sua
3122 3214 3495 3303 detnonstrat,

1905 3304 2045 3371 apud
2074 3304 2342 3375 Ephesum
2372 3309 2494 3379 plus
2524 3311 2875 3370 ducentorum
2895 3319 3100 3389 synodo
3121 3325 3492 3394 sacerdotum,

1905 3394 2187 3454 Nestorius
2229 3416 2351 3456 cum
2383 3403 2572 3458 haeresi
2599 3406 2836 3463 nominis
2874 3409 2981 3477 sui,
3033 3419 3091 3467 et
3129 3430 3253 3471 cum
3305 3418 3493 3476 multis

1903 3486 2228 3560 Pelagianis,
2260 3493 2350 3563 qui
2377 3506 2666 3566 cognatum
2712 3500 2887 3555 errori
2930 3517 3029 3558 suo
3066 3503 3334 3573 iuvabant
3390 3511 3488 3567 do-

1903 3594 2046 3651 gma,
2070 3582 2374 3641 damnatur.
2427 3586 2533 3643 Sed
2562 3597 2619 3644 et
2643 3600 2866 3649 sanctus
2888 3592 3189 3664 Liberatus,
3218 3600 3491 3657 archidiav

1903 3685 2071 3740 conus
2114 3673 2369 3733 Ecclesia:
2395 3664 2741 3752 Carthaginis
2763 3683 2999 3755 regionis
3026 3698 3218 3757 sexta,
3264 3692 3318 3747 in
3358 3691 3492 3749 Bre-

1900 3763 2072 3821 viario
2098 3782 2274 3824 causa:
2292 3769 2736 3830 Nestorianorum
2777 3784 2836 3832 et
2874 3777 3333 3852 Eutychiauoru
3374 3785 3492 3843 col-1

1900 3854 2042 3913 lecto
2088 3858 2160 3913 ita
2207 3861 2275 3915 ad
2326 3861 2505 3919 locum
2545 3867 2679 3923 dicit
2720 3866 2857 3947 (cap.
2908 3871 2966 3944 4)
2996 3891 3009 3927 :
3045 3893 3065 3927 ι
3094 3874 3327 3948 Cyrillus
3356 3893 3502 3935 vero

1900 3962 1999 4017 per
2026 3948 2371 4008 Posidonium
2401 3956 2688 4015 diaconum
2721 3976 2881 4019 suum
2922 3967 3108 4022 retulit
3134 3969 3201 4025 de
3230 3969 3489 4030 Nestorio

1898 4053 2050 4110 papa:
2086 4041 2399 4111 Ctelestino,
2445 4056 2501 4103 et
2538 4049 2668 4119 quid
2714 4050 3181 4129 Constantinopoli
3231 4076 3487 4133 ageretur

1897 4129 1946 4183 ei
1977 4147 2071 4200 per
2096 4134 2383 4202 epistolam
2414 4153 2571 4195 suam
2597 4140 2868 4213 allegavit.
2903 4165 2924 4200 ι
2967 4148 3039 4203 Ει
3055 4162 3179 4220 post
3205 4129 3484 4225 aliquanta

1898 4220 2036 4293 (cap.
2082 4223 2137 4293 5)
2170 4243 2183 4279 :
2222 4227 2568 4298 «imperator
2617 4247 2831 4290 sacram
2874 4246 2931 4291 ct
2976 4239 3136 4297 beato
3177 4220 3507 4315 Augustino~

1896 4311 2375 4388 Hipponeregiensi
2426 4319 2678 4393 episcOpo
2724 4340 2823 4396 per
2852 4326 3153 4401 Ebagnium
3177 4311 3484 4405 Magistria-

1896 4419 2024 4460 num
2052 4406 2291 4478 scripsit,
2316 4418 2376 4465 ut
2401 4411 2500 4482 ipsi
2526 4414 2755 4473 concilio
2780 4417 2884 4490 15
2917 4431 3199 4490 przestarct
3226 4426 3311 4483 sui
3337 4443 3478 4498 prae-

1817 4529 1871 4590 D
1896 4496 2126 4567 sentiam
2167 4517 2180 4552 :
2228 4501 2321 4570 qui
2368 4501 2639 4574 Ebagnius
2679 4511 2903 4569 veniens
2943 4496 3480 4587 Cartltaginemma-

1896 4601 2076 4656 gnam,
2105 4590 2311 4645 audivit
2346 4607 2377 4646 a
2412 4592 2672 4664 Capreolo
2700 4598 2873 4668 ipsius
2904 4603 3052 4678 urbis
3081 4607 3327 4667 antistite
3351 4611 3480 4667 bea-

1896 4685 2009 4730 tum
2057 4676 2417 4748 Augustinum
2446 4699 2512 4741 ex
2549 4686 2655 4742 hoc
2681 4692 2884 4748 mundo
2907 4676 3169 4764 migrasse
3191 4700 3259 4754 ad
3289 4699 3475 4759 Domi-

1893 4781 2054 4832 num,
2111 4771 2454 4841 acceptisque
2507 4776 2575 4831 ab
2622 4792 2687 4833 eo
2728 4783 2796 4835 ad
2847 4783 3229 4854 imperatorem
3277 4790 3475 4855 litteris

1892 4858 2236 4931 loquentibus
2261 4866 2329 4921 de
2355 4868 2506 4923 obitu
2545 4871 2688 4927 beati
2736 4874 3042 4946 Augustini,
3093 4880 3474 4942 Constantino-

1890 4956 2052 5026 polim
2078 4961 2221 5017 unde
2247 4972 2472 5019 venerat
2499 4967 2679 5023 rediit.
2728 4967 2899 5026 Porro
2928 4972 3219 5045 Capreulus
3256 4980 3471 5034 archic-

1886 5048 2137 5120 piseopus
2191 5062 2412 5122 propter
2453 5055 2684 5127 impetus
2728 5058 3139 5129 Wandalorum,
3187 5066 3472 5126 Africanas

1886 5140 2137 5221 regiones
2158 5143 2539 5210 obsidentium,
2583 5149 2892 5208 universale
2918 5156 3209 5211 concilium
3234 5173 3465 5230 congre-

1885 5217 2014 5299 gare
2046 5247 2152 5287 non
2193 5232 2398 5302 valens,
2446 5235 2728 5296 Vessulam
2777 5243 3061 5301 diaconum
3108 5263 3269 5304 suum
3321 5217 3491 5307 misit»

1885 5320 2157 5392 Ephesum
2203 5325 2271 5381 ad
2317 5328 2607 5387 concilium
2659 5332 2914 5405 legatum.
2972 5336 3301 5396 leestinus
3336 5356 3467 5398 vero

1882 5428 2019 5483 papa
2050 5415 2324 5475 Romanus
2352 5421 2571 5492 scripsit
2620 5423 2872 5482 Nestoris
2918 5427 3302 5499 increpationis
3342 5435 3432 5505 cpi
3454 5460 3493 5480 ..

1884 5504 2102 5571 stolam,
2131 5525 2152 5560 ι
2191 5517 2247 5563 et
2280 5513 2583 5581 sequentia.
2643 5514 2752 5570 Sed
2784 5525 2844 5572 et
2887 5530 3187 5576 memorata
3220 5504 3461 5595 epistola

1881 5595 2152 5666 Capreoli,
2175 5616 2295 5670 quae
2320 5618 2351 5656 a
2374 5604 2530 5660 nobis
2552 5613 2607 5661 et
2632 5620 2664 5660 a
2688 5606 2874 5664 multis
2922 5609 3172 5677 habetur,
3220 5614 3338 5672 haec
3387 5617 3462 5671 ita

1881 5703 1941 5745 se
1991 5691 2195 5749 habere
2241 5702 2490 5762 testatur,
2523 5697 2666 5754 sicut
2713 5698 3017 5771 legentibus
3059 5706 3304 5762 narratio
3344 5706 3471 5776 ipsa

1880 5780 2182 5839 conﬁrmat.
2210 5782 2409 5843 Contra
2437 5802 2602 5857 quam
2629 5788 2878 5848 haeresim
2904 5797 3225 5853 venerandae
3250 5811 3483 5852 mentum
