4052 6334
532 300 604 356 79
1500 293 1829 351 iIiNCMARi
1870 261 2260 349 nnsuENSts
2294 292 2806 351 ARCHIEPISCOPI
3004 290 3009 295 ‘
3715 295 3817 355 εον

533 411 629 467 ria:
680 408 1008 479 Augustinus
1036 447 1051 471 ,
1098 406 1238 462 sicut
1292 414 1480 462 contra
1527 406 1660 461 aliis
1702 406 1897 462 solitus
1948 414 2103 473 erat,
2132 406 2180 469 Α
2209 403 2513 474 Loquentes
2538 420 2667 478 ergo
2687 407 2753 463 de
2776 406 2874 462 Dei
2905 407 3076 478 gratia
3112 414 3169 462 et
3194 406 3499 465 ohedientia
3530 411 3785 479 hominis,

530 513 705 560 morte
741 510 1041 574 pneventus
1078 501 1294 572 speciali
1323 500 1505 557 labore
1528 498 1769 570 nequivit
1796 498 2103 570 confligere.
2136 538 2149 549 .

530 593 693 648 Forte
723 591 1041 662 etiamquia
1070 605 1168 661 pro
1203 600 1352 647 certo
1391 591 1458 646 ad
1510 602 1663 646 suam
1716 606 1822 645 non
1864 589 2107 660 pervenit

532 685 779 740 notitiam
814 703 826 738 :
859 699 1022 754 quam
1048 682 1093 738 si
1128 682 1405 738 evidenter
1445 683 1769 751 agnovisset,
1813 680 1958 736 credi
2002 694 2105 751 po-

520 782 631 828 test
656 772 1180 844 de‘ipsius'fervoris
1225 771 1341 825 zelo
1379 784 1508 842 erga
1552 771 1673 827 ﬁdei
1715 770 2102 837 sinceritatem,

528 860 652 934 quia
674 878 779 920 non
802 863 1076 918 omitteret
1101 863 1230 933 quin
1256 871 1441 918 contra
1470 863 1613 917 illam
1648 864 1886 919 scribere
1913 878 2104 934 procu-

527 965 675 1011 raret
699 973 714 1012 :
740 955 883 1011 sicut
915 963 971 1010 et
994 963 1181 1009 contra
1206 954 1386 1020 istam,
1409 967 1528 1024 quae
1561 955 1699 1025 apud
1741 950 1923 1009 Gallos
1963 955 2106 1009 exci-

525 1054 640 1101 tata
678 1059 776 1115 per
817 1044 1143 1113 Prosperum
1187 1053 1241 1099 et
1281 1044 1537 1098 Iiilarium
1589 1044 1689 1098 sibi
1746 1045 1996 1107 innotuit,
2048 1052 2104 1099 et

526 1146 687 1191 antea
721 1138 773 1191 in
802 1135 1074 1191 Africanis
1096 1135 1402 1205 regionibus
1430 1142 1754 1189 commotam
1805 1151 1909 1189 non
1949 1135 2103 1207 igno—

525 1229 689 1294 ravit,
720 1228 915 1298 cuique
940 1240 1136 1282 nomen
1164 1227 1305 1298 quod
1336 1237 1520 1298 postea
1563 1229 1773 1298 accepit
1815 1245 1920 1283 non
1964 1229 2102 1284 indi-

525 1318 625 1383 dit,
664 1318 788 1388 quia
832 1318 887 1371 in
929 1332 1027 1372 suo
1074 1325 1315 1387 tempore
1355 1332 1666 1387 compressa
1717 1319 1948 1388 pleniter
1989 1334 2100 1375 non

524 1407 813 1462 obmutuit.
871 1406 975 1462 Sed
1010 1415 1131 1478 post
1159 1406 1362 1462 obitum
1405 1407 1566 1472 illius,
1614 1410 1935 1465 auctoritate
1980 1424 2103 1480 apo-

523 1483 729 1555 stolicae
772 1498 946 1567 sedis,
993 1513 1091 1569 per
1133 1499 1349 1554 beatum
1403 1499 1794 1566 Cteiestinum,
1841 1502 2099 1557 instantia

522 1589 695 1645 sancti
722 1588 998 1659 Prosperi,
1034 1605 1100 1644 ex
1146 1588 1477 1659 delegatione
1527 1591 1695 1661 ipsius
1739 1601 1940 1648 sanctae
1982 1594 2098 1648 uui-

520 1680 745 1741 versaiis
773 1680 1048 1745 Ecclesiae,
1085 1679 1262 1736 verbis
1288 1680 1492 1750 praefati
1542 1683 1865 1739 venerabilis
1915 1684 2099 1754 Augu-

2209 493 2262 547 id
2290 495 2434 549 omni
2459 495 2617 550 modo
2649 503 2885 551 statuere
2919 496 3194 562 debemus,
3236 505 3294 551 ut
3318 514 3489 568 neque
3530 502 3684 569 proni
3733 504 3787 555 in

2204 584 2496 650 sinistram,
2530 601 2703 656 neque
2731 586 3016 656 importuni
3054 587 3107 641 in
3144 589 3443 653 dexteram,
3492 592 3637 661 regia
3681 609 3791 645 rua-

2206 678 2286 748 gis
2311 677 2620 748 gradiantur
2647 679 2753 733 via'.
2809 678 2940 732 Illud
2987 688 3166 734 autem
3211 683 3608 738 venerationem
3640 693 3788 739 tuam

2205 770 2406 824 dixisse
2439 772 2665 825 miratus
2697 787 2835 837 sum,
2858 773 2997 841 quod
3027 773 3203 827 nullus
3230 791 3463 845 unquam
3514 779 3614 833 sub
3665 779 3791 832 reli-

2205 860 2351 931 giosa
2376 859 2707 930 professione
2741 870 2927 915 contra
2956 862 3276 918 catholicam
3319 865 3476 919 fidem
3518 866 3602 921 vel
3647 866 3788 921 scri-

2203 952 2369 1020 pserit
2409 952 2492 1007 vel
2531 954 2920 1022 pnediraverit,
2949 970 3071 1008 eum
3104 955 3318 1025 plurimi
3371 957 3687 1033 multiplices
3734 969 3794 1013 ct

2204 1040 2461 1109 profanos
2483 1057 2698 1098 errores
2725 1059 2853 1098 suos
2882 1045 3042 1099 etiam
3073 1046 3395 1115 scriptorum
3426 1050 3792 1102 monumentis

2203 1132 2531 1187 crediderint
2584 1133 2917 1197 inserendas,
2967 1137 3057 1204 qui
3113 1145 3291 1191 tamen
3341 1136 3650 1192 Christiano
3689 1130 3855 1191 ειη-ρ’

2204 1221 2349 1276 mine
2384 1222 2771 1292 gloriabantur.
2807 1224 3053 1280 Breviter
3095 1241 3226 1296 ergo
3273 1226 3473 1292 dicam,
3522 1238 3785 1297 quantum

2202 1327 2323 1366 cum
2344 1312 2564 1368 absente
2586 1313 2726 1383 loqui
2755 1330 2994 1384 possum,
3027 1316 3156 1385 quid
3183 1317 3387 1371 sentire
3430 1332 3551 1371 cum
3593 1319 3788 1372 catho-

2200 1402 2303 1459 lica
2329 1404 2565 1460 Ecclesia
2596 1407 2807 1461 debeas.
2859 1406 2913 1463 Id
2956 1390 3039 1462 est
3083 1414 3142 1461 ut
3184 1424 3307 1462 cum
3351 1409 3520 1477 gratia
3573 1408 3785 1464 Domini

2199 1495 2568 1565 operationem
2603 1496 2861 1566 baptizati
2902 1495 3087 1551 famuli
3132 1512 3343 1567 semper
3388 1498 3667 1569 adjungas,
3715 1501 3787 1555 ad

2201 1598 2324 1638 eum
2366 1584 2458 1653 qui
2498 1585 3023 1655 praedestinationern
3061 1587 3281 1643 excluso
3321 1586 3504 1643 labore
3548 1588 3788 1644 hominis

2203 1674 2399 1730 asserit
2424 1690 2545 1730 cum
2588 1675 2791 1746 Pelagii
2835 1677 3085 1748 dogmate
3123 1679 3426 1734 detesteris.
3480 1679 3785 1735 Anathema

520 1771 648 1826 stini
679 1769 922 1841 synodali
954 1785 1183 1825 censura
1219 1781 1302 1826 est
1352 1773 1656 1843 redarguta,
1698 1776 1966 1841 convicta,
2017 1786 2098 1830 at-
2129 1787 2173 1846 B
2200 1781 2331 1838 ergo
2352 1766 2448 1832 illi,
2475 1767 2565 1837 qui
2596 1767 2737 1822 inter
2765 1767 3000 1838 reliquas
3034 1768 3232 1840 Pelagii
3270 1769 3573 1838 impietates
3609 1770 3789 1823 [torni-

522 1876 633 1930 que
660 1861 855 1931 sapita,
884 1859 1047 1915 veluti
1097 1861 1496 1931 suprascriptus
1538 1861 1728 1918 beatus
1775 1863 2099 1921 Cmiestinus

520 1952 576 2005 in
619 1958 918 2006 memorata
946 1949 1170 2021 epistola
1202 1953 1535 2007 demonstrat
1574 1947 1759 2010 dicens
1789 1955 1958 2027 (epist.
1989 1955 2042 2026 8)
2080 1975 2093 2011 :

527 2059 545 2091 ι
580 2039 952 2104 Dilectissimis
987 2040 1246 2098 fratribus
1285 2041 1537 2110 Venerio,
1580 2044 1805 2111 Marino,
1852 2046 2096 2113 Leontio,

520 2129 783 2194 Ausonio,
813 2130 1105 2196 Archadio,
1136 2130 1386 2199 Filtanio,
1436 2142 1493 2188 et
1544 2136 1753 2190 caeteris
1800 2135 2095 2193 Galliarum

519 2217 790 2289 episcopis
831 2217 1171 2275 leestinus.
1196 2239 1215 2272 ι
1268 2221 1335 2275 Εῑ
1373 2222 1440 2279 ad
1469 2222 1645 2278 locum
1678 2242 1691 2277 :
1731 2244 1749 2275 ι
1772 2223 1894 2281 Filii
1925 2227 2097 2282 nostri

518 2320 814 2383 praesentes
843 2312 1076 2384 Prosper
1098 2323 1153 2371 et
1180 2315 1434 2383 Hilarius,
1464 2331 1694 2387 quorum
1735 2320 1878 2375 circa
1925 2319 2093 2377 Deum

517 2413 762 2458 nostrum
817 2404 1118 2461 sollicitudo
1164 2406 1430 2465 laudanda
1482 2419 1602 2473 est,
1653 2420 1858 2465 tantum
1910 2413 2094 2469 nescio

516 2494 712 2563 quibus
732 2495 1063 2567 presbyteris
1098 2496 1205 2552 illic
1238 2498 1418 2566 licere,
1452 2500 1543 2569 qui
1571 2501 1890 2558 dissensioni
1928 2504 2095 2560 eccle-

516 2587 727 2662 siarum‘
748 2589 1016 2653 studeant,
1047 2600 1173 2645 sunt
1218 2590 1359 2663 apud
1402 2607 1499 2648 nos
1536 2597 1826 2663 prosecuti,
1856 2606 1913 2651 ut
1954 2596 2093 2653 indi-

517 2677 828 2748 stiplinatas
854 2682 1176 2751 quaestiones
1203 2693 1458 2742 vocantes
1482 2685 1534 2740 in
1558 2687 1816 2754 medium,
1853 2691 2093 2761 pertina-

515 2767 652 2823 citer
677 2784 772 2824 eos
797 2770 980 2827 dicant
1006 2774 1300 2841 prmticare
1329 2776 1666 2832 adversantia
1716 2782 1950 2837 veritati.
1984 2782 2090 2839 Sed

514 2863 709 2935 vestrae
743 2857 1013 2914 dilectioni
1057 2861 1159 2915 hoc
1189 2859 1388 2932 justius
1417 2864 1741 2935 impntamus
1769 2871 1987 2939 quando
2013 2872 2087 2926 illi

513 2960 679 3017 supra
714 2961 823 3003 vos
866 2948 1069 3005 habent
1119 2954 1327 3022 copiam
1378 2954 1702 3027 disputandi.
1736 2980 1755 3013 ι
1802 2961 1869 3016 Et
1919 2963 2083 3019 item:

517 3054 547 3089 τ
567 3035 850 3103 Habetote,
882 3036 1079 3096 fratres
1103 3042 1431 3112 charissimi,
1478 3061 1578 3116 pro
1608 3050 1888 3108 catholica:
1918 3051 2089 3122 plebis

2200 1876 2324 1916 nem
2350 1861 2466 1916 sine
2490 1871 2710 1931 peccato
2739 1862 2911 1927 nasci,
2943 1870 2997 1918 et
3020 1878 3117 1932 per
3144 1862 3315 1917 solum
3358 1862 3596 1917 laborem
3619 1877 3784 1933 posse

2198 1950 2417 2015 salvari,
2439 1952 2740 2007 damnanda
2768 1954 3183 2022 praesumptione
3211 1954 3581 2018 contenderit,
3607 1962 3663 2007 et
3686 1953 3785 2023 qui

2198 2055 2319 2096 eum
2363 2041 2479 2097 sine
2512 2044 2682 2113 gratia
2715 2042 2807 2099 Dei
2844 2044 3061 2099 liberari
3088 2060 3245 2114 posse
3280 2046 3588 2101 crediderit.
3643 2046 3782 2101 item

2199 2134 2485 2188 anathema
2517 2134 2614 2200 illi,
2644 2136 2735 2205 qui
2778 2135 3046 2191 hominem
3094 2151 3214 2191 cum
3263 2136 3403 2191 fiJeii
3439 2138 3785 2195 confessione

2197 2224 2511 2279 solernniter
2538 2226 2864 2296 baptizatum
2894 2236 2948 2282 et
2977 2236 3306 2283 asserentem
3346 2228 3669 2283 catholicam
3715 2230 3782 2284 li-

2197 2316 2338 2379 dem,
2371 2326 2425 2370 et
2452 2316 2789 2386 postmodum
2820 2331 2917 2387 per
2949 2318 3160 2373 diversa
3191 2320 3375 2374 mundi
3421 2318 3581 2389 hujus
3618 2322 3778 2376 ohle-

2195 2411 2465 2459 ctamenta
2496 2413 2551 2460 et
2581 2414 2910 2461 tentamenta
2942 2407 3270 2477 prolapsum,
3301 2408 3355 2463 in
3381 2408 3552 2464 Adam
3581 2421 3637 2465 et
3666 2411 3783 2465 ori-

2195 2495 2373 2567 ginale
2410 2504 2689 2566 peccatum
2721 2498 2948 2567 periisse
2966 2500 3295 2571 asseruerit._
3322 2499 3456 2555 Item
3487 2502 3776 2557 anathema

2195 2584 2290 2649 illi,
2334 2586 2424 2657 qui
2466 2601 2562 2656 per
2580 2585 2674 2641 Dei
2703 2589 3096 2657 praescientiam
3128 2589 3401 2647 hominem
3447 2591 3673 2663 deprimi
3719 2594 3779 2648 in

2194 2684 2422 2730 mortem
2471 2677 2686 2731 dixerit.
2748 2678 2880 2733 Item
2927 2680 3214 2735 anathema
3266 2681 3341 2736 illi
3369 2722 3385 2748 ,
3436 2682 3531 2752 qui
3577 2684 3782 2740 dixerit

2191 2767 2343 2822 illum
2372 2768 2463 2837 qui
2493 2768 2655 2838 periit
2678 2784 2788 2824 non
2818 2770 3091 2841 accepisse
3120 2779 3178 2824 ut
3202 2770 3386 2827 salvus
3412 2787 3535 2828 esse
3568 2784 3775 2845 posset.

2188 2859 2319 2915 Item
2342 2861 2628 2915 anathema
2650 2860 2746 2926 illi,
2768 2861 2862 2931 qui
2888 2861 3087 2917 dixerit
3102 2863 3247 2931 quod
3282 2878 3380 2919 vas
3412 2864 3466 2918 in
3486 2873 3776 2919 contume-

2192 2948 2316 3004 liam
2344 2965 2448 3004 non
2475 2951 2646 3020 possit
2692 2964 2994 3021 assurgere,
3044 2959 3102 3005 ut
3145 2952 3217 3006 sit
3259 2966 3356 3007 vas
3396 2952 3452 3006 in
3491 2952 3773 3009 honorem.

2191 3039 2319 3094 item
2381 3041 2670 3094 anathema
2713 3039 2813 3105 illi,
2857 3041 2946 3110 qui
2991 3041 3192 3096 dixerit
3225 3043 3367 3112 quod
3393 3042 3639 3100 Christus
3663 3060 3778 3100 non

508 3126 646 3197 pace
669 3134 957 3183 tractamm
977 3131 1191 3186 nciam
1227 3148 1306 3200 se,
1352 3136 1395 3191 si
1441 3145 1618 3194 tamen
1649 3151 1940 3197 censentur
1966 3158 2088 3213 pre-
2114 3156 2159 3219 ρ
2189 3145 2290 3201 pro
2313 3130 2563 3187 omnibus
2587 3138 2832 3186 mortuus
2856 3133 2948 3197 sit,
2990 3147 3089 3188 nec
3133 3146 3322 3188 omnes
3367 3134 3612 3191 homines
3659 3138 3774 3191 sai-

508 3216 733 3289 sbyterii
759 3217 1217 3290 dignitate,'vobis
1246 3240 1364 3282 esse
1401 3228 1698 3299 subjectos;
1747 3232 1918 3286 sciant
1964 3248 2083 3288 orn-

507 3321 608 3362 nes
633 3309 725 3378 qui
757 3310 895 3365 male
928 3310 1145 3380 docent,
1173 3315 1314 3385 quod
1349 3316 1449 3373 sibi
1481 3319 1690 3376 discere
1735 3326 1905 3393 magis
1936 3338 2087 3379 com—

506 3406 831 3470 petatquarn
849 3401 1068 3459 docere.
1117 3403 1249 3459 Nam
1276 3408 1403 3478 quid
1434 3409 1487 3464 in
1518 3409 1761 3466 ecclesiis
1790 3427 1883 3468 vos
1904 3415 2081 3485 agitis,

504 3492 554 3581 si
587 3491 662 3547 illi
695 3508 960 3552 summam
984 3505 1202 3553 teneant
1227 3501 1630 3571 praedicandi?»

576 3582 656 3639 Ad
690 3587 844 3658 cujus
885 3586 1184 3657 jnssionem
1229 3591 1467 3662 praedicti
1509 3591 1803 3650 Galliarum
1845 3599 2082 3671 episcOpi

504 3675 769 3747 synodum
808 3676 1129 3743 habuerunt,
1164 3688 1219 3733 et
1245 3681 1546 3751 hujusmodi
1576 3699 1738 3753 prave
1764 3690 2080 3757 sentientes,

504 3774 597 3820 aut
628 3766 1008 3837 resipiscentes
1039 3769 1237 3839 pietate
1264 3772 1627 3830 ecclesiasﬁca
1652 3779 1970 3849 regulariter
2003 3796 2083 3837 re-

503 3867 784 3927 ceperunt,
810 3868 902 3913 aut
925 3859 978 3913 in
1010 3874 1105 3914 sua
1129 3862 1375 3916 vecordia
1403 3872 1459 3918 et
1481 3867 1662 3935 pravis
1682 3872 1931 3926 sensibus
1960 3887 2082 3941 per-

503 3948 761 4005 sistentes
806 3948 1098 4021 episcopali
1147 3960 1309 4021 atque
1348 3956 1616 4013 catholica
1674 3970 1729 4015 et
1786 3965 2081 4032 apostolica

502 4042 826 4099 auctoritate
855 4060 883 4098 a
920 4047 1193 4103 consortio
1222 4046 1457 4104 fidelium
1488 4066 1927 4125 segregaverunt,
1969 4060 2080 4116 sie-

501 4143 560 4188 ut
587 4135 813 4206 epistola
845 4137 1088 4199 amicaiis
1114 4141 1220 4212 16
1246 4141 1428 4198 Fausti
1460 4145 1531 4198 ad
1560 4144 1817 4201 Lucidum
1849 4152 2077 4221 presby-

500 4238 697 4294 terum,
732 4237 793 4283 et
814 4228 1033 4285 libellus
1062 4231 1302 4312 ejusdem
1334 4236 1633 4306 presbyteri
1655 4237 1845 4293 Lucidi
1893 4242 1945 4294 in
1992 4257 2080 4312 sy-

498 4319 642 4373 nodo
683 4326 969 4388 porrectus
1017 4310 1285 4390 cpiscOpis
1326 4334 1510 4390 aperte
1558 4327 1894 4383 demonstrat
1923 4348 1935 4383 :
1961 4310 2080 4400 quae

500 4420 747 4481 ruraque,
777 4420 834 4465 et
858 4411 1141 4481 epistolam
1180 4413 1387 4467 scilicet
1427 4424 1477 4468 et
1531 4417 1885 4474 correctionis
1931 4421 2080 4477 libel-

2190 3235 2288 3277 vos
2315 3235 2437 3277 esse
2461 3220 2608 3276 velit.
2661 3220 2796 3277 Cum
2839 3222 3018 3277 autem
3059 3223 3126 3276 ad
3163 3238 3261 3278 nos
3316 3224 3369 3279 in
3425 3225 3624 3280 Christi
3676 3243 3779 3281 no-

2187 3312 2331 3367 mine
2388 3312 2605 3368 veneris
2643 3352 2659 3378 ,
2723 3321 2818 3368 aut
2875 3328 2998 3368 cum
3049 3329 3079 3367 a
3129 3316 3331 3370 sanctis
3398 3317 3777 3373 sacerdotibus

2185 3408 2441 3456 evocatus
2496 3400 2703 3469 fueris,
2740 3411 2867 3458 tunc
2915 3408 3221 3473 opportuna
3267 3406 3312 3460 si
3367 3405 3626 3462 Dominus
3653 3408 3775 3476 jus-

2185 3493 2317 3548 serit
2365 3493 2499 3549 locis
2550 3494 2668 3549 suis
2717 3494 3026 3550 testimonia
3075 3494 3434 3565 profremus,
3481 3498 3679 3568 quibus
3712 3510 3775 3554 et

2183 3599 2304 3654 qua:
2352 3584 2614 3640 catholica
2658 3594 2784 3639 sunt
2840 3583 3272 3650 manifestentur,
3309 3595 3364 3640 et
3407 3603 3528 3656 quae
3578 3591 3771 3647 catho—

2184 3674 2302 3729 iicis
2352 3676 2622 3731 contraria
2677 3677 3043 3736 destruantur.
3107 3675 3216 3734 Nos
3264 3687 3444 3735 autem
3502 3696 3601 3752 per
3649 3684 3775 3738 illu-

2183 3765 2532 3821 minationem
2583 3767 2783 3823 Christi
2836 3774 3102 3829 veraciter
3163 3783 3219 3829 et
3281 3775 3618 3830 confidenter
3675 3793 3771 3831 as-

2183 3854 2451 3922 serimus,
2499 3866 2556 3913 et
2604 3873 2728 3912 eum
2772 3861 2867 3930 qui
2922 3865 3081 3933 periit
3127 3881 3224 3936 per
3262 3866 3516 3936 culpam,
3558 3868 3769 3924 salvum

2180 3962 2300 4003 esse
2343 3951 2585 4019 potuisse
2621 3967 2717 4021 per
2752 3955 2999 4025 gratiam,
3033 3959 3075 4012 si
3113 3959 3302 4028 gratim
3337 3960 3435 4031 ipsi
3468 3959 3650 4016 famuli
3683 3962 3768 4016 la-

2181 4038 2328 4092 boris
2377 4039 2736 4096 obedientiam
2788 4059 2894 4099 non
2938 4057 3230 4118 negasset,
3283 4057 3338 4102 et
3379 4064 3504 4105 eum
3543 4052 3634 4121 qui
3668 4069 3774 4123 per

2179 4133 2407 4203 gratiam
2436 4133 2503 4188 ad
2530 4134 2686 4190 honre
2712 4141 3190 4201 consummationis
3213 4153 3394 4201 metas
3417 4146 3641 4202 servitio
3666 4149 3769 4203 ob-

2179 4235 2438 4293 sequente
2466 4228 2731 4297 pervenit,
2762 4230 2956 4286 cadere
2977 4247 3076 4304 per
3099 4236 3359 4291 desidiam
3382 4248 3436 4293 et
3465 4240 3642 4309 perire
3672 4256 3768 4311 po-

2180 4316 2348 4372 tuisse
2379 4333 2476 4387 per
2506 4319 2748 4399 culpam.
2792 4321 2900 4379 Nos
2947 4339 3076 4396 ergo
3122 4342 3219 4397 per
3245 4329 3498 4395 medium,
3547 4332 3768 4388 Christo

2180 4406 2336 4474 duce,
2369 4411 2694 4480 gradientes,
2726 4422 2847 4483 post
2874 4417 3101 4484 gratiam
3130 4419 3245 4472 sine
3272 4434 3378 4489 qua
3406 4420 3536 4475 nihil
3576 4437 3767 4499 sumus

498 4500 629 4564 lum,
663 4500 730 4555 ad
752 4501 1227 4557 demonstrandum
1282 4504 1355 4560 rei
1408 4505 1631 4561 evidens
1671 4508 2073 4579 documentum,

2189 4495 2423 4553 laborem
2477 4498 2728 4557 oliiciosre
2769 4506 3049 4563 servitutis
3101 4511 3394 4566 asset-imus
3428 4530 3441 4566 :
3480 4512 3575 4568 sed
3612 4494 3764 4571 omni

495 4591 621 4660 quia
650 4607 754 4648 non
780 4593 1073 4663 quaerimus
1096 4595 1164 4649 de
1193 4596 1474 4652 mendacio
1498 4606 1745 4656 astruere
1771 4602 2049 4659 veritatem

494 4683 586 4738 hic
618 4683 858 4741 inserere
884 4685 1251 4743 necessarium
1278 4689 1549 4746 duximus.
1884 4710 1887 4713 ·
1952 4710 1959 4717 ~

649 4816 888 4897 Epistula
928 4816 1113 4874 ισάιιειὶ
1148 4822 1216 4875 ad
1254 4820 1509 4878 Lucidum
1542 4829 1915 4898 presbyterum.

571 4966 589 4999 ι
620 4947 849 5005 Domino
882 4950 1305 5020 devinctissimo,
1347 4965 1403 5010 et
1447 4957 1577 5012 mihi
1619 4960 1838 5028 speciali
1878 4963 2071 5019 affectu

493 5040 803 5096 venerando
835 5050 892 5095 et
918 5045 1258 5113 suscipiendo
1294 5046 1471 5115 fratri,
1518 5050 1720 5109 Lucido
1758 5056 2074 5127 presbytero

496 5127 745 5186 Faustus.
796 5131 1028 5188 Grandis
1068 5136 1307 5195 charitas
1346 5151 1428 5196 est
1472 5157 1663 5213 parum
1712 5149 1856 5202 cauti
1890 5148 2074 5205 fratris

493 5237 736 5278 errorem
780 5238 878 5294 per
916 5224 1009 5280 Dei
1046 5229 1276 5296 gratiam
1305 5239 1362 5284 et
1388 5234 1712 5303 adjutorium
1740 5238 1911 5309 magis
1938 5238 2073 5294 velle

494 5325 711 5379 curare,
745 5327 908 5384 quam
952 5316 1092 5371 sicut
1128 5320 1326 5374 summi
1356 5322 1625 5380 antistites
1646 5327 1978 5382 meditantur
2004 5330 2072 5384 ab

496 5403 703 5459 unitate
730 5408 1077 5476 suspendere.
1137 5409 1274 5478 Quid
1308 5427 1528 5483 possum
1558 5416 1626 5472 de
1655 5417 1756 5474 hoc
1783 5434 1943 5476 sensu
1967 5421 2070 5476 sic-

494 5504 555 5549 ut
583 5497 666 5551 vis
702 5511 825 5551 cum
867 5500 1221 5558 unanimitate
1248 5515 1337 5559 tua
1365 5519 1462 5575 per
1488 5506 1700 5564 litteras
1736 5509 1904 5580 loqui,
1947 5526 2070 5567 cum

497 5596 549 5642 te
575 5603 811 5658 prtesens
837 5592 1002 5647 multa
1040 5602 1097 5649 et
1140 5595 1336 5651 blanda
1381 5605 1439 5652 et
1487 5599 1674 5653 humili
1718 5600 2072 5657 collocatione

493 5696 768 5747 nunquam
821 5687 1088 5755 potuerim
1140 5690 1208 5743 ad
1265 5689 1403 5744 viam
1459 5691 1701 5748 veritatis
1751 5694 2072 5751 attrahere?

1004 5958 1035 5981 ο

2183 4587 2341 4643 modo
2374 4591 2735 4660 arrogantiam
2767 4604 2823 4649 et
2846 4600 3314 4669 prtesumptiouem
3343 4601 3544 4659 laboris
3571 4605 3762 4660 exciu-

2179 4675 2384 4747 dirnus;
2418 4689 2477 4735 ut
2506 4683 2630 4739 totis
2655 4685 2858 4742 viribus
2882 4687 3205 4746 desudantes
3224 4708 3301 4757 ne
3325 4697 3495 4764 gratia
3526 4696 3764 4754 in'nobis

2178 4780 2489 4838 evacuetur,
2516 4774 2772 4845 quidquid
2803 4779 2870 4831 de
2900 4794 3060 4834 manu
3093 4769 3298 4837 Domini
3326 4786 3759 4855 susceperimus,

2184 4861 2286 4931 17
2310 4864 2506 4918 donum
2532 4867 2939 4935 pronuntiemus
2966 4885 3087 4926 esse
3115 4887 3217 4926 non
3241 4876 3494 4943 pretium,
3522 4879 3760 4933 scientes

2179 4950 2379 5007 laboris
2410 4954 2579 5024 ipsius
2619 4954 2853 5011 fructum
2898 4958 3057 5013 oliieii
3094 4976 3205 5015 rem
3235 4978 3384 5027 esse,
3417 4980 3521 5019 non
3553 4967 3756 5028 meriti,

2177 5054 2301 5096 cum
2325 5042 2624 5113 Evagclista
2656 5044 2896 5102 dicentes
2927 5065 2939 5100 :
2974 5049 3121 5104 Serri
3146 5053 3355 5107 inutiles
3383 5071 3597 5123 smnus;
3617 5059 3759 5127 quod

2176 5130 2447 5185 debuimus
2478 5131 2668 5199 facere,
2713 5135 2933 5205 feriatus
2966 5137 3119 5209 (Luc.
3151 5157 3282 5204 xvtt,
3325 5144 3434 5211 IO).
3474 5144 3599 5201 iizec
3634 5164 3757 5217 qua:

2176 5222 2409 5277 strictim
2449 5237 2547 5293 pro
2584 5225 2823 5293 epistolae
2859 5229 3125 5285 brevitate
3169 5245 3464 5289 momenta
3501 5248 3625 5292 sunt
3662 5250 3757 5294 aut

2175 5312 2416 5382 recipere
2436 5327 2519 5377 se,
2545 5323 2638 5368 aut
2666 5331 2942 5387 respuere,
2976 5324 3301 5379 unanimitas
3329 5334 3416 5381 tua
3442 5340 3756 5386 recurrente

2175 5416 2426 5459 sermone
2472 5408 2814 5474 respOndeat.
2864 5410 3129 5468 Carterum
3168 5410 3269 5485 qui
3325 5418 3464 5473 hanc
3509 5422 3757 5477 veritatis

2174 5510 2480 5551 mensuram
2507 5500 2681 5566 gratia
2728 5505 3064 5570 pratccdcnle
3106 5516 3165 5561 et
3205 5520 3399 5564 conatu
3440 5524 3756 5584 assurgente

2174 5602 2282 5644 non
2327 5591 2592 5660 sequitur,
2616 5593 2809 5665 dignus
2850 5598 2955 5651 erit
3000 5599 3092 5668 qui
3133 5601 3304 5658 sacris
3347 5603 3623 5661 lim'nibus
3661 5623 3755 5660 ar-

2176 5686 2382 5735 ceatur.
2413 5679 2524 5751 Ego
2559 5691 2737 5740 tamen
2770 5685 3094 5745 individuam
3122 5692 3253 5747 mihi
3284 5692 3576 5751 bonitatem
3608 5706 3755 5754 tuam
