4052 6334
244 341 319 398 81

1034 339 1122 395 DE
1158 338 1825 398 PREDESTINATIONE
1857 339 2309 401 DISSER'I‘ATIO
2342 342 2751 404 POSTERIOR.

3442 346 3528 405 ω

248 464 375 510 toto
408 452 638 508 sincera:
665 450 1021 523 benignitatis
1054 455 1311 523 amplexu.
1346 456 1401 511 in
1445 456 1533 510 via
1578 455 1841 521 retinens,
1870 461 1919 519 Α
1946 456 2226 528 dcgttisse;
2274 459 2366 528 qui
2414 460 2547 515 dicit
2578 461 2728 530 ignes
2755 471 2811 517 et
2837 461 3180 521 infernanon
3218 477 3361 520 esse.
3393 461 3522 519 lites

247 547 400 601 intra
452 543 643 601 matris
696 543 951 598 Ecclesiae
996 547 1259 616 gremium
1307 562 1627 621 permanere
1683 563 1838 617 repu-

245 638 407 692 diato
454 636 560 694 hoc
602 649 790 694 errore
832 636 1113 703 desidero;
1142 636 1235 705 qui
1282 636 1332 692 si
1372 637 1487 693 cito
1529 647 1836 708 respuatur,

245 729 563 798 ignorantia
600 728 764 783 [uisse
805 727 1117 805 videbitur:
1148 727 1480 798 blasphemia
1512 744 1641 783 vero
1683 744 1839 805 repu-

240 822 483 887 tabitur,
515 822 561 877 si
593 821 943 891 pertinaciter
975 818 1313 877 defendatur.
1344 820 1577 877 Gravem
1606 837 1839 892 namque

244 913 304 966 in
336 922 622 966 auctorem
656 920 1030 981 retorquentus
1050 910 1326 976 invidiam,
1354 912 1399 966 si
1430 912 1673 967 dicamus
1696 912 1838 981 quod

241 1000 295 1054 ei
342 999 762 1071 possibilitatem
809 999 1156 1069 capessenda:
1203 998 1392 1054 salutis
1439 1000 1671 1054 noluerit
1709 1002 1840 1056 dare

239 1091 341 1161 qui
387 1091 556 1161 periit
593 1107 607 1145 :
650 1106 773 1145 cum
825 1090 1046 1146 minime
1096 1105 1293 1160 negare
1338 1090 1644 1159 possimus,
1696 1090 1839 1160 quod

243 1178 498 1234 mandati
541 1179 1013 1249 przcvaricatoretn
1039 1179 1093 1233 in
1111 1177 1300 1248 judicii
1329 1179 1411 1235 sui
1440 1179 1840 1236 examinatione

240 1269 555 1325 damnabit.
589 1267 688 1335 Qui
721 1268 865 1323 enim
892 1284 998 1323 non
1027 1276 1110 1323 est
1152 1266 1419 1324 obnoxius
1460 1270 1527 1324 de
1566 1279 1836 1339 suscepto,

239 1362 440 1417 nescio
482 1360 752 1430 quomodo
777 1360 949 1430 possit
971 1375 1093 1415 esse
1127 1359 1194 1414 de
1231 1360 1480 1431 perdito:
1514 1376 1578 1415 ac
1608 1362 1685 1416 sic
1718 1375 1836 1431 pec-

240 1464 448 1508 cantes
479 1453 534 1506 in
581 1453 747 1507 Deum
768 1493 783 1516 ,
827 1450 983 1521 cujus
1011 1454 1063 1505 itt
1090 1451 1279 1522 primis
1308 1452 1576 1519 incautius
1605 1452 1840 1507 asserui-

240 1560 374 1601 mns
416 1544 677 1616 gratiam,
724 1543 779 1599 in
818 1543 1109 1614 postremis
1150 1541 1267 1612 ejus
1309 1543 1611 1598 videbimur
1658 1544 1837 1615 impu-

235 1649 419 1706 gnare
464 1632 755 1703 justitiam.
806 1631 976 1701 llujus
1039 1642 1219 1688 autem
1280 1633 1519 1703 epistolae
1563 1634 1839 1704 exemplar

241 1739 469 1799 mecum
511 1723 741 1788 retineo,
772 1723 824 1777 in
853 1732 1124 1779 conventu
1153 1732 1462 1779 sanctorum
1497 1723 1834 1789 Autistitum,

1940 547 2121 601 omnia
2151 549 2306 618 quasi
2347 548 2511 619 impia
2541 561 2597 605 et
2623 551 2925 621 sacrilegiis
2961 552 3518 623 repletacondenmo.

1940 632 2017 688 Ita
2062 644 2244 690 autent
2286 652 2475 692 assero
2517 639 2744 709 gratiam
2775 639 2887 701 Dei,
2918 649 2978 694 ttt
3006 642 3255 696 adnisum
3285 643 3519 698 hominis

1939 730 1995 776 ct
2020 731 2270 780 conatum
2294 725 2485 797 gratia:
2513 742 2727 798 semper
2749 726 3033 799 adjungam
3063 746 3077 782 :
3110 738 3166 785 ct
3205 729 3517 787 libertatem

1938 811 2231 869 voluntatis
2257 813 2503 869 humanae
2529 831 2635 872 non
2660 817 3017 884 exstinctam,
3057 820 3151 875 scd
3175 828 3514 874 attenuatam

1926 896 1994 983 iet
2016 903 2340 958 infirmatam
2359 920 2478 960 esse
2502 907 2841 975 pronuntiem
2862 925 2875 972 ;
2894 910 3251 979 ctpericlitari
3272 926 3394 964 eum
3422 911 3516 981 qui

1939 990 2119 1047 salvus
2137 1001 2241 1058 est,
2258 1003 2311 1048 ct
2328 1009 2449 1048 cum
2468 995 2556 1064 qui
2574 995 2733 1065 periit
2748 998 2981 1066 potuisse
3002 998 3218 1052 salvari.
3235 999 3512 1054 Christum

1928 1079 2102 1134 etiam
2116 1079 2285 1135 Deum
2300 1099 2362 1136 ac
2378 1070 2714 1139 salvatorem
2728 1095 2994 1151 nostrum,
3007 1096 3264 1155 quantum
3281 1088 3514 1158 pertinet

1938 1172 2005 1226 ad
2026 1172 2242 1228 divitias
2263 1175 2520 1230 bonitatis
2540 1192 2666 1239 suae,
2691 1179 3132 1248 prctium'iuortis
3146 1196 3245 1252 pro
3266 1181 3518 1238 omnibus

1940 1262 2249 1320 hominibus
2294 1266 2597 1322 obtulisse:
2631 1278 2687 1323 et
2734 1269 2859 1340 quia
2915 1270 3117 1325 multum
3166 1273 3347 1341 perire
3390 1273 3522 1328 velit.

1928 1353 2028 1433 qui
2059 1363 2141 1408 cst
2162 1354 2400 1409 salvator
2419 1358 2658 1412 onmium
2691 1360 2967 1416 hominum
2992 1362 3227 1417 maxime
3254 1363 3516 1431 fidelium,

1940 1443 2089 1498 dives
2136 1445 2187 1498 itt
2242 1446 2493 1502 onmibus
2535 1448 2627 1520 qui
2660 1449 2913 1506 invocant
2950 1451 3127 1508 illum.
3171 1453 3240 1508 Et
3285 1454 3425 1525 quia.
3462 1455 3518 1510 in

1943 1536 2107 1591 lautis
2131 1536 2291 1593 rebus
2316 1539 2663 1595 conscientia:
2694 1541 3131 1599 satisfaciendum
3163 1554 3266 1608 est,
3296 1546 3520 1603 memini

1941 1642 2028 1682 me
2056 1636 2182 1683 ante
2210 1628 2411 1684 dixisse
2445 1631 2585 1700 quod
2617 1631 2865 1689 Christus
2892 1650 2991 1705 pro
3018 1637 3101 1691 his
3130 1646 3338 1694 tantum
3384 1654 3521 1709 quos

1941 1717 2243 1774 credituros
2289 1720 2560 1790 prcescivit
2608 1722 2947 1790 advenisset,
2998 1728 3294 1782 sententias
3336 1727 3522 1785 Domi:-

239 1815 289 1869 si
331 1814 410 1869 ita
442 1829 668 1870 necesse
712 1812 894 1877 fuerit,
926 1812 1329 1884 proferendum.
1358 1813 1529 1881 Quam
1574 1814 1618 1870 si
1663 1814 1840 1871 susci-
1870 1809 1913 1869 Β
1941 1806 2093 1863 nicas
2122 1822 2376 1879 sequens,
2407 1810 2604 1880 quibus
2627 1812 2738 1865 ait:
2766 1812 2911 1867 Sicut
2943 1812 3115 1869 Filius
3135 1815 3363 1871 hominis
3384 1818 3524 1871 venit

238 1908 505 1978 pieudam
549 1907 821 1978 putaverit
866 1905 1183 1961 fraternitas
1214 1914 1325 1971 tua,
1357 1915 1450 1961 aut
1475 1905 1839 1977 subscriptam

239 2015 416 2056 manu
449 1999 666 2070 propria
696 2015 820 2055 mox
843 1999 1107 2066 remittat,
1128 2007 1221 2053 aut
1248 1990 1607 2070 sequentibus
1622 1998 1841 2069 εειτίριίε

235 2090 478 2145 omnino
519 2104 580 2145 se
633 2088 967 2160 improbasse
1012 2087 1356 2158 respondeat.
1410 2087 1565 2156 Quod
1615 2088 1663 2143 si
1718 2103 1838 2143 eam

239 2183 660 2257 subscriptam,
712 2192 772 2238 ut
817 2182 967 2248 dixi,
1018 2183 1302 2238 remittere
1346 2182 1609 2251 nolueris,
1655 2190 1841 2254 aperte

241 2281 433 2335 adhuc
463 2294 523 2334 se
552 2279 604 2334 in
640 2292 827 2334 errore
854 2274 1148 2349 persistere
1189 2276 1306 2345 ipso
1348 2275 1563 2332 silentio
1592 2290 1843 2345 compro-

240 2372 433 2437 habis,
462 2385 528 2426 ac
551 2369 775 2441 proinde
815 2369 928 2442 jam
970 2369 1351 2426 necessitatem
1387 2367 1519 2422 mihi
1568 2366 1735 2424 facies
1772 2368 1841 2423 ad

240 2474 544 2531 personam
591 2469 739 2516 tuam
778 2458 1010 2531 publicis
1050 2457 1402 2515 conventibus
1444 2458 1838 2529 exponendam.

246 2553 327 2609 Et
376 2553 503 2608 ideo
550 2554 850 2610 secundum
904 2552 1021 2609 haec
1066 2567 1189 2622 quae
1238 2566 1271 2607 a
1323 2565 1411 2607 me
1457 2559 1582 2607 sunt
1636 2552 1842 2608 directa

247 2644 515 2713 rescribe,
548 2654 609 2701 ut
630 2658 719 2712 ea,
743 2645 969 2701 remotis
995 2637 1425 2711 circuitiouibus,
1452 2652 1545 2699 aut
1580 2659 1843 2716 agnoscas

247 2742 348 2789 aut
390 2749 638 2805 respuas.
693 2734 832 2790 Item
882 2735 992 2791 alia
1038 2751 1221 2790 manu.
1277 2733 1513 2792 Faustus
1564 2735 1843 2807 exemplar

246 2825 502 2896 epistola:
532 2840 668 2882 mea:
704 2826 871 2899 relegi
895 2835 952 2882 et
977 2826 1295 2897 subscripsi.
1327 2844 1349 2878 s

467 2955 605 3013 Item
629 2956 898 3027 exemplar
919 2956 1082 3012 libelli
1105 2955 1294 3010 Lueidi
1315 2955 1620 3027 presbyteri.

328 3111 349 3145 ι
378 3092 629 3161 Dominis
654 3092 979 3149 beatissimis
997 3102 1054 3150 et
1073 3093 1126 3148 iu
1147 3091 1365 3149 Christo
1385 3089 1841 3148 reverentissimis

1941 1912 2045 1950 non
2092 1896 2418 1963 ministrari,
2472 1899 2562 1953 sed
2614 1900 2946 1969 ministrare,
2995 1913 3042 1958 et
3092 1905 3322 1959 animant
3367 1923 3521 1961 suam

1940 1989 2343 2059 redemptionem
2392 1990 2520 2046 dare
2561 2009 2655 2063 pro
2701 1993 2879 2050 multis
2929 1996 3144 2068 (.ilattlt.
3176 2015 3275 2065 vx,
3308 1998 3419 2070 28).
3453 2000 3523 2056 Et

1940 2080 2069 2137 illud
2099 2099 2114 2136 :
2152 2080 2251 2137 Hic
2294 2092 2367 2137 est
2406 2078 2546 2140 calix
2588 2089 2859 2159 sanguinis
2886 2092 2987 2145 mei
3017 2089 3153 2146 Novi
3185 2091 3520 2159 Testamenti,

1938 2172 2029 2241 qui
2078 2186 2173 2239 pro
2220 2171 2395 2227 multis
2454 2174 2752 2243 e/fundetur
2810 2179 2866 2232 in
2924 2180 3279 2236 remissionem
3336 2200 3523 2254 pecca-

1941 2269 2111 2315 torum
2151 2262 2365 2334 (Matt/1.
2401 2280 2546 2331 xxvi,
2587 2267 2703 2338 28).
2738 2268 2834 2324 Vel
2876 2269 3006 2325 illud
3047 2273 3289 2345 Apostoli
3321 2292 3335 2329 :
3370 2275 3527 2334 Sicut

1940 2351 2098 2406 semel
2140 2363 2393 2408 statutum
2436 2366 2510 2410 est
2558 2357 2854 2415 hominibus
2894 2364 3058 2430 mori,
3088 2367 3161 2420 ita
3190 2376 3240 2422 et
3281 2365 3520 2425 Christus

1940 2440 2100 2495 semel
2143 2441 2350 2498 oblatus
2379 2453 2456 2499 est
2486 2445 2556 2499 ad
2590 2446 2872 2503 multorum
2900 2453 3259 2510 exltattrienda
3305 2470 3523 2527 peccata

1942 2530 2129 2605 (Hebr.
2160 2550 2239 2600 is,
2263 2533 2380 2607 27).
2421 2535 2576 2594 Nunc
2606 2553 2733 2594 vero
2771 2555 3050 2598 sacrorum
3082 2547 3518 2606 testimoniorum

1941 2623 2286 2690 auctoritate,
2316 2640 2437 2694 qurc
2464 2627 2683 2682 abunde
2705 2644 2813 2699 per
2835 2633 3007 2701 spatia
3039 2633 3341 2691 divinarum
3373 2636 3523 2697 S'cri-

1940 2727 2221 2789 ptnrarnm
2253 2719 2621 2788 inveniuntur,
2650 2730 2706 2778 et
2730 2725 3005 2782 seniorum
3031 2728 3289 2787 doctrinm
3316 2733 3525 2790 ratione

1940 2809 2229 2880 patefacta,
2268 2810 2440 2867 libens
2464 2806 2642 2869 fateor
2679 2806 2955 2883 Christum
2981 2820 3141 2876 etiam
3168 2838 3267 2894 pro
3292 2827 3521 2895 perditis

1942 2898 2222 2955 advenisse
2247 2940 2262 2965 ,
2313 2899 2404 2969 qui
2453 2901 2645 2957 eodem
2710 2904 2928 2962 nolente
2978 2910 3277 2977 perierunt.
3334 2913 3546 2986 Neque.

1941 2991 2083 3047 enim
2125 2991 2207 3048 fas
2250 3001 2339 3049 est
2373 2992 2516 3049 circa
2548 3010 2642 3052 eos
2674 2996 2848 3054 solum
2874 3001 2965 3070 qui
2996 3002 3246 3058 videntur
3270 3020 3390 3062 esse
3418 3006 3522 3061 sal-

1941 3081 2083 3146 vati,
2112 3082 2388 3140 immensa:
2423 3085 2637 3142 divitias
2669 3089 2926 3147 bonitatis
2952 3106 3015 3147 ac
3042 3091 3302 3153 beneﬁcia
3334 3098 3516 3154 divina

252 3181 529 3246 Patribus,
555 3182 832 3247 Eufronio,
858 3184 1127 3247 Viventio,
1158 3181 1413 3250 Veriano,
1442 3182 1833 3248 Paulo,Eutro-

1941 3173 2206 3229 concludi.
2261 3174 2394 3231 Nam
2444 3178 2489 3233 si
2537 3178 2810 3236 Christum
2870 3180 2957 3238 his
3020 3194 3228 3244 tantum
3278 3189 3523 3245 remedia

250 3276 366 3345 pio,
395 3273 670 3338 Marcello,
702 3272 951 3340 Claudio,
981 3273 1226 3337 Leontio,
1256 3273 1539 3337 Mamerto,
1568 3273 1837 3338 Auxauio,

252 3366 508 3437 Megetio.
522 3365 770 3433 Leontio,
784 3363 980 3432 Croco,
1008 3365 1277 3430 Ursicino,
1307 3364 1554 3422 Fonteio.
1582 3363 1836 3430 Patienti,

252 3456 483 3523 Fausto,
515 3455 724 3522 Gnaeo,
754 3456 1000 3521 Claudio,
1031 3455 1258 3521 Basilio,
1284 3454 1641 3518 Pmtextato,
1672 3453 1839 3526 Prag-

218 3531 448 3613 .matio‘,
479 3547 750 3613 Viventio,
790 3546 982 3602 Joanni
1029 3547 1302 3617 episcopo,
1355 3545 1702 3617 Theoplasto,
1744 3545 1837 3601 Ju-

249 3637 424 3704 liauo,
454 3637 714 3709 Opilioni,
738 3637 1026 3700 Lcocadio,
1058 3635 1308 3703 Amicali,
1355 3645 1411 3690 et
1451 3634 1662 3691 Licinio
1710 3649 1835 3706 prc-

248 3730 514 3800 sbyteris,
552 3729 803 3784 Lucidus.
837 3728 1119 3799 Correptio
1144 3736 1323 3782 vestra
1345 3717 1491 3783 salus
1518 3727 1752 3794 publica,
1783 3735 1839 3783 et

248 3821 521 3877 sententia
553 3830 730 3875 vestra
759 3820 1027 3875 medicina
1052 3828 1153 3873 est.
1179 3817 1335 3875 Unde
1359 3828 1415 3875 et
1442 3833 1542 3891 ego
1564 3818 1833 3901 summum

250 3915 554 3970 remedium
606 3915 772 3975 duco,
822 3922 883 3968 ut
910 3912 1234 3985 'pncteritos
1274 3926 1488 3967 errores
1532 3909 1834 3966 accusando

248 4016 541 4064 excusem,
571 4009 626 4055 ct
655 4001 935 4056 salutifera
962 3998 1300 4072 professione
1336 4012 1425 4054 me
1451 3997 1674 4053 diluam.
1708 3997 1835 4053 Pro-

251 4093 376 4148 inde
430 4093 587 4164 juxta
645 4091 974 4163 praedicandi
1029 4092 1271 4147 recentia
1318 4097 1524 4146 statuta
1575 4088 1831 4155 concilii,

250 4184 449 4237 damno
495 4184 774 4238 vobiscum
815 4197 1033 4238 sensum
1080 4181 1256 4245 illum,
1286 4180 1378 4251 qui
1421 4180 1553 4236 dicit
1589 4178 1830 4253 laborem

250 4272 503 4328 humanae
553 4272 874 4328 ohedientiac
920 4272 1115 4328 divinte
1149 4274 1337 4345 gratiae
1382 4290 1489 4329 non
1536 4288 1667 4347 esse
1703 4272 1831 4344 jun-

249 4364 518 4432 gendum;
552 4362 643 4432 qni
676 4361 807 4435 dicit
850 4370 975 4434 post
1015 4362 1178 4435 primi
1224 4362 1461 4419 hominis
1503 4361 1711 4432 lapsum
1757 4376 1829 4416 ex

247 4431 360 4506 toto
390 4431 681 4507 arbitrium
705 4431 997 4507 voluntatis
1015 4431 1341 4509 exstinctum
1365 4470 1381 4520 ;
1413 4452 1505 4524 qui
1529 4431 1659 4508 dicit
1683 4450 1824 4524 quod

1941 3264 2186 3322 attulisse
2217 3267 2443 3323 dit-imus
2473 3269 2562 3340 qni
2597 3271 2863 3341 redempti
2901 3285 3051 3341 sunt,
3093 3277 3397 3335 videbimur
3424 3281 3518 3335 ab-

1942 3354 2150 3411 solvere
2185 3372 2289 3410 non
2321 3357 2650 3429 redemptos,
2686 3376 2821 3432 quos
2862 3378 2960 3432 pro
2992 3366 3358 3438 redemptione
3387 3386 3518 3425 conv

1940 3452 2144 3515 tempta
2194 3458 2557 3504 constatesse
2590 3452 2909 3521 puniendos.
2961 3456 3161 3512 Assem
3207 3460 3371 3515 etiam
3420 3478 3519 3533 per

1940 3536 2204 3592 rationem
2251 3547 2307 3593 ct
2347 3540 2593 3598 ordinem
2640 3544 2959 3601 seculorum
2996 3547 3133 3605 alios
3161 3549 3278 3623 lege
3303 3558 3515 3624 gratim,

1938 3624 2075 3681 alios
2104 3626 2220 3699 lege
2265 3628 2455 3701 Moysi,
2488 3632 2624 3687 alios
2666 3632 2784 3706 lege
2812 3626 3041 3704 natum,
3072 3655 3234 3710 quam
3272 3643 3413 3699 Dens
3460 3648 3521 3700 in

1936 3717 2175 3773 omnium
2207 3721 2459 3776 cordibus
2493 3722 2743 3795 scripsit,
2773 3742 2826 3780 tn
2868 3743 2963 3797 spe
3009 3728 3268 3786 adventus
3310 3732 3515 3792 Christi

1936 3806 2101 3865 fuisse
2139 3810 2412 3867 salvatus:
2445 3814 2622 3870 nullos
2670 3825 2846 3873 tamen
2893 3833 2960 3875 cx
3007 3820 3162 3877 initio
3211 3798 3392 3879 mundi
3441 3825 3510 3880 ab

1933 3897 2178 3969 originali
2197 3916 2336 3956 nexu
2360 3902 2463 3958 nisi
2486 3902 2870 3963 intercessione
2894 3909 3035 3965 sacri
3058 3913 3334 3981 sanguinis
3358 3913 3514 3968 abso-
3584 3922 3593 3929 '

1937 3987 2101 4044 tutos.
2145 3989 2411 4046 Proﬁteor
2454 3992 2617 4047 etiam
2661 4002 2895 4053 aeternos
2934 3998 3087 4070 ignes
3127 4009 3183 4056 et
3222 4000 3516 4059 infernalcs

1934 4080 2179 4139 flammas
2212 4083 2372 4140 factis
2410 4086 2732 4157 capitalibus
2772 4101 3121 4163 praeparatas,
3158 4096 3282 4165 quia
3330 4112 3510 4167 perse-

1934 4180 2185 4227 verantes
2217 4173 2269 4226 in
2303 4172 2465 4228 finem
2505 4176 2768 4233 lmmanas
2808 4179 2993 4254 culpas
3037 4185 3231 4238 merito
3265 4186 3512 4257 sequitur

1931 4261 2112 4316 divina
2141 4263 2429 4327 sententia,
2462 4280 2621 4335 quam
2654 4265 2805 4332 j‘uste
2832 4269 3117 4328 incurrunt
3145 4274 3234 4343 qui
3262 4273 3375 4331 hazc
3399 4292 3508 4332 non

1929 4363 2045 4409 toto
2072 4355 2238 4409 corde
2280 4354 2627 4412 crediderint.
2654 4355 2820 4415 Orate
2847 4374 2945 4431 pro
2972 4377 3077 4427 me,
3103 4362 3303 4418 domini
3331 4368 3506 4422 sancti

1930 4452 1987 4500 et
2020 4446 2298 4517 apostolici
2347 4446 2555 4506 Patres.
2608 4448 2844 4507 Lucidus
2887 4454 3167 4529 presbyter
3211 4456 3352 4512 hanc
3392 4459 3508 4530 epi-

246 4538 498 4594 Christus
530 4539 793 4596 Dominus
836 4549 892 4597 et
939 4539 1195 4596 Salvator
1219 4514 1405 4597 noster
1430 4514 1667 4597 mortem
1702 4514 1824 4596 non
1853 4514 1905 4575 D
1930 4514 2122 4591 stolam
2182 4551 2343 4592 manu
2395 4539 2613 4610 propria
2668 4514 2963 4614 subscripsi
2994 4584 3010 4609 ,
3049 4514 3110 4600 et
3166 4560 3285 4617 qua:
3339 4546 3399 4602 in
3426 4514 3504 4606 ἐει

246 4645 341 4702 pro
362 4632 610 4687 omnium
642 4633 817 4689 salute
846 4635 1177 4705 susceperit;
1208 4634 1301 4707 qui
1328 4635 1459 4689 dicit
1499 4634 1642 4705 quod
1684 4636 1827 4705 prae-'-

246 4722 475 4777 scientia
508 4720 606 4777 Dei
634 4723 909 4778 hominem
958 4723 1222 4778 violenter
1262 4723 1548 4794 compellat
1582 4723 1649 4778 ad
1680 4712 1826 4791 mor?

245 4820 349 4866 tem
371 4852 387 4878 ,
430 4812 516 4867 vel
557 4813 702 4883 quod
745 4813 842 4868 Dei
872 4821 1098 4886 pereant
1126 4815 1406 4869 voluntate
1441 4814 1531 4883 qui
1574 4802 1827 4885 pereunt,

242 4903 331 4973 qui
363 4903 499 4959 dicit
544 4905 689 4974 quod
737 4913 859 4977 post
899 4894 1181 4977 acceptum
1223 4905 1462 4977 legitime
1501 4907 1822 4991 bapti‘smuzu

244 4997 296 5053 in
329 5000 506 5054 Adam
544 5001 810 5057 moriatur
843 5003 1151 5072 quicunque
1186 5002 1501 5073 deliquerit;
1552 5002 1643 5072 qui
1692 5001 1825 5058 dicit

238 5089 376 5145 alios
406 5090 698 5161 deputatas
729 5092 797 5146 ad
821 5103 1076 5158 mortem,
1102 5092 1238 5148 alios
1265 5093 1331 5149 ad
1356 5093 1516 5146 vitam
1546 5078 1821 5165 praedesti-

240 5192 434 5246 natos;
468 5182 563 5253 qui
591 5183 724 5238 dicit
752 5184 819 5241 ab
846 5184 1018 5240 Adam
1047 5200 1216 5255 usque
1246 5185 1313 5240 ad
1346 5183 1620 5240 Christum
1646 5168 1821 5239 nullos

238 5286 302 5325 ex
353 5272 611 5344 gentibus
661 5289 759 5343 per
803 5275 1033 5345 primam
1078 5274 1172 5330 Dei
1217 5275 1478 5347 gratiam,
1512 5274 1563 5329 id
1594 5283 1677 5330 est
1722 5266 1820 5344 pc'r

218 5358 410 5433 legem
445 5371 654 5416 natura:
686 5363 738 5417 in
773 5364 1062 5418 adventum
1106 5363 1306 5419 Christi
1355 5354 1520 5419 fuisse
1561 5349 1816 5431 salvatos‘,

240 5467 304 5507 eo
345 5453 494 5522 quod
539 5453 767 5508 liberum
806 5455 1088 5510 arbitrium
1134 5446 1201 5510 es
1247 5448 1595 5510 omnibusin
1642 5445 1819 5524 primo

240 5552 467 5610 parente
511 5534 1008 5616 perdiderint;'qui
1038 5545 1171 5600 dicit
1201 5532 1536 5615 patriarchas
1585 5561 1651 5601 ac
1698 5540 1819 5616 prd-

241 5637 434 5703 phetas
458 5630 822 5713 velsummos
836 5638 1091 5709 quosque
1130 5646 1470 5703 sanctorum,
1504 5632 1664 5692 etiam
1694 5628 1817 5692 ante

247 5713 787 5802 re'dctoptiottisls
826 5722 1094 5801 tempora,
1131 5728 1181 5783 in
1202 5728 1445 5800 paradisi
1489 5726 1816 5785 habitatione

1922 4620 2249 4684 'astruuntur
2276 4645 2486 4697 assero,
2519 4642 2574 4689 et
2598 4648 2718 4705 qua:
2739 4644 2864 4690 sunt
2892 4637 3143 4692 damnata
3173 4637 3390 4695 damno.
3420 4658 3447 4693 ι

1915 4717 1931 4725 ’
2001 4710 2333 4779 Ηωοέιιιιοιη
2365 4724 2487 4781 ideo
2530 4727 2613 4781 his
2656 4728 2873 4799 scriptis
2910 4728 3254 4801 interponere
3280 4730 3502 4803 dignum

1919 4811 2201 4897 iduximus,
2230 4826 2289 4870 ut
2312 4816 2659 4897 manifestum
2686 4820 2798 4885 fiat,
2826 4820 2951 4891 quia
2990 4821 3234 4893 qmedam
3264 4821 3365 4877 isti'
3384 4838 3504 4881 mo-

1918 4894 2082 4958 'derni
2113 4894 2572 4961 Ptmdestiuatiani
2601 4907 2816 4974 dicunt,
2861 4900 2982 4978 (μιίὲ
3006 4916 3061 4965 et
3096 4916 3306 4966 veteres
3332 4911 3503 4968 barre-

1915 4986 2020 5048 tici
2068 5003 2194 5050 ante
2237 4992 2531 5051 dixerunt:
2563 4998 2760 5067 quibus
2799 5000 3064 5055 catholica
3102 4996 3162 5055 et
3203 5001 3500 5073 apostolica

1916 5087 2247 5143 auctoritate
2276 5097 2330 5142 et
2370 5088 2478 5154 isti,
2507 5088 2663 5159 longe
2704 5099 2829 5161 post
2854 5093 3096 5149 exorturi
3121 5102 3281 5163 atque
3312 5091 3496 5157 futuri,

1925 5176 2120 5233 devicti
2164 5186 2218 5233 et
2269 5180 2618 5249 praedamnati
2674 5181 2928 5247 fuerunt,
2976 5174 3122 5238 isicut
3166 5179 3398 5253 Proéper
3446 5178 3499 5239 in

1924 5271 2149 5340 praefato
2179 5270 2317 5326 libro
2345 5281 2533 5327 contra
2578 5272 2821 5329 Cassiani
2863 5275 3071 5330 abbatis
3117 5274 3310 5329 libruttt
3357 5264 3507 5345 edito.

1911 5363 1994 5417 'ad
2041 5362 2217 5418 locum
2259 5363 2389 5418 dicit
2421 5362 2438 5417 :'
2470 5383 2489 5414 ‹
2526 5352 2881 5431 Venerabilis,
2925 5365 3196 5435 inquiens,
3228 5368 3502 5421 memoriae

1915 5443 2176 5522 pontifex
2196 5453 2539 5519 leestinus,
2570 5455 2657 5511 cui
2683 5455 2749 5511 ad
2779 5444 3063 5510 catholicm
3087 5454 3340 5511 Esclesia:
3364 5454 3501 5527 prec;

1914 5538 2124 5599 'siditun
2156 5543 2320 5598 multa
2349 5538 2609 5599 Dominus
2636 5544 2821 5614 gratia:
2848 5558 2957 5598 sum
2984 5544 3121 5598 dona
3145 5543 3371 5616 largitus
3395 5558 3497 5603 cst.

1908 5628 2106 5692 "scicus'
2150 5624 2437 5692 damnatis
2480 5652 2583 5691 nou
2636 5651 2862 5691 examen
2901 5635 3128 5706 iudicii,
3180 5640 3277 5695 sed
3327 5640 3498 5698 solum

1912 5720 2209 5783 sentcntiae
2240 5726 2531 5782 remedium
2572 5742 2687 5783 esse
2738 5728 3099 5799 prrestandum
3127 5770 3140 5797 ,
3185 5728 3507 5787 Cwlestiuut

3547 5069 3575 5088 ν
