4052 6334
553 351 625 411 3'3
1536 345 1867 404 lllNCMARl
1907 343 2299 401 RHEMENSIS
2334 343 2851 404 AliCHlEPlSCOPl
2966 356 2975 363 ’
3760 352 3828 410 81

554 473 709 545 quasi
737 486 845 530 non
881 468 1110 528 discuSsi
1151 467 1350 541 negotii
1399 468 1727 524 audientiam
1770 466 2131 539 postulantem
2160 463 2330 533 Aqui
2379 463 2657 534 paululum
2706 479 2767 521 se
2819 465 2889 521 ad
2935 464 3162 538 lcgemia
3207 444 3325 526 inec
3376 470 3580 543 dignati
3626 471 3828 530 fuerint

555 566 722 622 totius
748 563 914 621 Italiae
944 563 1140 620 ﬁnibus
1171 561 1335 632 jussit
1375 559 1610 617 extrudi.
1654 560 1803 614 Adeo
1833 568 1889 615 et
1917 559 2132 631 praede-

555 675 830 716 cessorum
857 675 1077 716 suorum
1105 666 1308 714 statuta
1330 665 1385 711 et
1411 656 1625 711 decreta
1656 653 1932 725 synodalia
1956 653 2136 709 invio-

548 747 791 805 labiliter
826 749 1088 805 servanda
1118 747 1394 811 censebat,
1418 754 1479 800 ut
1504 743 1645 815 quod
1681 744 1786 816 19
1810 744 1979 800 semel
2022 758 2137 799 me-

552 849 742 895 ruerat
788 840 992 897 abscidi
1048 853 1394 910 nequaquam
1453 836 1764 892 admitteret
1827 835 2131 893 retractari.

499 965 517 976 -
551 931 665 990 Nec
692 948 822 990 vero
849 934 1093 1006 segniore
1139 948 1268 989 cura
1313 932 1382 987 ab
1422 932 1525 987 hoc
1567 931 1757 987 eodem
1794 930 1984 986 morbo
2011 929 2134 985 Bri-

493 1016 499 1025 ’
549 1027 769 1083 tannias
791 1025 1039 1083 liberavit
1071 1043 1084 1079 :
1116 1025 1332 1097 quando
1359 1023 1618 1094 quosdam
1651 1022 1898 1078 inimicos
1922 1021 2135 1093 gratite,

551 1116 726 1171 solum
756 1130 865 1171 suae
887 1114 1127 1187 originis,
1140 1122 1489 1185 occupantes.
1515 1114 1679 1169 etiam
1706 1113 1773 1166 ab
1805 1111 1893 1167 illo
1920 1122 2132 1168 secreto

550 1204 757 1261 exclusi
798 1204 1021 1270 Oceani,
1052 1214 1107 1261 et
1135 1204 1386 1260 ordinato
1432 1201 1635 1260 Scottis
1681 1204 1960 1274 episcopo,
2005 1202 2133 1257 dum

542 1296 849 1353 Romanam
886 1297 1113 1353 insulam
1144 1297 1323 1354 studet
1365 1313 1583 1354 servare
1627 1298 1975 1362 catholicam,
2007 1296 2135 1353 fecit

546 1387 713 1443 etiam
740 1387 1026 1444 barbaram
1052 1388 1435 1445 Christianam.
1470 1387 1575 1444 Per
1599 1389 1744 1443 hunc
1764 1389 1941 1443 virum
1969 1389 2131 1445 etiam

546 1476 848 1535 Orientales
898 1481 1150 1537 Ecclesia:
1195 1483 1408 1555 gemina
1454 1490 1607 1552 peste
1656 1490 1898 1553 purgatae
1952 1490 2128 1537 sunt:

546 1570 765 1641 quando
809 1569 1008 1642 Cyrillo
1036 1569 1416 1627 Alexandrina:
1461 1571 1613 1626 urbis
1642 1571 1903 1637 antistiti,
1934 1570 2130 1643 glorio-

546 1665 763 1722 sissimo
814 1666 936 1721 ﬁdei
979 1666 1258 1722 catholica:
1307 1665 1603 1731 defensori,
1635 1665 1703 1720 ad
1756 1664 2127 1720 debellandum

542 1757 919 1813 Nestorianam
976 1758 1304 1829 impietatem
1357 1757 1652 1827 apostolico
1704 1758 1994 1813 anxiliatus
2044 1766 2129 1813 est

2238 567 2531 624 occupare,
2574 554 2855 612 evidenter
2903 565 3218 627 agnoscant,
3251 559 3542 630 impiarum
3576 562 3829 633 profana-

2236 658 2469 716 rumqne
2524 646 2837 716 opinionum
2895 647 3099 703 nullum
3145 648 3258 719 20
3308 650 3564 708 cordibus
3631 655 3830 710 nostris

2240 740 2521 797 inhaesisse
2578 741 2865 813 vestigium
2893 782 2909 807 ,
2976 749 3033 797 et
3076 741 3472 813 blasphemias,
3526 760 3661 816 quas
3706 760 3834 817 per-

2238 830 2515 903 spexerint
2541 841 2728 888 nostra
2765 832 3104 904 professione
3131 834 3398 901 damnari,
3431 837 3483 891 in
3510 840 3827 895 earumdem

2238 923 2607 995 repertoribus
2628 932 2887 979 censeant
2913 923 3112 980 debere
3136 927 3337 995 puniri.
3364 946 3383 979 ι
3411 927 3535 983 llsec
3557 937 3830 984 commota

2238 1028 2291 1073 et
2318 1033 2629 1090 compressa
2662 1027 2822 1090 atque
2852 1017 3150 1089 composita
3178 1018 3287 1075 illis
3318 1019 3394 1075 ita
3431 1019 3581 1077 fuere
3623 1030 3834 1094 tempo—

2240 1110 2411 1167 ribus.
3790 1110 3795 1115 '

2860 1225 3091 1283 CAPUT
3108 1227 3169 1284 ’11

2237 1312 2345 1371 Per
2366 1333 2495 1386 quos
2522 1326 2569 1371 et
2594 1316 2821 1386 qualiter
2846 1318 2957 1371 Iure
2985 1319 3165 1372 eadem
3197 1319 3430 1379 Imresis,
3455 1328 3512 1372 ut
3550 1318 3615 1372 de
3641 1328 3839 1372 trunco

2306 1388 2677 1461 aniurimdinis
2700 1389 2883 1459 spuria
2929 1387 3253 1451 vitulamina,
3288 1390 3342 1443 in
3373 1398 3600 1461 tempore
3622 1389 3721 1443 ista
3750 1406 3833 1443 re—

2302 1456 2658 1527 pullulaven't.

2303 1567 2360 1622 ln
2390 1568 2495 1623 hoc
2547 1576 2727 1623 autem
2775 1577 3023 1639 tempore
3055 1569 3272 1640 quidam
3318 1568 3726 1635 Gothescalcus,
3756 1583 3829 1625 ex

2233 1657 2545 1727 metropolis
2593 1658 2846 1713 Ecclesiae
2902 1657 3230 1715 Rhemorum
3283 1661 3633 1725 monasterio,
3684 1663 3831 1732 quod

2234 1746 2459 1804 Orbacis
2509 1749 2726 1812 dicitur,
2785 1749 2969 1804 habitu
3011 1753 3329 1817 monachus,
3385 1761 3566 1807 mente
3596 1751 3833 1818 ferinus,

545 1850 744 1922 gladio.
773 1865 880 1922 quo
908 1850 1070 1907 etiam
1104 1849 1397 1920 Pelagiani,
1434 1851 1559 1903 dum
1589 1848 1831 1920 cognatis
1853 1829 2204 1905 confm;{e-‘B
2234 1839 2432 1909 ψιίριὶε
2457 1839 2770 1909 impatiens,
2801 1849 2858 1894 ει
2885 1840 3025 1897 inter
3047 1858 3174 1897 SUOS
3199 1842 3497 1899 mobilitate
3520 1844 3682 1899 ποιίιι
3715 1845 3833 1899 εἰη-

544 1952 742 1999 rantur
766 1944 1045 1999 erroribus
1062 1984 1077 2003 .
1105 1942 1299 1998 iterum
1331 1949 1824 2011 prosternereutur.
1857 1940 1961 1996 Per
1984 1941 2129 1996 hunc

545 2034 721 2090 virum
752 2034 892 2089 intra
934 2032 1135 2090 Gallias
1162 2033 1279 2089 istis
1306 2033 1467 2102 ipsis,
1501 2033 1591 2103 qui
1630 2040 1829 2087 sanctae
1853 2031 2133 2087 memoria:

545 2122 831 2195 Augustini
870 2124 1069 2194 scripta
1107 2123 1538 2194 reprehendunt,
1582 2121 2010 2197 maleloqnentiae
2045 2129 2128 2177 est

546 2214 798 2285 adempta
856 2213 1077 2270 libertas
1128 2231 1142 2268 :
1196 2215 1411 2284 quando
1472 2214 1867 2270 consulentium
1918 2214 2127 2270 actione

544 2316 825 2377 suscepta,
868 2316 923 2361 et
971 2307 1231 2363 librorum
1278 2307 1370 2379 qui
1420 2309 1728 2363 errantibus
1773 2307 2128 2378 diSplicebant

540 2397 746 2467 pietate
771 2397 1005 2463 laudata,
1032 2399 1158 2470 quid
1188 2408 1461 2470 oporteret
1489 2400 1556 2456 de
1588 2413 1774 2455 eorum
1807 2399 2127 2454 auctoritate

475 2524 479 2528 -
546 2490 738 2543 sentiri
786 2498 974 2545 sancto
1023 2482 1973 2561 manifestaviteloquio,evidcnter
1995 2504 2125 2560 pro-

544 2583 821 2648 nuntians,
851 2592 1111 2654 quantum
1141 2584 1241 2640 sibi
1268 2584 1705 2657 praesumptionis
1735 2582 1891 2639 istius
1917 2585 2129 2639 novitas

544 2672 874 2743 displiceret,
909 2689 1012 2744 qua
1042 2678 1307 2732 auderent
1333 2676 1552 2747 quidam
1592 2675 1851 2732 adversus
1877 2676 2129 2746 antiquos

541 2765 833 2838 magistros
886 2767 1182 2825 insolenter
1234 2767 1561 2840 insurgere,
1615 2777 1671 2824 et
1726 2768 2126 2839 indisciplinata

541 2856 815 2912 calumnia
847 2858 1217 2928 praidieationi
1264 2859 1511 2915 veritatis
1561 2859 1878 2929 obstrepere
1910 2874 1923 2912 :
1965 2878 1984 2910 ι
2019 2859 2129 2914 Au-

543 2948 856 3018 gustinum,
906 2948 1189 3019 inquiens,
1240 2960 1442 3005 sanctae
1489 2950 1882 3006 recordationis
1926 2949 2125 3014 virum,

541 3054 646 3110 pro
690 3038 799 3093 vita
842 3054 936 3094 sua
985 3048 1146 3108 atque
1177 3054 1272 3109 pro
1305 3038 1544 3103 meritis,
1599 3040 1651 3094 in
1699 3046 1883 3094 nostra
1914 3053 2131 3106 semper

543 3128 927 3184 communione
974 3127 1293 3194 habuimus,
1347 3149 1365 3183 ι
1420 3138 1477 3185 et
1526 3129 1837 3199 sequentia,
1870 3128 2010 3184 sicut
2059 3143 2123 3182 ex

2231 1930 2455 2001 gularis,
2503 1929 2569 1985 de
2614 1931 2867 1987 omnibus
2919 1946 3039 2001 qua:
3087 1949 3341 2003 perverse
3393 1943 3521 1991 tunc
3567 1936 3836 2006 temporis

2232 2037 2389 2078 sensa
2429 2032 2785 2094 cognoverat,
2826 2034 3060 2095 quatuor
3085 2026 3186 2081 sibi
3216 2026 3379 2098 elegit
3420 2028 3678 2099 capitula,
3702 2044 3833 2085 om—

2232 2114 2383 2168 nium
2402 2129 2539 2184 pene
2584 2116 2996 2184 perversitatum
3044 2117 3261 2173 illarum
3312 2118 3527 2175 fmtidas
3566 2129 3620 2174 et
3647 2137 3834 2175 cit-nu-

2231 2203 2408 2260 lentas
2439 2205 2586 2261 feces
2636 2206 2688 2260 in
2716 2221 2775 2261 se
2801 2208 3158 2273 continentia,
3186 2209 3384 2278 quibus
3412 2210 3740 2282 simplicium
3768 2223 3835 2267 ct

2233 2294 2547 2349 devotorum
2572 2310 2763 2351 sensus
2784 2306 3118 2373 pervertere.
3141 2306 3196 2353 et
3222 2300 3465 2368 magistri
3496 2301 3598 2355 sibi
3625 2317 3830 2357 nomen

2231 2387 2566 2456 usurpando,
2625 2394 2745 2456 post
2774 2400 2835 2441 se
2863 2386 3163 2458 discipulos
3201 2389 3443 2455 trahere,
3492 2390 3705 2461 illisque
3731 2393 3832 2462 qui

2233 2486 2300 2540 ad
2326 2502 2421 2540 sua
2450 2496 2573 2541 vota
2614 2485 2839 2541 auribus
2885 2487 3195 2557 prurientes
3235 2486 3527 2558 magistros
3557 2488 3657 2543 sibi
3694 2504 3834 2544 coa-

2232 2592 2457 2631 eervare
2506 2576 2787 2631 decertant
2834 2577 3038 2632 valeret
3084 2576 3339 2640 indebite,
3391 2579 3645 2648 quoniam
3694 2579 3836 2649 legi—

2235 2669 2363 2725 time
2392 2686 2497 2724 non
2521 2679 2750 2739 poterat,
2778 2670 2890 2723 vita
2932 2670 3183 2739 religiosa
3208 2677 3262 2724 et
3287 2668 3553 2725 catholica
3580 2670 3835 2724 doctrina

2231 2774 2485 2831 praeesse.
2514 2753 2669 2829 Isque
2689 2775 2825 2829 quos
2855 2758 3028 2833 potuit
3061 2759 3161 2814 sibi
3193 2757 3483 2828 compliccs
3526 2758 3654 2815 fecit
3686 2762 3835 2813 dun-

2234 2858 2387 2906 taxat
2413 2850 2673 2906 innotesci
2696 2850 3088 2915 desiderantes,
3127 2851 3218 2921 qui
3250 2850 3515 2919 quoniam.
3532 2848 3698 2905 rectis
3716 2864 3837 2905 non

2233 2948 2485 3011 poterant
2514 2940 2746 3011 dyscolis
2774 2940 2888 2995 noti
2933 2940 3146 2994 ﬁerent.
3193 2939 3405 3009 Quique
3432 2956 3463 2995 a
3492 2939 3841 2995 monasterio

2236 3034 2612 3104 irregulariter
2636 3033 2849 3099 exiens,
2877 3033 3179 3104 peragratis
3209 3032 3522 3102 regionibus
3549 3032 3835 3103 plurimis,

2237 3125 2290 3179 in
2321 3125 2630 3194 Moguntina
2659 3125 2876 3179 civitate
2913 3124 3111 3178 habitae
3136 3124 3343 3195 synodo
3370 3133 3427 3178 ct
3474 3122 3704 3179 Rabano
3731 3139 3836 3181 ar-

542 3219 767 3290 cpistola
797 3218 1035 3291 ejusdem
1062 3236 1213 3292 papa:
1242 3192 1400 3291 supra
1432 3192 1734 3291 posuimus.
1766 3221 1899 3289 Quia
1933 3220 2128 3275 nihilo-
2155 3192 2199 3252 (ἶ
2233 3192 2577 3287 chiepiscOpo
2608 3216 2845 3271 libellum
2872 3215 2953 3271 sui
2985 3192 3187 3269 erroris
3210 3217 3510 3286 porrigens,
3539 3216 3840 3272 damnatus

540 3311 725 3366 minus
763 3326 829 3367 ex
878 3311 1213 3382 delegatione
1258 3312 1563 3382 apostolica:
1602 3312 1747 3368 sedis
1774 3313 1889 3368 haec
1918 3313 2125 3368 incom-

540 3403 720 3476 posita
754 3404 808 3459 in
857 3402 1079 3462 Gallicis
1123 3405 1432 3475 regionibus
1480 3406 1862 3475 composuerit,
1907 3406 2047 3461 sicut
2075 3414 2129 3459 et

514 3488 600 3547 Pin
651 3492 871 3563 praefata
919 3491 1144 3562 epismla
1192 3493 1517 3549 leestinus
1563 3494 1912 3555 monstravit.
1958 3494 2124 3549 isdem

540 3579 780 3653 Prosper
809 3581 862 3636 in
909 3580 1227 3652 prmfationc
1264 3580 1734 3637 Vineentianarum
1761 3581 2125 3651 objectionnm

544 3673 783 3729 ostendit
825 3674 1010 3729 dicens
1042 3692 1055 3728 :
1091 3694 1109 3725 ι
1142 3674 1405 3741 Quidam,
1438 3673 1648 3744 inquit,
1695 3672 2018 3729 Christiana:
2063 3688 2127 3728 ac

543 3762 801 3818 fraternae.
831 3762 1116 3820 charitatis
1141 3763 1314 3828 obliti,
1344 3764 1396 3818 in
1427 3771 1633 3818 tantum
1668 3764 2125 3829 existimationem

541 3862 786 3910 nostram
838 3870 1054 3926 quoquo
1088 3856 1248 3911 modo
1277 3856 1495 3911 student
1542 3856 1758 3921 hederc,
1791 3866 1849 3910 ut
1880 3871 2032 3910 suam
2069 3871 2128 3909 se

541 3954 790 4002 evertere
814 3947 1043 4003 nocendi
1084 3948 1375 4018 cupiditate
1416 3964 1521 4003 non
1556 3947 1793 4002 videant.
1824 3946 2130 4003 Coutcxunt

544 4036 713 4101 enim,
737 4046 791 4093 et
811 4037 1063 4108 qualibus
1086 4047 1313 4111 possunt
1333 4039 1616 4096 sententiis
1637 4038 2124 4110 comprehendunt,

542 4127 1002 4197 ineptissimarum
1052 4130 1407 4200 quarumdam
1453 4130 1906 4202 blasphemiarum
1938 4130 2127 4202 prodi-

541 4217 695 4291 giosa
751 4218 1069 4285 mendacia,
1122 4235 1294 4291 eaque
1344 4221 1677 4276 ostendenda
1723 4229 1779 4276 et
1833 4219 2128 4291 ingerenda

539 4306 728 4363 multis
749 4307 961 4379 publice
986 4309 1348 4381 privatimque
1376 4310 1786 4374 circumferunt,
1820 4318 2128 4365 asserentes

540 4398 674 4454 talia
720 4400 771 4454 in
804 4409 990 4457 nostro
1020 4416 1141 4457 esse
1170 4416 1363 4467 sensu,
1410 4403 1591 4473 qualia
1636 4401 1904 4458 diaboll‘co
1947 4401 2124 4456 conti-

542 4498 744 4543 nentur
779 4488 1032 4545 indicnlo.
1080 4491 1210 4559 Qua:
1249 4491 1385 4547 falso
1425 4492 1478 4546 in
1524 4507 1623 4547 nos
1658 4493 1724 4547 ad
1758 4491 2123 4546 suscitandam

542 4576 802 4633 invidiam
821 4577 1084 4648 jactitari,
1120 4580 1276 4636 facile
1301 4591 1355 4636 et
1378 4580 1708 4649 sufﬁcienter
1730 4581 2127 4650 subscriptione

542 4669 708 4725 unius
736 4668 1091 4741 probaremus
1119 4671 1647 4739 anatliematis,'nisi
1684 4673 1995 4743 malignitas
2038 4687 2131 4727 co-

544 4778 690 4828 rum,
724 4765 813 4836 qui
844 4778 902 4820 se
929 4766 1143 4837 gravari
1190 4774 1383 4836 putant
1427 4766 1472 4821 si
1519 4766 1586 4821 de
1631 4765 1785 4822 nobis
1820 4767 1958 4821 bene
2001 4780 2128 4820 sen-

542 4856 755 4923 tiatur,
824 4856 997 4927 ipsam
1068 4856 1479 4928 subscriptionis
1539 4867 1744 4914 nostra:
1810 4858 2128 4912 brevitatem

547 4958 851 5019 suspectam
896 4956 1041 5005 esset
1080 4947 1355 5004 habitura.
1407 4948 1561 5005 Unde
1602 4965 1671 5005 ne
1713 4950 1871 5019 hujus
1897 4950 2131 5021 querelae

545 5039 884 5096 inveniretur
909 5039 1144 5105 occasio,
1168 5041 1533 5095 necessarium
1556 5041 1989 5111 conveniensque
2013 5055 2130 5095 cre-

545 5130 801 5196 didimus,
828 5139 889 5186 ut
919 5131 1033 5188 sive
1059 5128 1128 5186 ad
1168 5130 1611 5188 calumniantium
1642 5133 1853 5189 animos
1885 5132 2133 5201 mitigan-

544 5220 665 5287 dos,
689 5222 804 5276 sive
826 5222 889 5276 ad
918 5236 1012 5277 eos
1036 5237 1267 5292 quorum
1288 5225 1512 5279 auribus
1537 5224 1639 5280 tale
1670 5225 1870 5294 aliquid
1895 5224 2132 5279 insonuit

545 5312 910 5377 instruendos,
925 5322 1208 5384 quantum,
1222 5316 1508 5387 adjuvantc
1536 5316 1784 5381 Domino,
1805 5317 1918 5370 fieri
1951 5325 2132 5386 potue-

544 5398 648 5468 rit,
698 5401 855 5471 plene
899 5402 1182 5477 lucideque
1223 5408 1525 5479 pandamus
1571 5407 1698 5476 quid
1745 5406 1813 5462 de
1861 5408 2132 5477 perversis

547 5492 952 5553 deﬁnitionibus
969 5497 1293 5569 iudicemus.
1315 5499 1613 5572 Propositis
1635 5500 1799 5571 igitur
1820 5499 2130 5570 singillatim

546 5584 820 5642 sexdecim
876 5590 1155 5661 capitulis,
1204 5591 1305 5647 sub
1342 5608 1665 5662 unoquoque
1708 5606 1896 5645 eorum
1942 5606 2134 5646 sensus

547 5678 723 5735 nostri
749 5688 805 5736 et
832 5679 976 5747 ﬁdei,
1002 5697 1162 5753 quam
1190 5693 1375 5739 contra
1401 5682 1718 5753 Pelagianos
1738 5697 1802 5736 cx
1828 5683 2135 5753 apostolicze

548 5770 694 5833 sedis
742 5772 1064 5843 auctoritate
1112 5771 1480 5839 defendimus,
1512 5772 1674 5829 verba
1721 5787 1982 5842 ponemus
2026 5789 2040 5827 :
2080 5781 2138 5829 ut

2230 3322 2353 3362 cum
2384 3309 2577 3364 litteris
2604 3308 2951 3381 synodalibus
2991 3308 3057 3361 ad
3100 3307 3431 3362 Rliemorutn
3480 3310 3832 3379 metropolim

2230 3404 2314 3451 est
2340 3397 2638 3451 remissus:
2698 3412 2923 3466 quarum
2962 3397 3265 3451 litterarum
3313 3397 3592 3468 exemplar
3623 3397 3714 3453 hic
3742 3397 3833 3452 iu-

2230 3501 2411 3543 serere
2441 3488 2760 3543 rationabile
2785 3489 3057 3551 duximus,
3083 3487 3222 3557 quod
3254 3488 3325 3542 ita
3351 3504 3410 3543 se
3437 3489 3625 3543 habet.
3655 3506 3675 3539 r
3719 3486 3837 3543 Re-

2230 3579 2606 3635 verentissimo
2637 3578 2790 3634 fratri
2818 3590 2872 3635 et
2895 3582 3265 3635 consacerdoti
3293 3580 3587 3637 llincmaro
3615 3582 3834 3638 archie-

2230 3670 2449 3740 piscopo
2479 3670 2732 3724 Bahanus
2757 3686 2946 3726 servus
2995 3672 3195 3726 Christi
3224 3681 3277 3726 ct
3307 3688 3585 3727 servorum
3625 3671 3743 3742 ejus
3769 3674 3832 3731 in

2231 3758 2465 3813 Domino
2515 3759 2763 3813 salutem.
2796 3758 2991 3815 Notum
3038 3762 3108 3815 sit
3156 3761 3429 3816 dilectioni
3465 3772 3658 3819 vestrm
3684 3766 3834 3834 quod

2230 3851 2447 3921 quidam
2500 3867 2800 3923 gyrovagus
2850 3854 3149 3908 monachus
3204 3855 3424 3909 nomine
3478 3854 3871 3922 Gothescale,_

2230 3942 2413 4012 quise
2458 3943 2654 3997 asserit
2701 3943 3037 3998 sacerdotem
3083 3944 3136 3999 in
3183 3953 3359 3999 vestra
3388 3946 3643 4015 parochia
3678 3946 3832 4001 ordio

2231 4044 2440 4097 natum,
2502 4034 2566 4088 de
2611 4033 2761 4087 Italia
2813 4036 2962 4089 venit
3011 4039 3078 4091 ad
3131 4052 3230 4090 nos
3264 4036 3616 4107 Moguntiam,
3658 4052 3832 4094 novas

2231 4126 2640 4195 superstitiones
2669 4136 2722 4182 et
2763 4127 2980 4182 noxiam
3025 4128 3330 4183 doctrinam
3376 4130 3441 4183 de
3476 4129 3833 4197 prazdestina-

2231 4219 2377 4273 tione
2410 4219 2504 4273 Dei
2555 4219 2923 4282 iutroducens,
2985 4228 3039 4273 et
3067 4219 3291 4291 populos
3344 4222 3396 4275 in
3430 4236 3669 4276 errorem
3701 4222 3834 4276 mit-

2233 4319 2388 4364 tens:
2425 4309 2611 4365 dicens
2657 4310 2799 4379 quod
2829 4310 3232 4380 prmdestinatio
3262 4309 3356 4366 Dei
3404 4309 3544 4365 sicut
3576 4310 3629 4363 in
3682 4311 3831 4366 bono
3904 4306 3909 4311 ’

2228 4400 2299 4454 sit
2328 4401 2397 4454 ita
2425 4409 2478 4454 et
2504 4400 2556 4455 in
2593 4401 2770 4467 malo;
2817 4411 2871 4456 et
2900 4401 3030 4456 tales
3084 4402 3195 4456 sint
3224 4402 3276 4456 in
3324 4404 3426 4457 hoc
3465 4403 3663 4457 mundo
3705 4404 3831 4473 qui-

2230 4490 2378 4551 dam,
2421 4490 2511 4560 qui
2561 4500 2782 4560 propter
2834 4491 3366 4562 prardcstinatioucm
3417 4493 3509 4546 Dci
3556 4509 3675 4562 que
3727 4508 3828 4548 cos

2232 4592 2389 4652 eugat
2413 4583 2464 4635 in
2490 4593 2717 4637 mortem
2750 4583 2850 4646 ire,
2878 4599 2983 4637 non
3013 4585 3222 4652 po<siut
3268 4585 3336 4637 ab
3383 4600 3567 4639 errore
3596 4593 3649 4638 et
3699 4599 3829 4653 pce-

2232 4683 2354 4727 cato
2376 4688 2434 4727 se
2462 4673 2755 4743 corrigere,
2800 4675 2952 4744 quasi
2993 4674 3135 4728 Dens
3164 4690 3257 4729 eos
3301 4675 3520 4729 iecisset
3547 4675 3616 4728 ah
3670 4677 3829 4730 initio

2232 4764 2625 4834 incorrigibilcs
2650 4780 2789 4830 esse,
2823 4774 2877 4819 et
2918 4780 3091 4834 ptenre
3140 4768 3403 4821 obnoxios
3441 4767 3493 4820 in
3544 4766 3825 4820 interitum

2233 4859 2332 4913 ire.
2385 4858 2534 4913 llanc
2586 4873 2717 4928 ergo
2770 4859 3077 4928 opinionem
3134 4874 3305 4930 nuper
3346 4859 3398 4912 in
3443 4860 3651 4929 synodo
3682 4858 3826 4926 apud

2232 4951 2560 5022 Moguntiam
2587 4951 2769 5005 habita
2797 4952 2865 5006 ab
2892 4967 2957 5006 eo
2981 4952 3281 5016 audientes,
3311 4959 3367 5005 et
3404 4950 3826 5020 incorrigibilcm

2238 5056 2363 5096 eum
2408 5042 2760 5111 reperientes,
2786 5051 3055 5096 annuente
3106 5051 3268 5113 atque
3307 5041 3533 5113 iubente
3577 5042 3826 5111 piissnno

2240 5149 2365 5205 rege
2387 5143 2569 5189 nostro
2598 5134 2888 5198 Ludovico,
2936 5134 3271 5188 decrevimus
3307 5149 3429 5188 cum
3474 5148 3594 5187 cum
3650 5131 3829 5201 perni-

2238 5229 2384 5285 ciosa
2412 5244 2507 5284 sua
2533 5228 2778 5282 doctrina
2806 5229 3116 5282 damnatum
3171 5228 3386 5285 mittere
3412 5228 3479 5281 ad
3525 5241 3621 5281 vos
3644 5243 3658 5290 ;
3692 5240 3827 5293 qna-

2238 5327 2397 5374 tenus
2425 5334 2547 5374 eum
2574 5317 2864 5374 recludatis
2899 5319 2951 5373 in
3004 5330 3181 5373 vestra
3217 5319 3474 5388 parochia
3528 5318 3670 5372 unde
3715 5317 3828 5386 pri-

2235 5425 2383 5465 mum
2408 5411 2707 5466 inordinate
2732 5410 2978 5471 recessit,
3009 5418 3062 5464 et
3100 5426 3204 5463 non
3233 5407 3425 5464 sinatis
3445 5423 3567 5463 eum
3596 5406 3827 5476 amplius

2236 5516 2478 5558 errorem
2509 5501 2722 5565 docere,
2748 5508 2804 5556 et
2846 5501 3103 5555 seducere
3144 5500 3398 5569 populum
3432 5499 3825 5559 Christianum,

2238 5594 2360 5662 quia
2383 5590 2498 5661 jam
2527 5592 2723 5646 multos
2744 5593 3017 5655 seductos,
3045 5600 3104 5644 ut
3134 5591 3333 5654 audivi,
3363 5590 3545 5651 habet,
3569 5598 3623 5641 et
3648 5588 3827 5641 minus

2240 5684 2462 5740 devotos
2487 5700 2613 5754 erga
2644 5701 2796 5739 suam
2824 5684 3074 5749 salutem,
3131 5684 3223 5753 qui
3276 5683 3487 5746 dicunt,
3514 5680 3653 5747 Quid
3695 5679 3825 5732 mihi

2238 5777 2481 5842 proderit
2517 5777 2765 5833 laborare
2789 5771 2846 5831 in
2871 5777 3095 5833 servitio
3125 5776 3261 5830 Dei?
3288 5775 3415 5845 quia
3458 5776 3503 5830 si
3539 5771 3817 5845 prxdesti-
