4052 6334
265 351 343 409 85
1044 345 1132 401 DE
1165 340 1837 401 PBEDESTINATIONE
1875 339 2332 400 DlSSERTATIO
2369 342 2779 401 POSTERIOR.
3397 311 3405 319 .
3479 345 3550 402 86

263 470 432 519 natus
474 474 596 515 sum
627 457 697 514 ad
739 465 996 520 mortem,
1049 471 1327 525 numnam
1375 455 1478 524 ξι
1527 453 1676 508 illam
1730 467 1852 507 eva-
1877 454 1932 514 Α
1959 451 2126 518 Quasi
2173 464 2361 524 stuppa
2391 454 2606 510 collecta
2659 457 2768 526 23
2814 473 3079 527 synagoga
3127 458 3475 526 peccantium,
3500 468 3549 511 et

261 557 433 610 dam:
465 553 515 609 si
546 561 729 607 autem
762 549 905 604 male
948 563 1130 618 egero,
1183 556 1238 602 et
1267 547 1685 617 przedestinatus
1733 560 1851 600 sum

260 646 332 701 ad
364 645 558 708 vitam,
581 642 701 698 sine
724 640 829 696 ulla
857 638 1194 694 dubitatione
1219 638 1285 691 ad
1312 646 1571 692 mternam
1610 635 1856 705 requiem

259 736 422 791 vado.
460 733 591 790 Haec
613 747 742 804 ergo
764 732 950 802 paucis
975 730 1127 787 vobis
1153 729 1496 802 scripsimus,
1538 729 1855 786 intimantes

258 826 483 896 qualem
515 823 634 894 eius
663 824 969 879 doctrinam
1010 821 1314 894 reperimus
1337 841 1355 877 :
1385 837 1484 877 vos
1522 822 1690 877 etiam
1717 819 1858 878 vale-

257 917 393 974 bitis
423 917 495 971 de
545 929 644 970 ore
672 912 789 982 ejus
817 913 947 984 quid
973 914 1141 969 sentit
1175 913 1385 984 plenius
1410 913 1620 977 audire,
1647 922 1703 968 et
1727 911 1857 982 quid

259 1009 391 1064 inde
431 1006 702 1078 agendum
733 1005 803 1060 sit
843 1003 991 1072 juste
1015 1005 1346 1074 .deeernere.
1379 1004 1638 1059 Dominus
1686 1003 1858 1058 omni-

255 1107 460 1167 potens
509 1096 851 1151 sanctitatem
899 1103 1134 1150 vestram
1172 1095 1311 1151 bene
1360 1094 1652 1161 valentem,
1676 1104 1733 1151 et
1758 1110 1858 1166 pro

259 1189 422 1243 nobis
470 1196 739 1250 orantem,
775 1186 830 1242 in
859 1195 1122 1242 :eternum
1166 1201 1489 1242 conservare
1535 1187 1804 1258 dignetur.
1831 1205 1859 1241 ι

257 1280 505 1350 Indeque
559 1296 592 1334 a
628 1278 871 1350 synodali
907 1287 1178 1334 conventu
1233 1279 1286 1334 in
1331 1277 1613 1335 Carisiaco
1658 1279 1858 1350 palatio

255 1374 462 1428 iterum
491 1373 708 1428 auditus
734 1373 804 1428 ab
841 1372 1126 1443 episcopis,
1154 1383 1209 1428 et
1254 1373 1464 1429 caeteris
1492 1389 1662 1444 quam
1689 1373 1856 1444 pluri-

255 1465 364 1519 mis
413 1463 549 1518 viris
595 1463 980 1518 ecclesiasticis
1023 1472 1186 1534 atque
1227 1448 1508 1534 religiosis,
1542 1466 1633 1535 qui
1679 1466 1857 1520 eidem

250 1554 470 1625 synolo
489 1553 873 1620 interfuerunt,
905 1555 1157 1610 videlicet
1186 1555 1470 1612 Wenilone
1499 1556 1857 1613 Senneusium

248 1647 694 1716 arebiepise0po,
724 1645 1015 1701 llincmaro
1041 1646 1370 1702 Rbemorum
1417 1649 1692 1718 episcopo,
1733 1648 1857 1703 Fol-

247 1738 416 1794 eoino
449 1735 836 1791 Morinensium
862 1737 1137 1806 eniscopo,
1169 1737 1467 1793 Teuderico
1496 1738 1858 1793 Camaracen-

248 1833 394 1885 sium
423 1831 702 1903 episeopo,
737 1833 984 1889 Rotbado
1011 1834 1351 1890 Suessonieae
1379 1835 1617 1890 civitatis
1641 1835 1852 1905 episco—

248 1938 344 1991 po,
402 1923 714 1994 Ragenario
764 1927 1214 1982 Ambianensinm
1266 1928 1557 1999 episeopo,
1616 1927 1864 1985 Immone

247 2011 774 2086 Noviomagensium
833 2017 1124 2087 episcopo,
1185 2017 1423 2090 Erpoino
1481 2017 1858 2076 Silvaneeten-

248 2103 396 2158 sium
457 2105 714 2174 episcopo
745 2143 761 2172 ,
817 2105 968 2178 Lupo
1031 2107 1506 2166 Catalaunensium
1559 2112 1854 2182 episcopo,

249 2193 598 2250 \‘rminl‘rido
625 2195 1030 2253 Beivacensium
1072 2200 1346 2271 episcogio,
1375 2200 1606 2257 Pardulo
1644 2202 1858 2258 Laudu—

247 2286 508 2340 nensium
572 2289 862 2358 episcopo,
942 2289 1245 2345 Teutboldo
1299 2294 1592 2362 provinciae
1641 2295 1856 2365 Lugdu-

247 2376 509 2428 nensium
576 2388 631 2431 et
687 2377 996 2448 Lingonicus
1052 2382 1289 2436 civitatis
1362 2384 1620 2455 episcopo
1649 2424 1665 2449 ,
1724 2386 1857 2441 Ger-

247 2469 454 2522 nobrio
483 2467 884 2526 Turonensium
937 2473 1227 2542 provinciae
1261 2474 1534 2545 episcopo,
1591 2476 1856 2548 Itigboldo

248 2555 592 2612 Rbcmorum
654 2559 1080 2630 cborepiscopo,
1142 2561 1322 2617 Witao
1376 2562 1853 2620 Camaracensium

245 2649 676 2720 eborepiscopo,
701 2658 760 2705 et
785 2651 925 2714 aliis,
959 2651 1054 2721 qui
1099 2667 1245 2708 nunc
1271 2651 1364 2708 Dei
1417 2655 1592 2722 gratia
1614 2655 1854 2726 episcopi

245 2739 518 2805 ordinati,
570 2748 698 2796 tunc
732 2750 912 2796 autem
952 2739 1065 2809 jam
1115 2742 1273 2797 (licet:
1313 2745 1522 2814 synodo
1571 2761 1694 2799 cum
1739 2747 1852 2816 epi-

245 2831 440 2900 scopis
461 2831 579 2899 suis
599 2833 894 2888 secundum
923 2833 1354 2890 ecclesiasticum
1379 2850 1588 2890 morem
1609 2836 1850 2894 fuerunt.

251 2919 473 2975 Weuilo
505 2922 731 2988 scilicet,
765 2933 890 2979 tunc
919 2940 1040 2979 eum
1063 2925 1374 2995 Ragenario
1395 2936 1550 2996 patre
1573 2943 1694 2992 suo,
1712 2943 1853 2982 nunc

248 3022 440 3067 autent
465 3014 983 3085 ltotboznageusium
1030 3017 1496 3088 archiepiscopus,
1526 3018 1731 3073 zEneas
1756 3034 1855 3073 no-

254 3107 432 3160 tarius
457 3108 598 3161 sacri
627 3106 835 3176 palatii,
885 3117 942 3162 et
972 3110 1133 3164 tundo
1179 3109 1509 3166 Parisiorum
1540 3111 1847 3181 episcopus,

1956 547 2338 600 consummatio
2379 545 2589 600 illorum
2629 548 2844 616 ﬁam-ma
2892 547 3027 616 ignis
3070 547 3260 618 (Ereti.
3294 547 3548 618 ΧΧΙ,10),

1955 644 2012 690 et
2035 635 2123 690 illa
2154 645 2308 692 vetus
2349 638 2725 708 congregatio,
2778 647 2833 693 et
2889 639 2990 693 ista
3021 655 3160 693 nova
3213 639 3542 710 complexio,

1957 740 2084 785 sunt
2140 744 2329 786 errore
2373 747 2558 802 pares,
2585 747 2895 801 quanquam
2945 731 3160 787 diversa
3194 730 3441 786 fatentes.
3483 733 3548 787 Et

1957 822 2161 879 ideirco
2197 823 2531 894 capitulatim
2581 825 2649 879 de
2699 839 3022 894 unaquaque
3049 824 3322 879 sententia
3351 838 3550 894 ponen-

1957 915 2084 970 dum
2110 915 2364 972 duximus
2393 931 2513 985 quze
2541 915 2615 970 illi
2642 915 2916 978 dixerunt,
2949 925 3005 970 et
3061 931 3181 986 qua:
3211 915 3300 970 isti
3337 914 3542 977 dicunt,

1957 1007 2050 1076 qui
2074 1007 2466 1062 catholicorum
2506 1015 2562 1063 et
2599 1007 2910 1077 apostolica:
2933 1007 3079 1062 sedis
3130 1006 3392 1062 doctrinae
3419 1022 3524 1063 con

1958 1101 2256 1166 tradieunt,
2277 1100 2480 1171 quique
2503 1100 2733 1171 capitula
2761 1115 2791 1155 a
2821 1099 2980 1156 nobis
3017 1115 3080 1153 ex
3114 1098 3542 1154 orthodoxorum

1958 1191 2139 1246 verbis
2167 1199 2425 1262 excerpta
2460 1193 2773 1263 discerpunt
2799 1211 2814 1248 :
2869 1200 2926 1247 et
2967 1191 3047 1248 sic
3076 1190 3356 1247 catholicae
3385 1200 3549 1260 atque

1958 1281 2266 1352 apostolicae
2293 1281 2551 1338 Ecclesiae
2606 1283 2986 1353 magistrorum
3021 1291 3288 1351 ponentes
3335 1287 3550 1334 senten-

1961 1375 2083 1438 tias,
2115 1373 2348 1442 qualiter
2383 1373 2458 1427 illi
2489 1382 2802 1437 senserunt,
2833 1382 2888 1428 ct
2941 1379 3125 1426 utrum
3171 1377 3359 1426 nostro
3386 1367 3550 1424 colle-

1959 1466 2071 1534 gio,
2103 1481 2169 1519 an
2195 1464 2409 1520 illorum
2434 1464 2711 1529 divisioni,
2738 1463 3086 1518 ditiinitioncs
3116 1463 3430 1518 eorumdem
3461 1474 3552 1514 ομ

1962 1558 2319 1614 tbodoxorum
2363 1557 2584 1623 faciant,
2643 1556 2870 1612 Domino
2913 1556 3212 1627 inspirante
3255 1563 3310 1610 et
3356 1568 3552 1622 coope-

1962 1659 2135 1712 rante,
2168 1651 2542 1706 demonstrare
2572 1650 2902 1714 curabimus,
2933 1665 3066 1704 cunt.
3086 1657 3250 1704 secta:
3273 1647 3547 1718 pestifer-te

1961 1741 2348 1798 eatbolicorum
2375 1742 2623 1798 sensibus
2676 1741 3036 1811 respondere,
3064 1750 3119 1794 et
3145 1739 3211 1794 de
3240 1737 3544 1809 capitulisa

1962 1835 2118 1892 nobis
2145 1835 2416 1906 excerptis
2443 1835 2708 1891 rationem
2737 1834 2959 1891 reddere
2979 1833 3325 1904 cmperiums.
3375 1852 3395 1882 ι

2578 1966 2804 2024 CAPUT
2837 1965 2908 2021 ﬁl

1959 2103 2038 2159 De
2057 2101 2360 2173 Fulgentio,
2401 2119 2467 2157 ea:
2499 2101 2652 2173 cujus
2681 2101 2830 2173 libris
2851 2101 2922 2173 ad
2948 2116 3097 2173 suam
3127 2097 3544 2173 confirmandam

2099 2169 2405 2229 tealenliam
2439 2169 2674 2242 exempla
2702 2169 3163 2226 I’rtvdestinatiani
3185 2178 3408 2239 ponunt.

2029 2285 2182 2342 Unde
2223 2299 2617 2354 przetnnnemns
2668 2298 2938 2355 quemque
2983 2282 3260 2346 lectorem,
3312 2296 3378 2336 ne
3421 2295 3543 2350 pra-

1955 2395 2146 2434 vorum
2172 2381 2374 2434 hazreat
2405 2378 2678 2444 sensibus,
2715 2392 2839 2432 cum
2867 2377 2921 2431 in
2973 2376 3183 2431 illorum
3221 2375 3439 2446 scriptis
3468 2384 3546 2430 le-

1955 2471 2208 2527 stimonia
2243 2469 2511 2525 invenerit
2552 2470 2726 2538 posita
2769 2468 2836 2524 de
2884 2467 3038 2523 libris
3085 2467 3381 2538 Fulgentii,
3401 2467 3543 2536 quod

1956 2562 2171 2632 reprobi
2196 2561 2565 2631 prantlestinati
2596 2569 2722 2616 sunt
2750 2576 2856 2614 non
2905 2561 2974 2614 ad
3004 2557 3230 2623 malum,
3252 2560 3345 2612 sed
3369 2557 3436 2610 ad
3465 2558 3547 2611 in-

1957 2652 2175 2706 teritum
2203 2667 2216 2704 :
2248 2666 2368 2720 qua:
2397 2650 2451 2705 in
2479 2649 2618 2705 libro
2637 2649 2705 2704 ad
2747 2647 3064 2711 Monimum,
3094 2646 3248 2717 quasi
3281 2647 3333 2701 in
3357 2644 3545 2701 defen-

1954 2743 2106 2797 sione
2132 2743 2273 2797 beati
2297 2741 2604 2812 Augustini,
2631 2741 2827 2812 stepius
2861 2739 3107 2810 replicat.
3134 2739 3289 2795 Unde
3331 2755 3438 2794 non
3459 2749 3545 2796 est

1953 2848 2182 2888 necesse
2205 2833 2492 2888 catholicis
2534 2832 2602 2887 ab
2631 2832 2720 2887 illo
2749 2831 2888 2886 hanc
2931 2831 3073 2886 beati
3123 2829 3412 2903 Augustini
3436 2845 3537 2884 ex-

1952 2925 2287 2982 cusationem
2341 2925 2661 2995 suscipere,
2716 2923 2842 2994 quia
2899 2923 3035 2978 satis
3081 2936 3351 2993 superque
3398 2921 3541 2976 idem

1953 3015 2146 3070 beatus
2168 3013 2502 3085 Augustinus
2559 3027 2618 3068 se
2660 3013 2785 3068 hinc
2833 3013 3136 3078 excusavit,
3179 3021 3339 3083 atque
3371 3022 3546 3067 retra-

1953 3106 2150 3162 etando
2187 3105 2447 3160 defendit.
2490 3104 2556 3159 Et
2606 3103 2811 3176 legatus
2835 3103 3094 3159 Romanm
3125 3104 3382 3160 Ecclesia!
3410 3105 3540 3159 [ideo

253 3195 410 3251 Isaac
435 3197 701 3251 diaconus
724 3196 967 3262 Parduli,
1003 3209 1056 3252 et
1083 3215 1225 3255 nunc
1276 3199 1583 3274 Liugonica:
1610 3203 1848 3258 civitatis
1876 3191 1921 3254 C
1952 3195 2124 3267 lisque
2153 3195 2271 3264 ejus
2302 3196 2572 3266 interpres
2601 3196 2788 3251 beatus
2830 3195 3083 3266 Prosper.
3116 3197 3184 3250 de
3207 3191 3360 3266 cuius
3391 3195 3544 3253 libris

251 3288 565 3356 cpiscopus.
593 3286 701 3342 Sed
719 3297 774 3342 et
796 3289 1132 3346 venerabiles
1160 3291 1384 3348 abbates
1411 3293 1618 3363 synodo
1646 3293 1749 3362 ipsi
1776 3294 1852 3348 in-

255 3380 523 3443 terluere,
555 3377 851 3434 Ratbcrtus
888 3379 1154 3447 Corbeiaz,
1184 3381 1330 3437 Bavo
1360 3384 1607 3448 Orbacis,
1638 3393 1693 3440 et
1720 3384 1846 3440 lIaI—

256 3468 464 3522 duinus
485 3468 808 3524 Altivillaris'
831 3473 1166 3535 monasterii,
1196 3472 1398 3543 aliique
1447 3475 1650 3528 domini
1676 3491 1750 3529 sa.
1770 3491 1854 3530 er.

258 3559 422 3613 dotes
444 3574 511 3614 ac
540 3559 775 3614 diaconi.
828 3560 1076 3616 Wlfadus
1105 3579 1320 3632 quoque
1373 3564 1703 3620 Rhelnorum
1735 3582 1850 3622 me-

256 3648 493 3718 tropolis
541 3664 902 3715 meouomus,
946 3660 1001 3707 et
1053 3653 1360 3709 llodoaldus
1412 3657 1848 3726 arcltiiiaconus,

255 3754 382 3792 cum
423 3738 546 3794 aliis
596 3741 943 3809 sequentibus
991 3743 1128 3799 cieri
1176 3746 1478 3802 ordinibus.
1519 3747 1575 3802 In
1619 3765 1850 3819 quorum

254 3830 549 3900 praesentia
580 3830 722 3885 idem
749 3830 1156 3899 Gotbescalcus,
1191 3836 1330 3891 sicut
1361 3847 1416 3892 et
1453 3839 1504 3893 in
1539 3839 1848 3912 Moguntina

257 3921 504 3985 civitate,
536 3922 788 3978 inventus
817 3924 1106 3981 haereticus
1133 3937 1296 3996 atque
1323 3928 1725 3999 incorrigibilis,
1755 3933 1852 3987 Ito-

257 4027 389 4067 norc
415 4013 795 4084 presbyterali,
824 4029 982 4084 quem
1014 4031 1112 4086 per
1161 4017 1480 4088 ﬂigholdum
1516 4020 1848 4078 Rhemorum

257 4105 735 4176 chorepiscopnm,
765 4120 888 4161 eum
915 4116 1060 4164 esset
1083 4107 1422 4164 Sue‘ssonica:
1449 4112 1715 4180 parochiae
1736 4130 1851 4167 mo-

258 4200 489 4264 nachus,
520 4198 694 4253 inscio
737 4199 976 4255 civitatis
1032 4216 1146 4256 sua:
1192 4201 1466 4272 episcopo,
1496 4213 1852 4272 usurpaverat

255 4290 436 4358 potius
461 4304 627 4357 quam
665 4299 974 4360 acceperat,
1002 4288 1264 4358 abiectus,
1294 4301 1349 4346 et
1389 4307 1488 4362 pro
1516 4309 1612 4348 sua
1647 4295 1853 4349 irrevo-

257 4380 418 4434 cain
477 4381 1164 4444 contumacia,secundum
1212 4381 1376 4452 leges,
1428 4392 1483 4439 et
1512 4382 1850 4454 Agathenscs

249 4486 520 4550 'CZIIIOZICS,
543 4486 609 4525 ac
656 4471 893 4540 regulam
941 4473 1112 4526 sancti
1147 4473 1442 4538 Benedicti,
1481 4483 1540 4527 ut
1568 4475 1847 4546 improbus

1953 3288 2278 3358 recipiendis
2337 3287 2389 3342 in
2450 3288 2694 3358 catalogo
2741 3289 3167 3344 ertltodoxorum
3219 3289 3539 3342 memoriam

1951 3380 2158 3435 faciens
2185 3389 2404 3435 sanctus
2453 3380 2703 3435 Gelasins
2750 3380 2892 3435 inter
2917 3380 3054 3436 alios
3099 3380 3174 3433 ita
3202 3380 3354 3445 dicit,
3403 3379 3538 3432 Item

1952 3472 2206 3542 opuscula
2233 3473 2368 3526 beati
2421 3470 2670 3543 Prosperi
2719 3474 2816 3528 viri
2869 3472 3270 3544 religiosissimi,
3299 3487 3400 3542 pro
3445 3471 3540 3525 illo

1951 3564 2109 3618 nobis
2131 3563 2406 3618 satissime
2425 3562 2691 3618 satisfacit
2723 3581 2735 3616 :
2760 3574 2817 3620 et
2837 3563 3092 3632 quoniam
3120 3578 3227 3617 non
3250 3560 3539 3617 dicendum

1951 3669 2127 3724 neque
2152 3654 2478 3708 credendum
2509 3653 2664 3708 nobis
2701 3654 2794 3718 sit,
2826 3654 2994 3709 Deum
3019 3652 3432 3724 pnedestinasse
3470 3651 3539 3704 ad

1953 3745 2235 3800 interitum
2267 3746 2544 3815 reprobus,
2579 3746 2670 3798 sed
2702 3760 2916 3814 pinnam
2968 3747 3141 3814 repro?
3167 3745 3214 3798 is
3259 3743 3538 3814 przedesti-

1951 3851 2131 3900 nasse,
2164 3852 2264 3891 nos
2289 3836 2510 3891 credere
2532 3845 2588 3890 et
2632 3837 2825 3892 docere
2864 3836 3265 3893 evidentissime
3294 3836 3533 3892 instruit.

1949 3926 2068 3982 Non
2102 3937 2282 3980 tamen
2309 3926 2680 3981 venerandum
2723 3926 3063 3998 Fulgentium
3116 3943 3214 3998 pro
3259 3927 3363 3982 hoc
3390 3926 3536 3982 diem

1951 4015 2006 4070 in
2036 4016 2248 4070 cunctis
2275 4015 2568 4084 rejicimus,
2598 4033 2772 4085 neque
2804 4018 2954 4072 illum
2984 4020 3036 4072 in
3064 4019 3165 4074 hoc
3188 4019 3359 4085 dicto,
3385 4018 3540 4073 vide-

1952 4107 2079 4162 licet
2129 4116 2188 4161 ut
2243 4107 2454 4176 reprobi
2488 4123 2518 4160 a
2575 4107 2686 4162 Deo
2719 4108 3086 4178 przedestinati
3138 4111 3204 4164 ad
3257 4109 3534 4164 interitum

1951 4202 2100 4256 credi
2134 4201 2216 4256 vel
2266 4201 2374 4256 dici
2426 4201 2682 4263 debeant,
2731 4202 2872 4254 sicut
2915 4200 3296 4269 Augustinum,
3347 4203 3399 4255 in
3451 4203 3537 4256 Ius

1950 4291 2207 4346 duntaxat
2241 4307 2361 4361 qua:
2394 4291 2520 4346 inde
2567 4291 2778 4345 dixerat
2807 4291 2858 4344 in
2895 4289 3133 4359 prmfatis
3183 4289 3357 4353 libris,
3385 4291 3534 4346 vide-

1953 4383 2079 4439 licet
2108 4383 2173 4438 de
2202 4382 2554 4453 Correptione
2581 4391 2635 4439 et
2667 4381 2878 4445 Gratia,
2929 4382 2994 4436 de
3049 4381 3534 4436 Praulestinatione

1951 4484 2286 4539 sanctorum,
2315 4484 2369 4530 et
2398 4474 2548 4528 Bono
2590 4474 3029 4544 perseverantia).
3061 4483 3115 4528 et
3155 4472 3536 4544 llypomnesti-

255 4558 422 4629 vingis
466 4573 658 4623 caesus,
709 4559 856 4613 sicut
901 4559 1256 4614 decreverant
1283 4561 1588 4616 Germania:
1619 4565 1839 4634 provin-
1869 4554 1920 4615 D
1946 4582 2048 4622 con
2073 4581 2168 4622 sex
2193 4567 2551 4636 qttmslionum
2580 4576 2769 4621 contra
2812 4565 3132 4638 Pelagianos
3158 4575 3214 4620 et
3259 4565 3536 4622 Caelestin-

255 4649 468 4703 ciarum
499 4649 761 4719 episcopi,
793 4665 859 4706 ne
884 4651 1006 4705 aliis
1053 4662 1269 4706 noceret
1297 4653 1385 4722 qui
1434 4654 1537 4709 sibi
1591 4656 1847 4724 prodesse

255 4740 496 4804 nolebat,
523 4740 797 4811 ergastqu
835 4751 918 4798 est
947 4753 1208 4797 retrosus.
1240 4742 1348 4799 Sed
1375 4761 1442 4799 ne
1469 4745 1554 4799 ille
1581 4746 1726 4802 solus
1754 4763 1846 4818 pe-

255 4831 409 4897 riret,
445 4831 550 4886 sibi
595 4834 999 4890 consentientes
1046 4846 1330 4904 casperunt
1375 4838 1732 4909 undecunque
1751 4857 1845 4896 ex—

253 4939 503 4996 surgere,
539 4934 595 4980 et
626 4941 846 4996 pravam
895 4929 966 4982 ab
1016 4927 1106 4981 illo
1137 4939 1397 4984 remotam
1439 4931 1742 4987 doctrinam
1789 4943 1845 4989 et

253 5018 423 5072 \erbo
446 5027 502 5070 et
531 5018 736 5086 scripto
762 5017 1134 5073 disseminare.
1163 5020 1280 5084 Quo
1303 5021 1612 5076 adulterino
1634 5024 1841 5078 semine

251 5108 369 5162 haec
390 5107 594 5177 quibus
616 5108 771 5162 nobis
801 5107 1005 5176 iubetis
1035 5110 1361 5178 respondere
1402 5111 1730 5180 pullularunt
1753 5130 1842 5169 ca-

251 5199 448 5268 pitula.
497 5199 838 5270 Quapropter
884 5202 1060 5269 primo
1110 5204 1384 5257 sciendum
1435 5215 1538 5269 est,
1585 5207 1838 5274 quoniam

250 5292 502 5358 quaedam
551 5291 732 5359 prisco
786 5301 1025 5361 tempore
1052 5293 1210 5347 aliter
1231 5295 1482 5350 dixerunt
1511 5297 1749 5352 hazretiei
1773 5299 1841 5353 de

248 5381 496 5453 praefatis
524 5375 756 5450 quatuor
779 5383 1026 5454 capitulis
1047 5401 1168 5454 qua:
1195 5388 1426 5454 primum
1453 5388 1840 5445 Gotbesealcns

249 5475 352 5530 sibi
404 5475 722 5544 assumpsit,
753 5483 808 5530 et
842 5477 908 5530 de
937 5475 1126 5545 quinto
1157 5478 1296 5546 quod
1345 5489 1532 5548 postea
1581 5483 1840 5552 superad—

249 5566 426 5621 dendo
455 5567 822 5635 praesumpsit,
857 5575 913 5621 et
935 5566 1182 5637 quaedam
1229 5567 1385 5623 aliter
1427 5569 1838 5638 Gothescalcus,
1873 5630 1891 5652 ο

247 5673 518 5714 novorum
549 5656 1155 5714 Pmdestinatianorum
1180 5659 1543 5727 primicerius,
1567 5673 1622 5720 et
1642 5665 1839 5722 scholae

249 5748 482 5821 ἄνδωκε
516 5752 678 5815 mpm
705 5751 852 5808 dicit.
884 5753 1082 5808 Verum
1131 5751 1255 5822 quia
1283 5752 1422 5809 sicut
1447 5755 1704 5826 scriptum
1727 5769 1833 5826 est,

1949 4674 2072 4721 nos,
2099 4670 2150 4712 et
2174 4659 2227 4711 iu
2253 4657 2391 4712 libro
2421 4658 2488 4712 de
2515 4657 2995 4714 [’mdcstinatinne
3016 4657 3226 4728 gratiae,
3248 4673 3386 4728 quos
3408 4659 3535 4712 hinc

1948 4763 2138 4807 contra
2166 4751 2390 4806 aemulos
2447 4764 2574 4804 suos
2617 4750 2934 4819 scripserat,
2990 4759 3047 4805 et
3093 4749 3238 4805 sicut
3281 4759 3533 4805 sanetum

1947 4844 2299 4913 Prosperum,
2330 4843 2439 4896 imo
2487 4851 2732 4897 sanctam
2766 4848 2997 4896 matrem
3027 4850 3084 4896 et
3110 4841 3294 4897 sedem
3316 4848 3535 4910 aposto-

1946 4937 2105 4993 licam
2126 4937 2422 5005 sequimur.
2454 4935 2559 4990 Sed
2585 4935 2664 4990 sic
2687 4935 2755 4990 de
2795 4935 3099 4990 venerando
3139 4934 3426 5006 Fulgentio
3447 4935 3533 4990 di-

1945 5029 2138 5092 cimus,
2164 5029 2306 5082 sicut
2334 5028 2386 5081 in
2430 5027 2617 5082 lIilarii
2668 5027 3004 5082 Arelatensis
3058 5025 3285 5096 epistola
3313 5025 3381 5082 ad
3407 5041 3532 5080 san—

1943 5129 2088 5174 ctum
2111 5119 2473 5189 Augustinum
2499 5132 2597 5188 pro
2619 5117 2723 5172 hoc
2744 5116 2978 5186 negatio,
2996 5116 3137 5171 unde
3160 5131 3305 5171 nunc
3326 5115 3528 5182 agitur,

1945 5212 2010 5267 de
2037 5210 2278 5278 ejusdem
2322 5209 2579 5280 opuscula
2608 5209 3063 5264 calumniantibus
3092 5208 3287 5262 dicitur
3320 5224 3334 5260 :
3371 5224 3389 5258 ι
3422 5205 3531 5262 Sed

1944 5302 2122 5372 plane,
2139 5302 2409 5370 inquiens,
2427 5301 2553 5356 illud
2573 5312 2750 5355 tacere
2774 5316 2879 5355 non
2898 5297 3246 5368 debeo,quod
3268 5311 3326 5352 se
3345 5298 3529 5353 dicant

1945 5397 2050 5466 33
2081 5405 2226 5449 tuam
2255 5395 2993 5462 sanctitatem,bocexeepto,
3027 5391 3079 5446 in
3109 5391 3266 5446 factis
3289 5399 3346 5446 et
3369 5390 3530 5471 dictis

1943 5490 2194 5545 ornnibus
2243 5489 2521 5545 admirari.
2547 5507 2565 5539 ι
2611 5487 2826 5543 Scimus
2872 5499 3104 5554 namque
3138 5491 3384 5540 sanetum
3425 5485 3528 5550 CV—

1943 5583 2193 5651 prianum
2236 5581 2397 5635 aliter
2423 5581 2492 5638 de
2537 5579 2917 5634 haereticorum
2965 5575 3238 5646 baptismo
3282 5575 3520 5632 sensisse

1943 5688 2102 5743 quam
2134 5680 2354 5729 sanctus
2384 5670 2690 5743 Stephanus
2718 5669 2976 5724 Romana:
3005 5669 3258 5725 Ecclesia:
3285 5665 3522 5738 pontifex

1940 5765 2190 5829 senserit,
2215 5773 2270 5819 et
2297 5777 2440 5819 nunc
2465 5769 2648 5818 saneta
2675 5761 2914 5826 Ecclesia
2947 5769 3147 5826 teneat,
3175 5771 3352 5816 tamen
3385 5759 3524 5816 inter
