4052 6334
660 286 687 305 μ

538 354 609 410 87
686 370 689 377 ‘
1513 347 1844 409 HINCMABI
1894 349 2291 412 BHEMENSIS
2329 349 2851 409 ARCHIEPISCOPI

536 468 838 526 catholicos
864 471 1163 541 computari
1212 471 1480 527 doctores.
1533 470 1766 528 Sanctus
1793 462 2124 542 Augustinus
2152 472 2200 531 Α
2228 471 2409 542 quarti
2452 479 2575 540 post
2602 468 2819 524 beatum
2858 469 3131 524 Gelasium
3151 510 3169 534 ,
3200 476 3255 524 et
3287 468 3449 524 linem
3491 469 3811 528 consulatus

541 559 784 629 quaedam
838 558 995 614 aliter
1046 569 1292 616 sanctum
1350 560 1607 617 Hilarium
1664 561 1902 615 sensisse
1956 575 2119 629 quam

540 652 685 710 idem
719 652 905 706 sentiri
940 651 1098 718 velit,
1130 653 1183 707 in
1215 652 1353 709 libro
1393 661 1545 708 sexto
1584 654 1651 708 de
1680 651 1943 707 Trinitate
1975 652 2120 720 capi-

539 740 654 798 tulo
698 740 908 821 decimo
934 750 1220 809 monstrat,
1250 755 1303 799 et
1335 752 1553 800 sanctus
1586 744 1697 800 Leo
1726 746 1791 800 ad
1825 743 2115 800 Chalcedo-

539 838 713 889 nense
741 832 1029 889 concilium
1061 833 1519 900 conﬁrmandum,
1568 834 1806 904 ejusdem
1840 836 1983 890 beati
2031 834 2123 889 Hi-

539 923 660 980 larii
705 926 1012 981 testimonia
1046 927 1185 981 inter
1211 927 1602 983 catholicorum
1632 928 1911 983 doctorum
1940 941 2124 982 exem-

538 1016 627 1087 pla
673 1018 835 1073 etiam
882 1019 1055 1089 prima
1106 1029 1491 1084 connumerat,
1535 1031 1588 1075 et
1630 1020 1820 1076 beatus
1877 1018 2125 1075 Gelasius

539 1124 687 1175 eum,
717 1111 855 1165 sicut
880 1120 934 1165 et
961 1119 1207 1165 sanctum
1231 1113 1588 1182 Augustinum
1609 1153 1623 1177 ,
1667 1128 1731 1168 ac
1775 1102 2121 1182 Prospernm,

520 1206 597 1255 et
621 1199 969 1271 Cyprianum,
1006 1209 1167 1271 atque
1197 1202 1452 1268 Leonem,
1479 1203 1593 1259 sive
1624 1202 2009 1275 Hieronymum
2042 1216 2125 1256 re-

539 1293 909 1362 ceptissimum
934 1294 986 1348 in
1016 1294 1262 1367 catalogo
1283 1295 1608 1365 scriptorum
1632 1296 2123 1352 ecclesiasticarum

540 1398 702 1458 atque
731 1388 1361 1462 illustrium.computat.
1395 1390 1501 1445 Sed
1546 1398 1601 1446 et
1643 1391 1709 1445 de
1746 1406 1812 1444 eo
1849 1397 1907 1444 ut
1937 1396 2122 1444 notum

541 1489 680 1535 esta
724 1480 1004 1535 notissimo
1048 1481 1265 1545 dicitur,
1307 1481 1544 1535 Hilarius
1587 1481 1871 1550 episcopus
1920 1480 2121 1534 Roma-

540 1585 736 1626 norum
767 1571 980 1638 lucifer,
1008 1572 1374 1629 Ecclesiarum
1403 1572 1624 1627 lucerna
1650 1579 1705 1626 et
1731 1571 1969 1642 pretiosa
1998 1571 2127 1625 lam-

539 1677 660 1734 pas,
688 1663 915 1734 pulchro
945 1677 1221 1735 aureoque
1244 1679 1339 1720 ore
1366 1664 1608 1734 loquitur
1634 1663 1941 1718 universa.»
1969 1660 2126 1728 Quae—

530 1756 667 1810 dam
699 1754 859 1811 aliter
902 1764 1123 1811 sanctus
1161 1755 1494 1826 Augustinus
1538 1754 1708 1809 sensit
1738 1768 1899 1823 quam
1931 1752 2122 1807 beatus

2223 560 2534 631 Symmachi
2561 568 2616 613 et
2645 558 2840 625 Boetii,
2866 573 2972 628 qua
3011 567 3328 629 tempestate
3361 559 3643 617 Wandalis
3666 576 3811 632 pra-

2221 648 2323 704 fuit
2352 648 2654 705 Hildericus
2692 664 2981 705 successor
3017 649 3396 715 Trasemundi,
3430 651 3524 721 qui
3556 659 3679 722 post
3708 668 3815 708 ne-

2223 755 2339 796 cem
2366 748 2675 795 sanetornm
2703 749 2758 796 et
2783 740 3099 795 innumeras
3127 740 3309 797 clades
3340 741 3618 813 indignam
3642 744 3814 799 vitam

2222 828 2380 901 digna
2419 838 2594 885 morte
2621 830 2828 896 ﬁnivit,
2873 831 3045 886 isdem
3076 832 3268 888 beatus
3295 830 3536 903 Prosper
3579 831 3817 890 Chroni-

2224 936 2343 978 cam
2379 922 2515 976 mira
2554 922 2781 977 veritate
2814 922 3119 992 composuit
3158 937 3174 976 ε
3215 922 3270 977 in
3317 938 3424 993 qua
3473 924 3816 980 diversarum

2224 1018 2505 1089 regionum
2533 1018 2680 1074 viros
2707 1018 2999 1074 sanctitate
3038 1028 3092 1073 et
3120 1018 3383 1087 sapientia
3413 1017 3726 1088 praeclaros.
3758 1028 3819 1074 et

2222 1110 2388 1163 etiam
2422 1118 2641 1164 exortos
2682 1109 2988 1174 haereticos,
3013 1124 3136 1165 cum
3175 1110 3316 1164 fama
3342 1110 3537 1180 cuique
3566 1125 3816 1182 congrua

2224 1198 2555 1270 designavit,
2603 1206 2658 1254 et
2706 1214 2812 1254 non
2862 1202 3113 1255 eumdem
3164 1200 3525 1256 venerabilem
3572 1200 3819 1272 Fulgen-

2224 1287 2359 1343 tium
2413 1290 2732 1345 nominavit.
2779 1290 3118 1346 Venerabilis
3168 1290 3436 1360 siquidem
3487 1290 3628 1347 Beda
3683 1307 3820 1362 pre-

2225 1382 2413 1470 sbyter
2440 1384 2491 1438 in
2528 1382 2797 1438 Chronica
2830 1398 2950 1447 sua,
2992 1399 3116 1439 cum
3166 1383 3351 1454 plures
3394 1383 3529 1439 alios
3572 1383 3825 1439 illustres

2224 1475 2371 1531 viros
2419 1476 2799 1545 descripserit,
2831 1492 2974 1549 saepe
3020 1476 3188 1531 fatum
3227 1476 3569 1548 Fulgentium
3602 1492 3821 1546 nequa-

2225 1580 2386 1635 quam
2411 1567 2875 1621 commemoravit.
2904 1568 3102 1622 Vernm
3133 1582 3233 1624 nec
3276 1584 3306 1622 a
3338 1568 3527 1639 quinta
3577 1572 3819 1638 synodo,

2226 1672 2346 1727 quae
2384 1659 2713 1728 temporibus
2741 1657 2921 1728 Vigilii
2963 1658 3231 1714 undecimi
3277 1674 3430 1728 papa:
3474 1667 3597 1728 post
3639 1656 3812 1712 Gela-

2225 1747 2385 1813 sium,
2431 1748 2532 1803 sub
2564 1747 2870 1803 Iustiniano
2899 1748 3362 1818 Constantinopoli
3392 1756 3581 1802 contra
3627 1747 3822 1803 Theo-

482 1892 487 1897 .
541 1845 901 1918 Hieronymus
925 1866 939 1901 :
967 1856 1022 1901 et
1052 1846 1182 1902 item
1223 1854 1445 1903 sanctus
1472 1845 1834 1918 Hieronymus
1875 1845 2121 1915 quaedam
2151 1843 2200 1903 B
2226 1839 2417 1893 dorum
2457 1846 2513 1895 et
2558 1839 2693 1894 alios
2734 1838 3020 1895 haereticos
3063 1848 3147 1894 est
3198 1847 3519 1910 aggregata,
3563 1838 3631 1894 ad
3680 1853 3823 1892 con-

543 1935 702 1992 aliter
728 1938 899 1994 sensit
921 1952 1083 2008 quam
1115 1939 1307 1994 beatus
1332 1937 1684 2009 Augustinus,
1707 1944 1764 1992 et
1797 1936 1957 1991 ambo
1982 1935 2127 1991 inter

542 2026 842 2082 catholicos
893 2028 1145 2083 doctores
1207 2036 1575 2098 perseverant.
1635 2026 1892 2094 Quaedam
1943 2032 2124 2099 autem

542 2116 704 2174 aliter
755 2120 946 2174 beatus
990 2117 1306 2192 Gregorius,
1350 2118 1417 2176 de
1456 2134 1516 2174 se
1563 2116 1985 2189 praecedentium
2032 2116 2128 2171 do-

543 2210 737 2265 ctrina;
765 2207 987 2265 ﬂoribus
1010 2226 1169 2281 quam
1202 2211 1437 2265 maxime
1473 2209 1629 2265 favus
1658 2207 1897 2280 repletus
1924 2216 1979 2261 et
2011 2206 2129 2261 dnl-

546 2300 737 2356 cedine
778 2302 1131 2373 propensiore
1164 2299 1417 2373 profusus
1461 2300 1663 2363 sensit,
1696 2312 1857 2370 quam
1908 2305 2129 2351 sanctus

543 2389 929 2462 Hieronymus,
963 2399 1019 2447 et
1052 2391 1296 2461 quaedam
1328 2390 1487 2446 aliter
1513 2388 1766 2459 exposuit
1804 2402 1966 2457 quam
2002 2400 2131 2443 sane

546 2491 669 2538 ctus
692 2482 1020 2554 Augustinus
1059 2482 1370 2554 exposuerit
1397 2481 1480 2535 vel
1505 2478 1827 2543 correxerit,
1852 2486 1909 2532 et
1942 2477 2131 2531 ambos

545 2579 610 2627 ut
653 2574 986 2630 orthodoxos
1029 2573 1374 2645 amplectitur
1415 2579 1471 2627 et
1496 2570 1845 2626 ut'doctores
1885 2567 2129 2623 Ecclesia

544 2670 877 2720 veneratur:
906 2665 1162 2737 quoniam
1195 2674 1257 2720 ut
1300 2665 1493 2720 beatus
1528 2661 1861 2734 Augustinus
1890 2660 1944 2714 in
1992 2658 2133 2713 libro

545 2755 615 2810 de
651 2748 929 2826 Baptismo
962 2756 1094 2811 dicit
1135 2754 1249 2827 (lib.
1291 2771 1366 2821 ll,
1393 2771 1440 2809 ε.
1466 2752 1524 2825 5)
1558 2768 1575 2808 :
1612 2752 1778 2807 «Ideo
1816 2751 2134 2822 plerumque

546 2844 881 2905 doctioribus
908 2848 1087 2903 minus
1120 2846 1325 2918 aliquid
1373 2845 1666 2912 revelatur,
1710 2852 1771 2898 ut
1806 2858 1992 2899 eorum
2038 2857 2136 2913 pa-

545 2935 694 2991 tiens
752 2945 809 2992 et
871 2938 1090 2994 humilis
1136 2938 1409 3002 charitas,
1446 2936 1501 2991 in
1545 2949 1653 3006 qua
1702 2934 1914 2991 fructus
1961 2932 2136 3002 major

528 3034 669 3091 est,
716 3027 1120 3098 comprobetur,
1168 3027 1254 3081 vel
1301 3027 1573 3096 quomodo
1608 3033 1829 3081 teneant
1869 3025 2134 3079 unitatem

551 3128 676 3171 cum
714 3116 769 3171 in
814 3117 976 3172 rebus
1022 3115 1426 3172 obscurioribus
1473 3115 1686 3169 diversa
1735 3112 2007 3177 sentiunt,
2051 3110 2138 3166 vel

2228 1930 2548 1987 ﬁrmandam
2582 1931 2741 1988 Iidem
2772 1930 3095 1986 catholicam
3139 1930 3282 1985 inter
3308 1930 3444 1986 alios
3482 1930 3830 1985 orthodoxos

2227 2019 2476 2077 doctores
2535 2020 2810 2076 invenitur
2855 2020 3178 2091 descriptus.
3234 2020 3374 2086 Quin
3425 2034 3527 2074 nec
3575 2035 3605 2074 a
3660 2028 3825 2075 sexta

2231 2112 2435 2183 synodo
2482 2111 2808 2177 universali,
2854 2109 3318 2180 Constantinopoli
3363 2110 3637 2167 celebrata
3681 2120 3828 2166 tem-

2228 2203 2451 2275 poribus
2472 2202 2770 2273 Agathonis
2799 2201 3058 2256 tricesimi
3092 2201 3251 2270 primi
3281 2216 3433 2272 papa:
3466 2216 3495 2254 a
3526 2202 3685 2256 beato
3716 2200 3830 2257 Ge-

2229 2294 2384 2358 lasio,
2415 2295 2515 2349 sub
2550 2293 2907 2349 Constantino
2941 2291 3206 2362 principe,
3240 2291 3382 2346 inter
3424 2291 3828 2346 catholicorum

2231 2389 2509 2444 doctorum
2552 2386 2859 2443 testimonia
2906 2399 3126 2441 suorum
3170 2384 3430 2439 librorum
3475 2383 3679 2438 mentio
3725 2383 3831 2437 ha-

2231 2480 2341 2535 bita
2398 2480 2663 2549 reperitur
2704 2497 2718 2533 :
2768 2477 3068 2547 praesertim
3116 2490 3241 2531 cum
3289 2477 3502 2546 plures,
3552 2476 3643 2545 qui
3698 2484 3833 2547 post

2231 2570 2478 2627 eumdem
2507 2569 2846 2641 Fulgentium
2874 2568 2926 2622 in
2956 2566 3191 2622 Ecclesia
3221 2567 3556 2630 claruerunt,
3587 2565 3654 2620 ad
3684 2581 3829 2621 con-

2232 2664 2553 2720 ﬁrmandam
2594 2663 2753 2719 fidem
2798 2660 3119 2716 catholicam
3149 2661 3205 2714 in
3241 2658 3613 2713 testimonium
3647 2656 3827 2713 devo-

2234 2756 2340 2811 cati
2380 2755 2735 2826 reperiantur.
2770 2752 2925 2808 Unde
2958 2752 3001 2807 si
3048 2751 3205 2805 aliter
3231 2749 3298 2805 de
3346 2748 3830 2819 praedestinatione

2236 2845 2330 2902 Dei
2357 2845 2511 2909 dixit,
2539 2858 2700 2914 quam
2731 2850 2950 2898 sanctus
2977 2840 3307 2912 Augustinus
3327 2839 3378 2892 in
3402 2838 3642 2909 praelatis
3662 2836 3831 2893 libris

2236 2937 2304 2991 ad
2342 2933 2442 2992 sibi
2487 2934 2698 3005 objecta
2739 2931 3031 3001 rescriptis
3055 2929 3327 2995 correxit,
3371 2935 3426 2983 et
3454 2926 3614 2982 aliter
3654 2928 3830 2982 etiam

2236 3042 2399 3097 quam
2427 3026 2617 3080 beatus
2640 3023 2875 3092 Prosper
2894 3036 2960 3078 ex
2983 3020 3317 3091 delegatione
3334 3019 3482 3075 sedis
3507 3018 3827 3089 apostolica

2232 3114 2386 3184 jussu
2426 3115 2601 3171 sancti
2636 3113 2912 3169 Ctelestini
2938 3112 3204 3171 diﬂinivit.
3233 3110 3498 3180 aliterque
3520 3123 3682 3179 quam
3710 3109 3834 3179 ipsa

552 3206 829 3276 quomodo
876 3206 1148 3278 accipiant
1194 3207 1479 3262 veritatem
1522 3221 1643 3261 cum
1680 3215 1870 3261 contra
1900 3204 1954 3259 id
1996 3204 2138 3273 quod
2167 3190 2211 3252 C
2243 3220 2427 3265 sancta
2455 3209 2611 3264 sedes
2637 3205 2926 3278 apostolica
2962 3205 3101 3260 dicta
3137 3203 3374 3272 suscepit
3404 3217 3469 3256 ac
3496 3201 3601 3256 dici
3634 3199 3832 3265 voluit,

553 3298 865 3355 sentiebant
910 3298 1241 3357 declaratum
1291 3314 1414 3355 esse
1450 3306 1805 3367 cognoscunt.
1829 3315 1849 3347 ι
1892 3294 2138 3350 Scientes

551 3389 892 3459 Scripturam
950 3389 1187 3446 divinam
1245 3404 1366 3446 esse
1417 3389 1712 3458 pretiosam
1764 3385 2138 3455 margaritam,

554 3495 679 3551 quae
717 3496 785 3537 ex
827 3481 973 3536 omni
1005 3491 1161 3552 parte
1209 3482 1372 3537 forari
1411 3488 1609 3550 potest,
1654 3489 1709 3533 et
1754 3479 1877 3533 ideo
1926 3477 2142 3532 diverso

553 3570 717 3641 stylo,
763 3573 859 3626 sed
889 3585 994 3625 non
1026 3572 1240 3626 diversa
1279 3571 1400 3634 ﬁde,
1443 3578 1721 3641 exponunt
1756 3569 1911 3638 plura
1958 3568 2141 3638 plura-
2222 3588 2229 3593 ε

554 3659 704 3725 liter,
744 3670 807 3716 ut
845 3660 1091 3732 pluribus
1131 3677 1237 3717 non
1285 3662 1445 3716 modo
1494 3661 1805 3725 salubriter,
1852 3675 2041 3714 verum
2089 3669 2145 3714 et

535 3751 904 3808 'innotescant
925 3750 1336 3808 delectabiliter.
1364 3752 1462 3807 Est
1482 3752 1644 3806 etiam
1669 3752 1796 3821 quia
1820 3751 1873 3805 in
1897 3750 2144 3820 catalogo
2222 3780 2225 3785 ~

540 3842 869 3913 apostolica:
911 3843 1074 3908 sedis,
1119 3843 1210 3898 ubi
1257 3857 1286 3897 a
1318 3843 1481 3899 beato
1515 3841 1730 3898 Gelasio
1771 3843 2023 3897 doctores
2054 3856 2145 3896 ca-
2222 3856 2231 3877 >

553 3934 745 3990 tholici
792 3936 1047 4006 descripti
1080 3944 1135 3991 et
1177 3935 1441 4006 designati
1473 3944 1628 4001 sunt,
1673 3935 1920 3990 eumdem
1964 3934 2143 3989 virum

537 4026 927 4082 'ven'erabilem
953 4026 1292 4098 Fulgentium
1321 4027 1654 4097 probabilem
1681 4042 1788 4081 non
1821 4025 2141 4095 reperimus.

562 4116 675 4172 Sed
723 4132 823 4173 nec
868 4118 1122 4187 quoniam
1169 4118 1222 4172 in
1273 4118 1734 4188 reprobandorum
1782 4117 2147 4188 descriptione

566 4210 908 4280 designatum
940 4209 1262 4271 invenimus,
1299 4208 1707 4280 improbabilem
1736 4223 1835 4278 per
1859 4208 2039 4262 Omnia
2064 4206 2147 4275 ju-

562 4298 829 4356 dicamus.
867 4298 1169 4371 Imperante
1195 4298 1462 4370 siquidem
1491 4299 1802 4365 Anastasio,
1835 4300 1988 4370 cujus
2019 4307 2147 4353 tem-

557 4405 696 4462 pore
742 4392 932 4446 beatus
976 4392 1222 4447 Gelasius
1266 4392 1465 4445 seriem
1511 4391 1936 4445 orthodoxornm
1985 4399 2147 4459 atque

536 4472 855 4534 illustrium
883 4481 1119 4533 virorum
1167 4479 1355 4545 edidit,
1401 4480 1541 4534 sicut
1582 4479 1749 4548 ipsius
1790 4478 2033 4549 epistolis
2077 4479 2145 4532 ad

2242 3300 2357 3370 ipse
2384 3299 2599 3354 viderit.
2629 3296 2735 3353 Sed
2764 3304 2820 3353 et
2849 3312 2949 3351 nos
2976 3294 3106 3365 quid
3147 3295 3270 3349 inde
3295 3291 3514 3357 dixerit,
3546 3290 3671 3360 quia
3698 3305 3839 3346 cnn-

2244 3391 2347 3448 ctis
2381 3391 2682 3463 legentibus
2711 3397 2796 3446 est
2841 3388 3205 3454 manifestum,
3259 3387 3508 3460 ignorare
3552 3399 3661 3439 non
3699 3398 3836 3454 pos-

2246 3497 2450 3538 sumus.

2863 3568 3092 3625 CAPUT
3127 3566 3219 3624 Ν.
3296 3592 3299 3597 ·
3356 3594 3359 3595 ν

2245 3660 2324 3716 De
2352 3662 2637 3732 apostolica
2662 3661 2782 3715 sede
2816 3660 3101 3730 sequenda,
3125 3658 3276 3732 cujus
3305 3657 3561 3711 doctrinm
3594 3654 3756 3708 inniti
3784 3662 3838 3708 et

2633 3728 2967 3786 auloritatem
2996 3729 3139 3800 aequi
3164 3728 3430 3783 debemus.

2318 3844 2609 3914 Sequimur
2634 3851 2811 3898 autem
2846 3856 2964 3911 quae
2994 3840 3257 3896 catholica
3302 3846 3360 3894 et
3388 3837 3682 3908 apostolica
3729 3850 3835 3892 nos

2247 3935 2403 3991 docet
2438 3942 2625 3989 sancta
2650 3935 2893 3988 Romana
2926 3931 3188 3995 Ecclesia,
3215 3946 3336 4000 qua:
3366 3946 3462 3985 nos
3494 3930 3546 3984 in
3596 3929 3700 3983 [ide
3741 3944 3837 3998 ge-

2245 4025 2383 4092 nuit,
2417 4024 2684 4080 catholico
2722 4025 2860 4079 lacte
2889 4024 3040 4089 aluit,
3073 4022 3329 4077 uberibus
3355 4021 3495 4076 coelo
3538 4020 3714 4090 plenis
3764 4022 3836 4075 ad

2245 4118 2473 4173 solidum
2501 4117 2679 4173 cibum
2706 4117 2949 4179 nutrivit,
2979 4115 3261 4185 disciplina
3291 4114 3592 4169 orthodoxa
3620 4114 3687 4167 ad
3717 4126 3838 4183 pcr-

2246 4208 2447 4264 fectum
2475 4208 2650 4264 virum
2679 4208 2951 4279 perduxit,
2983 4213 3039 4262 et
3065 4207 3131 4261 ad
3161 4206 3292 4261 alios
3324 4206 3700 4260 instruendttm
3734 4221 3832 4261 sua

2244 4300 2565 4370 probatione
2619 4298 2889 4362 instituit,
2932 4307 3094 4367 atque
3136 4297 3190 4350 in
3236 4294 3520 4350 (loctrinali
3574 4295 3837 4350 cathedra

2248 4389 2459 4445 fautore
2488 4397 2542 4445 et
2567 4387 2856 4458 adjuvante
2888 4387 3117 4442 Domino
3141 4386 3482 4440 sublimando
3510 4385 3792 4440 constituit
3818 4403 3832 4438 :

2249 4479 2391 4533 sicut
2418 4478 2639 4531 sanctus
2682 4476 3028 4530 Innocentius
3056 4476 3124 4530 ad
3169 4474 3486 4529 Decentium
3516 4474 3838 4543 episcopum

564 4568 816 4625 eumdem
863 4568 1085 4624 directis
1136 4570 1538 4630 manifestatur.
1588 4569 1926 4638 principatus
1969 4576 2052 4623 est
2091 4568 2143 4622 in
2176 4552 2224 4613 Ῑ)
2250 4569 2588 4640 Eugubinnm
2610 4568 2797 4623 scribit
2816 4566 3000 4622 dicens
3021 4566 3303 4637 (epist.29,
3327 4565 3380 4619 in
3405 4565 3638 4636 princ‘.’):
3664 4564 3840 4632 «Quis

562 4654 747 4714 Africa
768 4658 1156 4714 Wandalorum
1183 4676 1276 4715 rex
1299 4660 1719 4725 Trasemundus,
1746 4660 1889 4715 sicut
1909 4661 1961 4714 in
1986 4660 2153 4716 Chro-
2224 4660 2395 4715 ‘enim
2442 4660 2681 4725 nesciat,
2710 4666 2797 4714 aut
2835 4673 2941 4713 non
2972 4659 3216 4712 advertat
3245 4658 3295 4712 id
3325 4656 3470 4727 quod
3512 4671 3542 4711 a
3589 4656 3837 4727 principe

542 4750 708 4805 ‘nicis
746 4751 888 4817 aliis,
919 4761 973 4806 et
1019 4752 1183 4807 etiam
1225 4752 1277 4807 in
1317 4753 1587 4809 Chronica
1619 4754 1947 4810 venerabilis
1992 4754 2150 4810 Beda:

457 4887 470 4895 .
542 4841 867 4910 presbyteri
910 4854 1231 4911 reperimus.
1275 4841 1440 4913 Cujus
1480 4852 1723 4913 tempore
1759 4843 2149 4914 Fulgentiusin

572 4929 757 4986 Africa
787 4931 1020 4987 claruit:
1054 4933 1255 5003 quique
1290 4944 1480 4989 contra
1521 4937 1785 5006 quasdam
1828 4937 2151 5006 propositio-

541 5036 670 5077 ~nes
713 5022 954 5091 ejusdem
999 5024 1352 5081 Trasemundi
1388 5027 1687 5097 rescripsit.
1718 5036 1771 5082 ct
1800 5036 1989 5082 contra
2039 5027 2158 5097 ejus

543 5110 859 5179 .perlidiam
890 5122 1002 5168 tres
1041 5112 1209 5169 libros
1253 5117 1591 5185 composuit:
1635 5117 1871 5186 primum
1909 5117 2159 5173 videlicet

542 5204 640 5256 ‘dc
683 5207 943 5275 mysterio
983 5205 1317 5270 Mediatoris,
1350 5209 1645 5263 secundum
1678 5211 1744 5264 de
1788 5208 1897 5281 24.
1927 5210 2155 5263 immen-

568 5296 733 5351 sitate
778 5297 1077 5354 divinitatis
1109 5298 1231 5353 Filii
1282 5299 1413 5365 Dei,
1455 5300 1675 5354 tertium
1713 5302 1781 5359 de
1813 5310 2157 5356 sacramento

546 5390 866 5446 '-lto‘minica:
895 5393 1184 5462 passionis.
1222 5393 1339 5449 Non
1383 5405 1561 5449 tamen
1599 5394 1748 5449 illum
1791 5403 2013 5452 sanctus
2049 5395 2154 5451 Ge-

571 5479 741 5536 lasius
800 5482 940 5538 inter
998 5485 1291 5555 scriptores
1350 5479 1751 5543 ecclesiasticos
1813 5488 2151 5553 numeravit,

574 5568 718 5626 aicnt
738 5570 967 5629 beatum
999 5576 1344 5646 Prospcrum,
1375 5577 1464 5647 qui
1509 5576 1840 5645 temporibus
1869 5576 2010 5631 beati
2046 5575 2153 5631 Ge-
2184 5622 2192 5631 .

575 5660 697 5718 lasii
742 5676 897 5734 papa:
941 5664 1257 5737 supervixit.
1306 5662 1412 5723 Sed
1457 5677 1513 5723 et
1549 5662 1833 5723 ab’Adam
1877 5680 2046 5737 usque
2089 5668 2156 5721 ad

548 5755 775 5813 ‘Justini
808 5756 1030 5826 Augusti
1076 5767 1349 5830 tempera,
1393 5769 1448 5815 et
1488 5760 1693 5816 obitum
1731 5757 1956 5815 Joannis
1984 5774 2151 5830 papze,

2255 4750 2623 4821 apostolorum
2654 4749 2813 4804 Petro
2838 4748 2944 4818 25
2983 4747 3238 4803 Romanae
3276 4747 3536 4803 Ecclesiae
3578 4748 3836 4801 traditum

2253 4852 2355 4907 est,
2385 4856 2448 4896 ae
2483 4855 2626 4895 nunc
2664 4853 2836 4909 usque
2878 4838 3201 4902 custoditur,
3240 4837 3310 4891 ab
3347 4837 3597 4892 omnibus
3637 4836 3837 4891 debere

2236 4931 2485 4995 'servari,
2531 4946 2631 4985 nec
2673 4930 2958 5001 snperdnci
2988 4939 3081 4983 aut
3112 4929 3377 4983 introduci
3411 4928 3647 4997 aliquid,
3691 4927 3838 4997 quod

2231 5030 2357 5078 ‘ant
2401 5023 2778 5078 auctoritatem
2806 5037 2911 5076 non
2960 5021 3173 5083 habeat,
3205 5029 3299 5073 aut
3327 5019 3543 5083 aliunde
3588 5019 3840 5088 accipere

2231 5115 2509 5170 'videatur
2551 5113 2854 5183 exemplum
2900 5129 2914 5166 :
2961 5111 3263 5181 pnesertim
3308 5125 3434 5165 cum
3482 5111 3556 5165 sit
3603 5107 3838 5164 manife-

2261 5218 2438 5271 stum,
2482 5207 2537 5260 in
2565 5220 2781 5259 omnem
2827 5204 3052 5263 Italiam,
3096 5200 3320 5266 Gallias,
3357 5200 3667 5271 Hispanias,
3696 5197 3840 5253 Afri-

2234 5308 2399 5363 'cam,
2444 5307 2607 5368 atque
2633 5297 2906 5361 Siciliam,
2941 5296 3251 5365 insulasque
3284 5294 3690 5364 interiacentes,
3719 5291 3843 5345 nul-

2262 5389 2372 5443 lum
2415 5389 2714 5443 instituisse
2738 5386 3028 5449 Ecchsias,
3063 5385 3166 5439 nisi
3199 5399 3318 5450 eos,
3354 5398 3493 5453 quos
3514 5380 3837 5437 venerabilis

2264 5480 2543 5552 apostolus
2569 5481 2763 5535 Petrus
2792 5487 2887 5533 aut
2912 5477 3035 5547 ejus
3075 5490 3421 5533 successores
3462 5474 3842 5531 constituerint

2262 5573 2604 5638 sacerdotes;
2636 5581 2729 5626 ant
2760 5571 2938 5642 legant
2963 5570 3007 5624 si
3038 5570 3093 5624 in
3122 5568 3207 5624 his
3234 5567 3528 5638 provinciis
3551 5566 3691 5621 alios
3715 5579 3840 5634 apo-

2233 5663 2523 5718 stolorum
2550 5663 2825 5719 invenitur
2866 5670 2959 5716 aut
2992 5661 3189 5731 legitur
3218 5660 3485 5715 docuisse.
3510 5657 3617 5724 Qui
3662 5657 3709 5711 si
3732 5669 3838 5710 non

2265 5754 2463 5824 legunt,
2512 5755 2637 5825 quia
2685 5766 2949 5823 nusquam
2999 5750 3309 5820 inveniunt,
3348 5758 3558 5823 oportet
3600 5763 3696 5804 eos
3739 5748 3840 5802 hoc
