4052 6334
226 356 300 415 89
996 354 1088 411 DE
1127 352 1796 413 PREDESTINATWNE
1835 356 2291 417 DISSERTATIO
2325 356 2732 418 POSI‘ERIOR.
3435 369 3509 425 90

225 489 389 542 seqm
425 470 573 543 quod
621 469 861 528 Ecclesia
903 470 1147 526 Romana
1203 472 1467 537 custodit,
1510 488 1539 526 a
1574 487 1681 542 qua
1720 487 1815 528 eos
1842 480 1890 539 Α
1918 482 2037 529 ctos
2073 489 2201 529 suos
2249 474 2765 531 incommutabiliter
2814 489 2914 546 per
2939 476 3229 547 gratuitam
3276 480 3505 551 gratiam

224 565 559 635 principium
583 565 858 632 accepisse
882 578 988 618 non
1019 563 1239 618 dubium
1267 572 1349 618 est
1374 580 1389 617 :
1420 579 1488 617 ne
1510 564 1634 617 dum
1661 578 1818 633 pere-

226 655 401 724 grinis
429 654 828 711 assertionibus
853 655 1097 717 student,
1125 663 1287 724 caput
1312 654 1710 709 institutionum
1742 655 1821 709 vi-

224 744 471 801 deantur
490 745 760 801 amittere.
787 766 808 798 ι

857 857 1084 913 CAPUT
1124 855 1189 911 V.

223 944 307 1004 De
350 948 733 1003 consuetudine
765 945 1089 1001 Cothescatci
1124 957 1171 999 et
1207 946 1533 1014 complicium
1582 944 1717 1011 eius.
1772 953 1822 998 et

295 1020 364 1073 de
403 1019 560 1073 libris
602 1034 782 1071 eorum
826 1018 890 1070 de
935 1017 1121 1086 quibus
1158 1016 1400 1086 quietiam
1445 1017 1530 1070 hic
1580 1025 1822 1085 excerpta

295 1101 601 1160 ponuntur.
1392 1105 1396 1109 ’

294 1202 716 1258 Praemouemus
759 1199 927 1255 etiam
975 1196 1317 1254 Gothescalci
1374 1205 1432 1252 et
1479 1196 1822 1267 complicium

222 1295 347 1366 ejus
374 1293 496 1349 fore
518 1292 985 1357 consuetudinem,
1002 1300 1060 1346 ut
1081 1288 1468 1345 catholicorum
1492 1289 1820 1354 testimonia,

219 1386 473 1457 praelatis
509 1384 793 1439 doetorum
843 1392 1007 1452 atque
1040 1381 1301 1436 librorum
1341 1380 1673 1443 nominibus,
1724 1395 1822 1435 ex-

220 1486 413 1547 cerpta
450 1479 790 1540 detruncent,
817 1471 882 1529 'et
908 1474 975 1529 ad
1001 1489 1131 1529 suos
1163 1488 1375 1536 sensus,
1407 1473 1549 1528 sicut
1580 1483 1637 1527 et
1671 1471 1823 1527 Scri-

210 1576 518 1637 pturarum
580 1566 891 1629 sententias,
961 1563 1235 1619 inﬂectere
1287 1572 1497 1629 curent,
1558 1570 1825 1633 quatenus

221 1660 548 1714 auditorum
579 1659 681 1717 sibi
711 1672 924 1722 sensus,
979 1657 1023 1712 si
1056 1658 1233 1711 minus
1260 1656 1403 1711 cauti
1427 1654 1647 1720 fuerint,
1691 1669 1823 1709 con-

220 1752 418 1807 ciliare
478 1750 827 1822 praevaleant.
881 1749 1038 1805 Unde
1091 1750 1323 1819 quisque
1363 1748 1576 1803 illorum
1624 1748 1824 1818 scripta

222 1845 481 1914 relegens
512 1852 844 1899 memoretur
872 1844 1014 1913 quod
1039 1842 1239 1896 dicitur
1266 1859 1279 1895 :

283 1935 548 1999 Frigidus,
568 1948 601 1985 ο
624 1937 786 1999 pueri,
808 1933 967 1996 fugite
990 1934 1122 1996 hinc,
1149 1933 1269 1983 latet
1292 1934 1467 1994 anguis
1489 1933 1537 1982 in
1557 1931 1724 1983 herba.

219 2014 290 2070 Ει
811 2084 1203 2173 Carpe'botrum,
1226 2096 1348 2135 cave
1368 2086 1576 2147 spinam.

219 2187 341 2253 Qua
366 2186 441 2243 de
467 2201 529 2242 re
549 2186 847 2243 secundum
880 2187 1195 2258 Apostolum
1219 2188 1403 2242 omnia
1432 2185 1733 2256 probantes
1755 2193 1815 2242 et

219 2296 348 2350 qua:
377 2282 527 2337 bona
554 2290 679 2336 sunt
705 2281 1002 2336 retinentes
1027 2280 1080 2352 (1
1112 2279 1294 2335 Thess.
1342 2296 1397 2344 v,
1432 2281 1547 2350 21),
1574 2294 1695 2349 quae
1720 2278 1822 2349 ipsi

221 2371 496 2437 dixerint,
523 2384 751 2441 quaeque
775 2379 1055 2426 auctorum
1081 2369 1345 2439 exemplis
1363 2368 1689 2425 conﬁrmare
1728 2384 1824 2424 vo-

221 2466 437 2520 luerint
466 2462 833 2527 conferentes,
865 2479 928 2519 ea
965 2479 1085 2531 qum
1115 2463 1188 2517 illi
1216 2464 1534 2518 detruncata
1566 2461 1648 2517 vel
1669 2476 1822 2516 eom-

217 2556 395 2627 pilata
426 2555 499 2609 ad
524 2568 679 2609 suam
708 2552 1135 2609 conﬁrmandam
1160 2553 1485 2608 sententiam
1515 2551 1820 2622 proferunt,

220 2650 282 2704 in
310 2648 473 2704 libris
502 2655 808 2713 auctorum,
849 2646 918 2703 de
946 2647 1142 2716 quibus
1190 2642 1558 2701 testimonium
1596 2645 1819 2705 donant.

126 2800 130 2803 Α
220 2740 457 2795 videant
478 2739 530 2793 si
553 2730 769 2793 meraea
794 2737 1025 2792 veritate
1044 2744 1171 2791 sunt
1197 2742 1454 2805 excerpta
1484 2749 1605 2803 quze
1633 2732 1819 2804 profe-

221 2837 395 2894 runt;
430 2838 493 2884 ut
518 2842 588 2883 ne
621 2828 708 2882 his
738 2827 952 2882 incaute
968 2827 1253 2881 credentes
1276 2839 1397 2894 quae
1429 2824 1638 2894 prolata
1671 2831 1819 2890 sunt,

220 2936 330 2992 per
350 2920 475 2975 vias
492 2934 617 2989 quae
640 2920 797 2975 home
822 2918 1037 2987 quidem
1067 2917 1320 2973 videntur
1339 2930 1479 2980 esse,
1509 2915 1606 2972 sed
1631 2914 1817 2971 earum

224 3010 358 3066 his
394 3009 465 3065 ad
506 3009 787 3065 interitum
824 3009 990 3074 ducit,
1034 3008 1088 3062 in
1128 3002 1463 3064 inﬁdelitatis
1508 3007 1817 3078 voraginem

225 3104 627 3173 demerguntur
647 3120 663 3157 :
687 3102 782 3158 sed
806 3100 1008 3157 faciant
1026 3101 1166 3157 sicut
1187 3108 1512 3171 praeceptum
1538 3110 1650 3156 est:
1670 3100 1819 3156 State

1917 579 2070 621 suam
2120 566 2525 635 praedestinavit
2588 568 2655 621 ad
2699 568 2864 622 vitam
2907 578 3192 631 mlernam,
3254 572 3509 629 similiter

1917 657 2138 712 omnino
2165 672 2354 713 omnes
2389 659 2669 728 reprobos,
2702 660 2792 729 qui
2842 660 2895 716 in
2924 660 3011 715 die
3043 661 3230 730 judicii
3277 664 3501 718 damna-

1917 745 2118 800 buntur
2144 753 2367 816 propter
2400 747 2642 817 ipsorum
2665 749 2805 803 mala
2834 750 3046 814 merita,
3092 752 3234 807 idem
3266 753 3382 822 ipse
3422 754 3507 808 in-

1919 836 2315 893 commutabilis
2330 836 2471 892 Deus
2484 851 2581 907 per
2593 836 2799 905 justum
2818 840 3079 909 judicium
3104 858 3260 897 suum
3287 842 3500 898 incom-

1919 926 2253 983 mutabiliter
2288 927 2694 996 prtedcstinavit
2716 929 2785 983 ad
2830 940 3058 986 mortem
3088 933 3284 987 merito
3310 933 3508 1002 sempi-

1921 1026 2154 1072 ternam.
2184 1036 2203 1071 ν
2247 1017 2315 1072 Et
2339 1018 2570 1072 domnus
2604 1017 2930 1074 Prudentius
2969 1020 3024 1074 in
3056 1021 3303 1091 cpistola,
3341 1036 3504 1091 quam
3557 1061 3567 1071 .

1922 1110 2077 1165 nobis
2105 1109 2382 1163 veneratio
2412 1117 2592 1163 vestra
2626 1109 2900 1165 deferente
2938 1124 3060 1164 eam
3101 1110 3253 1165 vobis
3280 1125 3507 1166 venera-

1920 1202 2015 1256 bili
2056 1198 2231 1254 JEnea
2279 1199 2615 1255 Parisiorum
2663 1200 2920 1270 episcopo
2962 1200 3220 1265 tradidit,
3252 1198 3409 1267 cujus
3450 1201 3513 1254 in

1923 1294 2162 1367 praefatis
2199 1294 2353 1349 libris
2390 1286 2707 1347 memoriam
2738 1291 2984 1355 fecimus,
3015 1305 3288 1363 quamque
3311 1290 3506 1346 Weni-

1922 1386 2033 1441 Ioni
2081 1400 2180 1440 suo
2217 1382 2646 1453 archiepiscopo,
2695 1390 2752 1436 et
2793 1380 3004 1436 cancris
3052 1380 3408 1451 coepiscopis,
3438 1378 3506 1433 ad

1923 1477 2323 1532 ordinationem
2364 1474 2605 1544 ejusdem
2659 1472 2850 1527 IEueae
2888 1471 3213 1527 Prudentius
3254 1471 3372 1540 ipse
3420 1468 3506 1523 di-

1926 1566 2087 1629 rexit,
2123 1573 2181 1619 ut
2218 1564 2264 1619 si
2299 1578 2458 1619 secus
2485 1562 2820 1616 ordinandus
2847 1562 3094 1623 sentiret,
3128 1562 3181 1616 in
3215 1560 3386 1629 ipsius
3414 1573 3504 1614 (ιι-ο

1926 1655 2200 1710 dinatione
2246 1654 2361 1723 ipse
2425 1652 2735 1706 nullatenus
2783 1651 3091 1707 consentire
3135 1650 3387 1713 deberet,
3431 1649 3503 1704 ita

1925 1743 2058 1798 dicit
2085 1760 2098 1796 :
2137 1760 2155 1792 ι
2190 1741 2459 1806 Secundo,
2486 1750 2547 1794 ut
2576 1741 2669 1797 Dei
2712 1740 3098 1811 omnipotentis
3124 1739 3391 1794 altissimo
3419 1751 3503 1792 se.

1850 1824 1899 1884 B
1927 1845 2184 1904 cretoquc
2229 1832 2457 1888 consilio
2496 1833 2685 1887 credat
2731 1840 2892 1900 atque
2932 1828 3197 1893 fateatur,
3242 1827 3505 1898 quosdam

1926 1926 2018 1982 Dei
2062 1926 2295 1997 gratuita
2336 1923 2708 1979 misericordia
2738 1932 2864 1977 ante
2908 1922 3089 1976 omnia
3126 1919 3319 1975 saecula
3369 1933 3507 1988 prae.

1921 2018 2226 2073 destinatos
2253 2015 2319 2071 ad
2354 2016 2544 2081 vitam,
2573 2014 2835 2085 quosdam
2866 2010 3317 2083 imperscrutabili
3345 2008 3504 2080 justi-

1912 2109 1995 2163 -tia
2028 2106 2440 2178 praedestinatos
2473 2104 2540 2158 ad
2582 2119 2798 2173 poenam
2835 2121 2847 2155 :
2891 2111 2951 2157 ut
2994 2102 3046 2156 id
3082 2100 3352 2164 videlicet,
3391 2099 3509 2153 sive

1925 2201 1978 2255 in
2030 2198 2325 2263 salvandis,
2374 2197 2488 2251 sive
2534 2197 2588 2250 in
2625 2194 2949 2250 damnandis
3003 2188 3508 2263 przedestinaverit,

1922 2291 2065 2361 quod
2090 2305 2152 2345 se
2178 2289 2491 2360 praescierat
2509 2285 2804 2357 judicando
2827 2298 2948 2339 esse
2973 2283 3264 2345 facturum,
3288 2278 3503 2333 dicente

1921 2381 2225 2452 propheta:
2258 2378 2371 2444 Qu?
2389 2378 2510 2448 fecit
2553 2391 2671 2448 quae
2715 2375 2898 2445 futura
2942 2383 3084 2428 sunt.
3123 2391 3141 2422 ιι
3175 2371 3509 2425 Ratramnus

1916 2470 2275 2526 nihilominus
2306 2468 2620 2523 monasterii
2668 2466 2913 2521 Corheia:
2956 2462 3259 2518 monachus
3297 2457 3509 2514 libellos

1920 2568 2077 2631 duos,
2101 2580 2238 2634 quos
2256 2566 2416 2621 nobis
2438 2562 2830 2618 examinandos
2849 2559 3097 2621 dedistis,
3118 2571 3183 2610 ea
3211 2552 3509 2609 intentione

1920 2660 2230 2714 elaboratos
2289 2656 2567 2727 porrexit,
2620 2662 2678 2706 ut
2726 2651 2980 2707 ostendat
3030 2655 3299 2717 quatenus
3367 2644 3509 2698 sicut

1912 2750 2081 2805 ‘electi
2112 2763 2143 2803 a
2174 2748 2286 2802 Deo
2313 2744 2772 2815 prmdestinantur
2795 2740 2863 2795 ad
2893 2740 3082 2801 vitam,
3112 2736 3187 2790 ita
3213 2743 3269 2790 et
3293 2731 3507 2802 reprobi

1916 2843 1953 2896 'a
1982 2840 2091 2895 Deo
2133 2837 2583 2909 praedestinentur
2621 2833 2687 2888 ad
2734 2838 2987 2888 mortem.
3023 2827 3260 2896 Indeque
3285 2830 3509 2895 prater-

1920 2929 2103 2985 missis
2131 2926 2272 2991 aliis,
2320 2938 2551 2995 quorum
2578 2922 2818 2981 nomina
2866 2921 2955 2975 hic
2989 2933 3097 2974 non
3139 2915 3506 2973 necessarium

1921 3020 2139 3077 recitari
2184 3018 2521 3089 putavimus,
2557 3014 2809 3085 quoniam
2858 3013 2911 3067 in
2954 3025 3117 3065 unam
3170 3012 3506 3064 concurrunt

1921 3111 2277 3175 sententiam,
2304 3121 2359 3163 et
2398 3108 2455 3162 in
2487 3105 2727 3177 prmfatis
2764 3104 2939 3159 tribus
2978 3102 3133 3157 libris
3169 3099 3284 3169 jam
3324 3108 3383 3153 ut
3413 3113 3509 3168 po-

225 3209 396 3263 snper
421 3194 558 3259 eius,
607 3202 656 3246 et
678 3193 992 3261 interrogate
1018 3206 1136 3262 qute
1156 3190 1224 3245 sit
1246 3191 1328 3245 via
1349 3190 1506 3256 bona,
1556 3200 1605 3245 et
1633 3189 1819 3243 ambu-

1927 3204 2130 3259 tuimus
2149 3218 2217 3258 ex
2240 3176 2630 3257 catholicorum
2660 3196 2988 3253 auctoritate
3015 3192 3414 3263 respondimus,
3438 3189 3506 3244 ad

224 3283 339 3338 tate
373 3283 434 3337 in
469 3299 534 3336 ea
572 3282 711 3353 (Jer.
752 3296 826 3345 vt,
872 3281 983 3349 16).
1025 3280 1123 3336 llis
1159 3281 1235 3335 ita
1286 3280 1603 3351 praemissis,
1649 3294 1822 3350 pona-

226 3387 356 3428 mus
406 3387 528 3442 qua:
564 3370 974 3438 Gothesealeus,
1014 3370 1241 3443 signifer
1298 3379 1354 3428 et
1392 3371 1625 3440 praevius
1660 3378 1824 3441 atque

230 3461 401 3530 hujus
445 3475 631 3529 pravae
677 3461 938 3515 doctrina!
992 3461 1284 3516 modernus
1328 3461 1704 3524 resuscitator,
1752 3459 1820 3513 de

228 3556 416 3625 primo
443 3554 702 3624 capitulo,
726 3554 867 3608 unde
888 3562 1141 3609 versatur
1182 3553 1431 3623 quaestio,
1470 3554 1526 3608 in
1554 3552 1692 3608 libro
1713 3564 1823 3606 sua:

230 3739 441 3795 scribat
464 3738 656 3794 dicens
681 3753 697 3792 :
727 3755 747 3790 ι
795 3737 1059 3804 Tandem,
1087 3738 1280 3808 inquit,
1325 3737 1433 3807 legi
1479 3737 1699 3802 librum,
1729 3749 1820 3791 ve-

232 3830 484 3886 nerande
536 3828 797 3900 pontifex,
839 3838 1020 3891 tuum,
1072 3829 1126 3883 in
1180 3843 1287 3898 quo
1331 3828 1569 3900 positum
1620 3827 1820 3897 reperi,
1906 3860 1913 3865 -

236 3919 385 3991 quod
428 3920 582 3989 impii
621 3935 836 3990 quoque
864 3921 980 3975 sive
1013 3919 1227 3989 reprobi
1266 3933 1372 3974 non
1414 3920 1524 3974 sint
1564 3919 1823 3974 divinitus

218 4013 306 4067 ~ad
333 4011 745 4067 damnationem
775 4010 1159 4081 pmdestinati.
1188 4028 1211 4062 ι
1244 4010 1309 4065 Et
1337 4018 1461 4080 post
1495 4009 1769 4078 aliquanta
1805 4028 1818 4065 :

244 4123 266 4158 ο
316 4104 634 4171 Prii-scivit,
667 4105 910 4175 inquam,
942 4104 1064 4160 illos
1096 4103 1388 4175 pessimum
1416 4102 1699 4158 habituros
1730 4117 1823 4157 or-

243 4208 378 4261 tum,
420 4195 663 4269 peiorem
703 4197 908 4252 obitum
937 4213 952 4250 :
980 4194 1381 4266 praedestinavit
1408 4201 1590 4249 autem
1633 4208 1729 4249 eos
1754 4193 1822 4247 ad

240 4288 501 4344 luendum
540 4301 778 4356 peremo
816 4295 1141 4342 tormentum
1170 4295 1225 4343 et
1254 4286 1640 4357 sempiternum
1679 4286 1820 4340 inte-

243 4379 431 4434 ritnm.
474 4396 494 4429 ι
545 4377 614 4431 Et
648 4377 843 4433 iterum
882 4385 1007 4448 post
1034 4377 1309 4447 aliquanta
1339 4394 1355 4431 :
1389 4374 1568 4443 «Quia
1605 4390 1663 4430 re
1691 4389 1820 4430 vera

1925 3292 2157 3363 capitula
2193 3291 2494 3353 veniamus,
2534 3302 2655 3358 quae
2690 3286 2948 3349 secundo,
2983 3292 3041 3338 ut
3070 3282 3266 3353 legitur
3303 3281 3357 3335 in
3390 3280 3507 3350 lege

1924 3383 2093 3439 veteri
2120 3380 2259 3453 (los.
2286 3397 2341 3445 v,
2370 3379 2449 3450 4),
2482 3378 2710 3449 petrinis
2735 3375 2972 3432 cultellis
3005 3370 3443 3427 circumcidenda
3475 3384 3506 3422 a

1923 3486 2102 3532 vestra
2127 3475 2370 3547 jussioue
2391 3472 2750 3541 suscepimus,
2776 3480 3117 3539 quorumque
3149 3464 3308 3519 noxia
3347 3470 3512 3532 atque

1907 3565 2189 3638 superﬂua
2204 3565 2450 3620 acumine
2462 3560 2851 3617 catlwlicorum
2877 3564 3156 3627 amputare
3169 3552 3503 3608 curabimus.

229 3648 434 3702 vim
453 3646 873 3717 conscriptionis
896 3646 1300 3716 archiepiscopo
1327 3644 1551 3702 Rabano
1570 3650 1824 3715 porrecto
1910 3679 1915 3684 -

2541 3648 2770 3708 CAPUT
2807 3647 2895 3704 Vl.

1924 3747 2218 3802 Exordinm
2260 3742 2625 3814 capitulorum,
2649 3742 2714 3795 de
2756 3740 2943 3814 quibus
2971 3739 3169 3814 agitu_r,
3200 3735 3338 3814 unde
3366 3748 3512 3789 cont-

2139 3808 2338 3889 positor
2361 3830 2540 3871 eorum
2567 3812 2660 3867 illa
2689 3808 2971 3881 compilare
3000 3808 3282 3862 studuerit.

1994 3931 2162 3986 Aiunt
2188 3929 2359 3994 enim,
2396 3924 2692 3997 praemissis
2720 3920 3252 3979 commendationem
3282 3928 3504 3973 suarum

1924 4021 2142 4084 fabulis,
2183 4021 2236 4076 in
2285 4020 2525 4075 secundo
2562 4015 2797 4087 capitulo
2832 4029 2847 4067 :
2888 4031 2907 4064 α
2940 4013 3109 4067 Deum
3156 4010 3412 4083 praescire
3456 4016 3514 4062 et

1922 4112 2205 4184 praescisse
2229 4108 2563 4164 mternaliter
2581 4116 2638 4162 et
2648 4107 2787 4161 bona
2816 4105 2922 4174 2⁸1
2939 4119 3058 4173 qum
3072 4103 3197 4158 boni
3219 4109 3375 4157 erant
3395 4097 3515 4153 fae-

1924 4201 2056 4264 turi,
2072 4209 2128 4255 et
2152 4199 2293 4253 mala
2315 4212 2435 4266 quae
2454 4195 2577 4250 mali
2607 4193 2969 4265 suntgesturi,
2992 4192 3117 4261 quia
3141 4204 3328 4245 vocem
3354 4187 3507 4242 Scri-

1908 4302 2093 4364 ptura:
2121 4289 2354 4345 dicentis
2386 4288 2674 4351 habemus,
2698 4284 2839 4339 Deus
2862 4292 3072 4345 teterne,
3107 4277 3197 4350 qui
3230 4277 3511 4333 abscondi-
3582 4317 3587 4321 s

1906 4393 2095 4437 torum
2141 4397 2194 4435 es
2240 4380 2494 4449 cognitor,
2527 4377 2619 4448 qui
2661 4376 2794 4430 nosti
2844 4374 3021 4426 omnia
3061 4378 3337 4438 antequam
3378 4365 3514 4435 ﬁant

241 4470 381 4525 sicut
424 4468 631 4524 electos
646 4483 839 4524 omnes
857 4468 1264 4538 praedestinavit
1288 4468 1356 4523 ad
1385 4468 1550 4522 vitam
1572 4482 1669 4536 per
1693 4483 1822 4538 gra-
1846 4473 2090 4549 “(nam
2124 4486 2244 4533 xm,
2294 4471 2330 4523 4
2369 4469 2410 4540 ),
2446 4468 2676 4522 ﬁdeliter
2701 4476 2946 4522 tenemus
2994 4469 3050 4515 et
3101 4459 3277 4529 placet
3304 4466 3512 4518 tenere,

240 4562 440 4617 Initum
467 4560 639 4617 solius
670 4562 857 4631 gratia:
880 4576 991 4617 sua:
1027 4560 1369 4625 beneﬁcium,
1410 4560 1520 4631 26
1561 4560 1821 4629 quemad-

238 4656 461 4710 modum
488 4651 703 4709 Veteris
724 4660 779 4708 et
821 4651 955 4708 Novi
991 4651 1320 4708 Tcstamenti
1356 4652 1565 4722 paginae
1592 4649 1821 4706 manife-

237 4745 543 4800 stissimum
564 4744 803 4814 praebent
820 4744 1051 4798 solerter
1067 4758 1132 4799 ac
1154 4743 1333 4799 sobrie
1347 4742 1820 4798 considerantibus

238 4836 525 4901 indicium,
547 4836 626 4891 sic
646 4837 866 4891 omnino
887 4845 943 4890 et
968 4819 1230 4904 reprdbos
1251 4848 1495 4905 quosque
1515 4833 1582 4888 ad
1601 4840 1819 4888 sternte

237 4926 437 4982 mortis
486 4925 891 4995 przedestinavit
938 4924 1293 4995 supplicium,
1337 4939 1433 4993 per
1459 4923 1819 4993 justissimnm

235 5016 494 5072 videlicet
513 5007 968 5072 incommutabilis
985 5016 1208 5086 justitiaa
1232 5031 1344 5071 suae
1357 5013 1672 5082 judicium.»
1695 5014 1825 5069 lude

234 5120 291 5167 et
318 5111 376 5166 in
400 5109 649 5165 chartula
670 5125 781 5165 sua:
804 5108 1156 5180 professionis
1176 5111 1243 5165 ad
1266 5113 1514 5166 eumdem
1539 5110 1824 5165 Babanum

234 5202 556 5272 episcopum
605 5200 679 5255 ita
713 5200 845 5255 dicit
874 5217 891 5256 :
923 5219 943 5253 ι
975 5201 1089 5272 Ego
1127 5201 1513 5257 Gotbescalens
1561 5200 1724 5254 credo
1771 5208 1824 5253 et

235 5293 528 5359 conﬁteor,
564 5293 822 5364 proﬁteor
870 5303 927 5350 et
973 5294 1233 5350 testiﬁcor
1271 5311 1335 5351 ex
1368 5294 1478 5351 Deo
1509 5292 1692 5359 Patre,
1730 5307 1829 5364 per

235 5383 412 5442 Deum
450 5386 673 5451 l’iiium,
699 5387 751 5441 in
793 5387 902 5441 Deo
933 5385 1136 5457 Spiritu
1167 5374 1374 5451 sancto,
1399 5394 1453 5441 et
1479 5384 1688 5440 aliir'mo
1738 5392 1825 5438 at-

236 5492 344 5546 que
389 5478 634 5546 approbo
665 5490 857 5532 coram
894 5477 1005 5535 Deo
1043 5485 1100 5532 et
1128 5476 1332 5532 sanctis
1354 5469 1515 5547 ejus,
1543 5477 1686 5546 quod
1735 5492 1828 5547 ge.

238 5568 386 5622 mina
415 5581 505 5623 est
533 5567 955 5637 praedestinatlo,
996 5567 1108 5624 sive
1144 5566 1436 5622 eleetornm
1462 5566 1530 5621 ad
1561 5564 1826 5635 requiem,

236 5660 358 5714 sive
409 5658 767 5728 reproborum
807 5659 876 5711 ad
909 5665 1137 5713 mortem
1168 5656 1335 5724 :quia
1378 5656 1517 5713 sicut
1563 5656 1705 5712 Deus
1740 5656 1823 5711 in-

204 5750 207 5757 ‘
242 5749 648 5805 commutabitis
675 5758 801 5805 ante
826 5749 1008 5806 mundi
1040 5747 1483 5810 constitutionem
1508 5745 1698 5808 omnes
1721 5750 1826 5808 ele-

1850 4521 1902 4581 D

1902 4564 2098 4619 .bonos
2127 4562 2408 4632 przcseisse
2437 4558 2658 4613 ontnino
2682 4571 2780 4627 per
2799 4554 3025 4625 gratiam
3049 4565 3201 4604 suam
3226 4549 3396 4604 bonos
3426 4545 3511 4604 l'u-
3604 4594 3609 4599 .

1898 4670 1903 4676 '
1928 4660 2099 4715 turos,
2127 4660 2183 4705 et
2216 4665 2311 4720 per
2335 4649 2581 4704 eamdem
2608 4647 2838 4717 gratiam
2860 4653 3061 4698 aeterna
3101 4639 3321 4710 praemia
3351 4652 3513 4695 acce-

1923 4754 2115 4815 pturos
2168 4760 2182 4795 :
2233 4741 2404 4796 malos
2458 4739 2738 4809 przescisse
2787 4752 2883 4806 per
2931 4732 3204 4805 propriam
3251 4731 3513 4786 malitiam

1899 4834 2103 4891 'malos
2128 4834 2357 4897 futuros,
2382 4841 2439 4885 et
2461 4846 2557 4900 per
2585 4845 2737 4885 suam
2753 4826 3020 4896 justitiam
3062 4834 3262 4880 :eterna
3312 4823 3514 4878 ultione

1929 4923 2265 4980 damnandos
2290 4940 2303 4974 :
2332 4930 2392 4974 ut
2417 4919 2710 4974 secundum
2735 4916 3098 4978 Psalmistam,
3123 4912 3263 4977 Quia
3284 4921 3512 4982 potestas

1897 5057 1905 5064 .
1931 5017 2028 5072 Dei
2054 5026 2131 5071 est
2155 5026 2202 5070 et
2226 5014 2436 5069 Domini
2463 5010 2820 5067 misericordia
2850 5008 3024 5080 (Psal.
3047 5022 3158 5071 LXI,
3181 5006 3303 5075 12),
3323 5004 3513 5057 reddat
3576 5028 3591 5045 ο

1932 5109 2211 5179 unicuique
2236 5104 2524 5161 secundum
2550 5119 2708 5172 apere
2737 5119 2835 5156 sua
2864 5100 3039 5171 (Rom.
3077 5114 3138 5162 ιι,
3170 5097 3224 5165 6)
3244 5111 3263 5159 ;
3283 5103 3338 5148 et
3368 5093 3512 5151 sicut

1899 5218 1909 5233 '
1932 5199 2224 5270 apostolica
2244 5197 2492 5251 doctrina
2517 5211 2577 5250 se
2598 5194 2797 5250 habet:
2836 5192 2935 5247 llis
2956 5191 3186 5262 quidem,
3213 5186 3301 5257 qui
3316 5201 3512 5239 ,κεκη-

1933 5291 2059 5345 dum
2088 5290 2392 5360 patientiam
2448 5288 2566 5341 boni
2615 5285 2808 5355 operis,
2839 5283 3059 5354 gloriam
3090 5290 3138 5334 et
3167 5280 3413 5332 honorent
3460 5286 3508 5330 et

1933 5384 2373 5453 incorruptionem
2404 5391 2667 5449 qna-runt,
2701 5378 2862 5432 vitam
2889 5384 3135 5430 artemant
3173 5384 3191 5422 :
3229 5369 3308 5425 Itis
3335 5378 3509 5422 autem

1932 5476 2023 5546 qui
2052 5484 2173 5529 sttttt
2215 5489 2281 5527 ea:
2307 5471 2656 5534 contentione,
2697 5478 2746 5522 et
2773 5467 2862 5538 qui
2887 5481 2991 5518 non
3015 5462 3348 5532 acquiescant
3377 5458 3512 5513 veri-

1930 5565 2043 5626 tati.
2075 5563 2291 5619 credunt
2339 5569 2515 5616 autem
2543 5558 2828 5629 iniquitati,
2855 5557 2941 5609 ira
2961 5564 3010 5608 et
3045 5552 3357 5622 indignatio.
3394 5550 3511 5605 Tri—

1891 5680 1895 5684 -
1932 5654 2131 5709 bulatio
2175 5663 2222 5707 et
2264 5652 2510 5724 angustia
2556 5651 2610 5703 in
2635 5662 2838 5703 omnem
2864 5646 3102 5701 animum
3140 5644 3364 5701 hominis
3393 5631 3510 5711 ope-

1933 5747 2098 5801 rantis
2144 5745 2341 5801 malum
2386 5742 2573 5816 (ibid,
2598 5744 2654 5808 8,
2684 5742 2775 5811 9).
2824 5739 2885 5798 lu
2927 5737 3118 5795 eodem
3171 5750 3331 5795 sensu
3370 5733 3510 5789 idem
