4052 6334
564 334 633 391 ω
1336 394 1341 399 ,
1533 332 1867 389 IHNCMABI
1905 330 2299 391 RHEﬂENSlS
2333 326 2872 387 ARCHIEPISCOPI.
3760 326 3827 399 ἓξ

817 442 885 498 In
921 442 1250 511 reuelatione,
1277 443 1474 512 inquit,
1504 442 1714 497 Domini
1743 444 1906 496 nostri
1935 444 1998 496 de
2022 441 2148 495 rozlo
2179 450 2222 504 Α
2256 441 2454 506 tionem
2481 440 2766 510 impiorum
2789 428 2859 495 ad
2883 447 3111 494 mortem
3142 452 3158 493 :
3186 434 3644 506 etquomodoboc
3670 434 3850 506 possit

568 442 698 498 :tli'ﬁ
742 462 759 499 :

560 551 686 589 tum
722 534 920 605 angelis
949 535 1150 589 virtutis
1176 534 1312 604 ejus,
1340 535 1395 593 in
1432 535 1651 605 ﬂumina
1679 535 1814 599 ignis
1840 534 2014 588 u’nntis
2041 535 2150 588 rin-

567 625 762 678 dictam
795 625 876 679 his
904 625 993 695 qui
1018 641 1124 679 non
1160 636 1409 681 noverunt
1454 626 1644 691 Deum,
1686 638 1735 680 et
1776 629 1865 698 qui
1888 644 1994 681 non
2034 627 2154 681 obe-

568 714 718 768 diunt
745 711 1032 784 Evangelia
1061 713 1160 767 Dei
1187 716 1373 779 nostri,
1404 716 1494 786 qui
1526 732 1707 783 pinnas
1735 716 1935 769 dabunt
1966 716 2022 770 in
2065 717 2151 770 in-

566 803 723 857 teritu
751 813 971 858 a'ternas
998 820 1117 857 cum
1142 805 1335 859 venerit
1382 804 1671 875 ρίου-ἔβαιτί
1712 807 1767 861 in
1792 808 1987 861 sanctis
2010 810 2150 873 suis,

567 906 615 948 et
643 894 973 949 admirabilis
1012 896 1126 961 ﬁeri
1176 898 1231 950 in
1256 878 1519 953 omnibus
1553 900 1642 969 qui
1689 900 2018 954 crediderunt
2064 900 2151 961 (II

498 1048 505 1054 ,
567 985 747 1041 Thess.
767 1003 808 1052 ι,
823 988 998 1059 7-10).
1021 987 1129 1043 Nec
1143 1003 1369 1058 prorsus
1384 990 1473 1043 ulli
1497 991 1636 1045 malo
1648 991 2041 1060 pnescientiam
2060 992 2153 1048 Dei

564 1079 887 1149 imposuisse
910 1081 1310 1147 necessitatem,
1336 1094 1395 1138 nt
1421 1083 1563 1138 aliud
1576 1099 1698 1140 esse
1712 1102 1817 1140 non
1832 1096 2012 1155 posset
2028 1106 2040 1140 :
2056 1088 2153 1143 sed

563 1172 711 1240 quod
739 1171 829 1226 ille
852 1172 1067 1228 futurus
1092 1182 1212 1230 erat
1238 1190 1306 1230 ex
1333 1176 1549 1245 pmpria
1573 1162 1870 1242 voluntate,
1901 1177 1986 1233 ille
2012 1180 2156 1234 sicut

562 1260 726 1327 Deus,
766 1263 859 1332 qui
888 1264 1043 1320 novit
1088 1266 1270 1321 omnia
1301 1276 1595 1338 antequam
1624 1269 1778 1335 ﬁant,
1807 1273 2043 1340 prmsciit
2082 1288 2152 1328 ex

560 1364 661 1405 sua
681 1353 1071 1423 munipotentia
1111 1363 1169 1411 et
1219 1357 1646 1413 incommutabili
1695 1361 2019 1429 majestate:
2053 1379 2153 1419 nec

562 1459 630 1500 cx
657 1446 966 1516 praiudicio
992 1450 1114 1520 ejus
1138 1450 1393 1522 aliquem,
1444 1454 1538 1508 sed
1583 1468 1650 1509 ex
1682 1456 1877 1512 merito
1924 1458 2153 1527 propriae

563 1536 862 1608 iniquitatis
888 1540 1161 1598 credimus
1198 1544 1546 1599 condemnari
1590 1560 1605 1599 :
1644 1560 1745 1600 nec
1793 1547 1938 1615 ipsos
1981 1547 2151 1603 malos

563 1627 687 1683 ideo
712 1630 891 1698 perire
914 1632 1042 1700 quia
1071 1632 1197 1689 boni
1227 1649 1350 1690 esse
1379 1650 1484 1690 non
1531 1645 1846 1704 potuerunt,
1881 1638 1975 1692 sed
2022 1639 2150 1707 Quia

562 1716 687 1773 boni
715 1734 837 1774 esse
862 1721 1174 1787 noluerunt,
1202 1739 1408 1795 suoque
1456 1726 1585 1780 vitio
1613 1727 1665 1781 in
1701 1742 1877 1782 massa
1926 1728 2151 1783 damna-

3760 322 3847 379 ιη

2253 540 2541 601 utrumque
2571 531 2707 596 ﬁeri,
2749 531 2932 586 videre
2957 546 3063 587 non
3103 544 3410 600 possumus,
3442 526 3651 585 scilicet
3702 534 3759 579 ιιι
3785 534 3851 580 et

2253 623 2307 677 in
2356 638 2534 677 massa
2569 622 2930 678 damnationis
2969 620 3142 697 relicti
3187 626 3565 689 permaneant,
3613 626 3668 671 et
3706 616 3847 670 item

2252 710 2414 765 iidem
2454 711 2821 780 prmdcstinati
2854 726 2885 765 a
2923 712 3031 765 Deo
3061 709 3231 780 ipsius
3268 707 3741 779 prtedestinatione
3769 705 3849 758 ad

2252 808 2480 853 mortem
2530 800 2745 853 vadant.
2799 798 2857 854 Si
2887 799 3030 854 enim
3090 799 3165 854 ita
3204 806 3541 853 constantem
3569 793 3851 864 posuisset

2252 891 2599 954 sententiam,
2622 891 2762 945 sicut
2782 889 2975 944 Florus
3004 905 3123 944 eam
3159 890 3212 944 in
3235 901 3487 965 sermone
3514 900 3612 939 suo
3637 884 3847 953 posuit,

2255 980 2394 1033 unde
2431 981 2571 1034 hanc
2600 980 2700 1035 iste
2726 979 3053 1049 compilavit,
3085 980 3223 1034 bene
3253 993 3372 1033 eam
3414 977 3643 1047 quisque
3678 973 3852 1029 intel-

2251 1071 2463 1143 ligeret,
2490 1074 2616 1144 quia
2650 1083 2797 1130 recte
2822 1081 3119 1130 constaret.
3142 1074 3233 1127 Ait
3258 1073 3420 1134 enim,
3452 1080 3512 1125 ut
3536 1070 3853 1125 audivimus

2252 1175 2308 1221 ct
2334 1173 2578 1235 apparet,
2606 1166 2775 1221 isdem
2798 1165 2880 1220 vir
2905 1166 3097 1223 doctus
3116 1179 3256 1234 pene
3277 1164 3329 1219 in
3359 1162 3626 1233 principio
3651 1160 3850 1229 scripti

2253 1255 2334 1309 sui
2366 1273 2379 1308 :
2410 1273 2429 1307 ι
2462 1255 2740 1310 Praescivit
2784 1270 2915 1324 ergo
2944 1255 3060 1309 sine
3089 1253 3254 1309 dubio
3277 1253 3442 1318 Deus,
3467 1261 3523 1305 et
3548 1252 3687 1304 bona
3719 1263 3853 1318 qua:

2251 1349 2377 1404 boni
2399 1357 2553 1405 erant
2581 1347 2799 1415 facturi,
2822 1357 2878 1405 et
2902 1347 3044 1403 mala
3088 1361 3209 1418 qua:
3234 1344 3360 1401 mali
3394 1354 3551 1401 erant
3584 1344 3792 1416 gesturi
3820 1359 3848 1407 ,ε

2253 1439 2347 1494 sed
2382 1439 2435 1493 in
2466 1439 2625 1497 bonis
2653 1440 2767 1509 ipse
2800 1438 2927 1494 fecit
2952 1453 3048 1496 sua
3078 1437 3250 1509 gratia
3280 1444 3340 1491 ut
3388 1436 3514 1492 boni
3551 1444 3758 1506 essent,
3791 1435 3850 1511 in

2253 1531 2410 1589 malis
2436 1546 2570 1588 vero
2595 1540 2702 1589 non
2726 1533 2839 1602 ipse
2866 1530 2993 1612 fecit
3021 1538 3079 1585 ut
3102 1538 3288 1585 essent
3331 1529 3478 1595 mali,
3504 1527 3645 1597 quod
3674 1527 3850 1591 absit,

2253 1621 2346 1677 sed
2377 1630 2582 1676 tantum
2611 1622 2878 1693 praescivit
2905 1626 3000 1677 eos
3040 1621 3258 1693 proprio
3278 1621 3410 1675 vitio
3438 1619 3570 1674 tales
3607 1617 3849 1673 futuros.

2252 1711 2438 1785 Neque
2458 1715 2602 1769 enim
2627 1715 2968 1785 praescientia
2987 1714 3079 1768 Dei
3101 1714 3352 1784 imposuit
3366 1713 3447 1777 eis
3464 1712 3852 1771 necessitatem

564 1806 747 1871 tionis,
776 1808 857 1863 vel
884 1811 1078 1868 merito
1101 1813 1370 1883 originali,
1391 1814 1652 1870 veletiam
1679 1816 1873 1871 actuali
1896 1832 2146 1886 perman-

2257 1817 2311 1862 ut
2345 1807 2490 1862 aliud
2515 1824 2634 1864 esse
2662 1823 2766 1862 non
2818 1816 3039 1877 possent
3069 1823 3082 1861 :
3116 1807 3210 1863 sed
3254 1814 3464 1861 tantum
3490 1805 3633 1875 quod
3661 1804 3735 1859 illi
3768 1802 3855 1857 fn-

562 1906 772 1952 serunt.
802 1918 821 1949 ι
855 1897 1301 1971 Hoc'capitulum,
1326 1904 1467 1958 sicut
1493 1904 1836 1961 conferentes
1854 1921 1922 1959 ex
1946 1908 2150 1976 scripto

562 1988 709 2045 ΕΙ)τὶ
742 1990 998 2048 Ecclesia:
1047 1993 1422 2066 Lugdunensis
1450 1996 1703 2059 ministri,
1742 1997 1886 2067 quod
1922 1996 2052 2052 olim
2093 1997 2151 2052 in

560 2078 786 2137 Bonoilo
813 2098 843 2136 a
872 2086 1192 2141 venerandae
1232 2087 1508 2143 memoria:
1558 2087 1851 2144 Heribeldo
1899 2089 2153 2160 episcopo

558 2170 1011 2230 Antisiodorense
1065 2177 1387 2245 accepimus,
1437 2187 1751 2248 excerptum
1800 2193 1865 2233 ex
1912 2180 2149 2235 maxima

563 2270 717 2330 parte
738 2263 1073 2319 invenimus:
1096 2276 1430 2336 quapropter
1452 2266 1722 2335 utcunque
1744 2283 1775 2320 a
1800 2267 2011 2322 ratione
2042 2284 2149 2322 non

562 2353 839 2409 invenitur
862 2357 1075 2426 penitus
1102 2358 1355 2413 alienum.
1383 2358 1459 2414 De
1492 2358 1831 2429 pmscientia
1865 2359 2010 2415 enim
2054 2358 2149 2414 Dei

562 2445 847 2502 catholica:
876 2446 997 2502 ﬁdei
1019 2449 1244 2504 adversa
1279 2465 1385 2504 non
1419 2450 1673 2520 loquitur.
1707 2449 1812 2505 Sed
1852 2452 2152 2520 praetermi-

564 2536 638 2591 sit
662 2536 900 2592 insulsus
931 2550 1233 2607 excerptor,
1292 2540 1434 2610 quod
1477 2541 1675 2595 ibidem
1712 2541 1994 2597 invenerat
2018 2541 2149 2598 dare

560 2625 873 2696 exemplum
906 2627 973 2682 de
994 2627 1179 2685 electis
1198 2629 1337 2683 dono
1370 2630 1559 2697 gratia:
1581 2632 1648 2684 ad
1674 2630 1838 2684 vitam
1866 2644 2147 2695 aiternam,

562 2714 752 2770 volens
773 2717 1016 2786 quaedam
1038 2734 1137 2788 per
1154 2732 1308 2774 suam
1335 2720 1654 2789 sapientiam
1682 2721 1900 2776 addere.
1931 2721 1997 2776 Et
2028 2720 2149 2777 ideo

562 2820 900 2876 quacunque
943 2808 1144 2864 invenit
1164 2823 1232 2863 ex
1257 2810 1611 2865 retributione
1631 2812 1856 2881 justitire
1880 2811 2151 2867 reddenda

566 2896 749 2965 impiis
803 2914 1128 2955 coacervare
1176 2902 1424 2972 exempla
1469 2903 1697 2958 curavit.
1750 2904 1944 2958 Dicens
2003 2905 2146 2959 enim

565 2986 741 3043 bonos
769 2992 1049 3059 praescisse
1091 2995 1313 3049 omnino
1364 3011 1461 3065 per
1497 2997 1730 3066 gratiam
1776 3013 1928 3052 suam
1978 2997 2150 3053 bonos

566 3078 815 3145 futuros,
869 3094 923 3136 et
969 3098 1065 3152 per
1112 3085 1354 3140 eamdem
1406 3090 1636 3158 gratiam
1681 3097 1882 3143 aeterna
1925 3089 2147 3158 praemia

2255 1898 2360 1951 turi
2387 1908 2630 1953 erantex
2657 1896 2871 1968 propria
2906 1897 3201 1961 voluntate,
3237 1895 3324 1949 ille
3350 1904 3411 1950 ut
3436 1895 3577 1950 Deus
3597 1894 3854 1965 praevidit

2250 2002 2319 2042 ex
2349 2004 2444 2043 sua
2474 1988 2825 2057 omnipotenti
2861 1985 3162 2055 majestate.
3197 2004 3216 2037 ι
3271 1980 3340 2040 Et
3375 1993 3497 2056 post
3541 1984 3779 2055 plurima
3826 2001 3845 2037 :

2259 2095 2277 2130 ι
2318 2078 2487 2134 Nemo
2511 2094 2575 2134 ex
2611 2079 2702 2134 Dei
2751 2077 3082 2149 prejudieio,
3118 2076 3214 2131 sed
3264 2092 3328 2131 ex
3383 2076 3575 2129 merito
3605 2074 3848 2145 propriae

2252 2166 2550 2236 iniquitatis
2601 2169 3009 2224 contlemnatur.
3061 2184 3080 2219 ι
3140 2166 3206 2220 Ει
3254 2167 3451 2221 iterum
3502 2179 3665 2233 supra
3717 2172 3853 2218 ante

2253 2260 2421 2314 multa
2449 2275 2608 2331 quam
2640 2264 2707 2316 ad
2745 2264 2856 2318 haec
2885 2265 3193 2333 perveniret
3224 2281 3239 2317 ε
3292 2282 3312 2315 ι
3358 2263 3417 2321 lu
3447 2262 3605 2319 malis
3632 2276 3768 2317 vero
3793 2267 3855 2316 et

2253 2348 2433 2420 impiis
2464 2367 2566 2405 non
2596 2354 3000 2421 prtedeStinavit
3039 2356 3379 2425 omnipotens
3407 2356 3549 2410 Deus
3580 2353 3852 2407 malitiam

2251 2451 2308 2497 et
2332 2443 2685 2512 impietatem,
2717 2445 2770 2498 id
2800 2455 2883 2500 est
2911 2455 2969 2499 ut
2997 2447 3122 2505 ntali
3142 2456 3199 2501 et
3226 2447 3374 2516 impii
3396 2455 3597 2510 essent,
3619 2454 3674 2500 et
3696 2445 3853 2498 aliud

2250 2550 2373 2591 esse
2412 2551 2518 2591 non
2564 2545 2801 2606 possent,
2856 2538 2951 2592 sed
2993 2553 3132 2607 quos
3162 2538 3451 2606 .praiscivit
3492 2546 3548 2593 et
3596 2536 3857 2607 pnevidit
3936 2540 3943 2551 '

2254 2625 2424 2680 malos
2459 2635 2624 2695 atque
2673 2627 2866 2697 impios
2909 2628 3121 2683 futuros
3165 2630 3385 2699 proprio
3428 2629 3584 2696 vitio,
3629 2629 3851 2697 praede-

2253 2715 2473 2770 stinavit
2505 2726 2765 2771 aeternam
2805 2718 3205 2773 damnazionem
3233 2734 3342 2788 qua
3373 2720 3472 2795 ipsi
3515 2720 3855 2789 punirentur

2244 2804 2394 2875 justo
2416 2807 2640 2876 judicio,
2664 2824 2770 2864 non
2802 2809 2926 2878 quia
2952 2810 3096 2864 aliud
3118 2826 3242 2865 esse
3260 2825 3369 2865 non
3397 2819 3707 2880 potuerunt,
3744 2812 3852 2866 sed

2252 2901 2376 2966 quia
2423 2900 2567 2953 aliud
2599 2916 2722 2959 esse
2770 2900 3074 2955 uoluerunt.
3129 2920 3148 2953 δ
3203 2902 3375 2969 Quam
3403 2903 3724 2957 sententiam
3763 2903 3852 2957 sic

2254 2987 2439 3043 haberi
2487 2989 2540 3043 in
2573 2991 2746 3044 rotula
2784 2992 2851 3046 ab
2905 2991 3192 3046 llerilmldo
3238 3002 3459 3061 accepta
3507 2993 3848 3063 relegimus:

2252 3079 2345 3132 sed
2375 3079 2430 3132 in
2450 3077 2558 3143 illa,
2583 3094 2745 3147 quam
2771 3095 2837 3134 ex
2863 3081 3065 3136 scrinio
3083 3083 3285 3137 Ebonis
3304 3082 3541 3152 episcopi
3564 3082 3854 3141 Gratiano.

567 3179 907 3240 acceleI‘OS.
943 3174 1107 3227 tacuit
1153 3176 1380 3245 aequalia
1439 3177 1651 3242 merita,
1703 3189 1761 3232 et
1806 3177 1931 3230 doni
1961 3179 2150 3247 gratim
2176 3159 2221 3220 C
2255 3166 2592 3237 lmlitaniper
2611 3168 2899 3237 quemdam
2929 3172 3260 3241 accepimus,
3292 3173 3451 3227 aliter
3479 3184 3732 3229 constare
3759 3176 3851 3233 in-

567 3265 916 3335 prtetermisit
962 3268 1229 3337 exempla.
1280 3269 1476 3338 Sicque
1526 3272 1846 3326 subsecutus
1881 3272 2147 3342 adjunxit,

568 3354 742 3409 malos
767 3356 1048 3423 praescisse
1076 3372 1173 3426 per
1194 3359 1463 3428 propriam
1497 3360 1756 3414 malitiam
1802 3360 1973 3416 malos
2001 3361 2147 3418 futu-

568 3461 682 3511 ros,
710 3456 765 3500 et
791 3461 889 3515 per
917 3462 1069 3501 suam
1109 3447 1374 3516 justitiam
1403 3461 1607 3504 arlcrna
1658 3451 1859 3506 ultione
1896 3453 2151 3509 damnan-

570 3534 688 3590 dos.
721 3534 873 3590 Unde
899 3549 1017 3605 qutc
1050 3536 1225 3590 alieno
1258 3537 1442 3592 latore
1470 3539 1715 3609 exetnpla
1744 3540 1968 3595 collecta
1998 3542 2152 3598 inve-

570 3626 671 3691 nit,
703 3626 1009 3680 inordinate
1052 3628 1240 3683 ordine
1266 3632 1464 3698 posuit.
1505 3632 1706 3686 Deinde
1738 3638 2019 3704 poStquam
2067 3636 2151 3689 in-

569 3720 818 3778 ordinate
873 3722 1044 3793 posuit
1077 3720 1222 3790 quod
1249 3722 1499 3777 ordinate
1525 3723 1752 3780 alternus
1775 3740 1872 3781 ore
1921 3728 2148 3798 accepit,

569 3825 672 3864 nec
701 3811 847 3882 ipsos
890 3811 1062 3866 malos
1105 3812 1227 3865 ideo
1252 3811 1431 3880 perire
1457 3812 1583 3882 quia
1614 3812 1739 3868 boni
1782 3829 1902 3870 esse
1925 3830 2030 3870 non
2060 3833 2152 3885 po-

572 3908 807 3963 tuerunt,
843 3903 936 3957 sed
962 3902 1088 3972 quia
1132 3902 1256 3957 boni
1289 3916 1411 3957 esse
1451 3903 1756 3970 noluerunt,
1788 3920 1995 3976 suoque
2025 3907 2155 3962 vitio

571 3990 627 4044 in
652 4005 829 4049 massa
851 3990 1212 4046 damnationis
1236 3991 1320 4045 vel
1370 3992 1565 4049 merito
1587 3995 1837 4065 originali
1876 3996 1962 4050 vel
1989 3998 2153 4053 etiam

574 4080 771 4134 actuali
817 4090 1229 4150 permanserunt
1253 4124 1268 4145 ,
1319 4084 1437 4140 sine
1493 4084 1601 4139 ulla
1652 4085 2062 4156 interpositione
2099 4089 2154 4147 in

573 4174 737 4228 tertio
764 4173 1001 4243 capitulo
1020 4176 1261 4231 subdidit
1286 4191 1301 4233 :
1331 4195 1350 4227 |
1374 4174 1480 4232 Sed
1507 4185 1563 4233 et
1586 4177 1653 4234 de
1680 4179 2156 4249 praedestinatione

572 4266 665 4320 Dei
697 4267 808 4337 28
836 4268 1055 4337 placuit,
1081 4277 1135 4324 et
1160 4268 1387 4326 ﬁdeliter
1405 4271 1582 4340 placet
1598 4272 1751 4341 juxta
1777 4274 2156 4329 auctoritatem

570 4359 920 4425 apostolicam
958 4375 1078 4429 qua:
1103 4360 1253 4424 dicit,
1278 4362 1358 4414 Αη
1392 4378 1497 4415 non
1527 4362 1996 4432 liabetpotestntem
2016 4363 2154 4433 ﬁgu-

571 4450 653 4505 lus
677 4450 774 4503 luti
802 4467 866 4504 ea:
891 4452 1075 4504 eadem
1109 4468 1283 4505 mnam
1313 4453 1483 4519 facere
1502 4451 1648 4505 aliud
1677 4470 1765 4506 vas
1808 4453 1863 4507 in
1883 4454 2152 4517 honorem,

573 4539 721 4594 aliud
779 4556 897 4593 vero
942 4541 998 4593 in
1063 4541 1430 4595 contumeliam
1482 4542 1661 4612 (Rom.
1700 4559 1776 4607 Ix,
1806 4542 1929 4614 2|);
1982 4545 2072 4599 ubi
2102 4552 2158 4600 et

572 4631 757 4687 statim
796 4632 1069 4702 subjuugit
1119 4649 1132 4685 :
1185 4631 1337 4697 Quot
1390 4634 1436 4686 si
1479 4633 1648 4687 volens
1701 4633 1838 4688 Deus
1885 4636 2159 4691 ostendere

572 4722 732 4786 iram,
762 4731 811 4775 et
856 4733 1033 4775 notam
1074 4723 1248 4793 facere
1294 4725 1578 4794 potentiam
1618 4740 1791 4785 suam.
1831 4727 2079 4779 sustinuit
2103 4728 2159 4780 in

574 4812 741 4867 multa
782 4816 1032 4883 patientia
1074 4833 1196 4871 vasa
1242 4817 1336 4870 im:
1369 4827 1549 4886 aptata
1601 4818 1707 4872 sive
1755 4830 2053 4888 pra'parata
2104 4821 2161 4874 in

574 4906 866 4969 interitum,
906 4916 960 4959 ut
992 4909 1280 4960 osten;.'eret
1311 4908 1522 4961 divitias
1571 4911 1758 4978 gratia:
1785 4925 1895 4963 sua:
1939 4910 1994 4963 in
2044 4927 2166 4965 vasa

577 4997 950 5053 misericorditv
980 5016 1096 5069 qnw
1118 5001 1433 5068 praeparavit
1480 5000 1534 5052 in
1572 5002 1795 5069 giarium
1835 5001 2010 5070 (ibid.,
2046 5002 2161 5072 ἓξ),

577 5086 811 5143 ﬁdenter
882 5089 1114 5143 fatemur
1155 5088 1684 5157 prtedcstiuationem
1735 5089 2032 5144 electorum
2088 5092 2157 5144 ad

577 5179 743 5233 vitam
769 5188 827 5234 et
856 5180 1382 5250 praedestinationem
1414 5178 1699 5248 impiorum
1742 5178 1809 5233 ad
1849 5189 2098 5234 mortem.
2138 5197 2158 5231 ι

581 5271 705 5337 Dat,
735 5272 878 5327 sicut
923 5271 1081 5338 longe
1119 5279 1243 5325 ante
1295 5286 1392 5323 nos
1434 5269 1638 5325 dictum
1678 5278 1784 5334 est,
1831 5270 1947 5324 sine
1987 5278 2166 5325 mente

578 5377 788 5417 sonum.
831 5361 1111 5417 Paululum
1143 5360 1422 5431 praemisit,
1451 5360 1575 5429 quia
1624 5374 1723 5414 suo
1770 5359 1902 5414 vitio
1948 5359 2073 5414 mali
2108 5360 2164 5415 in

578 5470 755 5510 massa
797 5455 1161 5513 damnationis
1216 5453 1301 5508 vel
1341 5455 1534 5507 merito
1574 5451 1821 5521 originali
1869 5451 1953 5505 vel
1997 5451 2159 5505 etiam

575 5546 774 5602 actuali
831 5557 1232 5616 permaneant,
1289 5557 1345 5601 et
1394 5548 1579 5600 statim
1629 5543 1909 5613 snlijunxit
1941 5584 1956 5607 ,
2037 5543 2165 5612 quia

574 5640 778 5712 placuit
802 5648 857 5693 et
904 5640 1133 5696 ﬁdeliter
1156 5639 1331 5711 placet
1390 5640 1726 5708 lideuterque
1775 5635 1995 5702 fatetur,
2032 5650 2167 5706 prm—

570 5733 989 5792 destinationcm
1038 5735 1335 5796 electorum
1390 5735 1459 5793 ad
1514 5735 1677 5792 vitam
1715 5740 1771 5791 et
1819 5732 2167 5804 praedestina-

2250 3257 2529 3329 ivenimus;
2583 3273 2745 3327 quam
2799 3259 3044 3315 falsatum
3098 3277 3437 3333 nequaquam
3465 3263 3852 3325 discredimus,

2255 3362 2377 3403 cum
2402 3348 2454 3401 in
2487 3348 2571 3402 his
2594 3348 2803 3404 duobus
2822 3352 3095 3418 capitulis,
3136 3353 3308 3422 ipsius
3336 3352 3570 3424 religiosi
3600 3364 3659 3409 et
3697 3353 3853 3408 docti

2255 3438 2358 3492 viri
2381 3455 2411 3492 a
2432 3439 2789 3510 compilatore
2801 3456 2990 3496 eorum
3016 3443 3277 3512 seriptnm
3304 3446 3649 3500 commistum
3678 3454 3855 3513 atque

2256 3528 2539 3585 confusum
2574 3539 2628 3585 et
2666 3530 3041 3587 detruncatum
3079 3535 3429 3603 reperiamus.
3462 3535 3521 3591 ιιι
3567 3534 3852 3590 Heribuldi

2257 3636 2489 3690 namque
2507 3622 2681 3685 rotula
2702 3622 2843 3678 sicut
2862 3625 3222 3692 pneudsimus
3242 3627 3502 3695 scriptum
3518 3625 3815 3697 relegimus
3837 3644 3851 3680 :

2257 3721 2313 3766 et
2370 3712 2424 3766 in
2475 3714 2672 3779 rotula,
2723 3729 2885 3783 quam
2941 3716 3083 3770 sicut
3123 3716 3328 3771 dictum
3370 3726 3475 3781 est,
3522 3730 3590 3772 ex
3642 3717 3856 3771 scrinio

2260 3806 2461 3863 Ebonis
2489 3809 2799 3877 accepimus
2845 3828 2859 3865 :
2922 3827 2942 3861 ι
3001 3809 3120 3878 Ipse
3172 3825 3269 3867 eos
3327 3808 3732 3881 praedestinavit
3776 3810 3855 3865 ad

2258 3908 2517 3956 aiternant
2599 3900 3000 3955 damnationem
3058 3901 3207 3969 justo
3283 3901 3513 3970 judicio,
3585 3901 3855 3970 scriptum

2261 3992 2586 4057 invenimus,
2623 3993 2766 4062 quod
2809 3994 2910 4049 iste
2962 3994 3016 4048 in
3066 3994 3175 4049 ﬁne
3201 3994 3419 4064 capituli
3476 3994 3671 4064 posuit,
3721 4008 3856 4047 suo-

2261 4099 2368 4154 que
2423 4084 2553 4139 vitio
2607 4085 2663 4140 in
2713 4101 2891 4141 massa
2945 4086 3308 4141 damnationis
3357 4087 3444 4142 vel
3495 4089 3688 4141 merito
3734 4088 3853 4142 ori-

2260 4175 2424 4245 ginali
2460 4175 2541 4232 vel
2567 4176 2731 4232 etiam
2768 4177 2962 4232 actuali
2994 4186 3430 4246 permanserunt.
3467 4197 3487 4231 ι
3526 4178 3636 4249 29
3660 4177 3856 4235 Melius

2262 4267 2355 4323 ille
2386 4268 2586 4338 posuit,
2620 4269 2730 4322 imo
2773 4269 2865 4324 ille
2903 4269 3060 4332 bene,
3096 4270 3222 4337 quia
3265 4270 3367 4325 iste
3397 4269 3555 4324 male.
3589 4268 3857 4327 Videlicet

2260 4360 2440 4431 inquit
2465 4360 2679 4424 Florus,
2708 4361 3134 4431 omnipotentem
3155 4361 3321 4416 Deum
3342 4362 3399 4416 in
3427 4362 3585 4417 malis
3611 4362 3854 4432 ipsorum

2265 4454 2522 4507 malitiam
2564 4454 2842 4522 praescisse
2873 4454 3000 4523 quia
3035 4468 3100 4507 es
3138 4453 3269 4521 ipsis
3304 4462 3411 4518 est,
3434 4469 3541 4508 non
3574 4453 3858 4521 praedesti-

2261 4558 2418 4599 nasse
2445 4543 2657 4613 quiaex
2689 4542 2778 4596 illo
2818 4557 2923 4597 non
2954 4551 3040 4597 est
3082 4557 3097 4595 :
3153 4557 3370 4611 pmnam
3403 4556 3533 4598 vero
3561 4541 3771 4596 illomm
3798 4549 3857 4595 et

2259 4634 2539 4704 proiecisse
2559 4633 2685 4702 quia
2708 4632 2848 4688 Deus
2876 4642 2978 4698 est,
3008 4642 3061 4687 et
3088 4634 3504 4701 puedestinasse
3525 4632 3652 4702 quia
3670 4633 3855 4702 justus

2259 4735 2365 4782 est.
2396 4726 2566 4793 Quam
2593 4725 2877 4781 sententias
2925 4723 3240 4793 particulam
3273 4725 3372 4779 iste
3418 4722 3742 4799 compilator
3782 4724 3854 4777 de

2266 4819 2655 4886 consequentia
2687 4815 3039 4885 prmcedeutis
3064 4816 3132 4871 ad
3159 4814 3299 4868 istud
3328 4814 3627 4870 reservavit
3645 4812 3855 4883 capitu-

2268 4909 2401 4964 lum.
2431 4909 2526 4964 Cui
2553 4909 2901 4978 conjunctum
2922 4916 3009 4961 cst
3036 4908 3088 4961 in
3116 4907 3259 4962 Flori
3289 4908 3512 4977 scripto,
3544 4915 3605 4960 ut
3645 4912 3703 4959 et
3747 4904 3855 4959 illis

2265 5001 2339 5055 sit
2376 4999 2626 5054 meritum
2657 5014 2769 5053 suae
2809 4998 3190 5057 damnationis,
3218 5006 3275 5052 et
3303 4998 3355 5051 in
3405 4996 3499 5050 illo
3524 5002 3765 5066 potestas
3798 5003 3856 5048 et

2258 5088 2522 5158 judicium
2563 5086 2710 5155 justo
2747 5087 3074 5141 damnantis.
3122 5084 3240 5140 Non
3291 5085 3439 5139 enim
3504 5083 3856 5153 prtedestinat

2267 5177 2432 5243 Deus,
2455 5176 2557 5232 nisi
2581 5191 2703 5245 qum
2725 5176 2837 5245 ipse
2861 5185 2980 5228 erat
3007 5174 3507 5244 facturusapraescit
3531 5189 3659 5228 vero
3683 5174 3852 5228 multa

2266 5285 2389 5339 qua:
2421 5270 2535 5338 ipse
2582 5266 2826 5321 facturus
2869 5280 2979 5320 non
3007 5274 3110 5328 est,
3141 5264 3284 5320 sicut
3328 5264 3508 5318 omnia
3540 5264 3704 5329 mala,
3734 5277 3856 5331 qum

2269 5360 2456 5430 utique
2506 5357 2633 5413 mali
2681 5356 2901 5419 faciunt,
2934 5372 3043 5412 non
3073 5357 3163 5411 ille
3194 5374 3207 5411 :
3240 5357 3492 5426 ipsosque
3512 5354 3699 5410 .malos
3746 5368 3853 5408 non

2271 5452 2392 5508 ideo
2433 5452 2611 5523 perire
2650 5450 2776 5520 quia
2802 5449 2927 5504 boui
2952 5464 3076 5505 esse
3110 5464 3217 5503 non
3244 5456 3553 5518 potuerunt,
3591 5447 3687 5500 sed
3728 5444 3855 5514 quia

2270 5546 2400 5602 boni
2429 5559 2550 5600 esse
2580 5544 2888 5608 noluerunt,
2941 5552 2998 5597 et
3020 5557 3118 5597 suo
3150 5541 3280 5593 vitio
3308 5555 3433 5593 vasa
3464 5540 3557 5592 ira:
3586 5546 3769 5607 aptata
3796 5536 3851 5589 in

2271 5639 2550 5695 interitum
2574 5643 3077 5707 perseveraverant.
3092 5633 3245 5701 Quod
3260 5632 3315 5688 lu
3323 5641 3472 5693 ratus
3487 5632 3589 5685 iste
3600 5628 3855 5699 compila-

2274 5738 2360 5786 tor
2385 5728 2452 5788 de
2497 5729 2697 5797 medio,
2741 5727 2921 5785 sciens
2950 5740 3009 5782 se
3034 5725 3285 5782 daturum
3318 5722 3462 5782 istud
3501 5720 3852 5792 apostolicum
