4052 6334
214 369 290 425 93
1000 362 1087 417 DE
1123 357 1786 416 PRIEDESTINATIONE
1825 357 2279 415 DlSSERTATIO
2315 357 2722 414 POSTERIOR.
3421 360 3492 418 Μ

214 481 650 551 exemplum-ne
676 493 800 532 mox
831 475 1246 543 redargueretur
1289 488 1318 526 a
1350 473 1561 528 cunctis
1586 471 1809 543 legenti-
1839 475 1888 533 Α
1917 471 2271 539 impertiendo
2315 471 2776 537 misericordiam;
2812 472 3008 542 quibus
3048 475 3192 528 enim
3239 489 3344 530 non
3397 475 3492 530 im-

215 577 345 638 bus,
377 575 430 626 in
468 570 706 640 capitulo
735 568 906 622 altero
927 566 1228 636 conjunxit,
1258 580 1356 618 suo
1399 565 1530 618 vitio
1550 565 1604 617 in
1638 579 1816 618 massa

212 662 591 718 damnationis
619 659 704 714 vel
732 658 977 728 originali
1004 658 1084 711 vel
1109 657 1304 712 actuali
1348 657 1542 709 merito
1571 671 1821 725 perman-

214 764 425 811 serunt.
457 753 592 821 Quae
621 751 1031 822 pchpicicntes,
1067 751 1315 804 subvenit
1337 751 1493 803 nobis
1517 751 1656 819 quod
1685 749 1820 803 dixit

214 847 494 902 Macarius
519 845 896 899 Antiochenus
916 843 1202 911 episcopus
1241 843 1561 910 redargutus
1588 842 1640 894 in
1667 850 1818 896 sexta

213 936 428 1008 synodo
457 950 644 990 coram
671 935 995 1002 imperatore
1013 931 1387 995 Constantino,
1412 948 1580 1000 quare
1600 933 1820 987 detrun-

211 1028 429 1082 caverit
460 1025 770 1081 testimonia
800 1025 1217 1087 catholicorum,
1249 1038 1370 1092 quae
1405 1023 1597 1077 collata
1639 1039 1705 1078 ex
1752 1023 1818 1076 li-

213 1117 362 1174 bello
391 1117 541 1171 illius
573 1116 725 1170 libris
767 1113 1098 1168 authenticis
1139 1112 1350 1167 furatus
1373 1128 1438 1166 ea
1467 1111 1644 1165 fuerat
1667 1127 1818 1166 com-

213 1209 507 1279 probatus.
535 1206 618 1261 Ad
644 1207 746 1260 hoc
763 1206 910 1260 enim
940 1205 1192 1273 inquiens
1223 1203 1326 1272 egi,
1361 1210 1421 1256 ut
1470 1203 1819 1266 intentionem

212 1311 396 1351 meam
435 1295 738 1364 potuissem
768 1301 1030 1349 statuere.
1078 1291 1171 1347 Sic
1195 1301 1253 1347 et
1280 1293 1382 1346 iste
1434 1292 1499 1345 ad
1532 1292 1632 1345 hoc
1673 1292 1820 1345 illius

209 1389 320 1442 viri
348 1389 503 1443 docti
531 1386 833 1456 composita
881 1386 1080 1455 scripta
1122 1385 1360 1439 scienter
1385 1383 1524 1438 male
1541 1384 1818 1450 deposuit,

210 1488 273 1532 ut
297 1493 464 1532 suam
490 1491 712 1547 pravam
739 1475 1175 1545 intelligentiam,
1207 1474 1333 1542 quia
1358 1489 1426 1528 ex
1455 1474 1686 1528 veritate
1710 1489 1817 1528 non

209 1578 459 1640 poterat,
487 1568 770 1624 mendacio
791 1567 1140 1622 conﬁrmaret
1164 1580 1178 1618 :
1209 1565 1472 1620 festinans
1489 1564 1616 1619 falsa
1638 1573 1823 1618 osten-

213 1674 356 1724 tare,
387 1671 454 1715 ut
477 1670 663 1730 posset
685 1675 814 1714 vera
845 1659 1147 1728 subripere,
1177 1666 1271 1711 aut
1297 1657 1522 1721 inscius,
1555 1665 1648 1710 aut
1678 1655 1820 1709 obli-

213 1765 329 1816 tus,
356 1754 491 1823 quia
523 1754 761 1822 pictores
789 1751 1037 1804 mendam
1079 1764 1202 1804 ctnn
1256 1749 1358 1804 alis
1404 1751 1521 1803 sine
1570 1749 1816 1818 pedibus,

1918 561 2169 632 pertitur,
2204 576 2302 616 nec
2327 563 2472 631 digni
2502 572 2648 628 sunt,
2676 579 2774 617 nec
2809 573 3124 618 merentur:
3155 574 3206 618 at
3231 567 3409 634 potius
3443 575 3499 621 ut

1920 667 2026 707 non
2054 651 2398 720 impertiatur
2429 655 2531 707 boc
2553 655 2697 721 digni
2721 663 2868 716 sunt,
2893 658 2993 708 hoc
3017 665 3310 709 merentur.
3339 657 3498 722 Qua:-

1919 744 2090 798 rimus
2113 754 2292 797 autem
2320 745 2570 797 meritum
2607 745 3015 808 misericordize,
3048 760 3145 798 nec
3170 745 3496 810 invenimus,

1919 836 2044 904 quia
2078 837 2278 890 nullum
2324 845 2426 900 est,
2461 853 2527 888 ne
2557 837 2729 906 gratia
2772 846 3060 890 evacuetur
3086 839 3129 890 si
3177 853 3281 890 non
3330 839 3500 905 gratis

1918 926 2172 991 donatur,
2202 927 2294 980 sed
2324 926 2532 980 meritis
2565 926 2826 980 redditur.
2861 945 2878 977 ι
2914 925 3019 979 Sed
3045 936 3100 979 et
3125 936 3345 981 sanctus
3373 927 3503 980 Gre-

1919 1018 2104 1087 gorius
2131 1017 2183 1069 in
2212 1017 2348 1070 libro
2385 1017 2663 1069 Moralium
2699 1017 2975 1086 trigesimo
3004 1027 3198 1084 quarto
3223 1020 3358 1086 (cap.
3387 1019 3499 1087 l7),

1921 1123 2026 1160 non
2068 1106 2462 1161 iucouvenienti
2507 1106 2908 1174 comparatione
2959 1105 3026 1158 de
3085 1106 3268 1175 retuga
3311 1109 3504 1174 spiritu

1920 1196 2051 1250 dicit
2083 1213 2094 1248 :
2136 1213 2154 1245 ι
2197 1195 2301 1261 Qui
2344 1197 2515 1262 [actus
2543 1207 2616 1248 est
2651 1205 2703 1248 ut
2749 1195 2952 1247 nullum
2983 1199 3184 1248 timeret
3211 1195 3372 1265 (Job.
3414 1212 3503 1258 XL,

1919 1285 2033 1356 25).
2068 1283 2158 1339 Sic
2200 1285 2416 1354 quidem
2454 1286 2628 1339 factus
2658 1294 2740 1338 est
2789 1299 2884 1354 per
2913 1295 3186 1349 naturam,
3224 1294 3282 1338 ut
3314 1287 3504 1339 condi-

1923 1387 2091 1430 torem
2121 1393 2278 1432 suum
2306 1386 2456 1431 caste
2488 1377 2680 1430 timere
2709 1378 3004 1441 debuisset,
3034 1377 3230 1432 timore
3259 1379 3509 1432 videlicet

1919 1472 2121 1533 sobrio,
2151 1486 2360 1533 securo,
2395 1486 2498 1523 non
2533 1470 2724 1523 timore
2747 1484 2906 1539 quem
2939 1470 3083 1524 foras
3113 1471 3353 1524 ebaritas
3368 1471 3504 1524 mit-

1923 1569 2006 1631 tit,
2039 1567 2130 1621 sed
2177 1568 2370 1622 timore
2395 1567 2486 1636 qui
2531 1567 2581 1620 in
2627 1567 2880 1619 s:eculum
2933 1565 3112 1619 saeculi
3161 1577 3447 1634 permanet
3485 1584 3498 1620 :

1919 1663 2011 1717 sed
2040 1677 2137 1716 sua
2165 1662 2516 1732 perversitate
2546 1660 2667 1714 talis
2698 1659 2870 1714 factus
2909 1666 2990 1712 est
3019 1667 3077 1711 ut
3105 1658 3306 1712 nullum
3344 1659 3503 1711 time-

1921 1764 2022 1808 ret.
2050 1753 2258 1808 Relicto
2289 1769 2353 1806 eo
2374 1754 2464 1822 qui
2497 1769 2621 1804 vere
2646 1753 2718 1804 illi
2762 1750 3009 1805 sullicere
3049 1759 3278 1818 poterat,
3313 1765 3372 1805 se
3403 1752 3505 1804 sibi

211 1843 482 1912 quoniam
533 1843 625 1896 diu
675 1850 930 1896 constare
969 1856 1074 1893 non
1107 1848 1305 1908 potesl.
1355 1848 1483 1894 sunt
1528 1839 1669 1894 soliti
1707 1839 1820 1908 pitt-
1855 1827 1900 1887 Β
1928 1843 2172 1898 sutlicere
2204 1858 2358 1913 posse
2382 1842 2664 1912 judicavit,
2690 1851 2745 1895 et
2771 1851 2920 1894 tanto
2953 1843 3122 1910 magis
3153 1841 3292 1893 infra
3322 1856 3380 1894 se
3409 1855 3504 1895 ce-

209 1948 370 2003 gere,
403 1946 530 2001 qua)
549 1947 578 1984 a
607 1945 774 2002 prave
798 1930 1156 1985 sentientibus
1187 1938 1242 1985 et
1285 1929 1518 1984 incautis
1543 1939 1600 1984 et
1633 1930 1823 1984 incon-

211 2029 483 2082 sideratis
514 2026 734 2096 laqueos
760 2025 1207 2095 protendentibus
1231 2024 1604 2079 inconstabilis
1628 2031 1682 2077 et
1706 2037 1827 2076 ara-

212 2133 451 2172 nearum
495 2117 742 2172 cassibus
789 2116 982 2170 similis
1038 2115 1174 2170 solet
1201 2116 1470 2184 protendi.
1529 2113 1636 2169 Sed
1685 2115 1825 2169 sicut

213 2207 491 2275 scriptum
531 2215 634 2269 est,
673 2205 900 2259 Frustra
915 2206 1121 2275 jucitur
1147 2215 1256 2259 rete
1278 2214 1398 2260 ante
1423 2204 1600 2260 oculos
1627 2220 1826 2275 penna-

214 2309 398 2352 torum
423 2295 613 2369 (Prov.
646 2313 684 2362 ι,
710 2299 822 2367 l7).

836 2407 1068 2466 CAPUT
1116 2409 1223 2464 VII.

221 2502 304 2558 De
333 2501 578 2570 exemplo
617 2499 903 2570 apostolico
923 2542 936 2562 ,
964 2501 1103 2570 quod
1132 2499 1480 2570 capitulorum
1516 2498 1826 2569 compilator

408 2575 480 2626 ad
505 2588 658 2625 suam
689 2571 1109 2639 conﬁrmandam
1135 2572 1277 2640 ponit
1311 2571 1640 2623 sententiam.

295 2661 624 2732 Exemplum
648 2662 884 2729 denique
910 2660 1064 2728 ponit
1102 2659 1426 2729 compilator
1459 2658 1821 2728 capitulorum

216 2755 369 2809 beati
402 2753 556 2807 Pauli
586 2751 836 2821 apostoli,
865 2753 991 2820 quia
1017 2752 1160 2806 sicut
1204 2761 1331 2806 sunt
1355 2751 1512 2806 electi
1542 2750 1822 2821 praedesti-

217 2847 337 2900 nati
383 2845 453 2898 ad
490 2845 678 2908 vitam,
722 2844 794 2897 ita
823 2854 878 2898 et
906 2843 1055 2913 impii
1091 2858 1121 2896 a
1153 2844 1262 2898 Deo
1302 2844 1414 2897 sint
1451 2841 1820 2913 pnedestinau

218 2941 291 2993 ad
324 2946 585 3001 mortem,
614 2937 818 3001 dicens,
856 2936 936 2990 An
959 2953 1063 2990 non
1095 2936 1249 2990 liabet
1287 2944 1588 3004 potestatem
1624 2933 1819 3002 ﬁgulus

219 3030 324 3082 luti
355 3045 427 3083 ea:
461 3028 644 3082 eadem
681 3043 859 3081 massa
900 3027 1072 3096 facere
1113 3027 1260 3080 aliud
1297 3043 1389 3080 vas
1436 3026 1492 3078 in
1537 3027 1817 3087 honorem,

220 3120 378 3175 aliud
407 3135 528 3173 vero
557 3119 614 3172 in
638 3118 1046 3172 contumeliam?
1077 3116 1233 3188 (Rom
1285 3133 1340 3171 ιιι
1361 3156 1376 3182 ,
1401 3117 1463 3171 2i
1482 3116 1518 3186 .)
1549 3114 1701 3170 Unde
1739 3114 1821 3168 vi-

1924 1936 2076 1998 cidit,
2110 1943 2314 2004 quanto
2339 1933 2512 2002 magis
2542 1948 2599 1985 se
2631 1941 2817 1987 contra
2848 1931 3071 1999 gloriam
3103 1931 3185 1984 sui
3213 1930 3510 1985 conditoris

1925 2026 2120 2080 erexit.
2155 2045 2174 2077 ι
2210 2025 2301 2079 Sic
2334 2033 2389 2077 et
2417 2039 2542 2077 vasa
2571 2039 2692 2092 quae
2730 2024 2781 2076 in
2813 2038 2987 2076 massa
3022 2022 3240 2076 humani
3273 2023 3510 2090 generis,

1923 2117 2066 2172 bono
2098 2117 2304 2172 scilicet
2331 2131 2457 2170 vase
2483 2115 2674 2175 Adam.
2716 2115 2769 2168 in
2797 2130 2902 2183 quo
2927 2114 3130 2169 luitnus
3160 2131 3350 2169 omnes
3385 2114 3509 2167 boui

1924 2227 1954 2266 a
1984 2210 2096 2265 Deo
2125 2210 2266 2263 bono
2297 2209 2423 2262 facti
2449 2249 2464 2272 ,
2496 2209 2538 2262 si
2570 2209 2682 2277 ipse
2720 2208 2772 2261 in
2805 2222 2871 2261 eo
2905 2215 3046 2261 statu
3078 2216 3425 2274 permaneret
3454 2207 3506 2258 in

1925 2319 2032 2372 quo
2062 2303 2235 2356 factus
2263 2299 2440 2356 fuerat
2467 2310 2646 2353 rectus
2673 2340 2688 2362 ,
2721 2310 2981 2368 pereunte
3026 2298 3116 2352 illo
3161 2299 3504 2368 suggeStione

1921 2393 2188 2448 diabolica
2219 2401 2275 2446 ct
2297 2392 2429 2445 vitio
2458 2391 2674 2460 proprio
2701 2431 2716 2453 ,
2748 2391 2798 2443 in
2832 2405 2938 2457 quo
2968 2390 3263 2458 periviutus
3288 2404 3498 2451 omnes,

1923 2485 2049 2540 facti
2065 2484 2388 2540 sumus’vasa
2406 2485 2703 2552 irze,pr:epa
2713 2492 2825 2536 rata
2844 2483 2924 2536 vel
2940 2492 3060 2550 apta
3071 2482 3258 2545 ta,sive
3272 2481 3510 2550 perfecta

1925 2577 1975 2631 in
1993 2577 2366 2646 perditionem.
2405 2573 2481 2627 De
2508 2589 2610 2641 qua
2635 2574 2676 2626 si
2710 2572 2886 2625 nullus
2929 2573 3254 2640 eriperetur,
3283 2571 3512 2637 irrepre-

1923 2668 2187 2723 bensibile
2208 2676 2350 2722 esset
2378 2665 2750 2734 Deijudicium
2784 2682 2796 2715 :
2827 2665 2951 2731 quia
2998 2672 3176 2714 autem
3203 2661 3352 2713 multi
3405 2661 3512 2714 eri—

1921 2759 2169 2828 piuntur,
2200 2755 2479 2810 iueﬂ'abilis
2512 2754 2698 2823 gratiae
2732 2752 2821 2805 Dei
2865 2759 2947 2805 est
2994 2751 3218 2804 donum.
3267 2751 3333 2802 Et
3381 2750 3508 2802 item

1921 2850 2113 2903 beatus
2131 2847 2424 2916 Gregorius
2451 2847 2502 2898 in
2525 2845 2662 2900 libro
2690 2845 2949 2914 vigesimo
2989 2860 3133 2898 nono
3158 2845 3296 2914 (cap.
3319 2845 3373 2910 6)
3403 2844 3512 2897 Mo-

1923 2941 2115 2996 ralium
2161 2940 2330 2994 dicit:
2372 2957 2389 2989 ι
2428 2937 2683 2992 Diabolus
2711 2937 2908 3006 quippe
2950 2937 3032 2990 vel
3063 2938 3224 2990 homo
3266 2938 3334 2990 ab
3364 2945 3508 2990 statu

1921 3033 2248 3089 conditionis
2274 3031 2505 3101 promite
2545 3029 2681 3082 elata
2717 3038 2895 3082 mente
2939 3038 3259 3082 corruerunt
3291 3068 3304 3091 ,
3339 3037 3399 3080 ut
3429 3027 3510 3080 vel

1927 3125 2018 3180 ille
2051 3125 2276 3182 diceret.
2306 3122 2592 3175 Asceudam
2622 3136 2780 3190 super
2805 3119 3136 3172 altitudinem
3178 3119 3415 3180 nubium,
3440 3118 3512 3169 si-

221 3210 468 3265 dendum
495 3219 604 3272 est.
643 3209 688 3264 si
715 3224 841 3264 vasa
867 3209 962 3263 ira:
987 3183 1171 3278 aptata
1197 3209 1280 3263 vel
1307 3183 1611 3278 praeparata
1641 3215 1766 3261 sant
1791 3222 1822 3260 τι
1851 3183 1898 3244 C
1927 3214 2068 3269 milis
2111 3229 2199 3267 cro
2230 3212 2498 3265 Altissimo
2542 3183 2826 3278 (ιεηξχιν,
2871 3207 2989 3276 tt);
3029 3207 3115 3260 vel
3157 3211 3259 3260 iste
3289 3207 3513 3259 audiens

222 3300 368 3364 Deo,
395 3299 607 3354 scilicet
640 3299 758 3366 ejus
784 3299 1278 3368 praedestinalione,
1307 3299 1360 3352 in
1392 3298 1693 3352 interitum.
1723 3297 1822 3350 Er-

227 3410 296 3465 go
328 3394 552 3461 iniquus
595 3393 758 3454 Deus,
789 3393 881 3461 qui
926 3391 1089 3446 infert
1117 3392 1279 3456 iram,
1303 3392 1534 3460 puniens
1569 3406 1663 3445 eos
1690 3405 1825 3456 quos

229 3486 374 3540 tales
399 3483 822 3553 prtctlestinavit.
855 3484 960 3539 Sed
989 3484 1230 3553 nunquid
1275 3483 1532 3552 iniquitas
1571 3492 1656 3536 est
1683 3481 1824 3551 apud

229 3576 442 3630 Deum?
462 3575 625 3630 absit.
651 3575 709 3629 Si
736 3583 918 3629 autem
955 3575 1045 3629 Dei
1071 3575 1549 3644 pnedestinatione
1577 3589 1703 3627 vasa
1733 3575 1826 3627 ira:

230 3681 342 3720 non
387 3674 517 3720 sunt
556 3674 737 3734 aptata
783 3665 866 3718 vel
909 3675 1207 3735 prmparata
1249 3667 1302 3718 iu
1349 3667 1648 3728 inleritmn,
1695 3665 1824 3734 quid

232 3757 347 3828 30
373 3757 598 3826 adjuvat
640 3756 790 3810 illum
833 3758 976 3810 istud
1004 3757 1307 3826 exemplum
1338 3757 1403 3810 ad
1447 3773 1600 3810 suam
1629 3757 1826 3809 confir-

231 3850 492 3903 mandam
511 3849 861 3911 sententiam,
888 3862 994 3917 qua
1027 3848 1156 3901 dicit
1175 3847 1300 3915 quia
1338 3847 1484 3916 impii
1515 3856 1641 3901 sunt
1663 3863 1690 3898 a
1719 3846 1826 3900 Deo

231 3940 611 4010 prmdestinati
660 3941 726 3992 ad
773 3941 1039 3994 mortem?
1068 3939 1182 3995 Hoc
1221 3941 1384 3994 etiam
1425 3940 1730 4010 exemplum
1769 3947 1825 3992 et

235 4031 701 4086 Praidestinatiani
727 4071 741 4095 ,
781 4032 923 4086 sicut
963 4031 1201 4102 Hyginus
1256 4032 1308 4085 iu
1337 4045 1497 4099 supra
1529 4039 1826 4084 memorato

238 4121 661 4176 illorum'libello
685 4123 838 4188 dicit,
863 4123 931 4178 ad
952 4137 1105 4177 suam
1143 4121 1574 4177 confirmandam
1598 4129 1823 4175 senten-

239 4216 366 4267 tiam
391 4214 769 4284 protulerunt:
789 4215 930 4285 quod
956 4213 1146 4268 beatus
1165 4213 1499 4283 Augustinus
1524 4213 1576 4265 in
1598 4211 1826 4280 epistola

237 4309 301 4361 ad
341 4309 559 4361 Sixtum
605 4308 978 4379 presbyterum
1022 4307 1128 4360 alio
1173 4322 1334 4361 sensu
1368 4306 1596 4374 exponit
1641 4305 1828 4358 dicens

237 4399 410 4468 (epist.
458 4397 628 4468 105):
662 4416 679 4448 ι
709 4397 816 4452 Sed
847 4399 892 4453 si
935 4413 1064 4452 vasa
1113 4407 1237 4453 sunt
1282 4399 1398 4462 itte,
1439 4412 1559 4466 quae
1585 4396 1826 4465 perfecta

1927 3307 2193 3367 crederet,
2233 3304 2544 3372 Aperiantur
2585 3301 2724 3354 oculi
2756 3301 2934 3362 vestri,
2969 3309 3024 3353 et
3069 3300 3211 3352 eritis
3251 3299 3386 3352 sirut
3438 3299 3514 3350 dii

1929 3398 2082 3470 (Gen.
2119 3414 2198 3458 ιιι,
2237 3395 2542 3464 5).l:leirco
2568 3409 2696 3463 ergo
2723 3404 2948 3461 uterque
2983 3392 3196 3454 cecidit,
3229 3392 3352 3460 quia
3389 3405 3512 3443 esse

1931 3493 2041 3546 Deo
2072 3489 2266 3544 similis
2291 3530 2305 3551 ,
2337 3503 2442 3540 non
2475 3502 2573 3556 per
2607 3485 2874 3552 justitiam
2903 3526 2918 3549 ,
2966 3485 3058 3540 sed
3090 3499 3187 3554 per
3213 3484 3508 3552 potentiam

1930 3583 2261 3652 concupivit.
2292 3581 2397 3635 Sed
2427 3581 2589 3634 homo
2611 3595 2704 3650 per
2727 3580 2957 3649 gratiam
2989 3579 3266 3641 liberatus,
3300 3579 3392 3648 qui
3420 3576 3512 3631 Dei

1931 3675 2337 3729 similitudinem
2370 3689 2624 3744 perverse
2649 3673 2949 3742 appetendo
2984 3673 3274 3736 ceciderat,
3306 3673 3357 3724 in
3395 3687 3515 3724 rea-

1931 3774 1984 3819 tu
2007 3765 2250 3820 criminis
2273 3765 2354 3818 sui
2382 3765 2536 3833 longe
2557 3764 2664 3817 Deo
2681 3765 2937 3833 imparem
2961 3778 3019 3816 se
3038 3778 3158 3816 esse
3181 3777 3513 3831 cognoscens

1929 3859 2147 3919 clamat,
2183 3856 2287 3928 31
2323 3855 2568 3920 Domine,
2606 3858 2720 3926 quis
2754 3855 2940 3909 similis
2968 3856 3099 3908 tibi?
3122 3853 3292 3924 (Psul.
3320 3868 3508 3918 xxxxv,
3604 3890 3610 3895 .

1930 3946 2044 4016 10.)
2075 3946 2328 3999 Diabolus
2359 3961 2488 3999 vero
2517 3985 2530 4010 ,
2565 3946 2615 3998 in
2657 3945 2808 4014 lapsu
2857 3944 2938 3998 sui
2975 3944 3219 3998 criminis
3246 3943 3387 4012 juste
3429 3943 3511 3995 di-

1929 4039 2147 4099 missus,
2180 4039 2232 4090 in
2281 4053 2533 4090 mensura
2565 4039 2733 4090 ruinae
2762 4053 2872 4091 sua:
2904 4038 3124 4110 minime
3166 4036 3465 4105 permansit
3498 4054 3510 4086 :

1930 4128 2024 4183 sed
2048 4136 2251 4195 quanto
2279 4127 2480 4179 diutius
2495 4127 2564 4180 ab
2585 4126 2974 4194 omnipotentis
3001 4127 3095 4179 Dei
3123 4127 3296 4195 gratia
3321 4123 3511 4186 defuit,

1933 4228 2086 4273 tanto
2135 4218 2307 4288 magis
2347 4225 2554 4275 reatum
2603 4217 2850 4271 criminis
2889 4218 3204 4271 cumulavit.
3247 4216 3378 4268 Nam
3423 4215 3518 4282 qui

1931 4311 2052 4366 ideo
2081 4309 2278 4365 cecidit
2301 4349 2316 4370 ,
2341 4309 2466 4378 quia
2498 4322 2756 4378 perverso
2800 4307 2988 4361 ordine
3020 4306 3130 4359 Deo
3175 4305 3368 4358 similis
3395 4318 3518 4357 esse

1929 4403 2097 4457 voluit
2125 4443 2140 4467 ,
2188 4417 2427 4472 eousque
2479 4401 2771 4471 perductus
2803 4409 2905 4462 est,
2939 4405 2996 4453 ut
3026 4397 3397 4453 'Attlichl'iSltts
3426 4409 3513 4448 ve-

235 4499 363 4543 sunt
403 4489 476 4542 ad
518 4489 874 4557 perditionem
913 4504 1031 4558 quae
1072 4489 1176 4542 illis
1217 4489 1392 4542 debita
1431 4487 1691 4551 redditur,
1723 4485 1824 4540 sibi
1859 4528 1905 4586 Β
1931 4494 2090 4548 “iens
2136 4493 2304 4546 videri
2350 4493 2461 4546 υιεο
2508 4491 2701 4545 sumtis
2754 4492 3093 4560 duligueiur,
3143 4497 3304 4556 atque
3349 4501 3470 4540 cum
3496 4526 3516 4550 ,

234 4579 337 4634 boc
373 4579 663 4648 imputent,
709 4580 799 4648 qui
843 4593 912 4633 ex
956 4596 1018 4633 ea
1077 4595 1256 4634 massa
1300 4579 1424 4633 facti
1465 4587 1615 4644 sunt,
1661 4595 1822 4648 quam

235 4681 464 4741 propter
495 4673 657 4725 unius
709 4683 988 4741 peccatum
1017 4713 1031 4738 ,
1081 4672 1134 4726 in
1180 4688 1286 4741 quo
1337 4688 1524 4726 omnes
1564 4687 1825 4741 peccave-

238 4771 386 4825 runt,
420 4761 621 4815 merito
647 4761 788 4817 Deus
806 4760 1061 4831 justeque
1088 4764 1382 4817 damnavit.
1410 4762 1466 4818 Si
1492 4774 1670 4816 autem
1693 4777 1822 4816 vasa

234 4861 363 4906 Sunt
401 4853 830 4918 misericordiae,
869 4856 1066 4923 quibus
1103 4871 1171 4909 ex
1212 4857 1398 4910 eadem
1444 4869 1624 4909 massa
1667 4855 1824 4909 factis

237 4943 564 5012 supplicium
591 4943 831 4999 debitum
859 4945 1086 5000 reddere
1129 4945 1296 4999 noluit
1319 4987 1333 5008 ,
1362 4961 1467 4999 non
1509 4961 1566 5000 se
1613 4945 1822 5012 inﬂent,

152 5071 160 5084 ς
234 5036 329 5088 sed
354 5036 534 5102 ipsum
559 5035 878 5105 glorificent,
902 5037 992 5106 qui
1018 5037 1098 5091 eis
1129 5037 1554 5091 misericordiam
1580 5053 1684 5092 non
1725 5040 1821 5092 dc-

231 5125 408 5178 bitam
442 5126 714 5194 pnnstitit.
745 5147 762 5179 ι
793 5128 857 5180 Et
885 5127 993 5198 aliq
1017 5138 1161 5181 tanto
1185 5129 1432 5197 superius
1465 5148 1478 5182 :
1515 5148 1532 5179 ι
1570 5127 1709 5198 Ergo
1735 5131 1822 5183 cui

231 5219 343 5271 vult
384 5218 684 5282 miseretur,
716 5231 761 5272 et
788 5235 940 5290 quem
971 5220 1076 5274 vult
1109 5221 1331 5272 obdurat
1359 5219 1534 5292 (Rom.
1585 5237 1638 5274 Ix
1665 5262 1679 5285 ,
1708 5222 1816 5290 18).

231 5309 464 5362 Talibus
511 5309 695 5379 itaque
733 5311 980 5366 dicamus
1025 5328 1146 5366 cum
1200 5313 1478 5382 Apostolo,
1527 5330 1631 5367 non
1678 5316 1822 5368 enitn

235 5399 436 5453 melius
453 5398 546 5452 illo
568 5401 807 5455 invenire
828 5417 1112 5470 possumus
1132 5403 1259 5473 quid
1289 5405 1552 5467 dicamus,
1579 5403 1624 5457 Ο
1647 5404 1822 5469 homo,

237 5499 294 5542 tu
337 5492 460 5561 quis
495 5508 551 5544 es
599 5491 688 5561 qui
740 5495 1050 5562 respondeas
1084 5493 1230 5548 Deo?
1255 5495 1428 5564 (ibid.,
1464 5495 1574 5567 l0.)
1612 5495 1822 5564 Quaeri-

239 5597 361 5636 mus
391 5598 631 5652 namque
671 5586 923 5640 meritum
961 5586 1350 5653 obdurationis,
1384 5599 1440 5642 ct
1480 5589 1822 5643 invenimus:

237 5675 440 5728 merito
469 5689 705 5744 namque
725 5678 933 5745 peccati
957 5679 1205 5733 universa
1233 5695 1410 5734 massa
1439 5681 1695 5735 damnata
1718 5690 1822 5748 est,

240 5782 341 5821 uec
381 5767 614 5823 obdurat
656 5768 796 5825 Deus
835 5770 1195 5840 impertienda
1229 5772 1485 5826 malitiam
1517 5813 1531 5840 ,
1581 5773 1673 5828 sed
1718 5789 1823 5829 non

1932 4601 2092 4656 quem
2122 4586 2321 4638 habere
2347 4598 2450 4636 non
2478 4583 2649 4652 potuit
2675 4581 2941 4651 superbus
2981 4580 3266 4650 arqualem,
3292 4579 3516 4630 damna-

1933 4689 2019 4733 tus
2047 4685 2196 4748 putet
2225 4676 2554 4730 inferiorem.
2591 4695 2608 4726 ι
2660 4675 2750 4729 Sic
2777 4684 2831 4728 et
2857 4677 2921 4728 de
2951 4676 3093 4728 vasis
3136 4675 3229 4727 ira:
3258 4674 3308 4726 in
3343 4671 3516 4743 perdi-

1930 4768 2133 4822 tionem
2177 4766 2394 4837 propria
2447 4766 2732 4833 iniquitate
2781 4765 3052 4833 perfectis,
3100 4765 3190 4833 qui
3229 4779 3319 4826 sc,
3373 4763 3517 4817 sicut

1928 4859 2126 4915 Paulus
2155 4859 2302 4921 dicit,
2337 4859 2510 4928 gratia
2537 4857 2630 4910 Dei
2673 4858 3031 4910 emmuluvcrit
3069 4855 3132 4908 ab
3171 4855 3284 4918 his,
3318 4855 3516 4923 quibus

1931 4949 2242 5020 inquinatus
2256 4948 2457 5010 existit,
2487 4948 2595 4999 erit
2617 4964 2702 5000 ras
2722 4948 2773 4999 in
2788 4949 3033 4999 honorent
3051 4944 3134 5016 (ll
3158 4945 3290 4997 Tim.
3315 4961 3372 5005 ιι,
3387 4945 3514 5012 2i):

1932 5043 2023 5111 qui
2055 5050 2232 5094 autem
2257 5041 2310 5093 in
2338 5039 2623 5108 iniquitate
2650 5054 2972 5109 permanere
2999 5037 3272 5106 delegerit,
3299 5037 3380 5089 vel
3399 5035 3514 5100 jam

1927 5134 2060 5186 adeo
2083 5133 2149 5186 ad
2178 5131 2514 5200 iniquitatem
2555 5132 2879 5193 excreverit,
2911 5127 3164 5196 utjudice
3195 5128 3302 5181 Deo
3331 5143 3395 5180 ex
3424 5126 3512 5192 ju-

1927 5226 2089 5280 stitia:
2121 5225 2474 5279 retributione
2506 5225 2574 5277 ab
2620 5224 2903 5292 iniquitate
2937 5222 3112 5276 redire
3162 5235 3266 5273 non
3319 5219 3511 5287 possit,
3577 5207 3581 5214 ’

1928 5315 2073 5369 sicut
2103 5314 2298 5383 legitur
2321 5313 2389 5366 de
2417 5312 2698 5366 Pharaone
2740 5313 3008 5366 obdurato
3048 5311 3170 5377 quia
3201 5309 3372 5378 gratia
3405 5323 3511 5360 non

1933 5404 2175 5458 etnollito
2199 5445 2212 5466 ,
2241 5411 2294 5456 et
2345 5404 2409 5457 dc
2439 5403 2526 5456 bis
2567 5405 2657 5471 qui
2709 5412 2833 5455 sunt
2882 5403 2931 5454 in
2967 5401 3254 5468 reprobum
3291 5412 3511 5452 sensum

1933 5495 2137 5558 traditi,
2165 5494 2287 5562 quia
2320 5495 2491 5562 gratia
2517 5511 2623 5547 non
2647 5492 2873 5550 liberati.
2901 5489 3006 5544 erit
3035 5505 3129 5543 vas
3154 5489 3206 5542 in
3237 5497 3516 5542 contume-

1935 5584 2083 5649 liam,
2115 5593 2171 5638 et
2195 5583 2492 5654 perfectum
2521 5584 2574 5636 in
2607 5583 2967 5653 perditionem
2996 5597 3010 5634 :
3049 5581 3116 5634 de
3143 5596 3246 5649 qua
3278 5580 3368 5649 qui
3406 5593 3513 5633 non

1933 5677 2183 5747 eripitur,
2211 5675 2454 5730 sicutest
2480 5673 2951 5745 irreprebensibile
2996 5673 3090 5728 Dei
3112 5673 3394 5743 judicium,
3439 5671 3512 5723 ita

1933 5779 1990 5826 et
2025 5770 2464 5826 incxcusabiliter
2498 5779 2658 5838 atque
2707 5767 3151 5837 irrcl'ragabiliter
3186 5773 3514 5820 tormeutmn
