4052 6334
216 355 289 410 97
979 348 1069 404 DE
1106 342 1774 404 PREDESTINATIONE
1809 341 2263 401 DISSER'I'ATIO
2297 344 2703 407 POSTERIOR.
3422 356 3494 415 98

212 465 414 540 pilavit
450 428 475 518 τ’
497 464 594 519 sed
629 476 736 518 non
766 461 837 517 ita
859 503 874 527 ,
905 459 1046 517 sicut
1077 460 1128 516 in
1160 462 1389 517 lectione
1414 459 1655 528 ejusdem
1688 455 1811 511 libri
1838 458 1884 516 Α

212 554 451 626 quilibet
477 552 879 608 evidentissime
914 551 1114 621 poterit
1141 566 1487 619 cognoscere,
1514 549 1810 605 secundum

211 647 367 702 beati
396 643 647 716 Gregorii
675 658 887 699 sensum
911 644 1199 713 excerpsit.
1228 641 1380 699 Unde
1400 651 1577 714 potest
1602 641 1812 712 opinari

210 749 273 793 ut
313 740 421 793 iste
460 737 700 792 Isidorus
719 776 734 799 ,
765 736 818 790 in
845 735 965 789 aliis
992 737 1214 799 doctus,
1244 735 1296 788 in
1326 735 1429 789 hac
1457 734 1722 789 sententia
1747 734 1814 789 de

211 828 473 899 reliquiis
498 825 780 881 Gallorum
810 826 862 879 in
895 823 1166 893 llispauiis
1193 839 1289 894 per
1315 822 1685 879 successiones
1722 837 1811 877 re-

211 919 507 975 manserit.
539 917 616 972 De
639 917 836 987 quibus
864 916 1099 986 Prosper
1128 916 1180 968 in
1214 914 1437 983 epistola
1469 929 1564 969 sua
1595 914 1661 969 ad
1689 912 1815 969 bea-

210 1019 330 1066 tum
360 1010 729 1081 Augus1iuum
760 1008 1036 1063 mandavit
1063 1008 1129 1061 ad
1161 1006 1337 1061 locum
1367 1005 1551 1060 dicens
1583 1024 1595 1059 :
1636 1024 1653 1055 ι
1683 1004 1814 1060 Pos-

213 1116 396 1161 tremo
428 1105 886 1174 quemadmodum
917 1118 1012 1172 per
1047 1102 1187 1157 hanc
1230 1099 1661 1169 praedicationem
1689 1112 1815 1166 pro-

210 1197 379 1267 positi
418 1194 541 1260 Dei,
571 1210 678 1264 quo
710 1193 893 1248 ﬁdeles
923 1192 1057 1247 liunt
1089 1193 1179 1262 qui
1211 1191 1552 1262 praeordinati
1594 1200 1720 1245 sunt
1744 1191 1812 1244 ad

211 1285 387 1338 vitam
412 1290 678 1337 aeternam
702 1322 718 1345 ,
757 1296 918 1334 nemo
953 1295 1139 1335 eorum
1187 1280 1634 1361 qui.cohortandi
1687 1287 1812 1334 sunt

210 1375 575 1446 impediatur,
606 1387 706 1430 nec
750 1371 1091 1427 occasionem
1130 1371 1468 1443 negligentiae
1500 1371 1732 1425 habeant
1764 1369 1811 1424 si

210 1480 271 1520 se
300 1463 723 1536 praedestinatos
750 1477 871 1517 esse
895 1463 1199 1531 desperent.
1234 1461 1363 1517 illud
1390 1461 1554 1515 etiam
1583 1460 1812 1530 qualiter

209 1556 461 1612 diluatur
495 1568 810 1624 quzesumus
844 1553 1113 1623 patienter
1159 1551 1521 1621 insipientiam
1569 1559 1812 1606 nostram

206 1645 445 1701 ferendo
473 1645 835 1706 demonstres,
861 1642 1003 1709 quod
1032 1642 1337 1696 retractatis
1361 1642 1428 1696 de
1454 1641 1557 1695 hac
1586 1657 1643 1695 re
1667 1641 1811 1711 prio-

207 1752 331 1790 rum
357 1734 734 1804 opinionibus,
760 1747 899 1801 pene
924 1730 1165 1787 omnium
1191 1747 1290 1801 par
1320 1732 1594 1787 invenitur
1617 1742 1672 1787 et
1701 1747 1808 1786 una

208 1800 526 1890 sententia,
558 1841 664 1895 qua
694 1800 1026 1895 propositum
1063 1834 1113 1879 et
1148 1800 1670 1895 praalestinatioucm
1712 1824 1804 1879 Dei
1834 1800 1883 1860 Β

206 1919 519 1977 secundum
549 1917 938 1988 praescientiam
971 1925 1318 1989 receperunt,
1346 1926 1404 1971 ut
1438 1916 1508 1971 ob
1535 1917 1636 1972 hoc
1666 1915 1808 1973 Deus

206 2010 350 2065 alios
378 2026 514 2065 vasa
556 2011 810 2075 honoris,
847 2011 985 2066 alios
1026 2001 1367 2065 contunielias
1410 2008 1633 2073 fecerit,
1678 2009 1805 2079 quia

208 2098 379 2154 linem
410 2098 840 2169 uuinscnjusque
875 2100 1212 2170 praeviderit,
1243 2109 1299 2155 et
1324 2102 1424 2156 sub
1467 2100 1586 2169 ipso
1623 2100 1808 2169 gratiae

209 2189 490 2258 adiutorio
512 2190 568 2244 in
588 2206 691 2259 qua
718 2189 929 2246 futurus
950 2200 1092 2246 esset
1113 2191 1441 2245 voluntatem
1463 2199 1519 2245 et
1538 2192 1805 2246 actionem

205 2282 541 2353 priescierit.
569 2281 774 2349 Quibus
800 2281 1048 2337 omnibus
1077 2283 1345 2349 enodatis,
1372 2290 1428 2338 et
1455 2282 1634 2338 multis
1656 2284 1804 2339 insu-

206 2387 311 2442 per
337 2386 466 2441 qua:
492 2371 687 2427 altiore
727 2372 922 2427 intuitu
959 2373 1026 2426 ad
1061 2388 1281 2428 causam
1319 2372 1460 2428 hanc
1485 2374 1805 2442 pertinentia

210 2463 390 2532 magis
416 2469 576 2529 potes
599 2461 782 2515 videre
815 2461 1091 2526 discussis,
1119 2462 1392 2517 credimus
1417 2471 1474 2517 et
1500 2477 1801 2533 speramus,

206 2570 320 2609 non
369 2553 550 2609 solum
596 2554 912 2607 tenuitatem
953 2564 1194 2608 nostram
1230 2554 1650 2624 disputationum
1689 2560 1819 2610 tua-’

205 2659 333 2700 sum
377 2644 638 2715 ιιι-αἱὤο
680 2644 1041 2699 roborandam
1071 2662 1085 2697 :
1117 2645 1209 2700 sed
1246 2646 1409 2700 etiam
1455 2646 1632 2715 ipsos,
1669 2662 1806 2717 quos

206 2737 430 2792 meritis
451 2744 620 2805 atque
646 2735 943 2791 honoribus
964 2736 1139 2791 claros
1157 2736 1330 2807 caligo
1358 2737 1513 2792 istius
1532 2737 1804 2806 opinionis

203 2826 505 2890 obscurat,
533 2823 1005 2880 defmcaLissimum
1035 2824 1213 2879 lumen
1252 2825 1440 2895 gratia:
1473 2833 1803 2893 recepturos.

203 2914 320 2987 35
364 2914 508 2970 Nam
548 2901 713 2969 unum
755 2929 974 2980 eorum,
1025 2916 1313 2986 praecipuae
1363 2917 1703 2972 auctoritatis
1748 2924 1805 2971 et

206 3004 544 3075 spiritalium
597 3004 896 3060 studion
950 3004 1166 3069 virum,
1227 3014 1474 3061 sanctum
1537 3005 1801 3062 Hilarium

204 3098 591 3153 Arelatensem
620 3098 949 3168 episcopum,
979 3098 1116 3152 sciat
1143 3096 1419 3152 beatitudo
1447 3106 1539 3153 tua
1569 3099 1802 3154 admira-

206 3198 391 3245 torem
426 3159 861 3259 sectatoremque
898 3159 953 3243 in
981 3188 1104 3244 aliis
1131 3188 1383 3243 omnibus
1413 3198 1516 3243 tum
1553 3203 1677 3245 esse
1704 3189 1801 3244 do-
1828 3159 1873 3223 C

205 3281 430 3345 urinae,
457 3289 517 3336 et
546 3281 614 3336 de
643 3281 745 3336 hoc
770 3281 910 3349 quod
942 3281 996 3334 in
1032 3278 1305 3348 querelam
1336 3279 1533 3346 trahit,
1569 3278 1800 3348 jampri-

208 3370 333 3425 dem
363 3371 511 3438 apud
544 3370 884 3425 sanctitatem
917 3379 1061 3425 tuam
1093 3383 1312 3425 sensum
1342 3385 1498 3424 suum
1528 3385 1626 3439 per
1653 3370 1803 3425 litte-

208 3476 299 3516 ras
322 3461 472 3517 velle
500 3460 768 3517 conferre.
794 3460 899 3516 Sed
931 3462 1059 3531 quia
1085 3469 1265 3515 utrum
1297 3461 1399 3516 hoc
1425 3460 1686 3526 facturus,
1712 3470 1805 3516 aut

209 3567 319 3621 quo
350 3551 462 3606 line
492 3551 565 3607 sit
607 3551 846 3608 facturus
865 3592 880 3617 ,
912 3553 1177 3607 incertum
1205 3561 1326 3618 est,
1359 3562 1414 3608 et
1439 3554 1679 3609 omnium
1708 3568 1804 3609 no-

206 3649 389 3696 stram
420 3640 687 3711 fatigatio,
720 3642 1033 3710 providente
1058 3642 1161 3697 hoc
1202 3642 1453 3711 praesenti
1480 3643 1680 3697 saeculo
1708 3642 1800 3697 Dei

209 3732 389 3802 gratia
407 3770 425 3797 ,
469 3732 523 3785 in
551 3740 657 3786 tua:
682 3731 964 3786 charitatis
986 3741 1043 3786 et
1068 3731 1310 3786 scientiae
1335 3732 1520 3803 vigore
1550 3734 1798 3802 respirat,

209 3822 354 3876 adde
402 3821 764 3876 eruditionem
813 3822 1145 3888 humilibus,
1194 3822 1333 3877 adde
1380 3823 1801 3893 increpationem

211 3912 487 3982 superbis.
513 3909 884 3966 Necessarium
911 3919 967 3966 et
990 3900 1131 3966 utile
1143 3923 1226 3967 est
1257 3911 1421 3966 etiam
1447 3927 1568 3981 quae
1602 3912 1802 3981 scripta

211 4009 343 4057 sunt
387 4001 664 4064 scribere,
714 4014 786 4055 ne
826 3999 945 4055 leve
982 4000 1325 4056 existimetur
1363 4001 1506 4069 quod
1544 4016 1652 4056 non
1697 4001 1805 4057 fre-

212 4104 450 4166 quenter
470 4096 735 4166 arguitur.
760 4093 963 4150 Sanum
991 4096 1136 4151 enim
1165 4103 1357 4165 putant
1384 4110 1504 4150 esse
1526 4095 1668 4165 quod
1695 4112 1805 4151 non

214 4186 361 4242 delet
381 4227 399 4251 ,
450 4199 555 4241 nec
591 4184 789 4240 vulnus
822 4186 1206 4254 superductum
1235 4194 1361 4241 cute
1397 4186 1678 4241 sentiunt:
1707 4186 1804 4241 sed

215 4278 523 4350 intelligant
548 4286 934 4346 perventurum
961 4278 1028 4332 ad
1060 4278 1357 4333 sectionem
1385 4278 1527 4349 quod
1559 4278 1807 4334 habuerit

216 4379 658 4441 perseverantem
702 4380 985 4428 tumorem.
1018 4390 1039 4423 ι
1077 4372 1160 4427 Ad
1200 4387 1322 4442 qme
1365 4382 1585 4429 sanctus
1624 4374 1804 4445 Augu-

218 4464 391 4517 stinus
416 4462 626 4517 eisdem
657 4462 789 4517 viris
816 4462 1082 4532 Prospero
1115 4470 1170 4516 et
1209 4461 1413 4519 Hilario
1430 4503 1446 4528 ,
1474 4472 1532 4517 ut
1558 4466 1803 4534 praemis—
1830 4503 1885 4564 Β

219 4565 334 4604 sum
360 4560 475 4616 est,
505 4550 674 4606 libros
696 4551 763 4605 de
790 4550 1271 4607 Pmdestiuatione
1298 4562 1629 4619 sanctorum,
1659 4564 1713 4609 et
1739 4556 1806 4611 dc

217 4640 365 4696 Bono
398 4642 822 4711 perseverantiae
865 4642 1162 4710 rescripsit.
1191 4641 1391 4698 Verum
1427 4645 1518 4714 qui
1565 4655 1806 4700 content-

217 4731 395 4802 platur
423 4732 593 4787 verba
622 4731 840 4797 lsidori,
881 4732 1079 4802 quibus
1112 4733 1456 4804 subsequitur
1489 4736 1541 4789 in
1584 4738 1804 4806 prmfata

219 4821 490 4876 sententia
514 4820 591 4887 de
609 4822 822 4891 gemina
851 4823 1324 4891 pmdestinatione
1349 4825 1534 4882 dicens
1565 4844 1578 4880 :
1612 4846 1630 4878 ι
1653 4826 1805 4882 Utra-

217 4927 322 4982 que
363 4912 554 4968 divino
588 4923 825 4983 aguntur
860 4912 1101 4982 judicio,
1140 4924 1203 4969 ut
1242 4930 1457 4986 semper
1479 4917 1682 4973 electos
1714 4933 1806 4974 su-

219 5017 388 5069 perna
419 5009 480 5055 et
511 5001 769 5057 interiora
804 5002 956 5072 sequi
985 5000 1171 5067 faciat,
1203 5017 1522 5074 semperque
1548 5005 1807 5076 reprobos

221 5100 280 5145 ut
324 5088 515 5146 inﬁma
562 5098 621 5145 et
660 5090 934 5145 exteriora
973 5091 1311 5147 delectentur
1347 5093 1645 5149 deserendo
1684 5111 1807 5165 per-

221 5182 437 5244 mittat,
466 5181 549 5237 sic
572 5190 634 5236 ut
659 5182 871 5257 ignoret
901 5183 1062 5239 homo
1097 5184 1383 5238 terminum
1413 5184 1551 5241 lucis
1573 5194 1634 5240 et
1661 5194 1809 5257 tene-

221 5274 468 5337 brarum,
502 5273 586 5328 vel
616 5275 896 5343 utriusque
924 5274 1002 5328 rei
1031 5274 1152 5343 quis
1181 5274 1305 5329 linis
1335 5275 1423 5337 sit,
1459 5297 1477 5327 ι
1510 5283 1565 5329 et
1601 5276 1809 5347 reliqua

223 5379 343 5433 qtae
372 5373 720 5433 sequuntur,
763 5373 819 5418 et
866 5363 1054 5434 relegit
1101 5363 1275 5419 locum
1323 5365 1612 5420 verborum
1666 5366 1808 5421 beati

224 5455 475 5526 Gregorii
507 5455 560 5510 in
590 5454 815 5525 pratl'ato
845 5455 983 5511 libro
1017 5455 1332 5521 Moralium,
1358 5457 1446 5511 ubi
1490 5457 1618 5512 dicit
1652 5475 1666 5510 :
1707 5456 1808 5511 In.

226 5548 343 5601 dice
379 5547 545 5611 mihi,
575 5547 621 5600 si
648 5547 786 5602 nosti
817 5549 1024 5615 omnia,
1053 5548 1104 5603 in
1131 5565 1238 5618 qua
1281 5548 1363 5602 via
1390 5548 1585 5603 habitet
1614 5540 1737 5612 luis,
1761 5561 1811 5606 et

227 5638 563 5691 tenebrarum
590 5637 705 5707 quis
737 5636 882 5693 locu
916 5639 1015 5703 sit,
1054 5648 1109 5691 ut
1143 5638 1371 5692 deducas
1409 5632 1812 5712 unumquodque

229 5727 295 5783 ad
330 5728 584 5785 terminos
617 5743 775 5796 suos,
813 5738 862 5784 et
906 5730 1167 5799 intelligas
1206 5731 1418 5785 semitas
1462 5731 1649 5788 domus
1697 5734 1811 5801 eius

1916 452 2058 524 (Job.
2093 470 2321 520 xxxvut,
2356 456 2464 527 l8),
2497 467 2682 529 aperte
2712 460 2977 531 conspicit
3004 460 3240 520 noluisse
3270 465 3493 539 intelligi

1914 547 2133 603 beatum
2177 547 2493 619 Gregorium
2517 591 2532 615 ,
2586 552 2844 621 reprobos
2873 570 2902 608 a
2932 556 3044 611 Deo
3083 560 3496 627 praedesﬁnatos

1915 640 1983 695 ad
2016 648 2269 707 mortem,
2299 642 2440 697 sicut
2470 644 2623 699 electi
2652 647 2719 701 ab
2759 661 2826 701 eo
2855 656 2979 703 sunt
3017 651 3380 720 pnedestinati
3423 655 3492 710 ad

1911 730 2101 784 vitam.
2149 731 2239 785 Ait
2288 732 2431 786 enim
2482 733 2625 788 inter
2664 724 2859 791 uetera
2905 754 3024 809 quae
3056 740 3266 810 plenius
3297 743 3350 797 in
3380 743 3495 800 suis

1914 819 2048 877 locis
2074 822 2243 878 lector
2270 823 2504 879 inveniet
2531 824 2654 898 (lib.
2684 842 2811 880 xxtx
2832 869 2846 892 ,
2874 846 2989 900 cap.
3022 832 3077 902 9)
3103 850 3116 885 :
3148 850 3168 884 ι
3198 830 3266 887 Et
3295 834 3492 890 intelli-

1912 928 2026 982 gas,
2058 913 2331 982 inquiens,
2357 916 2567 969 semitas
2595 916 2782 971 domus
2812 918 2959 988 ejus,
2995 920 3047 975 id
3073 931 3156 977 est
3182 924 3492 982 consideres

1914 1010 2077 1072 atque
2102 1004 2401 1071 discemus,
2425 1006 2507 1060 vel
2530 1007 2615 1061 cui
2642 1007 2779 1062 bona
2802 1010 2943 1063 actio
2968 1026 3318 1079 perseverans
3339 1025 3490 1072 mter-

1912 1108 2038 1147 nam
2069 1095 2400 1149 mansionem
2441 1105 2659 1165 prtestet
2691 1097 2744 1151 in
2780 1112 2947 1167 regno
2973 1140 2988 1163 ,
3019 1101 3100 1153 vel
3131 1117 3288 1171 quem
3320 1118 3492 1174 usque

1913 1184 1981 1238 ad
2013 1187 2299 1239 terminum
2325 1201 2481 1241 suum
2509 1189 2649 1243 actio
2675 1204 2839 1258 prava
2867 1192 3240 1262 constringens
3263 1194 3316 1247 in
3337 1206 3491 1250 aeter-

1913 1288 2041 1327 num
2079 1273 2300 1330 damnet
2339 1276 2678 1345 supplicium.
2712 1296 2731 1329 ι
2764 1277 2829 1331 Ει
2858 1279 2983 1332 item
3013 1281 3078 1335 ad
3107 1279 3281 1335 locum
3311 1295 3325 1335 :
3358 1301 3376 1334 ι
3400 1284 3493 1340 Vze

1912 1363 2129 1417 miseris
2156 1365 2332 1429 nobis,
2358 1366 2449 1434 qui
2476 1365 2542 1421 de
2569 1366 2833 1423 electione
2859 1377 3041 1423 nostra
3080 1369 3276 1425 nullam
3315 1372 3509 1429 adhnc‘

1912 1456 2008 1511 Dei
2043 1472 2228 1512 vocem
2269 1458 2649 1529 cognovimus,
2679 1469 2734 1514 et
2756 1460 2869 1531 jam
2901 1461 2952 1516 in
2989 1463 3098 1517 otio
3126 1464 3278 1533 quasi
3309 1466 3376 1522 de
3406 1482 3490 1522 se-

1911 1547 2141 1601 curitate
2166 1557 2458 1617 torpemus.
2491 1549 2954 1621 Debet,prol‘ecto,
2981 1553 3139 1608 debet
3169 1555 3221 1609 in
3252 1570 3346 1625 spe
3371 1571 3494 1612 esse

1912 1636 2207 1701 securitas,
2248 1640 2343 1692 sed
2371 1638 2534 1692 etiam
2586 1640 2746 1693 timor
2773 1641 2826 1694 in
2858 1643 3266 1698 conversatione
3290 1685 3305 1710 ,
3344 1655 3403 1699 ut
3438 1655 3494 1702 et

1915 1726 2003 1781 illa
2032 1718 2303 1782 certantes
2335 1729 2544 1793 foveat,
2573 1738 2629 1784 et
2657 1730 2759 1786 iste
2788 1739 3059 1802 torpentes
3085 1743 3306 1804 pungat.
3338 1734 3494 1793 Unde

1910 1827 2057 1874 recte
2086 1834 2183 1890 per
2214 1818 2537 1890 Prophetam
2570 1821 2770 1875 dicitur
2796 1839 2811 1875 :
2842 1820 2945 1887 Qui
2974 1824 3156 1877 timent
3190 1824 3491 1892 Dominum,

1908 1920 2114 1979 sperent
2160 1911 2215 1964 in
2258 1910 2478 1965 Domino
2518 1910 2691 1980 (Psal.
2729 1927 2860 1966 cxttt
2885 1953 2899 1977 ,
2941 1912 3028 1985 11)
3060 1931 3073 1967 :
3114 1929 3180 1969 ac
3220 1915 3266 1969 si
3306 1925 3492 1986 aperte

1909 2002 2161 2058 diceret:
2212 2004 2288 2057 De
2340 2019 2435 2075 spe
2483 2004 2753 2059 incassum
2801 2006 3121 2076 prmsumit,
3168 2007 3260 2078 qui
3301 2011 3494 2068 timere

1907 2091 2076 2147 Deum
2100 2092 2152 2147 in
2178 2095 2292 2148 suis
2318 2095 2573 2165 operibus
2597 2096 2792 2150 renuit.
2823 2115 2842 2147 ι
2875 2097 2941 2150 Ει
2972 2097 3097 2152 item
3126 2115 3139 2151 :
3170 2115 3188 2149 ι
3214 2098 3303 2153 Vae
3326 2099 3492 2154 etiam

1907 2183 2162 2239 laudabili
2193 2186 2314 2240 vita:
2354 2186 2662 2249 hominum,
2704 2187 2749 2241 si
2801 2198 3005 2243 remota
3046 2190 3245 2258 pietate
3285 2190 3493 2261 judice-

1909 2282 1996 2328 tur
2026 2291 2040 2328 :
2073 2275 2199 2343 quia
2229 2276 2475 2330 districto
2501 2276 2743 2331 discussa
2776 2276 2901 2331 inde
2930 2285 3056 2331 ante
3086 2277 3271 2332 oculos
3292 2277 3492 2348 jndicis

1907 2362 2049 2417 unde
2073 2378 2134 2417 se
2159 2364 2371 2434 placere
2396 2365 2706 2435 suspicatur
2728 2366 2997 2420 obruitur.
3030 2365 3182 2421 Unde
3213 2376 3360 2424 recte
3393 2368 3491 2425 Do-

1906 2452 2055 2506 mino
2094 2468 2191 2522 per
2217 2452 2540 2524 Prophetam
2569 2455 2805 2510 dicitur:
2848 2455 2925 2509 Ne
2949 2457 3112 2511 intres
3140 2457 3195 2511 in
3227 2459 3490 2527 judicium

1905 2559 2022 2597 cum
2044 2561 2189 2599 servo
2210 2556 2317 2607 tuo,
2342 2548 2465 2618 quia
2492 2563 2594 2600 non
2619 2546 3002 2617 justi/imbitur
3020 2550 3075 2602 in
3104 2559 3377 2619 conspectu
3400 2559 3492 2603 tuo

1905 2636 2073 2688 omnis
2096 2636 2266 2690 vivens
2292 2634 2465 2706 (Paul.
2488 2652 2659 2701 exul,
2685 2638 2762 2709 2).
2788 2658 2806 2691 ι
2835 2639 2902 2692 Et
2925 2639 3084 2708 paulo
3107 2648 3227 2710 post
3252 2653 3268 2694 :
3299 2657 3319 2691 r
3348 2638 3486 2695 Hinc

1905 2737 2094 2777 rursus
2123 2740 2220 2793 per
2249 2724 2594 2780 Salomonem
2621 2726 2856 2780 dicitur:
2888 2727 3019 2792 Quis
3040 2729 3307 2782 hominum
3336 2728 3485 2784 intel-i

1903 2809 2062 2880 [igere
2087 2814 2273 2882 poterit
2299 2815 2433 2868 viam
2458 2830 2609 2869 suam
2627 2815 2653 2868 .’
2677 2813 2858 2888 (Prov.
2888 2832 2978 2881 xx,
3002 2816 3120 2888 24.)
3143 2818 3211 2874 Et
3232 2819 3486 2877 nimirum

1904 2901 2041 2957 bona
2079 2904 2285 2959 malave
2314 2906 2438 2975 quis
2472 2905 2678 2962 faciens
2716 2909 3045 2964 conscientia
3080 2918 3373 2966 attestante
3398 2926 3490 2969 co-

1903 2995 2130 3065 gnoscit.
2156 2995 2262 3067 35
2286 2996 2394 3051 Sed
2424 2998 2627 3054 idcirco
2654 2999 2855 3054 dicitur
2880 3002 3023 3071 quod
3055 3002 3139 3056 via
3168 3019 3263 3057 sua
3294 3003 3363 3058 ab
3392 3005 3489 3060 bo-

1870 3085 2139 3167 jminibus
2189 3088 2482 3151 uesciatur,
2526 3090 2650 3158 quia
2699 3090 2909 3146 etiamsi
2958 3101 3104 3148 recta
3155 3108 3212 3150 se
3260 3096 3489 3167 quisque

1905 3193 2069 3248 opera
2098 3194 2260 3250 agere
2293 3168 2588 3253 intelligat,
2620 3182 2720 3237 sub
2746 3184 2994 3240 districto
3031 3195 3207 3241 tamen
3237 3187 3489 3242 examine

1906 3282 2015 3338 quo
2047 3270 2229 3324 tendat
2263 3271 2493 3342 ignorat.
2532 3290 2552 3325 ι
2580 3273 2647 3327 Ει
2690 3273 2743 3327 in
2786 3275 2974 3329 eodem
3025 3276 3162 3331 libro
3204 3276 3344 3348 (cap.
3396 3278 3489 3349 33)

1906 3376 2184 3431 exponens
2209 3366 2533 3421 sententiam
2565 3384 2578 3420 :
2614 3367 2870 3437 Nunquid
2903 3371 3038 3425 nosti
3076 3372 3313 3427 ordinem
3351 3373 3487 3436 mli,

1904 3462 1953 3505 et
1990 3468 2147 3521 pones
2195 3455 2449 3508 rationem
2491 3456 2604 3525 ejus
2644 3457 2698 3511 in
2740 3460 2922 3512 terra?
2973 3459 3094 3528 (Job
3122 3475 3348 3522 xxxvnt,
3375 3461 3491 3532 53.)

1902 3541 2025 3597 Alio
2050 3560 2209 3599 sensu
2255 3546 2441 3601 modos
2471 3560 2828 3617 supernorum
2865 3547 3192 3616 iudiciorum
3222 3553 3276 3606 in
3302 3551 3491 3608 electis

1904 3647 1960 3692 et
1989 3640 2232 3708 reprohis
2261 3641 2595 3696 demonstrat
2620 3683 2635 3707 ,
2676 3656 2839 3712 quam
2870 3643 3106 3700 Isidorus
3138 3644 3192 3699 in
3230 3645 3489 3715 praedicta

1904 3730 2172 3784 sententia
2202 3730 2443 3802 colligat,
2467 3731 2534 3787 de
2559 3733 2757 3801 quibus
2787 3749 2886 3788 suo
2915 3734 3035 3789 loco
3056 3736 3317 3791 dicemus.
3351 3734 3490 3790 Nam

1905 3818 2150 3888 quisquis
2177 3835 2368 3876 omnes
2395 3822 2536 3876 beati
2567 3822 2813 3894 Gregorii
2850 3822 3017 3880 libros
3051 3824 3279 3880 sollicita
3306 3825 3493 3882 consi-

1905 3911 2185 3966 deratione
2213 3913 2543 3983 perlustrare
2571 3917 2850 3985 sategerit,
2882 3918 2956 3972 ita
2982 3918 3251 3988 geminam
3286 3920 3491 3989 praede-

1904 4001 2285 4066 stinationcin,
2314 4012 2371 4056 ut
2400 4004 2540 4059 sicut
2566 4004 2724 4060 electi
2765 4007 2835 4061 ad
2863 4007 3048 4074 vitam,
3088 4009 3162 4064 ita
3205 4010 3415 4080 reprobi
3454 4025 3491 4066 a

1908 4089 2019 4144 Deo
2047 4090 2499 4159 prtedestinentur
2539 4093 2605 4147 ad
2647 4104 2877 4150 mortem
2903 4136 2918 4162 ,
2959 4110 3301 4167 nequaquam
3342 4101 3493 4157 illum

1906 4177 2109 4233 dixisse
2137 4179 2221 4234 vel
2249 4180 2583 4237 intellexisse
2625 4185 2880 4253 reperiet.
2931 4184 3035 4241 Sed
3078 4189 3224 4244 velut
3268 4201 3494 4248 sanctus

1904 4267 2261 4340 Augustinus
2282 4270 2335 4323 in
2378 4270 2515 4327 libro
2545 4272 2613 4326 de
2642 4271 3124 4332 Prmdestinatione
3153 4287 3489 4347 sanctorum,

1905 4368 1963 4416 et
2002 4359 2237 4429 Prosper
2273 4368 2463 4416 contra
2494 4360 2676 4419 Gallos
2718 4363 2934 4430 dicunt,
2964 4367 3492 4435 prmdeslinationem

1911 4452 2036 4516 Dei,
2076 4468 2196 4523 quae
2233 4468 2450 4525 semper
2487 4455 2540 4509 in
2576 4455 2719 4511 bono
2755 4466 2869 4523 est,
2897 4460 3023 4529 quia
3053 4469 3149 4515 aut
3193 4463 3256 4516 a.l
3291 4463 3489 4520 donum

1906 4546 2142 4613 pertinet
2179 4547 2399 4615 gratiae,
2443 4555 2538 4601 aut
2576 4549 2645 4603 ad
2693 4551 3101 4607 retributionem
3141 4553 3398 4621 justitim,
3435 4558 3490 4613 in

1906 4637 2103 4692 divinis
2134 4638 2408 4708 operibus,
2451 4655 2571 4709 qua:
2612 4655 2828 4712 semper
2859 4643 3000 4698 bona
3027 4655 3177 4712 sunt,
3207 4648 3348 4703 inter
3372 4664 3494 4718 qum

1906 4738 2318 4796 computantur,
2357 4746 2478 4783 cum
2510 4747 2605 4800 per
2633 4732 2928 4789 indebitam
2954 4737 3186 4805 gratiam
3214 4740 3494 4798 salvantur

1905 4817 2093 4884 electi,
2120 4827 2176 4895 et
2207 4834 2305 4888 per
2341 4820 2576 4875 debitam
2609 4821 2877 4888 justitiam
2920 4828 3130 4895 reprobi
3173 4830 3491 4899 puniuntur,

1907 4911 2194 4965 manifeste
2219 4912 2506 4966 conlirmat
2525 4950 2541 4977 ,
2583 4913 2659 4966 uti
2704 4913 2759 4968 in
2790 4914 3244 4984 subsequentibus
3269 4919 3494 4975 demon-

1906 5002 2219 5056 strabimus.
2267 5000 2559 5057 Proferunt
2603 5002 2953 5059 nihilominus
2998 5007 3064 5061 ad
3110 5022 3262 5062 suam
3289 5008 3490 5065 contir-

1910 5093 2164 5147 mandam
2192 5093 2516 5157 sententiam
2552 5096 2796 5149 moderni
2828 5094 3294 5153 Praedestiuatiani
3315 5138 3329 5164 ,
3362 5101 3491 5169 quia

1911 5191 2130 5237 sanctus
2142 5182 2283 5237 Beda
2305 5183 2606 5253 presbyter,
2620 5185 2711 5253 qui
2735 5194 2794 5239 ut
2813 5185 2866 5240 in
2890 5188 3004 5241 suis
3016 5188 3287 5256 opusculis
3308 5198 3493 5258 aperte

1911 5271 2275 5337 demonstrat,
2298 5272 2454 5327 aliter
2475 5273 2737 5329 intellexit
2751 5285 2807 5330 et
2831 5276 3004 5330 tenuit
3023 5292 3089 5331 ex
3114 5277 3292 5332 verbis
3312 5279 3489 5333 sancti

1910 5369 2191 5439 Augustini
2208 5370 2442 5438 quodam
2465 5368 2583 5425 loco
2602 5370 2657 5424 in
2671 5369 3008 5425 Hexameron
3029 5371 3255 5435 libro,et
3268 5386 3492 5427 venera-
3532 5370 3539 5375 ’

1909 5459 2034 5515 bilis
2055 5458 2314 5515 Alcuiuus
2335 5459 2387 5515 in
2411 5459 2816 5514 abbreviatione
2836 5462 3123 5515 commenti
3149 5462 3492 5533 evangelistze

1910 5552 2162 5618 Joannis,
2202 5554 2345 5624 quod
2392 5562 2610 5610 sanctus
2638 5553 2970 5623 Augustinus
3007 5554 3378 5623 copiosissime
3421 5556 3490 5613 ad

1910 5644 2168 5715 populum
2191 5658 2289 5714 per
2309 5656 2593 5701 sermones
2613 5642 2887 5706 disseruit,
2904 5642 3043 5717 sicut
3069 5643 3265 5699 ibidem
3288 5644 3491 5701 dictum

1913 5735 2258 5803 invenerant,
2297 5735 2705 5806 prtedestinatos
2736 5734 2803 5789 ad
2847 5734 3124 5793 interitum
3174 5744 3488 5808 posuerunt.
