4052 6334
563 316 635 374 99
1526 306 1858 364 HINCMARI
1896 301 2288 359 RIIEMENSIS
2324 297 2860 359 ARCHIEPISCOPL

3686 259 3848 350 'too

562 427 699 483 Nam
724 428 770 483 si
800 426 961 482 aliter.
980 439 1140 495 quam
1167 423 1225 478 in
1250 420 1494 491 praedicti
1515 420 1618 475 viri
1646 419 1965 474 tractatibus
1991 417 2145 473 iove-
2176 421 2221 478 Α
2254 432 2273 463 ‹
2303 412 2459 467 Fides
2488 413 2651 482 igitur
2669 421 2721 467 et
2748 411 2998 467 inchoata
3022 418 3076 465 et
3099 409 3335 480 perfecta
3367 408 3569 465 donum
3595 407 3700 465 Dei
3724 417 3847 464 est:

563 528 794 582 nerunt,
826 518 876 570 in
904 517 1018 571 suis
1043 513 1476 584 excerptionibus
1507 512 1848 581 posuissent,
1879 525 1985 563 non
2012 508 2143 564 alie-

562 625 754 667 norum
786 608 1069 661 verborum
1102 614 1447 674 excepturos,
1490 604 1584 657 sed
1613 603 1678 656 de
1708 600 1895 655 alienis
1923 616 2142 656 suorum

564 701 739 768 potius
777 699 1158 769 compilatores
1187 713 1347 765 quam
1395 695 1786 766 composituras
1826 695 2139 748 eximerent.

570 791 718 846 Unde
763 808 867 845 non
900 800 1081 849 nostra
1105 830 1118 853 ,
1160 789 1251 842 sed
1285 803 1404 857 quae
1434 789 1714 841 nobiscum
1742 787 1904 840 etiam
1938 786 2034 853 ipsi
2068 786 2144 839 le-

561 891 696 952 gunt
724 875 1010 951 accipiant.
1042 879 1188 933 Dixit
1225 878 1481 933 Dominus
1512 879 1578 931 ad
1605 877 1816 932 Judaeos
1848 894 1861 929 :
1896 876 2009 947 Ego
2040 893 2144 931 non

560 989 749 1027 accuso
778 989 863 1026 vos
888 988 906 1026 :
937 980 1010 1025 est
1046 971 1134 1041 qui
1162 980 1370 1023 accusat
1412 985 1498 1022 vos
1523 968 1725 1038 Moyses
1753 971 1806 1021 in
1843 985 1995 1038 quem
2029 985 2147 1038 spe-

562 1062 691 1115 ratis
739 1062 923 1131 (Joan.
954 1077 1007 1124 v,
1045 1060 1156 1129 45).
1192 1060 1283 1114 Sic
1311 1074 1525 1129 quoque
1568 1059 1628 1112 B.
1661 1060 2019 1129 Augustinus,
2050 1058 2144 1129 qui

561 1142 932 1206 indifferenter
970 1165 1098 1204 usus
1135 1159 1220 1203 est
1261 1149 1480 1203 nonine
1523 1148 2042 1217 prmdestinatiouis,
2070 1148 2148 1202 di-

561 1257 690 1296 cens
720 1241 987 1294 interdum
1023 1239 1438 1316 praedestinatos
1482 1237 1548 1293 ad
1594 1238 1869 1292 interitum
1911 1239 1962 1291 in
1994 1238 2148 1294 libris

561 1346 697 1399 quos
723 1339 846 1383 ante
876 1329 1007 1383 istos
1034 1328 1357 1397 scripserat,
1394 1328 1446 1381 in
1478 1328 1672 1395 quibus
1699 1328 1912 1398 proprie
1944 1329 2150 1398 prande-

561 1423 907 1476 stiuationem
938 1421 1218 1490 exposuit,
1256 1433 1347 1474 eos
1380 1435 1640 1490 responso
1680 1422 1990 1491 redarguat.
2041 1436 2148 1489 quo

563 1514 983 1583 refragatoribus
1014 1529 1122 1567 suae
1155 1513 1472 1583 posterioris
1509 1514 1791 1568 sententia:
1827 1513 1878 1568 in
1907 1513 2047 1569 libro
2081 1513 2149 1566 de

562 1604 709 1658 Bono
763 1605 1178 1674 perseverantiae
1204 1620 1266 1656 ex
1308 1604 1460 1658 libris
1498 1604 1563 1658 de
1598 1604 1771 1658 libero
1797 1604 2039 1658 Arbitrio
2066 1620 2150 1658 re—

562 1696 827 1765 spondere
852 1697 1064 1751 curavit
1085 1696 1222 1768 (cap.
1243 1697 1330 1767 12)
1352 1716 1363 1749 :
1393 1718 1410 1749 ι
1435 1698 1654 1751 Frustra
1682 1698 1866 1766 itaque
1893 1698 2046 1761 mihi,
2066 1697 2151 1750 in-

2247 512 2301 557 et
2332 505 2432 558 hoc
2465 503 2663 556 donum
2690 502 3011 570 quibusdam
3041 501 3179 563 dari,
3208 500 3525 570 quibusdam
3562 515 3677 553 non
3708 500 3851 569 dari,

2246 596 2464 650 omnino
2495 611 2600 648 non
2625 595 2831 648 dubitet
2861 592 2951 662 qui
2984 609 3087 646 non
3118 592 3229 645 vult
3260 590 3736 646 manifestissimis
3766 606 3854 645 sa-

2247 687 2354 741 cris
2384 687 2578 740 litteris
2615 698 2935 755 repugnare.
2963 682 3072 736 Cur
3100 691 3280 736 autem
3324 696 3429 734 non
3464 681 3734 735 omnibus
3766 679 3849 734 de:

2248 786 2367 839 tur,
2424 774 2633 829 fidelem
2678 788 2895 828 movere
2935 788 3039 826 non
3084 773 3282 837 debet,
3322 771 3414 841 qui
3444 770 3624 826 credit
3653 771 3711 824 in
3744 785 3855 825 uno

2246 883 2434 923 omnes
2473 868 2579 922 isse
2617 866 2670 921 in
2703 867 3204 921 condemnationem
3231 866 3346 920 sine
3382 865 3732 919 dubitatione
3766 863 3857 932 ju—

2247 959 2541 1013 stissimam
2575 977 2588 1010 :
2629 956 2702 1011 ita
2730 964 2787 1009 ut
2816 955 2959 1010 nulla
2990 955 3083 1010 Dei
3110 964 3252 1009 esset
3279 952 3426 1023 justa
3462 953 3859 1023 reprehensio,

2247 1048 2460 1102 etiamsi
2506 1045 2681 1100 mullus
2726 1046 2847 1099 inde
2882 1045 3223 1099 liberaretur.
3257 1042 3410 1098 Unde
3458 1050 3682 1097 constat
3732 1058 3855 1095 ma-

2249 1154 2408 1209 gnam
2439 1153 2558 1191 esse
2584 1138 2837 1207 gratiam,
2868 1137 3009 1205 quod
3037 1135 3250 1206 plurimi
3280 1136 3603 1199 liberamtur,
3633 1143 3691 1191 et
3722 1134 3859 1204 quid

2249 1230 2349 1283 sibi
2384 1229 2671 1282 deberetur
2699 1228 2750 1280 in
2792 1230 2871 1282 eis
2910 1229 3000 1297 qui
3034 1245 3138 1281 non
3172 1217 3810 1297 liberantur'agnoscunt
3839 1245 3853 1279 :

2250 1327 2310 1372 ut
2334 1319 2422 1388 qui
2453 1319 2711 1388 gloriatur
2734 1333 2839 1371 non
2882 1318 2930 1370 iu
2963 1318 3074 1371 suis
3104 1317 3334 1382 meritis,
3364 1332 3483 1387 quae
3518 1316 3678 1386 paria
3708 1316 3858 1369 videt

2250 1410 2689 1475 esseadamnatis,
2723 1412 2819 1464 sed
2858 1410 2910 1462 in
2946 1408 3170 1462 Domino
3200 1408 3478 1476 glorietur.
3505 1407 3623 1462 Cur
3667 1415 3854 1460 autem

2252 1502 2414 1556 istum
2459 1503 2637 1572 potius
2679 1518 2838 1571 quam
2875 1500 3021 1555 illuni
3053 1500 3278 1565 liberet,
3311 1499 3693 1555 inscrutabilia
3731 1506 3859 1552 sunt

2252 1594 2448 1648 iudicia
2478 1592 2613 1660 ejus,
2641 1605 2694 1648 et
2725 1592 3125 1662 investigabiles
3151 1593 3248 1645 via:
3274 1592 3391 1661 ejus
3417 1589 3595 1663 (Rom.
3625 1607 3708 1655 xi,
3736 1589 3855 1659 55).

2255 1688 2442 1742 Melius
2472 1688 2613 1742 enim
2654 1697 2709 1742 et
2739 1688 2826 1741 hic
2866 1687 3115 1741 audimus
3146 1695 3240 1741 aut
3275 1686 3505 1741 dicimus
3542 1704 3555 1738 :
3592 1684 3639 1739 Ο
3671 1686 3857 1749 homo,

562 1790 771 1861 quiens,
797 1789 862 1843 de
888 1789 1030 1842 illius
1056 1790 1177 1844 libri
1206 1792 1309 1844 mei
1339 1801 1605 1846 vetustate
1633 1792 2017 1861 praescribitur,
2040 1803 2147 1847 etc.

2258 1790 2309 1832 tn
2345 1788 2459 1848 quis
2498 1796 2551 1832 es
2590 1781 2679 1848 qui
2718 1779 3029 1848 respondeas
3063 1776 3212 1831 Deo?
3236 1776 3412 1848 (Rom.
3440 1794 3531 1843 ιχ,
3557 1776 3656 1848 20)
3691 1792 3859 1847 quam

562 1882 753 1961 1)'emo,
798 1893 855 1936 ιιι
917 1884 1129 1951 opinor,
1181 1893 1326 1938 esset
1380 1895 1484 1938 tam
1537 1884 1768 1951 injustas
1824 1894 1986 1955 atque
2022 1886 2156 1939 invi-

562 1976 681 2039 dus,
711 1976 801 2045 qui
831 1990 918 2031 me
942 1976 1206 2045 proficere
1228 1978 1561 2046 prohiberet.
1588 1997 1606 2029 ι
1637 1977 1703 2030 Ει
1733 1978 1861 2031 item
1885 1978 1939 2031 in
1964 1978 2153 2032 eodem

562 2066 701 2121 libro
733 2076 872 2135 (cap.
911 2068 1002 2138 21)
1032 2086 1046 2121 :
1085 2087 1103 2119 ι
1133 2068 1421 2134 Quamvis,
1456 2069 1663 2137 inquit,
1695 2069 1962 2124 nemiuem
1995 2069 2151 2122 velim

563 2158 641 2211 sic
668 2157 918 2226 amplecti
948 2158 1129 2213 omnia
1167 2174 1284 2213 mea
1316 2167 1375 2212 ut
1413 2175 1499 2215 me
1542 2170 1817 2229 sequatur,
1853 2160 1952 2214 nisi
1990 2161 2042 2215 in
2072 2161 2155 2217 his

562 2246 617 2300 in
642 2248 836 2319 quibus
859 2263 1070 2302 menon
1093 2263 1306 2303 errasse
1329 2250 1686 2319 perspexerit.
1713 2250 1846 2304 Nam
1873 2259 2153 2320 progiterea

564 2351 707 2389 nunc
729 2334 870 2401 facio
897 2337 1061 2391 libros
1089 2337 1141 2390 in
1163 2337 1359 2406 quibus
1382 2341 1637 2407 opuscula
1665 2356 1782 2395 mea
1809 2342 2152 2396 retractanda

568 2429 820 2496 suscepi,
864 2438 924 2487 ut
966 2445 1065 2483 nec
1107 2429 1364 2498 meipsum
1415 2430 1469 2483 in
1508 2432 1761 2487 erunibus
1793 2448 1876 2486 me
1909 2442 2151 2488 secutum

563 2520 732 2576 fuisse
780 2522 1165 2578 demonstrem.
1223 2522 1328 2579 Sed
1378 2525 1724 2594 proficienter
1768 2542 1853 2580 me
1901 2528 2154 2582 existimo

563 2610 674 2666 Deo
708 2612 999 2667 miserante
1049 2614 1367 2683 scripsisse,
1415 2631 1518 2669 non
1556 2625 1733 2669 tamen
1765 2632 1794 2669 a
1824 2617 2155 2685 perfectione

562 2701 792 2771 coepisse
827 2720 839 2754 :
887 2702 1323 2772 quandoquidem
1372 2706 1714 2773 arrogantius
1756 2705 1947 2774 loquor
1991 2721 2151 2774 quam

562 2791 769 2857 vei-ius,
795 2793 840 2851 si
862 2792 946 2847 vel
973 2809 1116 2848 nunc
1138 2795 1261 2847 dico
1285 2809 1371 2848 me
1401 2795 1466 2849 ad
1493 2794 1877 2865 perfectionem
1905 2796 2021 2849 sine
2044 2796 2152 2850 ullo

564 2895 750 2936 errore
788 2883 1062 2937 scribendi
1091 2883 1203 2953 jam
1230 2884 1340 2954 36
1377 2885 1428 2937 in
1459 2885 1560 2940 ista
1586 2895 1744 2940 aetate
1772 2887 1998 2939 venisse.
2045 2886 2152 2940 Sed

566 2973 795 3028 interest
815 2983 1076 3043 quantum
1098 2984 1153 3029 ct
1177 2975 1228 3027 in
1253 2975 1449 3043 quibus
1472 2977 1631 3030 rebus
1656 2986 1891 3041 crretur,
1915 2987 1970 3031 et
1988 2994 2150 3046 quam

568 3063 724 3118 facile
753 3065 980 3133 quisque
1008 3065 1276 3135 corrigat,
1321 3066 1403 3120 vel
1431 3076 1629 3135 quanta
1659 3068 1956 3137 pertinacia
1995 3084 2151 3121 suum

568 3154 858 3211 defendere
902 3167 1127 3210 conetur
1170 3171 1434 3211 errorem.
1476 3157 1635 3211 liniue
1661 3135 1863 3227 quippe
1910 3158 2022 3229 spei
2069 3168 2154 3213 est
2180 3135 2223 3196 Ο

567 3250 749 3312 homo,
782 3248 826 3303 si
857 3262 980 3303 eum
1006 3248 1084 3302 sic
1119 3249 1490 3318 proficientem
1519 3250 1635 3304 dies
1662 3250 1884 3303 ultimus
1911 3252 2030 3303 vita:
2056 3250 2156 3303 hu-

562 3337 652 3407 jus
681 3340 969 3405 invenerit,
999 3350 1057 3394 ut
1087 3340 1413 3407 adjiciantur
1436 3340 1485 3393 ei
1512 3357 1631 3409 quae
1658 3342 1955 3410 proficienti
1979 3340 2158 3395 ifcf'ue—

568 3441 729 3496 runt,
756 3441 809 3487 et
837 3433 1200 3502 perliciendus
1237 3449 1399 3503 quam
1427 3432 1729 3502 puniendus
1755 3433 1934 3501 potius
1956 3432 2159 3500 judice.

571 3530 677 3576 tur.
707 3522 971 3589 Quocirca
1002 3523 1047 3579 si
1079 3523 1422 3587 hominibus,
1460 3524 1554 3593 qui
1596 3534 1883 3594 propterea
1919 3540 2003 3579 me
2030 3524 2160 3579 dde-

570 3623 789 3680 xerunt,
810 3616 935 3685 quia
963 3616 1209 3684 pervenit
1233 3618 1296 3669 ad
1322 3631 1417 3670 eos
1440 3624 1729 3685 antequam
1757 3632 1843 3670 me
1872 3615 2160 3685 diligerent

570 3706 747 3775 aliqua
795 3707 900 3760 mei
950 3706 1152 3765 laboris
1198 3708 1436 3773 utilitas,
1468 3708 1594 3763 nolo
1621 3709 1854 3764 existere
1893 3709 2156 3780 ingratus,

572 3807 774 3868 quanto
800 3797 971 3869 magis
1000 3798 1129 3863 Deo,
1159 3814 1320 3869 quem
1352 3815 1458 3854 non
1498 3799 1850 3868 diliget-emus
1877 3800 1980 3854 nisi
2004 3801 2162 3869 prius

575 3888 853 3944 dilexisset
879 3904 1007 3952 nos,
1037 3898 1094 3944 et
1120 3888 1337 3944 fecisset
1377 3890 1666 3946 dilectores
1702 3906 1828 3946 suos
1853 3932 1868 3957 ,
1905 3893 2159 3962 quoniam

573 3981 805 4037 clturitas
850 3998 915 4035 ex
957 3981 1068 4050 ipso
1110 3990 1185 4036 est
1232 3980 1282 4051 (1
1314 3980 1477 4035 Joan.
1506 3999 1582 4048 tv,
1611 3983 1690 4053 7),
1727 3983 1868 4037 sicut
1910 3984 2163 4039 dixerunt

573 4088 711 4142 quos
733 4071 862 4127 fecit
882 4087 1130 4142 magnos,
1152 4087 1258 4129 non
1283 4072 1453 4127 solum
1478 4081 1774 4139 amatores,
1789 4089 1975 4128 verum
1997 4074 2162 4128 etiam

572 4163 956 4233 praedicatores
984 4162 1144 4218 suos?
1189 4182 1208 4215 ι
1251 4162 1359 4218 Sed
1384 4164 1484 4219 etsi
1511 4165 1577 4219 de
1608 4164 1890 4236 Folgentio
1917 4167 1983 4219 ad
2009 4180 2163 4221 suam

574 4255 1002 4311 confirmandam
1045 4258 1371 4313 sententiain
1417 4259 1662 4327 exempla
1701 4260 1833 4314 dare
1872 4259 2162 4325 voluerint,

574 4347 896 4416 objiciemus
919 4349 1022 4412 cis,
1051 4349 1104 4402 in
1134 4347 1360 4418 praefato
1393 4348 1532 4403 libro
1577 4349 1646 4402 ad
1677 4348 1970 4404 Monimum
2000 4349 2168 4405 libros

575 4437 642 4491 dc
670 4437 1151 4492 l‘raedestinatione
1179 4447 1515 4501 sanctorum,
1544 4448 1601 4492 et
1632 4440 2009 4509 responsiones
2035 4439 2166 4494 Pro-

577 4526 719 4595 speri
748 4526 995 4580 laudibus
1019 4526 1297 4589 extulisse,
1320 4537 1375 4579 et
1404 4527 1526 4594 quia
1555 4526 1788 4597 Prosper
1811 4530 1894 4582 vir
1919 4530 2164 4585 eruditus

578 4628 724 4673 lecta
755 4618 857 4672 fide
892 4627 946 4672 et
985 4618 1203 4688 copioso
1237 4634 1487 4674 sermone
1515 4623 1993 4690 reprehensoribus
2019 4622 2158 4678 beati

576 4708 862 4778 Augustini
888 4710 1179 4765 obstiterit.
1212 4710 1552 4782 Quapropter
1575 4712 1645 4767 de
1674 4713 1898 4783 pnefato
1918 4715 2160 4784 Apostoli

579 4800 889 4856 testimonio
912 4802 1133 4856 audiant
1152 4802 1280 4870 quid
1302 4805 1493 4857 beatus
1512 4804 1844 4874 Augustinus
1865 4808 1918 4861 in
1943 4807 2161 4864 laudato

579 4891 648 4953 ab
671 4891 750 4946 eis
782 4889 920 4946 libro
947 4890 1231 4962 Augustini
1255 4892 1320 4946 de
1345 4894 1826 4951 Praadestinatione
1848 4908 2162 4955 sanctorum

582 4980 709 5036 dicit
742 4980 879 5050 (cap.
910 4979 967 5048 8)
998 4995 1013 5032 :
1049 4998 1067 5032 ι
1098 4979 1209 5035 Cur
1234 4992 1449 5048 autem,
1482 4983 1684 5052 inquit,
1717 5000 1821 5039 non
1852 5001 2042 5042 omnes
2070 4989 2166 5044 do-

580 5083 723 5139 ceat,
752 5073 962 5143 aperuit
986 5073 1276 5141 Apostolus
1300 5083 1557 5142 quantum
1587 5076 1934 5145 aperiendum
1953 5078 2166 5148 judica-

581 5164 658 5218 vit
683 5180 697 5217 :
725 5163 852 5232 quia
874 5162 1045 5217 volens
1069 5162 1336 5217 ostendere
1356 5163 1512 5229 iram,
1536 5174 1582 5218 et
1607 5165 1963 5222 demonstrare
1984 5178 2166 5239 poten-

581 5257 710 5309 tiam
738 5271 920 5320 suam,
952 5254 1128 5308 attulit
1168 5256 1224 5309 in
1260 5254 1425 5309 multa
1460 5258 1714 5326 patientia
1753 5275 1877 5314 vasa
1919 5262 2013 5316 ira:
2046 5278 2167 5333 qua

582 5345 812 5415 perfecta
837 5355 955 5400 sunt
986 5345 1040 5397 in
1070 5344 1433 5413 perditionem,
1459 5355 1508 5400 et
1543 5357 1598 5401 ut
1629 5362 1778 5403 notas
1806 5350 2000 5420 faceret
2029 5352 2166 5406 dioi-

584 5438 685 5490 tias
711 5435 891 5505 gloriie
917 5452 1029 5489 sua:
1064 5436 1119 5490 in
1159 5454 1281 5491 vasa
1317 5438 1689 5494 misericordia:
1709 5456 1826 5510 qua:
1850 5444 2168 5513 prtepararit

583 5527 639 5581 in
662 5524 884 5595 gloriam
909 5523 1089 5595 (Rom.
1117 5542 1192 5592 Ix,
1223 5526 1335 5595 ΞΕ).
1370 5526 1506 5585 Hinc
1533 5537 1619 5585 est
1644 5531 1787 5598 quod
1815 5530 2023 5585 verbum
2047 5548 2169 5585 cru-

584 5621 657 5673 eis
689 5619 1021 5688 pereuntibus
1050 5619 1275 5675 stultitia
1299 5630 1405 5686 est,
1432 5623 1513 5675 his
1545 5631 1717 5675 autem
1755 5622 1845 5692 qui
1879 5622 2010 5677 salri
2034 5624 2169 5691 ﬁunt

584 5712 748 5771 virtus
789 5711 884 5768 Dei
928 5722 1000 5768 est
1046 5712 1095 5786 (I
1134 5713 1258 5770 Cor.
1301 5730 1351 5781 ι,
1386 5715 1492 5786 i8).
1527 5734 1545 5766 ι
1591 5715 1657 5769 Et
1685 5724 1802 5785 post
1845 5716 2165 5787 aliquanta:

2256 1868 2437 1923 dicere
2474 1870 2768 1923 audeamus
2793 1909 2808 1933 ,
2849 1870 3002 1939 quasi
3035 1869 3346 1924 noverimus
3382 1869 3526 1939 quod
3570 1869 3857 1939 occultum

2254 1974 2376 2013 esse
2400 1959 2585 2024 voluit,
2613 1958 2703 2028 qui
2733 1968 2911 2012 taunen
2939 1957 3140 2028 aliquid
3167 1957 3424 2026 iujustum
3452 1956 3592 2014 velle
3622 1975 3736 2013 non
3760 1975 3858 2029 po-

2257 2054 2376 2107 tuit.
2410 2073 2428 2105 ι
2474 2054 2539 2107 Ει
2571 2054 2697 2108 item
2735 2054 2790 2123 in
2835 2053 3063 2124 episwla
3093 2055 3163 2109 ad
3206 2054 3418 2108 Sixtum
3460 2054 3858 2126 presbyterum

2256 2145 2428 2212 (epist.
2459 2146 2581 2216 105)
2615 2166 2626 2200 :
2666 2165 2684 2197 ι
2712 2146 2770 2200 lu
2812 2147 2954 2201 vasis
2981 2162 3100 2216 quae
3126 2145 3364 2216 perlecta
3402 2155 3533 2202 sunt
3557 2147 3628 2201 ad
3670 2147 3857 2217 perdi-

2255 2237 2454 2291 tionem
2475 2278 2488 2300 ,
2522 2252 2641 2306 quae
2668 2237 2936 2292 damnatae
2965 2237 3140 2291 debita
3172 2248 3255 2292 est
3283 2252 3504 2302 massae,
3551 2244 3860 2308 agnoscant

2253 2348 2381 2387 vasa
2410 2349 2473 2385 ex
2504 2333 2690 2387 eadem
2713 2346 2891 2386 massa
2920 2332 2973 2385 in
3004 2331 3262 2386 honorem
3290 2330 3459 2398 facta,
3483 2330 3617 2399 quid
3645 2330 3731 2385 eis
3759 2329 3860 2385 mi-

2254 2425 2549 2480 sericordia
2598 2425 2778 2479 divina
2822 2424 3014 2494 largita
3062 2424 3152 2478 sit.
3183 2444 3203 2476 ι
3243 2424 3310 2478 Et
3354 2431 3476 2492 post
3519 2422 3853 2493 paululum:

2259 2536 2277 2568 ι
2308 2516 2549 2586 Denique
2583 2518 2650 2571 ad
2697 2529 2985 2587 utrumque
3018 2515 3293 2572 concludit
3332 2533 3348 2571 :
3378 2515 3523 2585 Ergo
3561 2514 3723 2586 cujus
3752 2512 3856 2568 vult

2253 2610 2558 2673 miseretur,
2588 2619 2635 2661 et
2667 2625 2818 2679 quem
2858 2608 2963 2662 vult
2995 2608 3219 2663 obdurat
3257 2607 3428 2679 (Rom.
3457 2622 3546 2673 ιι,
3578 2606 3696 2676 18).
3743 2604 3859 2658 [loc

2254 2700 2384 2755 facit
2409 2701 2546 2770 apud
2579 2717 2739 2770 quem
2776 2716 2880 2755 non
2911 2710 2996 2755 est
3033 2700 3311 2771 iniquitas.
3345 2699 3639 2755 Miseretnr
3675 2697 3859 2766 itaque

2252 2791 2486 2860 gratuito
2525 2792 2699 2855 dono,
2737 2790 2970 2860 obdurat
3016 2801 3199 2844 autem
3233 2788 3536 2859 justissima
3574 2788 3803 2845 merito.
3829 2804 3851 2838 ι

2254 2882 2319 2937 Ει
2340 2882 2615 2951 aliquanto
2634 2882 2913 2952 superius:
2935 2899 2953 2930 ς
2977 2881 3281 2947 Quaerimus
3299 2879 3444 2935 enim
3458 2879 3724 2934 mcrilunt
3748 2876 3854 2949 37

2252 2974 2624 3028 obdurationis
2661 2983 2717 3027 et
2749 2973 3082 3034 invenimus;
3113 2972 3322 3027 merito
3358 2985 3592 3041 namque
3643 2966 3854 3040 peccati

2256 3066 2506 3118 universa
2552 3079 2728 3117 massa
2766 3064 3021 3119 damnata
3056 3072 3162 3118 est.
3187 3062 3300 3119 Nec
3325 3062 3559 3117 obdurat
3584 3060 3856 3116 Deusiuu

2257 3154 2536 3224 pertiendo
2577 3153 2860 3218 malitiam,
2887 3148 2981 3208 sed
3011 3168 3116 3208 non
3151 3151 3509 3223 impcrtieudo
3536 3150 3856 3207 misericor-

2257 3243 2397 3297 diam
2423 3260 2438 3307 ;
2472 3243 2667 3313 quibus
2684 3243 2827 3299 enim
2855 3241 3581 3312 noniiupet'titurmeedigni
3599 3248 3853 3296 suntme

2259 3349 2500 3393 mercatu
2509 3355 2551 3402 r,
2579 3353 2642 3393 ac
2664 3338 2844 3407 potius
2857 3347 3034 3392 utnon
3058 3336 3397 3404 impertiatur
3412 3337 3515 3391 hoc
3527 3335 3684 3405 digni
3706 3342 3849 3395 sunt.

2257 3430 2360 3485 hoc
2389 3438 2679 3485 merentur.
2708 3428 3012 3495 Quaerimus
3032 3437 3214 3483 autem
3239 3428 3490 3483 meritum
3532 3428 3851 3483 misericor-

2257 3522 2377 3584 diae,
2403 3536 2503 3576 nec
2529 3521 2857 3586 invenimus,
2882 3536 3007 3589 quia
3030 3519 3233 3573 nullum
3255 3529 3359 3582 est,
3389 3534 3458 3574 ne
3499 3519 3682 3588 gratia
3722 3530 3848 3571 evao

2258 3620 2473 3677 cuetur,
2493 3611 2535 3665 si
2576 3626 2681 3665 non
2708 3611 2877 3681 gratis
2897 3612 3148 3675 dona-tur,
3174 3610 3270 3666 sed
3294 3610 3506 3665 meritis
3530 3608 3794 3664 redditur.
3824 3623 3845 3657 ι

2261 3702 2326 3756 Ει
2356 3702 2480 3756 item
2506 3702 2653 3756 idem
2678 3711 2898 3757 sanctus
2917 3702 3248 3771 Augustinus
3274 3702 3327 3755 in
3354 3701 3494 3755 libro
3537 3700 3609 3755 de
3631 3698 3849 3755 Praede-

2260 3793 2549 3849 slinatiouc
2585 3792 2771 3862 gratiae
2799 3794 2936 3862 (cap.
2966 3794 3058 3863 2);
3089 3812 3107 3844 ι
3149 3792 3400 3848 Occurrit
3434 3791 3577 3847 enim
3616 3805 3720 3846 cur
3756 3802 3848 3856 pe-

2262 3895 2417 3939 reant
2450 3899 2517 3939 ex
2545 3883 2631 3936 his
2653 3881 2843 3951 aliqui,
2868 3898 2989 3936 eum
3015 3882 3370 3953 Omnipotens
3388 3896 3578 3936 omnes
3602 3879 3848 3934 homines

2262 3976 2436 4033 salvos
2463 3975 2577 4030 ﬁeri
2606 3974 2754 4037 velit,
2798 3983 2855 4028 et
2897 3973 2949 4026 in
2980 3974 3309 4043 agnitionem
3349 3971 3595 4031 veritatis
3642 3970 3843 4027 venire.

2263 4058 2465 4125 Deinde
2505 4084 2602 4123 cur
2649 4082 2836 4122 rursus
2876 4067 3095 4121 induret
3132 4065 3267 4122 alios
3300 4066 3556 4122 misertus
3591 4065 3847 4126 aliorum,

2264 4171 2357 4217 aut
2379 4161 2647 4230 quomodo
2670 4175 2860 4215 omnes
2886 4158 3136 4214 homines
3170 4157 3297 4212 velit
3331 4157 3509 4212 salvos
3544 4156 3688 4222 fieri,
3726 4165 3848 4210 eum

2265 4255 2378 4324 ipse
2412 4253 2697 4309 nonnullos
2737 4267 2805 4307 ne
2844 4251 3121 4307 solventur
3154 4250 3391 4305 induret.
3421 4268 3442 4303 ι
3483 4249 3552 4304 Et
3582 4258 3706 4320 post
3746 4243 3849 4299 ali-

2265 4358 2464 4414 quanta
2491 4345 2627 4415 (cap.
2646 4343 2701 4415 5)
2733 4362 2746 4398 ε
2780 4364 2798 4394 ι
2824 4344 2882 4398 Si
2905 4357 3056 4412 ergo,
3075 4352 3133 4396 ut
3154 4340 3506 4412 apparuit,de
3525 4337 3847 4421 pragvarica-

2270 4435 2403 4491 toris
2432 4436 2636 4490 semine
2679 4450 2869 4490 omnes
2914 4436 3192 4490 nascimur
3234 4435 3543 4498 debitores,
3587 4431 3843 4502 quoniam

2269 4529 2321 4580 in
2373 4529 2484 4597 ipso
2545 4544 2745 4590 omnes,
2805 4527 2947 4582 sicut
3001 4527 3079 4581 ait
3131 4525 3443 4595 Apostolus,
3501 4527 3842 4595 peccaverunt

2269 4620 2448 4689 (Rom.
2480 4636 2561 4683 ιιι,
2591 4619 2700 4685 fi),
2724 4629 2779 4673 et
2809 4619 2923 4688 ipso
2937 4616 3051 4686 jam
3075 4618 3127 4672 in
3154 4617 3419 4688 principio
3452 4615 3595 4672 unde
3624 4614 3844 4670 deseeuv

2267 4710 2446 4765 dimus
2487 4724 2664 4765 massa
2717 4709 2971 4764 damnata
3015 4717 3119 4774 est,
3166 4707 3344 4763 nullus
3393 4708 3460 4763 de
3498 4706 3700 4762 duritia
3725 4718 3840 4766 sua,

2269 4804 2446 4858 nullus
2464 4803 2532 4857 de
2556 4818 2715 4872 pcena
2739 4802 2995 4871 conqueri
3023 4803 3235 4867 audeat,
3261 4816 3381 4870 quae
3407 4801 3572 4857 etiam
3596 4816 3704 4857 non
3722 4796 3841 4854 esi-

2271 4893 2540 4949 stcutibus
2561 4895 2796 4963 peccatis
2826 4892 3081 4962 propriis,
3108 4891 3221 4946 sola
3244 4891 3500 4946 nascendi
3539 4889 3843 4946 conditione

2269 4989 2515 5044 debetur.
2562 4987 2714 5053 Quod
2763 5002 2892 5041 vero
2940 4986 3081 5041 Deus
3123 4986 3245 5040 aliis
3293 4985 3528 5056 gratuita
3565 4982 3842 5039 vocatione

2271 5080 2545 5135 conversis
2569 5078 2996 5143 niisericordiam
3036 5078 3264 5147 largitur
3287 5077 3604 5141 indebitam,
3646 5090 3753 5131 non
3774 5068 3841 5125 ad

2271 5170 2659 5241 dispensatoris
2703 5168 3044 5237 iniustitiam,
3088 5169 3183 5224 sed
3222 5170 3291 5225 ad
3328 5169 3580 5224 donantis
3630 5162 3838 5223 miseri-

2270 5262 2642 5318 cordissimam
2684 5259 3062 5316 liberalitatem
3102 5262 3351 5317 veritatis
3375 5262 3585 5316 ratione
3607 5257 3841 5315 referet!»

2270 5353 2398 5407 dum
2464 5362 2570 5407 est.
2601 5371 2621 5404 ι
2679 5352 2746 5405 Ει
2786 5352 2944 5421 paulo
2984 5361 3107 5422 post
3161 5352 3298 5421 (cap.
3349 5351 3406 5421 4)
3460 5367 3473 5404 :
3509 5370 3528 5403 ι
3557 5349 3838 5417 Itaque-ex

2271 5443 2550 5513 superiore
2602 5443 2760 5513 hujus
2782 5452 2936 5513 parte
2973 5441 3253 5498 sententiae
3299 5456 3406 5511 qua
3432 5442 3585 5498 dicit.
3614 5436 3712 5495 Uni
3734 5429 3840 5489 uult

2272 5532 2748 5603 miseretaniom.
2791 5549 2869 5598 ix,
2911 5533 3025 5603 l8),
3070 5543 3201 5602 puto
3220 5533 3365 5602 quod
3384 5522 3841 5587 nullosnisiindi‘

2275 5640 2412 5695 gnos
2436 5625 2806 5679 misericordia
2835 5625 3033 5680 audeat
3075 5626 3373 5694 disputare.
3409 5624 3563 5691 Quod
3600 5635 3727 5676 vero
3761 5628 3840 5670 se-

2278 5716 2635 5785 quitur,quem
2651 5717 2758 5771 vult
2774 5717 2983 5773 indura:
3002 5717 3200 5787 (ibid.),
3218 5717 3288 5773 ibi
3310 5714 3586 5788 paululum
3606 5713 3841 5769 lnunalm
