4052 6334
210 336 321 392 Ιοῒ

995 335 1083 391 DE
1119 331 1787 392 PREDESTINATIONE
1827 332 2280 394 DISERTATIO
2317 336 2729 397 POSTERIOR.

3398 348 3505 405 102

206 443 419 500 mentis
440 442 674 498 Intentio
698 443 850 499 verbi
886 444 1123 498 novitate
1142 443 1514 498 confunditur.
1546 444 1653 499 Sed
1696 461 1802 500 non
1834 453 1879 511 Α
1908 447 2200 517 perituros,
2223 460 2278 503 et
2294 450 2517 507 solvatis
2540 468 2677 523 quos
2697 453 2749 508 in
2775 452 2863 509 illa
2887 465 3095 513 secreta
3111 473 3208 514 sua
3232 460 3501 517 electione

207 536 285 592 ita
334 537 746 607 intelligendum
790 548 895 601 est,
950 538 1102 608 quasi
1138 537 1281 592 Deus
1306 539 1354 590 in
1386 537 1609 591 homine
1637 539 1807 606 ipsam

207 644 336 700 qua:
358 644 468 683 non
507 637 654 684 esset
697 629 954 683 duritiam
999 630 1176 683 cordis
1216 638 1489 698 operetur.
1537 628 1675 695 Quid
1722 636 1808 683 est

204 720 363 776 enim
385 720 535 775 aliud
560 721 757 775 duritia
782 737 941 791 quam
971 721 1063 775 Dei
1095 721 1318 775 obviare
1357 719 1669 775 mandatis?
1697 740 1714 773 ›
1742 722 1812 776 Et

199 817 327 880 post
351 825 527 879 pauca
557 827 571 863 :
608 829 628 861 ‹
654 810 796 881 Ergo
819 811 1079 880 quidquid
1118 818 1244 881 post
1286 810 1433 865 illam
1475 811 1801 880 praevarica-

203 904 418 958 tionem
443 909 609 956 natus
628 901 874 971 supplicii
901 902 1061 955 homo
1100 901 1324 970 patitur,
1347 899 1494 968 juste
1517 901 1665 956 reddi
1702 917 1809 957 me-

204 996 430 1065 ritoque
458 994 714 1049 fateatur.
762 995 1022 1049 lndurate
1069 995 1215 1049 enim
1259 995 1459 1049 dicitur
1504 994 1646 1049 Deus
1681 1010 1805 1048 eum

201 1101 370 1157 quem
396 1085 618 1141 mollire
646 1085 898 1148 noluerit,
924 1086 1003 1140 sic
1040 1086 1204 1140 etiam
1230 1099 1507 1140 excmcarc
1548 1087 1807 1141 dicendus

204 1186 289 1231 est
318 1190 455 1231 eum
487 1191 650 1246 quem
675 1176 980 1232 illuminare
1013 1178 1270 1239 noluerit,
1317 1177 1397 1233 sic
1437 1179 1600 1233 etiam
1633 1178 1805 1248 repel«

202 1268 317 1323 lere
342 1283 475 1323 eum
497 1282 659 1338 quem
682 1283 877 1323 vocare
898 1269 1151 1323 noluerit.
1185 1269 1330 1335 Quos
1370 1270 1508 1323 enim
1532 1270 1806 1340 prmdesti-

200 1360 368 1420 navit.
400 1358 529 1412 illos
550 1367 599 1412 et
624 1359 856 1424 vorarit;
877 1368 925 1412 et
961 1375 1090 1429 quos
1113 1360 1334 1422 vocavit,
1367 1358 1487 1413 illos
1528 1370 1576 1413 et
1597 1358 1805 1429 justi/i-

200 1452 340 1506 cavil
367 1450 561 1522 (Rom.
606 1466 724 1516 vm,
768 1449 883 1519 29).
937 1450 1004 1504 Et
1046 1459 1169 1519 post
1198 1449 1471 1519 aliquanta
1502 1448 1642 1519 (cap.
1695 1449 1801 1520 6):

200 1543 331 1598 llzec
371 1543 625 1613 quidem,
667 1551 928 1613 quantum
975 1541 1041 1595 ad
1084 1541 1209 1596 lidei
1256 1540 1550 1615 regulam“
1579 1542 1804 1596 Domino

200 1633 560 1688 illmninante
586 1633 675 1703 pie
695 1633 837 1687 dicta
868 1633 995 1688 sint.
1024 1631 1130 1688 Sed
1149 1632 1263 1701 jam
1288 1633 1448 1688 video
1488 1634 1802 1704 quidetiam

197 1725 329 1780 hinc
353 1724 703 1779 calumniosa
726 1724 965 1792 pravitas
995 1725 1165 1795 possit
1199 1738 1491 1794 opponere.
1542 1723 1803 1794 Sequitur

1912 539 2224 607 praescierat
2261 555 2383 596 esse
2424 543 2728 610 salvattdos,
2769 554 2883 602 toto
2908 549 3040 604 orbe
3088 551 3279 607 diﬂ‘usa
3313 555 3498 609 mtdtio

1911 628 2206 698 plicaretur
2252 631 2515 687 Ecclesia.
2545 635 2833 693 Gratulare
2859 654 3011 711 ergo,
3037 643 3346 712 quicunque
3373 646 3496 700 illu-

1914 719 2150 777 minatus
2174 737 2255 788 es,
2294 734 2349 779 et
2378 728 2609 796 gratiam
2661 745 2822 799 quam
2867 748 2973 788 non
3005 735 3306 792 merebaris
3331 753 3500 809 agno-

1910 826 2004 867 sce
2034 831 2047 866 :
2072 828 2244 883 gente,
2274 818 2583 889 quicunque
2609 820 2894 877 induratus
2913 840 2992 890 es,
3015 838 3068 881 et
3086 825 3352 896 justitiam
3368 846 3499 887 con-

1910 905 2087 962 ﬁtere.
2122 910 2237 974 Die,
2268 912 2580 984 quicunque
2607 916 2675 968 ab
2703 916 2952 986 originali
2992 923 3239 991 contagio
3283 924 3498 981 lavacro

1909 997 2100 1066 gratia:
2122 1007 2174 1053 te
2208 1000 2460 1070 gloriaris
2483 1005 2723 1059 ablutum
2767 1023 2780 1060 :
2817 1007 3119 1065 Misericors
3147 1024 3194 1066 et
3218 1016 3498 1071 miserator

1908 1086 2188 1154 Dominus,
2215 1092 2420 1161 patiens
2444 1103 2493 1148 et
2513 1095 2694 1150 multa:
2714 1098 3092 1154 misericordiae
3110 1142 3125 1167 ,
3168 1120 3271 1157 non
3306 1123 3495 1161 secun-

1906 1179 2034 1233 dum
2054 1194 2265 1251 peream
2291 1195 2469 1241 nostra
2493 1188 2614 1257 fecit
2654 1190 2824 1254 nobis,
2863 1207 3025 1262 neque
3077 1198 3361 1257 secundum
3395 1200 3499 1253 ini-

1905 1272 2128 1339 quitates
2187 1286 2396 1331 nostras
2430 1280 2668 1333 retribuit
2711 1282 2859 1336 nobis
2911 1282 3083 1354 (Psal.
3116 1302 3209 1351 cu,
3243 1288 3354 1359 10).
3379 1289 3494 1354 Dic,

1906 1361 2214 1432 quicunque
2241 1365 2537 1433 damnaris,
2554 1369 2736 1437 justus
2781 1388 2854 1435 es,
2882 1372 3125 1440 Domine,
3149 1378 3203 1431 in
3255 1379 3497 1432 onmibus

1904 1468 2023 1521 quae
2056 1454 2227 1522 fecisti
2256 1460 2428 1523 nobis,
2450 1468 2498 1513 et
2523 1462 2700 1514 omnia
2714 1463 2924 1531 Indicia
2948 1475 3038 1519 tua
3077 1484 3195 1520 rora
3219 1467 3380 1537 (Dan.
3412 1486 3495 1533 III,

1904 1543 2022 1614 27),
2048 1546 2173 1614 quia
2201 1547 2254 1601 in
2284 1551 2512 1605 veritate
2539 1560 2595 1605 et
2614 1550 2822 1620 judicio
2853 1557 3275 1625 superiniuxisti
3313 1563 3495 1615 omnia

1908 1635 2022 1687 hsce
2067 1646 2286 1707 propter
2305 1650 2527 1708 peccata
2579 1652 2785 1699 nostra.
2822 1666 2841 1698 ι
2896 1648 2961 1702 Ει
3017 1651 3145 1703 item
3206 1651 3256 1704 in
3304 1654 3495 1707 eodem

1908 1725 2044 1795 (cap.
2075 1728 2130 1798 ϐ)
2161 1745 2173 1780 :
2199 1748 2217 1779 ι
2244 1729 2355 1799 ligo
2378 1742 2552 1786 autem
2575 1734 2835 1790 indurabo
2858 1755 2949 1791 cor
2971 1736 3268 1794 Pharaonis
3295 1741 3492 1811 (Exod.

198 1814 371 1879 enim,
420 1823 486 1867 ut
514 1814 562 1869 si
583 1828 679 1871 eos
708 1828 846 1883 quos
886 1815 1294 1883 prmdestinavit
1318 1815 1438 1870 illas
1484 1824 1540 1870 et
1571 1819 1804 1883 vocavit,
1839 1815 1881 1875 Β
1911 1832 1983 1882 ιν,
2010 1818 2074 1872 21
2108 1824 2147 1890 ).
2179 1820 2318 1887 Quid
2351 1832 2436 1878 est
2462 1824 2729 1880 indurabo
2760 1828 2860 1882 nisi
2889 1845 2994 1883 non
3020 1831 3295 1885 molliam?
3320 1834 3497 1903 Appa-

197 1915 251 1959 εει
278 1906 326 1960 si
371 1919 476 1960 eos
514 1921 653 1976 quos
677 1907 891 1961 vocavit
931 1906 1051 1962 illos
1103 1915 1160 1961 et
1195 1907 1533 1977 justiﬂcavit,
1566 1910 1660 1978 qui
1699 1925 1801 1965 nec

196 1998 584 2069 pmdestinati
629 2012 728 2053 nec
774 1999 973 2063 vocati,
1024 2014 1087 2054 ac
1119 2014 1218 2069 per
1256 2002 1359 2056 hoc
1385 2016 1486 2056 nec
1514 1999 1800 2069 iustiﬁcati

197 2100 347 2154 sunt,
376 2091 455 2145 ab
479 2090 631 2145 οηιιιί
660 2090 817 2161 culpa
845 2092 1078 2148 debeant
1119 2108 1240 2148 esse
1276 2094 1611 2159 innocentes,
1661 2094 1799 2163 inju-

196 2190 393 2252 steque
443 2182 517 2236 ab
551 2182 631 2237 eis
684 2196 785 2252 pro
813 2183 939 2237 vitae
965 2185 1229 2254 pravitate
1266 2193 1560 2240 transactae
1604 2185 1657 2240 in
1708 2187 1800 2242 illo

195 2273 503 2344 agnitionis
541 2273 628 2328 die
666 2273 776 2327 sint
813 2275 1081 2342 poscentia
1143 2275 1424 2345 supplicia.
1474 2276 1629 2330 Dicat
1677 2277 1798 2333 istis

196 2363 486 2433 apostolus
529 2362 750 2428 Paulus,
795 2363 1050 2436 Nunquid
1104 2366 1355 2437 iniquitas
1407 2367 1550 2436 apud
1585 2366 1802 2422 Deum?

196 2454 373 2524 (Rom.
408 2471 491 2518 lx,
522 2456 609 2525 Η)
660 2457 841 2512 statim
866 2458 980 2527 ipse
1002 2462 1343 2528 respondeat,
1373 2460 1527 2514 absit.
1557 2460 1800 2531 Cumque

196 2548 297 2604 hoc
334 2547 515 2603 fuerit
546 2548 600 2602 in
626 2548 862 2603 hominis
893 2559 1074 2603 mente
1105 2566 1235 2604 sana
1267 2550 1466 2620 pietate
1491 2550 1797 2616 fundatum,

196 2640 341 2709 quod
368 2639 524 2694 nulla
547 2640 618 2694 sit
659 2640 917 2710 iniquitas
966 2641 1103 2709 apud
1154 2642 1340 2705 Deum,
1392 2641 1466 2696 ita
1513 2641 1793 2711 intelligat,

195 2729 292 2784 Cui
312 2731 435 2785 vult
463 2733 744 2784 miseretur
764 2740 812 2784 et
830 2747 982 2800 quem
1004 2731 1111 2784 vult
1138 2732 1373 2796 indurat,
1406 2732 1562 2802 quasi
1588 2731 1797 2786 dicere-

197 2834 283 2877 tur
303 2841 321 2878 :
356 2822 463 2878 Cui
489 2824 604 2877 vult
632 2826 943 2890 miseretur,
972 2824 1056 2878 cui
1083 2841 1187 2878 non
1212 2825 1322 2877 vult
1350 2840 1454 2879 non
1487 2825 1794 2878 miseretur.

194 2915 449 2983 itemque
470 2915 576 2969 hoc
597 2915 772 2985 ipsum
798 2916 869 2969 ita
898 2932 1083 2970 rursus
1106 2916 1386 2985 intelligat,
1414 2916 1563 2982 quasi
1587 2916 1797 2969 dicere-

198 3013 283 3059 tur
316 3023 331 3058 :
379 3003 481 3059 Cui
512 3004 629 3058 vult
649 3004 836 3071 dOIlal,
864 3014 921 3060 et
943 3022 972 3060 a
997 3006 1109 3077 33
1128 3021 1234 3075 quo
1261 3006 1371 3059 vult
1408 3005 1647 3059 debitum
1675 3020 1799 3073 pos-

195 3096 288 3149 cit.
322 3095 489 3163 Quod
539 3096 630 3166 qui
662 3097 844 3152 dicere
869 3107 1177 3166 perseverat
1218 3096 1493 3165 injustam,
1537 3097 1606 3151 ab
1652 3100 1797 3169 Apo-

197 3189 335 3243 stolo
364 3189 577 3253 audiat,
613 3188 657 3242 0
686 3190 862 3255 homo,
883 3200 937 3244 tu
961 3193 1077 3262 quis
1099 3209 1173 3256 es,
1201 3192 1289 3261 qui
1313 3191 1623 3261 respondeas
1649 3166 1796 3245 Deo?
1822 3166 1866 3228 Ο

196 3279 382 3352 (Rom.
414 3281 625 3351 13,20.)
648 3280 898 3352 Congrue
924 3284 1189 3353 siquidem
1221 3282 1525 3353 hujusmodi
1556 3282 1796 3352 impieta-

197 3380 303 3426 tem
340 3372 643 3441 apostolica
672 3374 910 3429 retundit
954 3377 1271 3441 auctoritas,
1297 3384 1507 3430 tantum
1534 3376 1602 3432 de
1628 3392 1793 3448 exag-

197 3464 484 3531 geratione
506 3466 784 3520 nominum
815 3467 1022 3537 pondus
1046 3468 1336 3531 incutiens,
1379 3485 1501 3524 cum
1548 3470 1698 3535 dicit,
1746 3471 1792 3526 0

194 3555 377 3619 homo,
403 3566 460 3609 tu
484 3556 602 3627 quis
629 3574 706 3622 es,
754 3559 844 3628 qui
874 3560 1187 3629 respondeas
1220 3560 1368 3615 Deo?
1396 3575 1429 3615 ο
1465 3561 1626 3618 homo
1657 3565 1789 3628 Deo,

196 3648 375 3705 lutum
430 3650 633 3720 ﬁgulo?
694 3651 982 3722 Suljungit
1034 3655 1178 3708 enim
1251 3655 1392 3710 idem
1456 3656 1787 3726 Apostolus:

200 3739 466 3811 Nunquid
516 3743 643 3795 dicit
675 3742 979 3812 ﬁgmentum
1019 3744 1068 3798 ei
1119 3745 1209 3816 qui
1253 3763 1303 3800 se
1328 3746 1686 3817 ﬁnxit,qaare
1716 3748 1792 3802 sic

197 3845 277 3883 tne
314 3832 538 3899 [et-isti?
581 3844 671 3886 aut
702 3850 803 3887 non
845 3834 997 3888 habet
1032 3845 1334 3904 potestate»:
1382 3837 1579 3908 ﬁgulus
1609 3837 1705 3891 luti
1727 3855 1792 3893 ea:

196 3923 380 3975 eadem
429 3940 608 3978 massa
657 3925 828 3995 facere
875 3926 1021 3979 aliud
1062 3929 1269 3997 quidem
1315 3946 1401 3983 ras
1440 3931 1493 3983 in
1517 3930 1786 3995 honorem,

196 4013 346 4065 aliud
370 4015 426 4067 in
454 4018 820 4070 contumeliam
845 4018 871 4070 Ρ
897 4037 914 4067 ι
949 4017 1013 4072 Ει
1062 4028 1183 4087 post
1223 4019 1502 4089 sequentia
1530 4020 1666 4091 (cap.
1702 4020 1787 4085 l5,

197 4104 329 4177 i5):
366 4125 385 4156 ι
439 4105 700 4163 Dominus
748 4118 934 4164 noster
967 4108 1124 4165 Jcsus
1153 4110 1404 4166 Christus
1448 4110 1619 4166 Filius
1668 4111 1782 4176 Dei,

194 4192 438 4250 Verbum
474 4195 652 4251 Patris
676 4198 881 4268 :eqnalc
918 4207 973 4253 et
1011 4209 1338 4254 coarternum
1370 4199 1539 4266 Patri,
1586 4209 1785 4254 semet-

195 4289 371 4356 ipsum
421 4290 717 4343 exinanivit
764 4289 993 4345 formam
1026 4292 1168 4346 servi
1220 4293 1515 4364 accipiens,
1567 4303 1621 4348 et
1662 4310 1784 4350 cun]

193 4393 484 4447 peccatum
502 4382 616 4452 ipse
645 4398 749 4437 non
773 4394 941 4448 esset,
962 4385 1136 4439 lactus
1165 4387 1438 4456 assumpta
1466 4402 1630 4441 carne
1661 4403 1788 4457 pec-

193 4481 401 4536 catum,
427 4481 489 4525 ut
511 4485 734 4542 peccato
760 4476 941 4531 carnis
992 4477 1209 4532 homine
1250 4488 1441 4532 sanato
1501 4490 1781 4549 peccatum

192 4563 483 4618 damnaret
517 4565 571 4619 in
602 4580 786 4630 carne,
814 4566 961 4621 venit
981 4583 1222 4639 quaerere
1245 4569 1387 4640 quod
1411 4571 1665 4640 perierat,
1698 4587 1784 4625 sa-

194 4676 327 4716 nare
351 4660 499 4730 quod
527 4662 844 4731 :Bgrotabal,
870 4663 1080 4733 erigere
1118 4663 1259 4732 quod
1277 4663 1512 4733 jacebat,
1544 4673 1787 4734 potesta-

197 4762 300 4808 tem
336 4752 550 4807 habens
604 4752 877 4806 dimittere
932 4761 1175 4822 peccata,
1209 4754 1354 4822 quod
1399 4770 1504 4807 non
1553 4754 1786 4810 debebat

195 4844 419 4907 donare,
444 4840 589 4911 quod
609 4841 660 4896 ei
690 4842 984 4896 debebatur
1015 4841 1315 4912 ignoscere,
1343 4841 1641 4913 deletisque
1668 4860 1784 4897 om-

194 4930 353 4989 nibus
403 4934 610 4988 veteris
657 4933 828 5003 culpae
868 4934 1094 4989 maculis
1129 4949 1291 5004 quam
1324 4931 1528 4989 fecerat
1568 4942 1787 5004 reparat

192 5034 447 5079 naturam
480 5039 497 5078 :
530 5024 596 5079 de
620 5023 707 5079 his
728 5025 924 5095 quibus
952 5039 1166 5094 poenam
1196 5026 1460 5080 severitas
1493 5023 1639 5093 juste
1684 5027 1780 5081 de-

193 5124 477 5178 creverat,
533 5118 829 5172 secundum
894 5117 1218 5173 ineﬂabilem
1278 5117 1649 5188 dispositionis
1695 5135 1785 5177 oc-

192 5210 349 5265 cultae
403 5209 831 5265 misericordiam
874 5210 1037 5282 elegit
1067 5227 1193 5265 vasa
1223 5227 1343 5282 quae
1367 5210 1571 5267 faceret
1600 5213 1652 5267 in
1678 5213 1779 5267 bo-

192 5318 401 5368 norem,
424 5302 628 5358 etalios
644 5319 675 5357 a
690 5313 854 5358 ventu
864 5319 920 5359 ra
941 5304 1021 5358 ira
1037 5305 1181 5360 dono
1203 5305 1455 5375 gratuita:
1478 5305 1779 5362 vocationis

166 5396 444 5460 .absolvit,
472 5394 609 5451 alios
661 5396 1041 5467 derelinquens
1082 5398 1149 5452 ad
1172 5398 1497 5468 :equalitatis
1510 5396 1774 5465 judicium

195 5485 528 5551 reservavit;
557 5484 688 5541 nulli
714 5495 890 5543 tamen
913 5487 1266 5558 agnoscenda:
1291 5488 1536 5544 veritatis
1557 5487 1778 5543 abstulit

196 5573 503 5631 facultatem
531 5592 546 5630 :
591 5586 646 5631 et
672 5577 745 5630 ita
772 5576 1045 5647 plenitudo
1078 5578 1274 5633 divina:
1304 5577 1685 5649 praescientirc,
1723 5576 1778 5631 in
1810 5640 1823 5651 ι

195 5666 323 5723 alios
353 5666 911 5737 manantcjustitia,iu
934 5670 1070 5725 alios
1097 5670 1273 5741 gratia
1301 5670 1602 5739 proﬂuente
1625 5686 1776 5726 com-

197 5757 329 5821 pleta
370 5768 477 5824 est,
527 5769 585 5815 ut
607 5760 956 5825 pereuntibus
974 5776 1109 5827 quos
1147 5760 1463 5828 prmsciorat
1489 5761 1631 5819 Deus
1656 5777 1778 5819 esse

1812 4524 1861 4582 D

1906 1919 1990 1964 ret
2017 1913 2161 1965 enim
2192 1914 2244 1967 in
2286 1914 2423 1970 alios
2474 1927 2728 1973 manante
2759 1919 2994 1986 justitia,
3036 1921 3087 1975 in
3135 1923 3271 1977 alios
3315 1926 3489 1993 gratia

1900 2002 2220 2072 proﬂuente,
2254 2005 2548 2077 Scriptura:
2597 2008 2737 2065 illius
2766 2012 3093 2065 sententiam
3136 2013 3304 2068 fuisse
3334 2029 3491 2070 com-

1901 2096 2125 2165 pletam,
2170 2114 2275 2167 qua
2300 2101 2431 2154 dicit
2455 2099 2594 2155 Deus
2621 2102 2908 2164 Pharaoni,
2940 2102 3005 2156 In
3031 2105 3130 2157 Itoc
3158 2104 3327 2174 ipsum
3349 2109 3493 2160 exci-

1901 2187 2007 2239 tari
2036 2200 2104 2252 te,
2157 2198 2212 2241 ut
2248 2191 2521 2245 ostendant
2562 2193 2616 2245 in
2658 2202 2709 2246 te
2744 2194 2984 2247 virtutem
3022 2211 3210 2258 meam,
3242 2207 3288 2251 et
3315 2206 3370 2250 ut
3391 2213 3491 2251 an-

1901 2281 2171 2333 nuntietur
2196 2297 2381 2335 nomen
2428 2300 2599 2336 meum
2645 2285 2699 2338 in
2736 2285 2976 2339 universa
3006 2297 3146 2340 terra
3184 2287 3385 2358 (Exod.
3413 2306 3492 2356 Ix,

1900 2370 2010 2441 lli).
2044 2371 2239 2427 Utente
2261 2373 2404 2428 enim
2434 2374 2544 2429 Deo
2580 2376 2719 2431 bene
2752 2379 2915 2431 etiam
2940 2378 3114 2447 malis,
3146 2380 3486 2438 induratione

1899 2461 2213 2518 Pharaonis.
2239 2464 2461 2534 ﬂagellis
2494 2465 2736 2538 .Egvpti,
2779 2476 2835 2524 et
2884 2478 2957 2523 tot
3006 2486 3071 2525 ac
3118 2474 3281 2526 tantis
3309 2475 3363 2528 in
3394 2475 3485 2529 illa

1899 2562 2058 2620 gente
2084 2555 2359 2611 miraculis
2386 2558 2588 2611 oariter
2619 2561 3021 2630 acervatimque
3044 2563 3322 2632 perfectis,
3356 2565 3487 2634 quid

1899 2643 2045 2698 aliud
2076 2654 2287 2715 gestum
2315 2656 2418 2711 est,
2451 2662 2612 2717 quam
2647 2657 2707 2703 ut
2752 2651 2844 2704 Dei
2878 2652 3068 2717 virtus,
3104 2654 3243 2721 apud
3280 2669 3339 2710 se
3381 2671 3495 2710 ma-

1900 2750 2002 2805 gna
2029 2736 2082 2789 in
2106 2752 2164 2790 se
2206 2738 2360 2807 plena
2386 2778 2401 2803 ,
2440 2740 2505 2792 ad
2532 2740 2752 2794 humani
2785 2742 3001 2809 generis
3024 2743 3272 2798 notitiam
3300 2761 3490 2816 perve—

1903 2826 2067 2890 niret,
2093 2843 2197 2881 non
2228 2828 2357 2891 Deo,
2394 2829 2486 2883 sed
2519 2830 2649 2899 ipsis
2676 2832 3036 2902 relegentibus
3060 2842 3119 2888 ut
3141 2836 3489 2895 credentibus

1900 2917 2254 2988 profutura?»
2284 2920 2348 2975 Et
2369 2937 2436 2991 po
2470 2930 2489 2976 t
2519 2939 2687 2993 pauca
2719 2924 2858 2995 (cap.
2889 2925 2943 2997 7)
2973 2943 2986 2978 :
3022 2946 3041 2978 ‹
3076 2927 3189 2983 Hoc
3211 2930 3379 2984 etiam
3402 2931 3486 2986 di-

1898 3010 2039 3063 vina:
2091 3013 2372 3079 potestatis
2439 3014 2492 3068 in
2562 3014 2839 3070 hominum
2896 3018 3162 3076 electione
3219 3020 3485 3090 judicium

1898 3102 2059 3171 paulo
2110 3115 2238 3157 ante
2305 3118 2741 3161 commemorans
2804 3106 2997 3166 beatus
3059 3111 3350 3182 Apostolus
3390 3130 3485 3168 ro-

1896 3194 2223 3251 bustissimis
2263 3195 2374 3267 39
2414 3199 2736 3253 monstravit
2778 3201 3072 3273 exemplis,
3118 3219 3240 3259 cum
3278 3206 3344 3261 de
3382 3205 3491 3261 Re-

1895 3286 2074 3341 beccae
2096 3296 2251 3357 partu
2281 3290 2459 3344 adhuc
2485 3290 2629 3345 intra
2658 3300 2870 3348 uterum
2896 3295 3192 3352 constituto
3221 3308 3390 3354 totum
3420 3300 3486 3356 ad

1896 3376 1990 3429 Dei
2023 3378 2250 3446 gratiam
2283 3378 2525 3434 referens
2555 3379 2885 3450 loqueretur.
2915 3382 3007 3439 Sic
3038 3385 3184 3440 enim
3225 3387 3302 3442 ait
3336 3405 3349 3440 :
3380 3387 3489 3443 Sed

1892 3478 1942 3522 et
1972 3467 2200 3523 Rebecca
2243 3486 2308 3523 ea:
2346 3487 2451 3525 uno
2491 3472 2768 3526 concubitu
2797 3474 2990 3529 habens
3019 3473 3175 3530 Isaac
3200 3478 3364 3547 patris
3395 3496 3487 3533 no-

1892 3558 2012 3622 stri,
2042 3575 2159 3611 cum
2192 3560 2422 3613 nondum
2453 3562 2565 3614 nati
2591 3560 2810 3631 fuissent
2842 3580 3006 3635 neque
3034 3566 3236 3637 aliquid
3263 3566 3487 3638 egissent

1891 3646 2013 3705 boni
2035 3661 2127 3705 aut
2152 3652 2298 3718 mali,
2326 3662 2381 3706 ut
2407 3654 2693 3708 secundum
2713 3654 3016 3711 electionem
3039 3659 3362 3728 propositum
3390 3656 3490 3713 Dei

1892 3754 2147 3809 maneret,
2177 3761 2280 3799 non
2310 3763 2376 3800 ea:
2402 3746 2668 3816 operibus,
2694 3748 2785 3802 sed
2825 3766 2890 3803 ea:
2929 3761 3144 3804 vocante
3168 3749 3365 3805 dictum
3389 3760 3487 3817 est,

1889 3836 2012 3904 quia
2045 3835 2218 3905 major
2246 3837 2429 3891 serriet
2465 3838 2687 3902 minori,
2730 3840 2866 3893 sicut
2899 3842 3150 3910 scriptum
3182 3852 3289 3907 est,
3318 3841 3486 3896 lat-ob

1890 3924 2075 3989 dilexi,
2122 3925 2267 3980 Esau
2310 3939 2485 3981 autem
2522 3928 2643 3982 odio
2684 3930 2846 3984 Imbui
2881 3930 3059 4002 (Rom.
3093 3948 3170 3996 lx,
3206 3932 3332 4002 l0);
3372 3942 3486 3986 sta-

1893 4015 2095 4084 timq-te
2122 4015 2382 4084 subjecit,
2432 4017 2571 4083 Quil
2603 4017 2882 4073 dicemus?
2932 4018 3190 4091 Nunquid
3237 4022 3488 4091 iniquitas

1889 4104 2031 4172 apud
2061 4103 2268 4159 Deum?
2310 4122 2623 4176 negansque
2669 4110 2969 4177 respondit,
3010 4109 3165 4164 absit.
3199 4130 3217 4163 ι
3260 4112 3327 4165 Et
3364 4120 3488 4183 post

1888 4194 2196 4264 aliquanta,
2228 4212 2349 4266 qua:
2384 4198 2595 4266 plenius
2639 4197 2811 4252 lector
2853 4199 2905 4252 in
2934 4200 3046 4253 suis
3083 4199 3217 4255 locis
3249 4202 3490 4258 inveniet

1890 4284 2027 4358 (cap.
2061 4287 2116 4357 8)
2144 4302 2158 4341 :
2196 4306 2214 4338 ‹
2242 4288 2665 4342 Ρνωίιρειὶιιιιιυε
2693 4299 2777 4342 est
2806 4305 2935 4360 ergo
2970 4288 3137 4345 εἰ.ιοοὺ
3166 4305 3263 4345 vas
3293 4293 3347 4345 in
3380 4292 3481 4348 ho.

1888 4370 2095 4442 norem,
2128 4381 2220 4435 sed
2249 4395 2355 4444 non
2387 4397 2452 4436 ex
2483 4383 2770 4451 Operibus,
2802 4381 2927 4451 quia
2959 4397 3064 4436 non
3093 4398 3159 4437 ex
3192 4384 3449 4452 operibus
3469 4426 3485 4449 ,

1888 4474 1981 4526 sed
2012 4488 2073 4526 ex
2106 4481 2330 4528 vocante
2360 4474 2561 4527 dictum
2592 4481 2695 4537 cst,
2730 4474 2903 4544 major
2933 4472 3133 4529 serviet
3163 4475 3376 4530 minori.
3417 4477 3488 4534 Et

1889 4580 1955 4618 nc
1986 4564 2126 4620 forte
2159 4581 2282 4618 vasa
2323 4565 2374 4619 in
2414 4564 2673 4619 honorem
2708 4566 3089 4637 prmdestinata
3128 4566 3328 4637 aliquid
3371 4569 3486 4624 suis

1887 4658 2097 4713 viribus
2127 4656 2412 4713 tribuendo
2441 4667 2701 4727 negarent
2734 4659 2960 4729 gloriam
2987 4660 3255 4729 Creatori,
3286 4662 3393 4716 alio
3419 4678 3484 4718 ea

1889 4750 2007 4805 loco
2034 4749 2324 4820 Apostolus
2356 4767 2476 4804 rasa
2507 4750 2882 4805 misericordia:
2909 4750 3184 4816 nominat,
3220 4761 3278 4807 ut
3312 4762 3484 4808 totum

1888 4840 2150 4912 quidquid
2198 4850 2384 4896 essent
2428 4839 2727 4896 secundum
2777 4842 3209 4898 misericordiam
3255 4860 3313 4899 se
3363 4861 3485 4900 esse

1888 4940 2297 5000 cognoscerent.
2332 4951 2349 4984 ι
2387 4932 2452 4986 Ει
2477 4940 2597 5002 post
2624 4947 2836 5001 pauca:
2873 4952 2891 4986 ι
2924 4934 3064 4990 Ecce
3099 4935 3153 4988 in
3182 4934 3287 4989 illis
3336 4932 3484 5001 juste

1886 5027 2108 5101 punitur
2134 5024 2423 5094 iniquitas,
2458 5025 2510 5078 in
2539 5025 2658 5080 istis
2685 5026 2854 5096 gratis
2881 5027 3024 5081 nulla
3047 5025 3255 5095 justitia
3286 5042 3481 5082 mune-

1884 5129 2056 5172 ratur.
2088 5135 2106 5168 ι
2150 5116 2214 5170 Et
2251 5117 2379 5170 item
2425 5118 2562 5187 (cap.
2600 5115 2728 5187 10):
2769 5136 2789 5170 t
2820 5118 2970 5173 Hanc
3006 5118 3188 5188 itaque
3225 5118 3482 5173 distribu-

1884 5207 2108 5272 tionem,
2140 5220 2245 5276 qua
2272 5194 2506 5262 diximus
2536 5223 2567 5261 a
2596 5207 2708 5262 Deo
2737 5207 2985 5263 homines
3016 5208 3175 5262 nullis
3204 5207 3479 5279 existenti-

1880 5299 1984 5355 bus
2013 5297 2221 5352 mcritis
2251 5298 2470 5363 vocari,
2501 5308 2557 5352 et
2588 5311 2809 5354 vocatos
2829 5340 2845 5365 ,
2876 5307 2936 5352 ut
2965 5298 3089 5352 lmni
3123 5297 3322 5367 aliquid
3351 5311 3479 5367 ope-

1887 5401 2094 5456 rentur,
2130 5390 2224 5445 Dei
2255 5391 2599 5446 adminiculis
2630 5392 2894 5463 indigere,
2937 5398 3152 5458 sumpto
3183 5389 3250 5444 de
3281 5388 3479 5444 veteri-

1885 5485 1989 5541 bus
2035 5483 2233 5539 litteris
2261 5484 2549 5554 Apostolus
2587 5490 2851 5539 monstrat
2879 5481 3146 5553 exemplo.
3182 5480 3474 5553 Postquam

1887 5575 2033 5631 illam
2073 5577 2140 5631 de
2167 5575 2375 5631 duobus
2404 5575 2632 5647 geminis
2660 5574 2977 5629 electionem
2998 5614 3014 5639 ,
3063 5573 3210 5628 omni
3259 5573 3474 5644 repulsa

1888 5666 2044 5723 laude
2071 5669 2389 5723 meritorum
2411 5707 2427 5731 ,
2460 5667 2528 5721 ad
2557 5666 2650 5722 Dei
2684 5666 2914 5737 gratiam
2933 5664 3304 5737 judiciumque
3331 5673 3477 5721 retu-

1887 5759 2049 5827 lerat,
2075 5759 2269 5816 videus
2298 5759 2427 5830 quid
2464 5758 2624 5830 impia
2665 5768 2848 5830 posset
2876 5759 3252 5831 blasphemare
3281 5765 3472 5831 garru-
