4052 6334
565 326 669 386 1115

1528 316 1858 376 HINCMARI
1897 311 2288 372 RHEMENSIS
2325 306 2867 366 ARCHIEPISCOPI.

3724 303 3833 359 104

561 440 709 504 litas,
727 416 892 499 dixit,
926 433 1180 505 Nunquid
1212 432 1461 501 iniquitas
1491 430 1631 499 apud
1664 427 1861 482 Deum?
1885 435 1937 480 et
1969 425 2147 493 sequi-
2176 429 2225 486 Α
2252 419 2498 474 homines
2518 427 2702 483 erant;
2728 425 2988 485 quantum
3012 416 3079 471 ad
3100 415 3437 486 dignitatem,
3463 414 3622 470 ambo
3644 429 3834 485 reges;

562 544 674 599 tur,
698 531 830 585 absit
847 549 865 590 ;
884 538 938 583 et
961 528 1114 596 quasi
1139 525 1412 580 diceretur
1428 522 1505 587 ei,
1528 519 1683 575 Unde
1705 516 1934 588 probas?
1957 529 2149 585 parum

561 622 775 695 putavit
799 619 1174 674 auctoritatem
1205 630 1319 669 sua:
1345 613 1523 667 valere
1554 610 1840 674 doctrinae,
1880 607 1984 662 nisi
2022 621 2150 660 sen-

565 713 787 768 tentiam
813 725 966 764 suam
989 707 1152 761 etiam
1180 705 1317 775 legis
1341 706 1562 761 doceret
1589 700 1856 770 exemplo.
1889 698 1981 754 Sic
2002 699 2149 753 enim

564 800 789 871 intelligi
818 798 985 853 voluit
1013 797 1157 866 quod
1196 795 1404 866 Moyses
1448 793 1693 853 dixerat,
1739 789 2022 844 Miserebor
2065 788 2151 841 cui

564 889 870 953 miserebor,
915 897 963 942 et
1013 884 1426 940 misericordiam
1460 880 1717 952 prwstabo
1745 881 1830 933 cui
1855 878 2150 932 misericors

565 977 939 1049 Ῑυενο-(Εωά.
986 991 1190 1037 xxxnt,
1234 973 1345 1038 19),
1385 981 1442 1026 ιιι
1478 972 1704 1041 primam
1736 986 1767 1023 a
1798 969 1910 1023 Deo
1940 968 2153 1022 miseri-
2198 1014 2217 1029 κ

567 1071 807 1129 cordiam
836 1068 1119 1123 vocatione
1155 1066 1439 1123 credamus
1478 1062 1788 1119 hominibus
1824 1058 2112 1131 praerogari
2134 1097 2150 1123 ,

567 1177 688 1231 quae
714 1160 828 1217 sola
858 1159 925 1213 ad
954 1166 1100 1212 recte
1129 1156 1414 1211 vivendum
1450 1170 1554 1209 non
1588 1153 1811 1216 sullicit,
1850 1153 1895 1208 si
1938 1153 2155 1206 deserat

570 1253 662 1322 qui
690 1251 922 1306 vocavit.
949 1248 1181 1318 Ideoque
1210 1246 1476 1311 additum,
1511 1257 1557 1300 et
1586 1243 2000 1299 misericordiam
2023 1259 2153 1313 prtu-

566 1340 712 1396 stabo
744 1339 829 1394 cui
856 1322 1148 1392 misericors
1174 1337 1323 1406 [uero
1345 1375 1362 1401 ,
1395 1345 1457 1389 ut
1489 1350 1521 1388 a
1559 1335 1670 1389 Deo
1717 1334 1887 1403 accipi
1928 1332 2154 1387 manife-

566 1438 711 1484 stum
750 1427 821 1482 sit
860 1426 1023 1482 etiam
1056 1426 1171 1496 ipsa
1204 1424 1589 1480 misericordiae
1622 1439 1816 1488 onera,
1863 1440 1983 1494 quae
2027 1439 2151 1478 cum

566 1518 815 1575 videmur
870 1515 1180 1586 impendere
1235 1516 1328 1570 Dei
1394 1515 1820 1571 misericordiam
1878 1529 2154 1583 promere-

568 1623 710 1662 mur.
742 1626 761 1658 ι
798 1606 863 1660 Ει
890 1606 1046 1676 paulo
1073 1613 1194 1675 post
1225 1623 1238 1657 :
1277 1624 1295 1654 ς
1330 1606 1384 1659 Si
1414 1619 1572 1673 quem
1602 1618 1731 1658 vero
1760 1611 1972 1668 movet,
2010 1600 2155 1671 quod

571 1714 677 1754 non
707 1712 917 1762 omnes,
950 1698 1113 1751 etiam
1146 1696 1214 1750 de
1239 1694 1322 1750 his
1349 1695 1440 1764 qui
1460 1695 1575 1765 jam
1604 1696 1776 1749 vocati
1807 1703 1953 1758 sunt,
1979 1693 2047 1747 ad
2068 1708 2154 1748 se-

2258 516 2520 577 quantum
2557 507 2626 562 ad
2660 521 2904 570 causam,
2942 507 3102 560 ambo
3138 506 3411 575 captivum
3449 505 3541 559 Dei
3579 506 3838 575 populum

2252 597 2622 670 possidentes;
2647 604 2911 665 quantum
2942 597 3008 649 ad
3034 610 3273 664 prunam,
3299 596 3459 650 ambo
3486 593 3707 665 flagellis
3727 595 3843 652 cle-

2254 696 2465 741 menter
2492 684 2773 739 admoniti.
2804 683 2946 750 Quid
2982 698 3111 753 ergo
3151 683 3285 738 fines
3321 699 3509 738 eorum
3545 684 3675 739 fecit
3715 699 3846 740 esus

2255 777 2519 841 diversos,
2551 775 2655 829 nisi
2684 774 2828 845 quod
2855 788 2995 829 unus
3023 790 3245 829 manum
3275 774 3366 828 Dei
3393 776 3631 830 sentiens
3660 776 3713 829 in
3748 791 3846 832 re-

2254 868 2570 924 cordatione
2596 866 2829 936 propriae
2859 866 3162 935 iniquitatis
3194 866 3477 935 ingemuit,
3506 867 3641 922 alter
3668 868 3848 925 libero

2255 968 2444 1015 contra
2488 959 2585 1013 Dei
2633 956 3197 1012 misericordissimam
3251 958 3537 1012 veritatem
3582 962 3852 1029 pugnavit

2256 1048 2518 1103 arbitrio?
2544 1048 2640 1102 llic
2665 1047 2974 1116 quicunque
3004 1048 3314 1116 respondet,
3339 1047 3417 1101 illi
3449 1057 3506 1103 ut
3534 1057 3848 1104 mutaretur

2257 1140 2495 1197 adfuisse
2521 1140 2760 1195 divinum
2779 1180 2794 1204 ,
2827 1140 2954 1195 huic
2979 1148 3037 1193 ut
3063 1140 3410 1195 induraretur
3437 1140 3671 1196 defuisse
3697 1155 3846 1211 pra:-

2257 1231 2479 1295 sidium,
2507 1238 2560 1285 et
2589 1231 2693 1285 hoc
2723 1228 2999 1284 contendit
3028 1227 3306 1298 injustum,
3333 1237 3552 1299 propter
3575 1229 3719 1299 quod
3748 1244 3847 1285 re-

2258 1339 2378 1377 rum
2409 1323 2645 1392 ipsarum
2676 1321 2812 1377 lines
2834 1322 2888 1375 in
2915 1321 3005 1375 Dei
3035 1325 3312 1375 voluntate
3338 1321 3674 1376 constituens
3702 1321 3853 1377 dixit

2256 1414 2544 1484 Apostolus
2573 1432 2586 1467 :
2622 1412 2718 1467 Cui
2747 1413 2851 1468 vult
2880 1414 3179 1478 ttiiseretur,
3224 1424 3271 1467 et
3296 1429 3445 1483 quem
3486 1413 3596 1467 vult
3624 1414 3850 1469 indurat

2259 1505 2438 1577 (llam.
2467 1521 2543 1571 lx,
2579 1505 2687 1573 18),
2723 1506 2937 1560 dicente
2962 1506 3128 1560 etiam
3155 1505 3385 1560 Domino
3409 1520 3423 1558 :
3450 1504 3576 1561 Sine
3600 1522 3684 1560 me
3711 1506 3852 1561 nihil

2256 1597 2469 1667 potestis
2500 1590 2673 1666 facere
2705 1594 2887 1666 (Joan.
2912 1594 3026 1667 xv),
3075 1595 3341 1668 intelligat
3379 1596 3482 1652 ista
3525 1598 3710 1653 omnia
3760 1597 3855 1653 vel

2258 1690 2548 1760 adiuvante
2578 1689 2804 1743 Domino
2834 1687 3042 1758 perlici,
3075 1688 3157 1742 vel
3185 1688 3468 1745 deserente
3495 1689 3759 1759 permitti,
3787 1698 3857 1743 ut

571 1790 800 1845 cundam
825 1791 1076 1861 gratiam,
1107 1789 1160 1843 id
1185 1797 1268 1842 est
1296 1791 1362 1842 ad
1389 1797 1536 1842 recte
1561 1786 1774 1841 vivendi
1806 1788 2004 1841 donum
2033 1800 2151 1854 per-
2186 1792 2231 1852 Β
2261 1780 2472 1835 noverit
2498 1786 2676 1833 tamen
2704 1779 2920 1832 nolente
2946 1793 3012 1833 eo
3038 1779 3168 1833 nihil
3196 1780 3674 1857 prorsusoadmitti.
3708 1800 3729 1834 ι
3779 1780 3859 1835 Et

570 1880 755 1935 venire
785 1890 1117 1940 mereantur.
1150 1878 1288 1934 sicut
1315 1877 1575 1931 Dominus
1606 1876 1658 1929 in
1686 1873 1976 1945 Evangelio
2002 1874 2155 1939 dicit,

573 1969 730 2025 Multi
759 1970 946 2032 vocati,
976 1968 1130 2038 pauci
1161 1984 1278 2022 vero
1303 1966 1450 2020 electi
1480 1966 1692 2037 (Matth.
1722 1981 1859 2030 xm,
1892 1965 2003 2034 14),
2035 1964 2161 2019 hinc

573 2062 837 2132 intelligat
866 2060 1026 2130 quale
1054 2060 1151 2119 sit,
1199 2060 1341 2130 quod
1373 2069 1562 2113 contra
1598 2057 1689 2112 Dei
1719 2059 1947 2129 gratiam
1979 2056 2162 2117 defen-

576 2168 700 2207 sare
739 2152 957 2207 molitur
999 2150 1091 2221 qui
1142 2150 1208 2205 de
1248 2150 1418 2204 libero
1463 2150 1563 2203 sibi
1606 2148 1880 2203 blanditur
1914 2147 2161 2217 arbitrio.

577 2243 894 2311 Quicunque
919 2241 1097 2305 enim,
1145 2240 1340 2295 divinae
1380 2239 1677 2294 vocationis
1711 2251 1932 2293 munere
1970 2235 2189 2290 dercli-'

574 2342 686 2398 clo,
717 2333 784 2387 ad
815 2332 1034 2402 impiam
1068 2346 1255 2386 rursus
1280 2329 1552 2385 deﬂuxere
1577 2330 1881 2400 perfidiane,
1911 2328 2039 2398 ipsis
2068 2326 2160 2382 Dei

576 2426 751 2497 gratia
787 2426 1071 2481 deserente
1098 2423 1163 2478 ad
1196 2424 1523 2493 implendum
1550 2421 1693 2493 quod
1724 2421 1993 2481 voluerint
2018 2417 2163 2474 suill-

576 2516 652 2570 cit
676 2515 983 2570 arbitrium.
1019 2534 1036 2565 ι
1059 2514 1124 2568 Ει
1147 2513 1273 2567 item
1298 2521 1418 2582 post
1446 2512 1720 2581 aliquanta
1752 2509 1888 2580 (cap.
1916 2508 2002 2573 M,
2030 2509 2116 2578 15)
2146 2525 2159 2561 :

581 2623 600 2656 ι
634 2604 784 2660 Hanc
820 2621 948 2676 ergo
986 2604 1200 2659 Pharao
1231 2602 1655 2657 misericordiam
1686 2617 1790 2655 non
1821 2600 2030 2670 accepit
2051 2638 2067 2665 ,
2109 2606 2165 2653 et

575 2694 696 2749 ideo
739 2694 788 2749 ei
828 2696 895 2750 ad
935 2694 1271 2765 pereundum
1319 2692 1545 2747 liberum
1589 2690 1799 2747 suffecit
1838 2690 2160 2745 arbitrium:

577 2804 737 2861 quem
766 2788 983 2860 quidem
1017 2786 1195 2843 nullus
1225 2787 1299 2840 ita
1332 2785 1550 2857 ignarus
1580 2784 1884 2839 divinarum
1923 2781 2164 2851 Scriptu-

579 2896 766 2936 rarum
794 2880 899 2935 erit
929 2879 1020 2949 qui
1051 2879 1248 2933 audeat
1273 2878 1453 2932 dicere
1481 2876 1568 2931 illa
1599 2876 1779 2932 omnia
1816 2873 2010 2943 injuste
2044 2889 2166 2930 esse

576 2985 914 3041 perpessum.
947 2968 1031 3023 An
1067 2968 1242 3033 forte,
1290 2969 1332 3022 si
1379 2969 1464 3038 pic
1509 2968 1576 3023 de
1618 2970 1729 3024 Deo
1771 2968 1913 3022 sicut
1950 2967 2167 3036 expedit

579 3060 899 3124 sentiamus,
927 3057 1088 3113 etiam
1115 3057 1382 3112 Pharaoni
1412 3058 1588 3111 datam
1618 3056 2044 3112 misericordiam
2076 3070 2164 3108 re—

2263 1878 2385 1940 post
2406 1884 2575 1939 pauca
2606 1874 2742 1941 (cap.
2779 1869 2868 1936 16)
2898 1887 2911 1923 :
2950 1888 2969 1921 ι
2999 1870 3151 1926 Nunc
3177 1880 3394 1935 autem,
3425 1887 3547 1926 cum
3577 1872 3858 1929 damnatis

2262 1976 2419 2031 poena
2442 1962 2587 2030 justa
2618 1963 2800 2027 datur,
2828 1961 3048 2018 salvatis
3081 1973 3260 2019 autem
3300 1965 3470 2034 gratia
3496 1964 3730 2019 donatur
3759 1966 3854 2020 iu-

2261 2054 2472 2118 debita,
2504 2054 2626 2123 quis
2654 2069 2824 2124 usque
2854 2054 2989 2109 adeo
3021 2055 3271 2111 humanae
3301 2057 3627 2112 conditionis
3647 2057 3857 2113 oblitus

2261 2142 2427 2197 divini
2455 2158 2645 2198 sensus
2672 2158 2870 2198 arcana
2897 2145 3172 2209 discutiat,
3204 2156 3263 2201 ut
3287 2161 3409 2201 cum
3438 2147 3608 2217 ipsam
3630 2163 3856 2218 penam

2265 2235 2463 2290 merito
2491 2235 2651 2290 fuerit
2678 2244 3023 2303 consecutus,
3051 2248 3313 2308 queratur
3338 2255 3436 2295 cur
3460 2240 3597 2295 alius
3617 2242 3860 2311 gratiam

2263 2339 2383 2393 quae
2413 2324 2462 2378 ei
2491 2340 2598 2379 non
2630 2325 2929 2382 debebatur
2955 2329 3262 2398 acceperit?
3295 2349 3313 2381 ι
3357 2329 3424 2384 Ει
3461 2331 3592 2386 item
3638 2331 3700 2386 S.
3741 2333 3861 2386 Au-

2263 2414 2510 2482 gustinus
2548 2414 2600 2468 in
2629 2413 2766 2469 libro
2801 2415 2866 2469 de
2897 2415 3044 2471 Bono
3073 2419 3492 2486 perseverantia:
3531 2419 3668 2490 (cap.
3717 2422 3812 2491 ll)
3840 2439 3857 2475 :

2231 2571 2237 2577 '
2270 2521 2287 2553 ‹
2318 2501 2434 2557 Non
2462 2504 2605 2558 enim
2632 2514 2715 2559 est
2741 2505 2999 2575 iniquitas
3026 2508 3167 2577 apud
3192 2507 3382 2577 Deum,
3409 2511 3501 2565 sed
3531 2511 3861 2568 inscrutabi-

2265 2589 2337 2646 lia
2365 2604 2492 2647 sunt
2511 2595 2711 2665 judicia
2738 2586 2875 2665 ejus,
2900 2606 2955 2651 et
2984 2597 3387 2670 investigabiles
3407 2600 3507 2656 viae
3534 2599 3649 2669 ejus
3672 2600 3852 2673 (Rom.

2266 2699 2355 2749 ιι,
2390 2682 2505 2756 55),
2542 2685 2809 2740 universae
2848 2698 3031 2741 autem
3074 2688 3173 2742 via:
3217 2688 3429 2744 Domini
3480 2691 3862 2747 misericordia

2267 2782 2321 2827 et
2350 2774 2552 2830 veritas
2591 2772 2764 2860 (Psal.
2807 2791 2956 2842 χειν,
3006 2776 3116 2847 10).
3165 2777 3559 2850 lnvestigahilis
3600 2796 3731 2854 ergo
3770 2790 3863 2838 est

2268 2863 2678 2931 misericordia,
2720 2880 2825 2935 qua
2855 2866 3010 2936 cujus
3039 2865 3153 2921 vult
3183 2868 3489 2935 miseretur,
3536 2870 3698 2925 nullis
3735 2870 3862 2940 ejus

2268 2952 2700 3021 praecedentibus
2753 2954 2964 3008 meritis
3010 2969 3025 3008 :
3081 2964 3137 3009 et
3198 2955 3591 3027 investigabilis
3652 2960 3862 3017 veritas

2269 3057 2375 3110 qua
2428 3057 2588 3109 quem
2644 3042 2755 3096 vult
2814 3044 3081 3120 obdurat,
3161 3046 3278 3116 ejus
3356 3049 3572 3117 quidem
3646 3065 3862 3120 praece-

579 3150 857 3221 perimus?
884 3150 1148 3203 Patientia
1180 3149 1324 3204 enim
1356 3148 1450 3203 Dei
1483 3148 1662 3204 valere
1688 3149 1738 3203 ei
1769 3148 1952 3203 debuit
1983 3147 2049 3201 ad
2079 3162 2162 3200 sa-

2271 3129 2522 3185 dentibus
2568 3132 2819 3198 meritis,
2891 3117 2995 3188 sed‘
3052 3151 3173 3189 cum
3236 3149 3301 3190 eo
3357 3135 3509 3205 cujus
3571 3117 3867 3194 miseretur

580 3241 747 3295 lutem
777 3257 789 3293 :
826 3255 933 3310 qua
961 3236 1217 3293 differens
1247 3238 1452 3309 justum
1490 3226 1848 3307 meritumque
1886 3237 1996 3310 40
2040 3251 2168 3306 sup-

581 3330 842 3402 pljcium,
901 3328 1286 3383 miraculorum
1340 3329 1563 3381 verbera
1612 3328 1800 3382 crebra
1854 3325 2163 3381 densahat:

582 3421 827 3492 nunquid
853 3436 959 3475 non
988 3420 1181 3490 potuit,
1210 3419 1348 3474 sicut
1369 3418 1593 3488 ﬂagellis
1620 3418 1817 3472 cedens
1844 3417 2048 3487 expulit
2077 3431 2170 3485 po-

582 3513 802 3585 pulum,
843 3512 918 3567 ita
960 3511 1235 3566 miraculis
1274 3509 1503 3564 credens
1547 3509 1712 3563 Deum
1754 3518 1916 3563 tantae
1953 3509 2169 3565 virtutis

585 3604 916 3677 agnoscere?
944 3602 1001 3658 Si
1037 3603 1234 3658 dicitur
1268 3603 1383 3674 jam
1421 3602 1761 3657 Pharaonem
1796 3616 1899 3655 non
1930 3600 2169 3670 potuisse

586 3695 820 3761 mutari,
857 3694 983 3764 quia
1014 3709 1134 3748 eum
1164 3694 1475 3762 praescierat
1506 3693 1644 3747 Deus
1675 3710 1779 3747 non
1811 3709 1929 3747 esse
1959 3702 2169 3746 mutan-

584 3784 715 3841 dum
773 3803 786 3839 :
848 3785 1204 3854 respondetur
1251 3785 1342 3839 Dei
1387 3784 1782 3852 praescientiam
1825 3799 1929 3837 non
1977 3798 2171 3853 cogere

587 3879 861 3933 hominem
911 3886 968 3931 ut
1014 3876 1137 3932 talis
1181 3877 1252 3931 sit
1299 3868 1509 3947 qualem
1554 3876 1823 3945 praescivit
1869 3874 2029 3939 Deus,
2076 3874 2170 3930 sed

530 3995 539 4000 -
586 3969 840 4041 praescire
870 3967 1029 4022 talem
1056 3967 1296 4021 futurum
1330 3966 1504 4035 qualis
1535 3966 1748 4021 futurus
1774 3974 1887 4031 est,
1925 3967 2171 4034 quamvis

587 4077 712 4118 cum
741 4076 845 4115 non
876 4060 955 4115 sic
987 4059 1173 4115 fecerit
1206 4060 1375 4126 Deus;
1420 4060 1675 4129 quoniam
1705 4061 1748 4114 si
1776 4067 1995 4132 cogeret
2028 4075 2167 4125 esse,

589 4151 691 4205 hoc
742 4149 924 4218 utique
967 4156 1187 4221 cogeret
1233 4149 1374 4218 quod
1420 4165 1527 4204 non
1574 4159 1658 4204 est
1704 4168 1716 4180 ·
1767 4165 1926 4220 porro
1974 4149 2018 4203 si
2070 4150 2171 4221 hoc

588 4244 897 4316 praescierat
931 4242 1168 4296 futurum
1205 4258 1325 4298 esse
1355 4243 1496 4313 quod
1537 4259 1641 4297 non
1688 4251 1789 4305 est,
1834 4241 2172 4311 pranscientia

590 4350 695 4389 non
725 4344 845 4390 est:
876 4334 1020 4404 quod
1060 4334 1125 4388 de
1160 4333 1269 4386 Deo
1297 4348 1457 4401 quam
1490 4332 1652 4401 impie
1679 4320 1917 4397 dicatur,
1942 4332 2175 4385 advertit

589 4428 819 4496 quisque
845 4424 936 4493 qui
963 4422 1206 4493 peccatis
1235 4422 1346 4476 suis
1372 4420 1497 4475 inde
1523 4421 1816 4485 blanditur,
1857 4420 1997 4490 quod
2033 4421 2173 4475 Deus

2269 3227 2588 3299 plerumque
2649 3231 3060 3298 communibus;
3122 3232 3265 3287 sicut
3325 3233 3553 3288 duorum
3607 3235 3862 3303 gemino-

2271 3335 2430 3385 rum,
2496 3334 2726 3389 quorum
2791 3336 2931 3375 unus
2996 3323 3328 3389 assumitur,
3392 3323 3530 3378 alius
3594 3323 3866 3395 relinqui-

2270 3426 2397 3482 tur,
2448 3415 2553 3486 41
2610 3415 2793 3487 dispar
2855 3425 2938 3472 est
3001 3418 3216 3483 exitus,
3276 3418 3467 3471 merita
3527 3419 3864 3473 communia.

2268 3510 2325 3564 lu
2357 3509 2552 3578 quibus
2586 3517 2763 3564 tamen
2811 3508 2889 3564 sic
2932 3508 3070 3564 alter
3100 3525 3295 3580 magna
3332 3509 3426 3564 Dei
3457 3510 3695 3565 bonitate
3725 3509 3867 3566 lihe-

2270 3609 2444 3666 ratur,
2478 3608 2538 3655 ut
2577 3599 2714 3655 alter
2739 3598 2881 3654 nulla
2909 3600 3026 3670 ejus
3056 3601 3343 3669 iniquitate
3371 3601 3670 3656 damnetur.
3701 3601 3865 3656 Nun-

2270 3689 2394 3759 quid
2437 3689 2574 3742 enim
2615 3689 2863 3760 iniquitas
2889 3700 2962 3744 est
2986 3690 3127 3759 apud
3151 3689 3357 3744 Deum?
3376 3691 3523 3745 Absit
3548 3707 3566 3743 :
3590 3693 3682 3748 sed
3720 3694 3869 3747 iuve-

2271 3777 2534 3848 stigabiles
2566 3788 2687 3832 sunt
2733 3779 2826 3833 vite
2859 3780 2992 3850 ejus.
3041 3780 3225 3850 Itaque
3270 3780 3696 3838 miscricordiam
3745 3786 3870 3857 ejus

2274 3871 2327 3924 in
2377 3869 2460 3923 his
2490 3870 2582 3939 qui
2622 3870 2938 3937 liberantur,
2984 3882 3039 3928 et
3085 3876 3367 3929 veritatem
3414 3876 3466 3929 in
3503 3876 3589 3932 his
3633 3879 3723 3947 qui
3764 3895 3871 3948 pu-

2274 3962 2495 4014 niuntur
2520 3960 2635 4016 sine
2664 3962 2997 4017 dubitatione
3042 3967 3348 4031 credamus,
3384 3983 3557 4037 neque
3588 3970 3867 4027 inscruta-

2277 4052 2400 4105 bilia
2444 4051 2673 4106 scrutari
2719 4062 2812 4107 aut
2852 4053 3242 4126 imesligabilia
3278 4056 3546 4127 vestigare
3580 4075 3866 4117 conemur.

2278 4141 2355 4196 Ex
2383 4158 2476 4196 ore
2505 4145 2700 4213 quippe
2728 4143 3013 4198 infantium
3052 4154 3104 4198 et
3135 4145 3444 4200 lactentium
3474 4164 3625 4202 suam
3653 4151 3871 4219 perlicit

2276 4231 2487 4286 laudem
2512 4231 2685 4303 (Psal.
2704 4250 2823 4299 vm,
2838 4233 2891 4304 5)
2912 4253 2922 4287 :
2943 4244 2997 4286 ut
3013 4235 3152 4304 quod
3175 4236 3227 4288 in
3253 4236 3335 4289 his
3354 4237 3867 4308 videmus,quorum

2277 4320 2650 4375 liberationem
2681 4323 2817 4376 bona
2846 4338 3032 4377 eormn
3066 4324 3254 4378 merita
3280 4324 3423 4378 nulla
3450 4330 3781 4394 praecedunt,
3812 4338 3870 4384 ct

2281 4412 2332 4465 in
2363 4412 2446 4467 his
2467 4426 2695 4481 quorum
2719 4412 3118 4467 damnationem
3155 4414 3397 4484 utrisque
3424 4419 3727 4473 communia
3755 4420 3871 4475 ori-

590 4536 715 4576 eum
769 4526 1110 4588 peccatorem
1162 4514 1401 4569 futurum
1452 4530 1570 4569 esse
1618 4514 1932 4584 praascierit.
1988 4512 2174 4568 Potest
2205 4507 2249 4565 Ι)
2277 4503 2467 4575 similia
2500 4504 2611 4582 sola
2641 4506 2969 4573 ρντρεθίιυιιι,
2996 4506 3101 4560 hoc
3135 4514 3190 4560 ει
3221 4505 3272 4560 in
3302 4506 3598 4577 majoribus
3629 4510 3743 4565 ﬁeri
3773 4528 3871 4567 ne-

591 4610 828 4663 existere
871 4606 1220 4661 nihilominus
1260 4605 1485 4660 fortasse
1525 4605 1613 4675 qui
1640 4591 1800 4660 'dicat
1841 4605 2018 4659 minus
2059 4604 2172 4659 ido-

592 4690 749 4752 neam
773 4697 841 4751 ad
862 4696 1089 4752 salutem
1119 4696 1279 4760 viam,
1309 4696 1350 4749 si
1383 4695 1524 4749 nulla
1548 4696 1872 4750 intrinsecus
1893 4695 2172 4752 vocatione

592 4789 836 4861 pulsatus
864 4798 1038 4843 tamen
1063 4787 1329 4858 quispiam
1360 4785 1673 4859 ﬂagelletur.
1707 4786 1859 4843 Unde
1889 4786 2170 4843 Nabucho-

596 4879 830 4934 donosor
874 4879 1248 4948 paenitentiam
1311 4877 1505 4931 meruit
1560 4876 1933 4931 fructuosam?
1984 4875 2171 4930 Nonne

595 4979 716 5040 post
755 4969 1065 5024 innumeras
1103 4967 1410 5037 impietatcs
1456 4966 1752 5037 ﬂagellatus
1798 4965 2080 5036 paenituit,
2117 4972 2174 5019 et

598 5074 822 5131 regnum
855 5057 997 5128 quod
1028 5056 1337 5127 perdiderat
1362 5071 1552 5110 rursus
1573 5055 1814 5125 accepit?
1841 5054 2052 5109 Pharao
2079 5069 2174 5106 au-

599 5160 706 5206 tem
742 5149 871 5220 ipsis
899 5156 982 5204 est
1006 5147 1229 5217 ﬂagellis
1258 5146 1444 5202 durior
1466 5145 1712 5212 eﬂ'eotus,
1757 5153 1812 5200 et
1854 5145 2036 5215 periit.
2076 5141 2175 5198 Hic
2208 5147 2217 5157 '

599 5238 730 5292 mihi
764 5237 1025 5291 rationem
1053 5235 1241 5291 reddat
1282 5234 1374 5304 qui
1412 5234 1649 5289 divinum
1690 5234 1975 5289 consilium
2015 5233 2177 5288 nimis

601 5327 769 5381 altum
810 5324 1038 5394 sapienti
1081 5323 1243 5378 corde
1277 5324 1566 5395 dijudicat,
1605 5339 1702 5379 cur
1730 5323 2182 5378 medicamentum

601 5418 761 5472 mlius
789 5416 980 5470 medici
1015 5414 1318 5470 confectum
1350 5415 1437 5469 alii
1472 5415 1538 5470 ad
1567 5415 1864 5480 interitum,
1891 5414 1981 5469 alii
2008 5414 2186 5469 value—

603 5510 676 5564 rit
704 5509 769 5562 ad
800 5508 1052 5574 salutem,
1085 5508 1189 5563 nisi
1218 5509 1341 5579 quia
1364 5509 1559 5564 Christi
1585 5510 1747 5564 bonus
1776 5508 1923 5569 odor,
1956 5507 2077 5561 aliis
2103 5514 2188 5562 est

602 5602 736 5661 odor
760 5603 876 5657 vitae
908 5602 963 5657 in
989 5603 1176 5668 vitam,
1214 5602 1334 5656 aliis
1373 5612 1458 5656 est
1498 5602 1628 5655 odor
1669 5602 1850 5654 mortis
1879 5599 1932 5653 in
1963 5610 2178 5654 mortem

604 5693 691 5763 (II
722 5691 845 5747 Cor.
881 5708 942 5764 tt,
976 5691 1061 5760 l5,
1096 5693 1206 5764 l6).
1254 5691 1525 5761 Quantum
1571 5692 1636 5748 ad
1687 5700 1932 5748 naturam
1960 5732 1975 5761 ,
2021 5691 2181 5747 ambo

2277 4612 2544 4666 quaquam
2579 4596 2799 4650 omnino
2838 4606 3176 4664 cunctamur,
3219 4598 3271 4653 id
3312 4608 3416 4664 est,
3466 4615 3573 4653 non
3614 4610 3868 4669 putantes

2280 4688 2363 4742 vel
2391 4688 2687 4742 secundum
2718 4702 2813 4741 sua
2849 4689 3040 4743 merita
3071 4690 3298 4759 gratiam
3327 4690 3577 4762 cuiquam
3610 4693 3748 4757 dari,
3783 4695 3867 4749 vel

2280 4779 2385 4832 nisi
2423 4779 2534 4833 suis
2581 4780 2790 4833 meritis
2819 4794 3141 4850 quemquam
3186 4783 3388 4852 puniri,
3421 4784 3534 4839 sive
3570 4801 3732 4855 pares
3769 4788 3863 4857 qui

2282 4867 2580 4921 liberantur
2618 4876 2776 4937 atque
2818 4871 3139 4939 puniuntur,
3192 4872 3306 4928 sive
3345 4874 3589 4943 dispares
3629 4876 3864 4931 habeant

2279 4971 2471 5011 causas
2506 4956 2703 5018 malas;
2734 4966 2793 5010 ut
2825 4958 2916 5027 qui
2957 4959 3170 5013 videtur
3198 4970 3343 5016 stare
3380 4963 3561 5017 videat
3599 4980 3667 5019 ne
3704 4966 3865 5021 cadat

2282 5044 2330 5117 (l
2356 5047 2477 5100 Cor.
2520 5063 2575 5113 κ,
2612 5047 2721 5117 12),
2749 5058 2804 5104 et
2831 5049 2921 5118 qui
2953 5050 3213 5120 gloriatur
3235 5068 3341 5107 non
3372 5054 3426 5107 in
3452 5055 3654 5124 seipso,
3686 5058 3781 5113 sed
3808 5058 3863 5113 in

2282 5136 2524 5216 Domino
2538 5137 2797 5206 glorietur
2824 5137 2873 5210 (1
2901 5137 3006 5193 Cor
3026 5155 3065 5204 ι,
3096 5139 3210 5210 51).
3236 5161 3254 5193 ι
3290 5141 3419 5198 item
3456 5144 3785 5213 Augustinus
3809 5148 3864 5202 in

2284 5227 2423 5284 libro
2455 5237 2649 5298 quarto
2692 5238 2880 5283 contra
2920 5227 3191 5301 Pelagium
3220 5232 3358 5302 (cap.
3391 5232 3483 5297 5):
3522 5251 3540 5284 α
3577 5235 3768 5289 Attulit
3810 5238 3862 5291 in

2289 5322 2457 5375 multa
2488 5320 2743 5390 patientia
2781 5335 2907 5375 vasa
2940 5321 3034 5375 irae
3068 5337 3189 5392 quae
3224 5323 3460 5392 perfecta
3493 5334 3617 5380 sunt
3649 5329 3699 5380 in
3736 5343 3863 5396 pcr-

2288 5413 2568 5477 ditionem,
2591 5420 2649 5465 ut
2672 5419 2826 5466 notas
2855 5411 3059 5467 faceret
3082 5413 3298 5468 divitias
3318 5414 3501 5485 gloria:
3523 5432 3632 5471 suae
3664 5418 3714 5470 in
3733 5434 3861 5472 vasa

2290 5500 2675 5557 misericordiae
2704 5517 2822 5571 qua:
2855 5503 3179 5571 praeparavit
3206 5503 3260 5556 in
3290 5504 3533 5574 gloriam.
3565 5506 3643 5560 lra
3670 5507 3864 5578 quippe

2242 5626 2261 5636 -
2289 5610 2395 5650 non
2432 5595 2674 5650 redditur
2697 5595 2799 5649 nisi
2816 5595 3014 5659 debita,
3032 5611 3098 5650 ne
3124 5595 3196 5650 sit
3215 5595 3470 5665 iniquitas
3496 5599 3636 5668 apud
3659 5600 3858 5655 Deum:

2292 5674 2661 5743 misericordia
2712 5700 2839 5743 vero
2895 5686 3058 5742 etiam
3119 5701 3243 5742 cum
3287 5686 3556 5756 praebetur
3594 5689 3861 5757 indebita,
