4052 6334
248 401 365 460 105

240 627 383 671 vasa
423 614 816 674 misericordiae
852 630 1016 689 quam
1046 621 1283 692 gratuita
1318 619 1427 680 illis
1473 622 1846 681 misericordia

238 708 587 777 praebeatur,
609 710 758 780 quod
792 710 889 768 irae
922 711 1092 780 vasis,
1120 725 1244 770 cum
1284 713 1480 785 quibus
1495 715 1582 774 eis
1606 724 1691 773 est
1725 731 1847 789 per-

236 798 474 857 ditionis
509 814 677 858 causa
716 808 776 859 et
819 815 996 861 massa
1048 806 1393 874 communis,
1426 808 1507 863 ira
1557 809 1737 866 debita
1792 818 1847 866 et

230 890 388 962 iusta
414 892 756 963 rependitur.
787 914 807 950 ι
844 895 912 951 Et
930 895 1061 955 item
1082 898 1417 971 Augustinus
1442 900 1497 958 in
1520 901 1749 974 epistola
1777 904 1843 961 ad

232 983 508 1056 Optatum
548 984 764 1043 dixerat
806 986 988 1061 (epist.
1039 987 1144 1063 57)
1184 1008 1197 1045 ε
1239 1008 1261 1045 ι
1295 989 1576 1067 Tanquam
1619 993 1841 1067 ﬁgulqu

232 1076 359 1143 luti,
400 1092 473 1134 ex
506 1078 701 1136 eadem
727 1093 906 1138 massa
940 1079 1143 1151 facere,
1170 1082 1316 1140 aliud
1341 1099 1435 1143 vas
1465 1087 1519 1143 in
1553 1086 1839 1156 honorem,

229 1168 386 1229 aliud
423 1169 485 1227 in
515 1171 901 1230 contumeliam
929 1191 944 1228 :
977 1173 1173 1230 merito
1220 1183 1403 1232 autem
1448 1176 1725 1235 videretur
1757 1178 1842 1235 in-

223 1258 470 1332 iustum,
499 1260 646 1334 quod
674 1261 814 1319 ﬁunt
847 1278 976 1320 vasa
1006 1265 1101 1321 irae
1129 1268 1196 1322 ad
1233 1267 1611 1338 perditionem,
1652 1269 1700 1327 si
1728 1283 1839 1328 non

225 1360 383 1412 esset
409 1354 534 1427 ipsa
557 1354 810 1412 universa
837 1370 901 1412 es
939 1355 1113 1413 Adam
1152 1371 1330 1415 massa
1360 1357 1638 1416 damnata.
1678 1358 1835 1429 Quod

227 1460 364 1520 ergo
393 1447 542 1504 ﬁunt
572 1446 698 1506 inde
722 1450 997 1505 nascendo
1028 1462 1158 1507 vasa
1191 1449 1310 1518 iras,
1333 1451 1569 1521 pertinet
1591 1450 1662 1508 ad
1687 1451 1835 1512 debi-

226 1548 342 1597 tam
370 1554 600 1613 penam
629 1557 646 1596 :
675 1542 821 1613 quod
854 1550 1039 1599 autem
1064 1541 1203 1601 ﬁunt
1226 1543 1558 1603 renascendo
1580 1559 1708 1602 vasa
1733 1545 1836 1602 mi-

223 1632 578 1700 sericordias,
602 1633 841 1705 pertinet
866 1634 935 1692 ad
972 1634 1271 1692 indebitam
1298 1637 1553 1706 gratiam.
1581 1636 1833 1696 Ostendit

221 1737 358 1797 ergo
393 1723 551 1781 Deus
593 1724 734 1782 iram
766 1739 944 1794 suam,
989 1740 1099 1783 non
1146 1726 1333 1799 utique
1365 1728 1829 1799 perturbationem

221 1818 427 1887 animi,
470 1819 617 1877 sicut
651 1829 886 1894 estque:
911 1822 994 1879 ira
1035 1823 1271 1885 hominis
1314 1836 1683 1900 nuncupatur;
1730 1828 1827 1888 sed

213 1908 435 1979 iustam
479 1910 752 1985 ﬁxamque
791 1914 1108 1983 vindictam,
1144 1916 1287 1989 quod
1325 1917 1392 1976 de
1430 1919 1600 1991 stirpe
1636 1918 1825 1976 inobe-

218 2000 457 2059 dientia:
491 2001 711 2061 ducitur
745 2019 985 2078 propago
1009 2009 1221 2078 peccati
1258 2015 1421 2081 atque
1465 2010 1735 2082 supplicii,
1770 2020 1828 2067 et

220 2089 397 2149 homo
434 2101 600 2151 natus
623 2108 689 2152 ex
731 2094 977 2163 muliere,
1001 2097 1145 2155 sicut
1177 2097 1235 2155 in
1268 2097 1408 2158 libro
1434 2098 1534 2159 Job
1562 2103 1824 2173 scriptum

218 2192 305 2241 est
317 2184 472 2257 (cap.
494 2200 610 2255 xw,
639 2186 691 2260 i)
710 2204 728 2246 :
748 2186 933 2247 brevis
957 2198 1041 2248 est
1060 2190 1195 2261 vita,
1218 2199 1276 2250 et
1292 2192 1484 2265 plenus
1508 2192 1820 2265 iracundia;

218 2273 338 2351 eius
363 2278 522 2335 enim
554 2278 633 2336 rei
658 2295 756 2337 vas
785 2290 871 2339 est
896 2298 1006 2354 qua
1035 2283 1226 2355 plenus
1253 2293 1368 2355 est;
1393 2285 1535 2344 unde
1564 2288 1661 2344 ira:
1696 2302 1821 2347 vasa

219 2369 509 2427 dicuntur.
534 2368 783 2430 Ostendit
808 2381 866 2430 et
888 2375 1187 2446 potentiam
1208 2391 1382 2441 suam,
1410 2390 1518 2449 qua
1550 2379 1692 2437 bene
1718 2380 1825 2439 uti-

218 2468 306 2517 tur
332 2461 512 2519 etiam
537 2463 730 2532 malis,
773 2465 945 2523 multa
978 2465 1088 2525 illis
1122 2469 1391 2527 naturalia
1415 2479 1472 2527 et
1505 2472 1822 2545 temporalia

215 2555 365 2612 bona
396 2554 661 2628 largiens,
695 2570 996 2632 eorumque
1024 2561 1286 2620 malitiam
1315 2561 1383 2620 ad
1409 2566 1744 2622 exercendus
1766 2572 1824 2622 et

217 2647 637 2716 comparatione
650 2647 1022 2709 admonendos
1032 2650 1205 2710 bonos
1222 2654 1658 2721 accommodans,
1680 2660 1744 2710 ut
1764 2653 1820 2712 in

215 2738 297 2794 eis
324 2737 553 2796 discant
585 2752 748 2811 agere
769 2741 974 2813 gratias
1007 2741 1140 2811 Deo,
1163 2743 1307 2816 quod
1341 2742 1414 2800 ab
1444 2744 1526 2802 eis
1553 2759 1663 2802 nou
1707 2745 1823 2803 suis

214 2828 458 2898 meritis,
516 2846 638 2904 quae
677 2832 735 2890 in
782 2832 974 2891 eadem
1020 2848 1201 2893 massa
1248 2835 1400 2908 paria
1441 2835 1681 2903 fuerunt,
1724 2836 1821 2894 sed

215 2922 363 2982 illius
408 2925 763 2984 miseratione
794 2924 1013 2984 discreti
1053 2937 1200 2985 sunt.
1237 2949 1254 2981 ι
1297 2927 1376 2987 De
1411 2927 1662 3003 qualibus
1684 2925 1820 2986 Gre-

216 3016 408 3085 gorius
435 3015 493 3073 in
529 3014 788 3090 vigesima
825 3018 1003 3091 prima
1040 3018 1345 3077 Ezechielis
1383 3019 1603 3079 homilia
1641 3019 1816 3078 dicit:

217 3126 237 3161 ι
270 3107 485 3166 Paulus
512 3124 636 3165 cum
664 3108 842 3167 adhuc
868 3109 1021 3188 rudis
1064 3119 1209 3170 esset
1243 3112 1298 3169 in
1340 3110 1465 3169 ﬁdei
1510 3112 1816 3180 vocatione,

214 3199 346 3271 quia
362 3195 485 3268 jam
515 3199 728 3258 Domini
758 3200 923 3259 verba
944 3213 1289 3276 perceperat,
1318 3214 1377 3262 et
1404 3204 1615 3264 cmlesti
1641 3206 1815 3280 gratia
1839 3218 1842 3221 λ

212 3265 415 3362 planus
453 3300 600 3357 erat,
634 3306 732 3349 vas
753 3265 1039 3352 electionis
1067 3265 1391 3367 appellatur,
1416 3312 1543 3356 cum
1572 3265 1813 3356 dicitur:
1839 3265 1892 3334 (ἶ

222 3378 330 3439 Vas
368 3382 638 3440 electionis
674 3384 805 3443 mihi
828 3396 908 3442 est
931 3386 1072 3461 (Act.
1111 3405 1192 3457 ιι,
1236 3389 1348 3464 15).
1392 3389 1530 3449 Hinc
1566 3400 1815 3465 pastores

214 3482 386 3546 atque
434 3473 690 3534 doctores
722 3479 989 3551 propheta
1034 3481 1291 3540 admonet
1324 3481 1509 3542 dicens
1537 3502 1552 3540 :
1582 3482 1815 3543 Munda-

212 3569 345 3626 uritti
381 3570 476 3639 qui
498 3570 648 3641 fertis
683 3588 811 3629 uasa
853 3571 1071 3631 Domini
1102 3573 1238 3649 (Isa.
1284 3592 1384 3645 ιιι,
1435 3575 1547 3651 ii).
1588 3576 1695 3651 Ipsi
1733 3586 1814 3636 et-

212 3664 363 3720 enim
406 3664 566 3735 quasi
602 3661 714 3739 ﬂ
757 3679 957 3723 mensa:
1003 3664 1220 3725 Domini
1259 3682 1389 3725 vasa
1428 3678 1667 3742 portant,
1718 3672 1809 3742 qui

211 3757 386 3816 vitam
442 3757 684 3816 ﬁdelium
724 3759 1021 3817 erudiendo
1076 3760 1339 3830 tolerant,
1379 3770 1440 3819 ut
1483 3764 1811 3836 quandoque

210 3852 358 3912 hinc
395 3850 627 3909 Domino
652 3852 722 3909 ad
754 3851 1128 3910 holocaustum
1155 3863 1212 3909 et
1252 3853 1581 3912 sacriﬁcium
1610 3857 1810 3929 perdu-

1010 407 1095 467 DE
1130 408 1798 491 PREDESTINATIONE
1836 415 2292 479 DlSSEliTARlO
2327 423 2735 491 POSTERIOR.

242 534 366 577 non
407 529 493 578 est
537 520 795 592 iniquitas
830 524 976 596 apud
1018 523 1210 584 Deum.
1256 490 1325 588 iit
1368 528 1496 586 hinc
1543 528 1848 602 intelligunt
1874 527 1931 591 Α

3429 446 3535 505 iw

1946 648 2027 707 De
2052 652 2357 735 testimoniis
2398 654 2815 735 Scripturarum,
2843 664 3030 734 quibus
3071 665 3436 733 Gothescalcus
3478 689 3529 735 et

2018 724 2101 805 sui
2129 724 2603 805 conplicesalieno
2627 746 2782 805 sensu
2804 724 2865 789 ’ά
2903 735 3010 805 ﬁde
3047 724 3529 803 cathotieaweivor:
3586 768 3589 773 ν

2019 794 2369 852 thodozorum
2398 798 2639 855 doctrina
2662 794 3118 865 irreverentissiute
3144 794 3456 874 abutuntur:

2019 907 2313 966 Sciendum
2358 921 2443 969 est
2477 915 2662 983 etiam,
2707 917 2852 988 quod
2896 923 2997 979 sub
3046 924 3150 982 hoc
3189 943 3374 999 sensu,
3422 947 3530 1007 quo

1944 1000 2049 1059 iste
2073 1002 2396 1074 eompilator
2439 1021 2571 1064 usus
2602 1015 2692 1066 est
2732 1007 2977 1083 Apostoli
2999 1017 3331 1089 testimonio,
3362 1000 3528 1083 etiam

1943 1090 2064 1149 aliis
2083 1093 2409 1152 testimoniis
2445 1097 2830 1157 iur-asserenda
2870 1118 3027 1161 suum
3061 1122 3301 1169 errorem
3326 1095 3530 1173 Gothe-

1942 1184 2151 1245 sealcus
2174 1202 2297 1244 cum
2324 1188 2439 1246 suis
2460 1180 2802 1253 scholasticis
2827 1195 3018 1265 utitur,
3044 1209 3103 1254 ut
3126 1197 3380 1260 Universa
3404 1224 3529 1279 pro-

1938 1285 2057 1349 pter
2074 1280 2408 1352 semetipsum
2434 1296 2682 1354 operatus
2720 1298 2797 1343 est
2841 1287 3122 1360 Dominus,
3154 1292 3372 1366 impium
3400 1315 3532 1371 quo-

1937 1385 2040 1442 que
2062 1371 2132 1427 ad
2160 1371 2301 1428 diem
2340 1374 2542 1431 malum
2574 1375 2757 1450 (Prov.
2790 1394 2903 1446 xvr,
2946 1381 3034 1454 4);
3066 1394 3123 1441 et
3157 1387 3224 1443 de
3260 1386 3528 1455 Ecclesia»

1940 1463 2097 1531 stico,
2122 1463 2229 1531 Qui
2252 1468 2636 1539 transgreditur
2655 1488 2688 1526 a
2710 1472 2921 1543 iustitia
2950 1477 3019 1530 ad
3042 1476 3335 1550 peccatum,
3376 1484 3529 1555 para-

1937 1556 2007 1612 uit
2043 1573 2163 1613 eum
2209 1557 2349 1616 Deus
2390 1563 2459 1616 ad
2505 1564 2825 1634 romphamm
2865 1567 3055 1640 (Eccli.
3103 1587 3251 1641 ηπ,
3452 1578 3530 1636 De

1935 1648 2132 1741 quibus
2162 1651 2237 1709 ita
2264 1654 2513 1712 catholici
2543 1658 2819 1714 sentiunt:
2851 1662 2974 1733 quia
3015 1663 3238 1738 impium
3286 1671 3354 1728 ad
3374 1648 3528 1741 diem

1932 1740 2133 1830 malum
2161 1755 2415 1815 operatus
2444 1757 2530 1804 est
2566 1750 2847 1819 Dominus,
2882 1764 2940 1811 et
2985 1740 3524 1830 transgredientema

1923 1827 2140 1927 iustitia
2177 1834 2248 1927 ad
2286 1844 2570 1906 peccatum
2618 1843 2831 1910 paravit
2874 1845 2940 1899 ad
2987 1827 3351 1920 romphaaam,
3398 1856 3526 1927 quia

1929 1933 2091 1991 quem
2116 1922 2339 1994 impium
2370 1933 2426 1983 et
2452 1931 2939 2001 transgredientem
2960 1933 3198 1995 futurum
3229 1922 3525 2014 prmscivit,

1928 2026 2036 2069 non
2058 2015 2463 2085 praedestinavit
2487 2029 2547 2076 ut
2566 2021 2635 2078 ad
2659 2022 2801 2080 diem
2824 2025 2926 2084 sibi
2952 2029 3175 2097 malum,
3200 2044 3256 2091 et
3282 2038 3348 2094 ad
3377 2050 3525 2095 rout—

1927 2106 2159 2179 phaeam,
2199 2110 2253 2167 id
2284 2120 2369 2168 est
2407 2111 2645 2171 debitam
2689 2116 2913 2176 ultionis
2950 2123 3243 2182 vindictam
3262 2112 3523 2198 'perveni-

1929 2209 2032 2265 ret,
2055 2200 2150 2257 sed
2174 2203 2443 2274 permisit,
2468 2203 2779 2279 factumque
2802 2211 3021 2284 proprio
3047 2215 3178 2272 vitio
3198 2217 3442 2292 impium,
3465 2233 3524 2279 et

1927 2292 2155 2351 arbitrio
2180 2309 2282 2354 suo
2300 2306 2784 2371 transgressorem,
2802 2302 2951 2374 justo
2968 2303 3172 2376 judicio
3201 2311 3523 2373 condemna-

1926 2383 2025 2439 vit.
2048 2382 2151 2453 Qui
2171 2402 2277 2443 non
2306 2387 2428 2444 ideo
2445 2397 2531 2447 est
2552 2390 2750 2462 impius
2779 2393 2977 2463 factus,
3008 2412 3185 2470 neque
3208 2410 3295 2459 est
3317 2403 3521 2463 idcirco

1928 2486 2320 2551 transgressus,
2353 2482 2610 2553 quoniam
2646 2484 2843 2558 impius
2874 2486 3091 2546 futurus
3131 2501 3519 2567 eHransgres-
3609 2543 3614 2548 .

1923 2582 2019 2625 sor
2060 2576 2147 2629 est
2188 2584 2219 2625 a
2254 2570 2368 2629 Deo
2408 2572 2695 2642 praescitus
2728 2592 2743 2631 :
2791 2577 2888 2634 sed
2932 2577 3053 2636 ideo
3090 2590 3175 2637 est
3220 2584 3418 2654 impius
3464 2596 3518 2645 et

1926 2667 2301 2732 transgressor
2325 2679 2358 2719 a
2388 2663 2501 2721 Deo
2529 2666 2837 2736 praescitus,
2861 2669 2989 2741 quia
3018 2671 3217 2743 impius
3252 2682 3309 2731 et
3337 2685 3517 2735 trans-

1925 2765 2144 2825 gressor
2170 2753 2305 2810 vitio
2335 2768 2434 2813 suo
2457 2765 2578 2812 erat
2612 2755 2845 2817 futurus.
2872 2760 3166 2833 Propterea
3204 2766 3517 2842 quicunque

1924 2841 2117 2914 legerit
2134 2843 2239 2900 hoc
2256 2844 2499 2916 Apostoli
2522 2847 2889 2907 testimonium
2910 2852 2965 2909 in
2988 2854 3150 2925 hujus
3184 2859 3344 2917 tertio
3369 2876 3516 2918 com-

1921 2934 2171 3007 pilatoris
2196 2936 2434 3008 capitulo
2455 2939 2716 3011 positum,
2740 2943 2926 3001 sanius
2958 2936 3257 3006 secundum
3290 2954 3514 3014 catholi-

1923 3039 2111 3082 corum
2122 3025 2344 3083 Patrum
2354 3027 2659 3086 doctrinam
2670 3030 2972 3104 intelligere
2982 3035 3296 3109 debetquod
3310 3040 3513 3102 dictum
3600 3026 3602 3029 λ

1921 3125 2008 3173 est
2025 3118 2095 3174 ab
2112 3119 2371 3189 Apostolo
2388 3137 2402 3173 :
2419 3118 2558 3178 Vasa
2579 3121 2676 3178 ἔγω
2698 3123 2932 3196 perfecta
2945 3125 3031 3183 vel
3040 3137 3221 3201 aptata
3238 3130 3312 3187 ad
3330 3132 3513 3191 interi-

1921 3219 2033 3265 tum
2056 3209 2237 3282 (Rom.
2259 3228 2337 3279 rx,
2353 3211 2467 3285 22),
2481 3222 2706 3285 peccato
2723 3217 2913 3288 prima;
2938 3221 3398 3291 praevaricationis
3421 3241 3437 3280 :
3461 3237 3511 3286 et

1920 3304 2065 3374 quod
2085 3303 2231 3369 dicit,
2259 3303 2417 3361 Facit
2433 3303 2582 3363 Deus
2607 3323 2700 3363 uas
2726 3307 2783 3363 in
2810 3309 3080 3380 honorem,
3105 3311 3314 3372 scilicet
3338 3318 3511 3389 gratia

1917 3401 1974 3452 et
1997 3395 2473 3467 praedestinatione
2499 3414 2514 3453 :
2545 3396 2679 3455 facit
2707 3407 2891 3458 autem
2920 3404 3095 3460 vasin
3118 3406 3509 3477 contumeliam,

1916 3502 2025 3544 non
2056 3487 2352 3561 operando,
2385 3490 2481 3548 sed
2510 3488 2814 3561 iustissime
2841 3492 3161 3564 deserendo,
3183 3496 3324 3554 sicut
3351 3498 3509 3570 plena

1913 3587 2042 3638 sunt
2080 3582 2506 3641 orthodoxorum
2538 3584 2814 3643 volumina
2860 3585 2955 3645 tali
2983 3589 3338 3662 expositione.
3386 3593 3510 3654 Sci-

1914 3670 2041 3727 licet
2066 3670 2176 3747 43
2211 3673 2339 3745 quia
2366 3688 2464 3732 cor
2496 3672 2799 3732 Pharaonis
2810 3675 3184 3750 justojudicio
3208 3681 3502 3753 induravit,

1913 3765 2057 3837 quod
2091 3781 2192 3838 per
2220 3767 2453 3840 gratiam
2484 3782 2592 3825 non
2635 3768 2896 3826 emollivit
2924 3787 2938 3825 :
2962 3771 3018 3827 in
3055 3772 3506 3844 reprobum'sen-

1912 3871 2032 3915 sum
2060 3872 2128 3915 ex
2173 3857 2530 3916 retributione
2575 3859 2822 3930 iustitiae,
2858 3861 2986 3933 quia
3018 3873 3103 3920 est
3141 3873 3423 3937 peccatum
3451 3876 3506 3925 et

212 3953 361 4003 cant.
416 3962 436 3996 ι
483 3942 631 4012 Quas
666 3957 902 4016 sequens
942 3944 1239 4003 sentcntias
1276 3942 1491 4013 Florus,
1533 3959 1602 4001 ex
1654 3945 1809 4019 cujus

210 4034 418 4106 scripto
447 4034 554 4090 iste
582 4033 891 4105 quicunque
926 4033 998 4092 sit
1031 4033 1351 4109 eompilator
1376 4033 1656 4092 falsidicus
1688 4036 1807 4092 haec

212 4125 457 4199 capitula
498 4125 920 4185 commasticans
961 4127 1171 4200 expuit,
1220 4128 1423 4186 ibidem
1475 4128 1694 4202 scripsit
1724 4129 1807 4187 di-
1867 4133 1876 4142 ’
1912 4137 2009 4203 vit,
2036 4135 2161 4207 quia
2192 4136 2363 4208 gratia
2402 4150 2510 4193 non
2536 4135 3017 4196 illuminavitwas
3038 4140 3092 4196 in
3120 4141 3500 4200 contumeliam

210 4238 360 4282 cens.
390 4240 412 4277 ι
445 4219 604 4278 Unde
641 4218 952 4293 Apostolus,
996 4221 1191 4295 inquit,
1233 4235 1362 4280 vasa
1414 4221 1804 4281 misericordia
1907 4225 2060 4295 fecit,
2092 4225 2219 4298 quia
2243 4226 2394 4298 juste
2422 4224 2476 4282 in
2507 4239 2691 4283 massa
2732 4226 3055 4298 perditionis
3079 4237 3242 4301 atque
3269 4233 3500 4289 damna-

211 4316 325 4390 ejus
362 4315 604 4391 appellat
644 4315 826 4390 (Rom.
878 4332 958 4382 rx,
985 4315 1100 4391 20),
1137 4324 1199 4373 ut
1238 4317 1550 4376 ostenderet
1581 4317 1803 4376 divitias
1907 4324 2072 4381 tionis
2093 4320 2337 4394 reliquit,
2359 4331 2413 4381 et
2439 4338 2547 4380 non
2573 4337 2671 4395 per
2689 4324 2923 4396 gratiam
2949 4324 3385 4397 praedestinando
3404 4345 3501 4387 vas

210 4412 397 4483 gratia
430 4424 546 4466 sua:
579 4424 703 4480 qua:
740 4407 1067 4482 preparavit
1092 4408 1148 4465 in
1175 4408 1423 4482 gloriam.
1453 4408 1498 4466 E
1526 4407 1803 4467 contrario
1905 4414 2225 4472 houorabile
2266 4413 2416 4472 fecit.
2461 4415 2558 4474 Sic
2590 4424 2647 4474 et
2675 4416 2895 4473 inclusit
2940 4417 3195 4489 quoniam
3224 4433 3334 4478 non
3378 4434 3498 4494 ape-

211 4510 391 4559 autem
418 4501 594 4559 malos
620 4501 898 4574 pmscivit
920 4516 1020 4575 per
1043 4502 1317 4576 propriam
1342 4502 1600 4561 malitiam
1629 4502 1800 4560 malos
1905 4508 2038 4575 ruit,
2084 4508 2354 4565 destruxit
2392 4509 2517 4579 quia
2562 4524 2668 4566 non
2703 4508 3021 4577 aediﬁcavit,
3063 4511 3496 4587 despexitquem

209 4593 446 4660 futmos,
487 4602 546 4651 et
581 4593 853 4667 praescivit
873 4609 970 4668 per
1008 4610 1161 4653 suam
1184 4596 1455 4668 justitiam
1481 4606 1686 4654 aztcrna
1718 4595 1799 4654 ul-
1823 4627 1882 4692 Β
1907 4616 2014 4658 non
2046 4601 2304 4672 respexit;
2331 4610 2389 4658 et
2411 4614 2536 4657 eum
2576 4600 2671 4672 qui
2696 4601 3097 4673 transgreditur
3126 4601 3393 4681 ajustitia
3426 4604 3497 4659 ad

208 4688 355 4746 tione
380 4688 741 4747 damnandos.
790 4687 944 4747 Sicut
980 4690 1301 4760 prmsciebat
1341 4690 1408 4747 de
1434 4688 1574 4748 Juda
1618 4689 1801 4762 prodi-
1823 4687 1866 4692 ⁷
1907 4691 2272 4765 iniquitatem,
2307 4707 2373 4749 ex
2398 4694 2757 4751 retributione
2771 4693 2998 4766 iustitiae
3024 4695 3169 4753 Deus
3187 4698 3402 4769 paravit
3426 4699 3501 4756 ad

207 4788 323 4837 tore
370 4782 523 4854 quod
568 4797 687 4837 eum
730 4792 864 4839 esset
906 4781 1222 4848 traditurus,
1261 4781 1403 4839 sicut
1448 4781 1797 4855 Evangelium
1908 4785 2273 4856 romphaeam;
2304 4791 2359 4841 et
2379 4785 2629 4858 permisit
2654 4792 2845 4855 gentes
2879 4785 3089 4858 ingredi
3114 4788 3232 4845 vias
3266 4805 3419 4860 suas,
3440 4800 3499 4849 et

205 4874 355 4944 dicit,
390 4891 515 4931 eum
536 4886 831 4935 metamus
861 4875 1224 4933 exduodecim
1251 4874 1301 4947 (I
1343 4872 1508 4931 Joan.
1550 4891 1622 4941 vr,
1657 4873 1749 4950 72)
1780 4894 1794 4931 :
1906 4876 2184 4934 hominem
2219 4874 2426 4933 dimisit
2456 4877 2509 4931 in
2541 4890 2704 4931 manu
2736 4876 2945 4934 consilii
2982 4879 3100 4946 sui;
3126 4879 3367 4937 balteum
3402 4897 3496 4939 re-

205 4965 530 5035 prazsciebat
570 4966 735 5024 etiam
770 4974 1027 5025 aeternam
1063 4964 1180 5037 ejus
1225 4966 1624 5025 damnationem
1672 4983 1795 5023 cum
1905 4981 2033 5043 gum
2072 4964 2220 5035 juste
2266 4966 2565 5023 deserendo
2620 4966 2884 5033 dissolvit,
2934 4967 3066 5025 fune
3112 4984 3271 5029 renes
3302 4986 3494 5035 eorum

203 5056 451 5115 diceret:
491 5055 583 5114 Va:
611 5068 788 5114 autem
807 5058 1003 5114 homini
1028 5056 1107 5115 illi
1148 5073 1240 5129 per
1262 5073 1415 5130 quem
1444 5058 1588 5129 ﬁlius
1626 5060 1798 5117 ltomi-
1902 5058 2268 5130 permittendo
2309 5058 2624 5131 praecingit;
2678 5074 2746 5115 ex
2794 5060 3150 5118 retributione
3182 5060 3408 5133 iustitiae
3438 5063 3494 5120 in

205 5150 283 5204 nis
320 5149 565 5205 tradetur
604 5165 623 5205 :
663 5150 853 5206 bonum
894 5160 1005 5206 erat
1052 5150 1100 5205 ei
1148 5150 1192 5204 si
1236 5157 1392 5206 natus
1454 5166 1561 5206 non
1614 5149 1800 5220 fuisset
1907 5152 2263 5209 tentationcm
2295 5150 2519 5215 inducit,
2543 5152 2798 5222 quoniam
2820 5150 2966 5221 juste
2995 5152 3177 5209 induci
3205 5154 3491 5224 permittit.

1909 3963 2074 4022 poena
2112 3951 2343 4024 peccati.
2386 3950 2444 4007 ln
2480 3950 2627 4009 aliud
2673 3968 2816 4025 saepe
2864 3962 3146 4026 peccatum
3192 3967 3505 4030 peccatores

1911 4041 2157 4109 tradidit,
2184 4042 2313 4112 quia
2342 4043 2518 4115 gratia
2546 4059 2653 4100 non
2701 4044 2953 4102 liberavit
2988 4066 3001 4102 :
3025 4047 3239 4119 iustitia
3260 4064 3503 4109 excaeca-

205 5245 358 5297 komo
386 5239 479 5298 ille
499 5239 719 5313 (Matth.
745 5257 897 5309 xm,
926 5240 1039 5311 74).
1064 5240 1135 5300 Et
1160 5241 1289 5300 item
1335 5242 1508 5299 malos
1533 5257 1641 5299 non
1676 5242 1798 5299 ideo
1902 5246 1971 5307 Et
2015 5248 2085 5302 in.
2103 5244 2225 5313 Job,
2269 5243 2503 5303 Privavil
2534 5245 2679 5301 Deus
2713 5244 2970 5317 sapientia
3000 5244 3125 5318 (Job
3154 5260 3343 5311 xxxix,
3376 5245 3491 5322 17),

203 5330 385 5402 perire
413 5333 542 5404 quia
572 5331 702 5389 boni
728 5346 852 5390 esse
887 5347 994 5389 non
1019 5339 1330 5403 potuerunt,
1361 5333 1458 5395 sed
1506 5333 1635 5406 quia
1669 5333 1797 5391 mali
1904 5337 1989 5396 cui
2020 5338 2165 5412 juste
2214 5353 2320 5394 non
2353 5337 2500 5395 dedit
2548 5356 2561 5392 :
2597 5344 2651 5394 et
2677 5337 2744 5393 de
2779 5337 2864 5393 his
2909 5336 2977 5394 de
2997 5336 3195 5407 quibus
3226 5336 3491 5411 scriptum
3552 5388 3557 5393 ,

202 5440 319 5493 esse
343 5426 655 5493 voluerunt,
682 5433 736 5483 et
769 5439 870 5482 suo
894 5425 1029 5483 vitio
1046 5437 1176 5484 vasa
1204 5427 1300 5483 ira:
1349 5418 1533 5499 aptata
1560 5427 1615 5484 in
1657 5426 1797 5483 inte-

1926 5441 2008 5499 :st,
2040 5431 2167 5504 quia
2199 5448 2301 5487 non
2329 5439 2612 5501 potuerunt
2651 5430 2839 5486 audire
2869 5424 3120 5501 quoniam
3156 5428 3320 5487 voluit
3343 5429 3488 5488 Deus

204 5517 365 5575 ritum
385 5527 893 5589 perseveraverant,
932 5526 997 5592 et
1037 5518 1093 5576 in
1126 5532 1304 5576 massa
1345 5519 1662 5590 perditionis
1711 5520 1794 5577 vel
1901 5538 1989 5579 eos
2028 5521 2262 5578 occidere
2289 5520 2341 5592 (I
2372 5520 2504 5592 Reg.
2533 5536 2596 5587 ιι,
2641 5517 2760 5593 25),
2788 5519 2995 5577 scilicet
3026 5520 3171 5589 quod
3205 5522 3489 5583 mereban-

203 5608 454 5681 origiuali
480 5608 568 5668 vel
596 5607 793 5666 actuali
821 5609 1018 5669 merito
1041 5620 1478 5684 permanserunt.
1512 5632 1531 5664 ι
1903 5627 2053 5677 tur.:
2102 5623 2161 5671 ut
2182 5615 2371 5671 reddat
2411 5612 2621 5685 justitia
2672 5612 2817 5684 quod
2870 5627 2978 5670 non
3013 5612 3259 5688 indulget
3291 5616 3486 5690 gratia.

1903 5705 2058 5766 Unde
2081 5714 2137 5764 et
2152 5705 2409 5779 Prosper,
2434 5720 2499 5761 ex
2529 5705 2710 5761 verbis
2751 5705 2925 5761 sancti
2963 5705 3269 5784 Augustini,
3310 5709 3365 5766 in
3398 5723 3486 5768 re-

1897 5799 2188 5871 sponsione
2222 5798 2540 5870 objcctionis
2580 5814 2651 5854 xv
2687 5796 3170 5862 Vinceniianarum
3194 5844 3210 5871 ,
3253 5802 3483 5861 ostendit

1894 5894 2022 5969 quia
2052 5894 2190 5953 sicut
2213 5893 2356 5951 Deus
2384 5892 2586 5951 nemini
2610 5893 2971 5955 correctionis
2994 5897 3184 5955 adimit
3213 5894 3391 5962 viam,
3414 5892 3483 5949 ita

453 5972 717 6040 Parant.
760 5970 1011 6046 CXXV.
1495 5959 1506 5967 .
1581 5966 1585 5970 ι
1910 5959 1930 5969 -
2266 6066 2269 6069 ,
3090 5987 3131 6052 δ

946 5822 1107 5837 Ἡ
