4052 6334
565 500 666 556 107

1532 489 1863 547 HINCMARI
1901 487 2292 548 RllEMENSlS
2328 481 2861 544 ARCHIEPISCOPI.

3722 481 3823 546 l08

564 622 668 667 nec
685 616 1012 678 quemquam
1032 599 1161 658 boni
1184 598 1541 672 possibilitate
1577 597 1830 670 dispoliat
1861 597 2024 668 :quia
2049 598 2140 667 qui
2169 600 2220 661 Α
2247 614 2361 653 nem
2384 637 2401 664 ,
2457 597 2706 670 protinus
2757 595 3003 652 addendo
3024 636 3040 664 ,
3087 592 3193 652 Sed
3236 595 3401 654 libera
3462 614 3556 654 nos
3605 616 3638 654 a
3682 601 3822 657 malo

562 713 673 757 sea
703 696 814 753 Deo
840 694 1060 760 avertit,
1104 693 1218 764 ipse
1258 700 1313 748 et
1365 691 1503 748 velle
1538 690 1684 762 quod
1723 691 1924 746 bonum
1965 699 2049 746 est
2083 697 2138 745 et

562 803 721 862 posse
767 786 870 845 sibi
905 784 1144 843 sustulit.
1193 783 1310 839 Non
1361 792 1448 840 est
1493 797 1626 852 ergo
1673 797 2036 853 consequens,
2079 792 2142 837 ut

561 883 706 940 Deus
725 881 921 953 quibus
937 877 1312 952 paenitentiam
1335 891 1444 933 non
1466 875 1680 933 dederit
1708 875 2139 946 resipiscentiam

562 973 867 1040 abstulerit,
887 981 944 1030 et
962 985 1099 1043 quos
1122 984 1230 1026 non
1255 967 1540 1036 levaverit,
1563 968 1788 1025 alliserit
1817 985 1831 1022 :
1855 982 1979 1024 cum
1997 967 2142 1022 aliud

561 1065 635 1123 sit
665 1064 940 1122 insontem
977 1061 1035 1118 in
1065 1060 1274 1118 crimen
1313 1060 1510 1131 egisse,
1553 1059 1699 1130 quod
1738 1057 1975 1114 alienum
2004 1065 2086 1113 est
2109 1072 2141 1112 a
2179 1131 2182 1134 ἢ

561 1158 701 1224 Deo,
737 1153 883 1211 aliud
909 1151 1206 1210 eriminoso
1240 1150 1456 1208 veniam
1485 1163 1595 1207 non
1624 1148 1861 1217 dedisse,
1894 1149 2038 1220 quod
2075 1148 2143 1204 de

561 1245 868 1320 peccatoris
899 1251 986 1301 est
1012 1242 1228 1299 merito.
1259 1241 1383 1306 ista
1419 1249 1546 1298 sunt
1567 1240 1685 1297 duae
1717 1248 1911 1305 sortes,
1947 1247 2003 1295 et
2038 1239 2143 1295 duo

562 1319 790 1394 l'irnieuli
821 1333 1072 1400 dimensi,
1114 1347 1254 1391 unus
1295 1332 1365 1390 ad
1399 1331 1868 1400 occidendutn,oet
1897 1346 2034 1387 unus
2075 1331 2144 1386 ad

568 1429 976 1495 viviﬁcantem,
1006 1425 1417 1485 commemorati
1452 1425 1522 1482 de
1551 1423 1837 1496 scripturis
1875 1424 1929 1479 in
1964 1421 2143 1479 libello

567 1523 752 1582 domui
775 1519 1080 1587 Prudentii,
1109 1519 1180 1576 ad
1207 1517 1637 1576 conﬁrmandam
1666 1516 1990 1574 sententiam
2020 1517 2147 1586 quia

569 1622 696 1674 sunt
721 1610 937 1684 reprobi
977 1625 1009 1666 a
1055 1610 1168 1684 Deo
1203 1607 1576 1681 pratdestinati
1613 1609 1680 1663 ad
1721 1615 1976 1670 mortem,
2009 1605 2148 1660 sicut

565 1708 724 1768 electi
760 1707 830 1764 ad
858 1706 1047 1763 vitam.
1085 1703 1194 1762 Sed
1233 1703 1447 1772 melius,
1489 1701 1619 1774 quia
1651 1701 1858 1767 verius,
1893 1700 2142 1772 Prosper,

565 1809 628 1858 ut
653 1799 911 1865 diximus,
933 1812 1005 1854 ex
1028 1795 1211 1853 verbis
1238 1795 1412 1852 sancti
1452 1793 1760 1866 Augustini,
1787 1791 2022 1864 qualiter
2050 1808 2146 1848 ca-

569 1890 771 1954 tholico
811 1887 1113 1961 intelligere
1155 1887 1444 1944 debeamus
1498 1883 1805 1956 hujusmodi
1852 1882 2146 1954 Scriptura:

2194 708 2197 712 ·
2244 689 2458 760 (Matth.
2488 705 2564 757 vt,
2598 690 2706 762 15),
2730 689 3018 747 manifeste
3046 690 3319 758 docemur,
3349 690 3465 764 ejus
3487 691 3740 750 inducere
3768 693 3822 750 in

2243 782 2598 840 tentationem
2627 797 2734 838 non
2761 797 2880 840 esse
2909 781 3054 839 aliud
3077 798 3240 854 quam
3262 799 3369 841 non
3392 783 3620 842 liberare
3647 801 3678 840 a
3709 802 3824 841 ma-

2242 871 2326 940 lo;
2354 871 2473 943 ejus
2513 874 2741 946 perdere
2781 874 3018 932 animam
3048 890 3169 932 esse
3209 891 3240 930 a
3267 875 3571 948 perditione
3614 876 3822 934 salvam

2242 979 2350 1020 non
2378 963 2579 1022 facere.
2611 984 2631 1020 ι
2662 965 2728 1020 Ει
2755 975 2979 1023 sanctus
2998 964 3294 1040 Gregorius
3323 968 3378 1024 in
3404 966 3542 1024 libro
3561 969 3824 1040 vigesimo

2249 1076 2395 1118 nono
2423 1061 2563 1133 (cap.
2598 1061 2686 1132 l5)
2728 1060 3007 1118 Moralium
3039 1080 3053 1118 :
3107 1081 3127 1114 ‹
3157 1061 3562 1134 Semetipsum,
3611 1064 3822 1137 inquit,

2242 1155 2502 1212 Dominus
2530 1155 2634 1211 hoc
2654 1155 2776 1227 gelu
2806 1155 3027 1228 gignere
3050 1155 3317 1226 perhibet;
3346 1171 3454 1212 non
3493 1171 3600 1228 quo
3622 1172 3822 1228 pravo—

2242 1261 2364 1302 rum
2389 1253 2600 1302 mentes
2637 1246 2751 1318 ipse
2771 1246 2838 1302 ad
2858 1246 3070 1318 culpam
3092 1246 3310 1312 format,
3339 1245 3433 1302 sed
3473 1262 3582 1318 quo
3608 1263 3636 1302 a
3664 1246 3824 1321 culpa

2245 1352 2350 1394 non
2385 1336 2614 1403 liberat;
2658 1337 2799 1393 sicut
2834 1337 3096 1409 scriptum
3141 1346 3244 1406 est,
3288 1335 3404 1408 Ego
3439 1335 3704 1394 obdurabo
3733 1353 3829 1392 cor

2247 1428 2544 1484 Pharaonis
2571 1428 2766 1500 (Exod.
2793 1444 2847 1484 tv
2869 1438 2917 1486 et
2939 1428 3062 1503 vn),
3083 1429 3227 1501 quod
3249 1428 3373 1500 quia
3399 1427 3829 1484 misericorditer

2245 1519 2457 1576 mollire
2482 1519 2675 1588 noluit,
2705 1519 2949 1594 profecto
2989 1519 3236 1578 districto
3275 1535 3334 1576 se
3373 1521 3646 1576 obdurare
3686 1535 3826 1575 nun-

2247 1611 2420 1667 tiavit.
2451 1630 2472 1665 ι
2513 1609 2650 1667 Hinc
2679 1621 2899 1668 sanctus
2939 1611 3272 1684 Augustinus
3297 1611 3353 1666 in
3385 1611 3596 1683 psalmo
3629 1626 3776 1667 xxxv
3807 1626 3825 1667 :

2252 1723 2272 1758 t
2303 1703 2459 1758 Dedit
2507 1703 2626 1759 illos
2655 1704 2797 1762 Deus
2826 1705 2881 1760 in
2909 1703 3355 1777 concupiscentias
3388 1703 3560 1761 cordis
3587 1702 3825 1770 illorum,

2253 1795 2426 1867 facere
2453 1812 2572 1867 qua:
2594 1812 2697 1851 non
2719 1797 3029 1852 conveniunt
3052 1793 3235 1869 (Rom.
3262 1811 3304 1862 ι,
3332 1793 3446 1886 ἓξ).
3477 1792 3535 1850 Si
3558 1793 3700 1850 Deus
3721 1796 3830 1851 hoc

2248 1885 2379 1943 facit
2405 1896 2464 1943 ut
2489 1887 2691 1944 faciant
2719 1904 2838 1960 quae
2864 1903 2970 1943 non
2999 1889 3351 1955 conveniunt,
3381 1885 3510 1960 quid
3554 1889 3655 1959 ipsi
3684 1887 3832 1945 fece-

565 1999 736 2043 sscm
774 1983 1075 2041 locutiones
1108 1981 1338 2052 aperuit.
1376 1979 1640 2036 Videlicet
1675 1979 1801 2049 quia
1834 1987 1930 2034 aut
1953 1978 2021 2032 ad
2050 1977 2147 2034 do-
2173 1972 2221 2034 B
2250 1981 2408 2035 runt?
2431 1979 2574 2052 Ergo
2596 1979 2696 2035 fuit
2723 1979 3184 2052 concupiscentia,
3208 1994 3370 2051 quam
3395 1981 3612 2036 vincere
3640 1980 3831 2035 nolue-

567 2087 698 2132 nmn
715 2074 954 2146 pertinet
982 2071 1192 2145 gratim,
1223 2079 1320 2128 aut
1354 2069 1422 2125 ad
1461 2070 1873 2126 retributionem
1900 2069 2145 2139 justitiae,

569 2165 832 2240 quidquid
853 2165 999 2222 Deus
1025 2162 1451 2220 misericorditer
1472 2159 1726 2232 justeque
1752 2159 1903 2228 facit,
1946 2159 2041 2230 qui
2068 2158 2148 2215 fe-

568 2259 646 2316 cit
679 2273 800 2330 qum
839 2258 1019 2315 futura
1053 2267 1200 2325 sunt,
1232 2258 1360 2330 quia
1389 2267 1448 2313 ut
1481 2257 1540 2315 S.
1571 2257 1902 2329 Augustinus
1932 2256 2064 2312 dicit
2089 2255 2148 2313 in

567 2349 709 2408 libro
733 2350 802 2407 de
830 2349 980 2407 Bono
1003 2349 1440 2421 perseverantiae,
1476 2348 1610 2405 nihil
1643 2357 1725 2405 est
1751 2348 1854 2404 nisi
1885 2349 2029 2420 quod
2054 2356 2148 2404 aut

576 2439 699 2511 ipse
724 2438 880 2507 fecit,
907 2448 1002 2495 aut
1027 2439 1143 2495 ﬁeri
1166 2439 1282 2510 ipse
1302 2437 1590 2509 permittit,
1620 2447 1674 2494 et
1693 2438 1746 2493 in
1768 2437 1904 2492 libro
1929 2437 1994 2492 de
2016 2435 2149 2492 Gra-

567 2530 645 2586 tia
664 2538 721 2586 et
743 2529 916 2588 libero
940 2529 1183 2585 Arbitrio
1209 2530 1277 2586 ad
1302 2527 1642 2584 Valentinum
1679 2535 1735 2582 et
1779 2541 1903 2582 cum
1926 2541 1990 2582 eo
2033 2541 2147 2582 mo-

565 2622 772 2683 mbos
807 2620 949 2693 (cap.
975 2620 1068 2692 Si)
1097 2637 1151 2676 ει
1181 2619 1376 2676 Fixum
1399 2619 1543 2676 enim
1565 2617 1725 2675 debet
1753 2634 1874 2674 esse
1888 2619 2148 2674 etimmo—

568 2715 675 2772 bile
727 2715 784 2770 in
832 2715 998 2771 corde
1026 2722 1228 2780 vestro,
1279 2713 1405 2783 quia
1443 2729 1552 2770 non
1585 2721 1670 2770 est
1711 2713 1971 2785 iniquitas
2007 2713 2149 2785 apud

568 2807 778 2874 Deum;
811 2821 875 2862 ac
902 2821 1000 2876 per
1025 2807 1129 2862 hoc
1142 2806 1362 2876 quando
1384 2805 1560 2878 legitis
1579 2805 1634 2860 in
1658 2805 1852 2862 litteris
1874 2806 2146 2874 veritatis,

569 2911 603 2952 ι
630 2896 740 2951 Deo
765 2895 950 2951 seduci
975 2895 1244 2961 homines,
1270 2903 1365 2950 aut
1390 2896 1618 2952 obtundi
1642 2896 1726 2952 vel
1745 2897 2006 2952 obdurari
2033 2911 2148 2952 cor-

569 2988 640 3046 da
676 3001 889 3054 comm,
913 2985 1080 3043 nolite
1120 2987 1368 3043 dubitare
1401 2987 1741 3058 praecessisse
1768 2987 1910 3042 mala
1954 2987 2148 3041 merita

569 3093 780 3146 eorum,
805 3079 1024 3150 utjuste
1044 3078 1148 3134 ista
1170 3087 1501 3150 paterentur,
1527 3096 1596 3134 ne
1624 3080 1915 3136 incurratis
1941 3078 1994 3134 in
2019 3078 2148 3133 illud

573 3169 918 3240 proverbium
955 3169 1264 3230 Salomonis
1298 3188 1312 3225 ;
1354 3170 1665 3242 Insipientia
1700 3172 1796 3226 viri
1842 3171 1998 3226 violat
2040 3171 2148 3226 vias

570 3265 708 3336 ejus,
743 3263 910 3320 Deum
945 3273 1122 3321 autem
1149 3273 1400 3321 causatur
1427 3265 1484 3319 in
1510 3266 1664 3319 corde
1690 3280 1786 3319 suo
1824 3263 2006 3336 (Prov.
2032 3278 2146 3330 xu,

2250 2079 2398 2138 runt,
2419 2070 2507 2126 cui
2534 2070 2875 2128 traderentur
2891 2067 3098 2140 judicio
3131 2067 3249 2138 Dei,
3274 2069 3319 2126 si
3349 2079 3442 2125 aut
3470 2070 3617 2142 digni
3658 2069 3832 2126 habe-

2247 2171 2436 2218 rentur
2455 2161 2547 2233 qui
2577 2161 2935 2218 traderentur.
2966 2181 2986 2216 ι
3018 2159 3086 2216 Ει
3110 2159 3165 2216 in
3190 2159 3399 2234 psalmo
3421 2175 3594 2217 xxvm
3621 2177 3635 2215 :
3663 2179 3683 2214 ι
3718 2159 3830 2215 Alit

2247 2253 2502 2310 dicebant
2529 2253 2712 2310 Bonus
2736 2262 2852 2322 est,
2878 2252 2967 2309 alii
2997 2251 3136 2308 Non.
3168 2251 3235 2308 Ut
3257 2253 3393 2309 alios
3420 2253 3474 2309 in
3504 2253 3829 2308 cbaritatem

2250 2361 2401 2402 suam
2420 2343 2715 2414 trajiceret,
2737 2344 2871 2402 alios
2898 2345 2952 2400 in
2980 2343 3183 2400 malitia
3207 2359 3393 2400 eorum
3424 2343 3770 2416 relinqueret.
3805 2364 3826 2398 ι

2247 2439 2317 2495 Et
2343 2441 2396 2495 in
2422 2439 2630 2511 psalmo
2659 2454 2713 2495 vi
2743 2458 2755 2492 :
2796 2458 2814 2491 ι
2852 2438 3004 2494 Dedit
3027 2438 3145 2494 illos
3167 2437 3306 2494 Deus
3331 2438 3387 2493 in
3409 2438 3679 2510 reprobum
3710 2455 3834 2494 sen-

2247 2551 2383 2589 sum.
2417 2533 2553 2589 Nam
2597 2549 2661 2588 ea
2689 2541 2773 2590 est
2797 2533 3016 2589 crccitas
3048 2531 3268 2588 mentis.
3316 2531 3373 2586 ln
3416 2543 3537 2586 eam
3581 2531 3833 2601 quisquis

2247 2625 2408 2680 datus
2453 2624 2615 2680 fuerit
2661 2625 2729 2680 ab
2769 2624 3029 2680 interiore
3070 2623 3165 2678 Dei
3196 2622 3314 2678 luce
3357 2619 3683 2686 secluditur;
3731 2621 3835 2676 sed

2249 2717 2488 2772 nondum
2517 2716 2732 2786 penitus
2776 2731 2899 2770 cum
2927 2715 2982 2770 in
3009 2715 3110 2770 hac
3133 2713 3243 2769 vita
3265 2721 3347 2769 est
3373 2731 3385 2766 :
3417 2721 3544 2767 sunt
3581 2712 3724 2767 enim
3749 2719 3835 2766 te-

2250 2810 2432 2864 nebm
2459 2807 2776 2874 exteriores,
2806 2821 2926 2877 quae
2953 2805 3125 2876 magis
3164 2805 3230 2860 ad
3271 2804 3410 2860 diem
3429 2803 3622 2876 judicii
3660 2805 3836 2875 perti-

2251 2913 2381 2955 nere
2423 2888 2816 2970 intelligunt'ur,
2855 2905 2914 2952 ut
2952 2897 3166 2968 penitus
3193 2905 3344 2951 extra
3381 2895 3550 2951 Deum
3578 2896 3649 2952 sit
3678 2895 3835 2966 quis-

2250 2993 2373 3064 quis
2413 2992 2538 3047 dum
2571 3000 2780 3063 tempus
2803 2998 2886 3046 est
2912 2988 3106 3060 corrigi
3152 2987 3404 3043 noluerit.
3439 3005 3458 3040 ι
3493 2986 3560 3042 Et
3596 2987 3650 3041 in
3684 2985 3834 3057 psal-

2251 3100 2342 3140 mo
2361 3099 2424 3138 v:
2450 3102 2469 3136 ‹
2490 3083 2623 3139 Cum
2645 3083 2799 3154 punit
2816 3083 2956 3138 Deus
2968 3090 3296 3153 peccatores,
3313 3095 3420 3136 non
3442 3079 3643 3135 malum
3669 3095 3833 3135 suum

2251 3174 2330 3230 eis
2367 3171 2562 3241 infert,
2603 3175 2698 3228 sed
2745 3172 2900 3227 malis
2942 3187 3128 3228 eorum
3171 3186 3264 3226 cos
3313 3169 3555 3226 dimittit.
3586 3189 3605 3222 ο
3656 3167 3724 3222 Et
3773 3167 3830 3223 in

2253 3265 2460 3335 psalmo
2488 3281 2563 3320 vu
2593 3282 2606 3320 :
2643 3284 2660 3316 ‹
2690 3263 2825 3320 Esse
2871 3263 2940 3319 ad
2977 3263 3147 3318 lucem
3181 3261 3446 3334 pertinet,
3474 3276 3580 3316 non
3609 3273 3730 3316 esse
3759 3260 3830 3316 ad

573 3355 653 3428 ὅ).
684 3373 704 3410 ι
730 3355 800 3414 Et
817 3356 874 3412 in
891 3356 1083 3414 eodem
1109 3365 1231 3428 post
1249 3356 1523 3428 aliquanta
1550 3356 1688 3428 (cap.
1718 3355 1844 3428 25):
1880 3374 1898 3408 t
1925 3357 2148 3424 Quando
2175 3337 2220 3401 (ἶ
2258 3360 2526 3416 tenebras.
2559 3360 2660 3428 Qui
2686 3375 2814 3431 ergo
2839 3359 3039 3416 deserit
3082 3373 3204 3415 eum
3239 3374 3269 3416 a
3297 3372 3406 3430 quo
3430 3356 3608 3414 factus
3643 3363 3746 3422 est,
3777 3364 3833 3411 et

572 3461 700 3518 ergo
719 3447 916 3503 auditis
930 3447 1200 3504 dicentem
1214 3446 1497 3504 Dominum
1522 3463 1536 3500 :
1559 3444 1674 3517 Ego
1693 3444 1950 3500 Dominus
1970 3444 2153 3500 seduxi

2256 3451 2480 3508 inclinat
2509 3452 2562 3506 in
2595 3452 2647 3508 id
2688 3451 2829 3507 unde
2869 3449 3044 3507 factus
3067 3458 3152 3507 est
3173 3491 3186 3514 ,
3221 3449 3277 3504 id
3303 3457 3386 3505 est
3412 3449 3464 3505 in
3495 3447 3740 3512 nihilum,
3774 3448 3831 3502 in

574 3537 879 3607 prophetam
905 3535 1057 3592 illum
1087 3536 1306 3610 (Esedt.
1338 3551 1450 3602 xiv,
1483 3535 1538 3605 9)
1568 3551 1582 3590 :
1614 3543 1669 3590 et
1709 3535 1853 3606 quod
1896 3534 1973 3590 ait
2011 3534 2148 3606 Apo-

2255 3543 2359 3600 hoc
2383 3553 2606 3615 peccato
2648 3543 2982 3611 tenebratur,
3007 3551 3061 3599 et
3084 3551 3262 3599 tamen
3294 3556 3400 3597 non
3425 3540 3640 3612 penitus
3662 3539 3830 3612 perit,

575 3626 748 3683 stolus
778 3642 796 3682 .
829 3625 996 3697 Cujus
1037 3625 1146 3682 vult
1181 3628 1476 3694 miseretur,
1507 3636 1555 3681 et
1584 3643 1736 3698 quem
1782 3625 1890 3682 vult
1933 3627 2153 3682 obdurat

2255 3637 2350 3692 sed
2392 3635 2446 3690 in
2478 3635 2679 3692 inlimis
2722 3634 3023 3692 ordinatur.
3055 3654 3075 3688 ι
3109 3634 3206 3692 His
3235 3633 3622 3690 catholicorum
3664 3632 3833 3688 docu-

575 3717 756 3796 (_Rom.
787 3734 866 3786 ιι,
894 3717 1012 3790 t8),
1053 3718 1110 3774 in
1141 3733 1208 3775 eo
1238 3733 1398 3789 quem
1439 3718 1619 3774 seduci
1643 3716 1755 3792 Μ
1781 3717 2046 3788 permittit
2069 3717 2148 3774 vel

2255 3727 2452 3782 mentis
2502 3733 2761 3796 agnoscat
2802 3716 3161 3796 capitulorum
3205 3723 3545 3795 compllator,
3587 3719 3723 3777 nihil
3771 3736 3833 3777 se

573 3811 852 3878 obdurari,
878 3810 1022 3866 mala
1065 3810 1182 3880 ejus
1208 3811 1398 3865 merita
1426 3851 1442 3874 ,
1471 3809 1525 3863 in
1550 3825 1615 3866 eo
1641 3825 1769 3865 vero
1798 3809 1949 3879 cujus
1994 3811 2156 3867 mise—
2255 3815 2500 3886 adjuvari
2526 3830 2687 3888 posse
2711 3830 2744 3870 a
2769 3813 3054 3886 Fulgentio
3081 3814 3135 3869 in
3173 3813 3508 3885 expositione
3533 3810 3832 3868 secundum

579 3915 750 3973 retur,
791 3904 1024 3978 gratiam
1066 3903 1162 3960 Dei
1197 3917 1305 3959 non
1347 3901 1621 3958 reddentis
1668 3902 1805 3959 mala
1836 3917 1935 3974 pro
1976 3902 2152 3970 malis,

576 3998 672 4055 sed
699 3998 841 4054 bona
883 4009 982 4066 pro
1016 3993 1195 4061 malis,
1239 3992 1470 4050 ﬁdeliter
1501 4001 1557 4049 et
1593 3993 1962 4050 indubitanter
1990 4008 2155 4065 agno-

573 4088 730 4146 scite.
760 4085 871 4144 Nec
913 4085 1036 4143 ideo
1073 4083 1336 4144 auferatis
1363 4101 1394 4141 a
1426 4083 1707 4143 Pharaone
1745 4085 1972 4142 liberum
2003 4087 2152 4143 arbi-

577 4181 762 4249 trium,
795 4179 927 4251 quia
965 4178 1151 4236 multis
1191 4176 1326 4235 locis
1370 4177 1505 4235 dicit
1545 4179 1723 4236 Deus:
1753 4175 1866 4250 Ego
1908 4179 2152 4235 induravi

583 4271 940 4340 Pharaonem,
965 4272 1051 4328 vel
1083 4271 1325 4328 iaduravi
1356 4281 1449 4327 aut
1485 4272 1739 4328 iudurabo
1779 4289 1868 4327 cor
1908 4271 2152 4327 Pharao-

2256 3923 2414 3965 suum
2442 3921 2661 3963 sensum
2688 3905 2848 3978 hujus
2869 3905 2977 3980 45
3019 3905 3294 3976 apostolici
3326 3903 3638 3961 testimonii.
3680 3900 3832 3970 Qua-

2254 4005 2478 4069 propter
2511 3994 2581 4052 ad
2617 3996 3013 4069 perscrutanda
3063 3994 3282 4068 capituli
3321 3995 3532 4068 reliqua
3577 4002 3830 4050 transea-

2256 4105 2398 4147 mus.

2861 4223 3089 4282 CAPUT
3130 4221 3220 4280 XI.

2349 4319 2426 4374 De
2445 4315 2832 4390 perscrutandis
2857 4314 3074 4386 capituli
3099 4314 3454 4388 subsequentis
3475 4312 3730 4388 reliquiis.

586 4366 688 4422 nis.
719 4363 838 4420 Non
866 4363 1011 4420 enim
1038 4370 1324 4435 propterea
1362 4363 1475 4433 ipse
1514 4361 1727 4417 Pharao
1749 4376 1854 4416 non
1882 4362 2156 4418 induravit

578 4469 673 4510 cor
701 4467 892 4519 suum;
920 4467 1045 4506 nam
1071 4459 1128 4506 et
1155 4451 1258 4506 hoc
1283 4451 1351 4505 de
1379 4450 1469 4506 illo
1495 4450 1708 4520 legitur,
1736 4451 1950 4520 quando
1977 4451 2156 4507 ablata
2328 4452 2571 4524 Denique
2601 4451 2678 4506 ait
2701 4457 2906 4516 noster,
2931 4448 3055 4520 quia
3081 4448 3326 4505 veritatis
3353 4445 3646 4504 secundum
3676 4461 3835 4501 suam

577 4552 663 4599 est
689 4541 758 4598 ab
801 4539 1074 4612 Egyptiis
1114 4539 1399 4612 cynomyia
1457 4539 1671 4596 dicente
1725 4538 2004 4612 Scriptura
2041 4539 2156 4615 {Et
2258 4543 2664 4616 intelligentiam
2690 4540 3071 4597 infestissimus
3091 4548 3422 4612 persecutor,
3454 4537 3553 4594 tln
3573 4538 3838 4594 electione

519 4641 522 4644 ’
579 4634 876 4705 aggravavit
909 4630 1124 4688 Pharao
1165 4649 1256 4688 cor
1301 4648 1458 4688 suum
1486 4641 1534 4687 et
1575 4633 1631 4687 in
1669 4633 1769 4688 isto
1806 4644 2034 4706 tempore
2061 4675 2076 4700 ,
2105 4641 2154 4689 et
2183 4694 2227 4706 ᾳ
2260 4643 2441 4690 tamen
2493 4633 2872 4688 salvandorum
2916 4631 3340 4688 misericordiam
3390 4630 3486 4686 Dei
3529 4630 3841 4702 praecedere

581 4694 746 4780 ncluit
773 4724 1033 4780 dimittere
1053 4724 1304 4796 populum
1329 4723 1528 4796 (Exod.
1562 4722 1715 4797 vtu);
1758 4740 1822 4780 ac
1849 4694 1946 4796 per
1973 4694 2076 4782 hoc
2102 4735 2158 4782 et
2183 4694 2235 4756 Β
2264 4727 2514 4783 meritum
2540 4726 2740 4782 bonum
2767 4743 2781 4781 :
2810 4725 2867 4780 in
2893 4725 3236 4781 damnatione
3263 4732 3443 4780 autem
3469 4694 3842 4796 periturorum

583 4815 726 4872 Deus
753 4816 1022 4873 induravit
1049 4831 1145 4886 per
1167 4814 1376 4884 justum
1407 4813 1690 4884 judicium,
1719 4824 1772 4872 et
1811 4816 1925 4888 ipse
1947 4815 2158 4873 Pharao
2265 4818 2464 4873 malum
2515 4817 2766 4872 meritum
2793 4817 3099 4886 praecedam
3120 4815 3330 4888 justum
3367 4815 3462 4873 Dei
3498 4814 3782 4885 judicium.
3814 4834 3836 4866 ι

584 4923 682 4978 per
706 4906 938 4964 liberum
960 4906 1264 4963 arbitrium.
1301 4927 1320 4961 ι
1350 4905 1518 4975 llujus
1543 4907 1705 4962 etiam
1732 4906 2019 4963 locutionis
2046 4923 2159 4963 mo-
2265 4908 2446 4965 Noluit
2501 4909 2616 4964 haec
2659 4909 2764 4965 iste
2803 4909 3122 4980 compilator
3167 4910 3246 4965 sic
3280 4921 3512 4979 ponere,
3564 4907 3706 4962 sicut
3751 4905 3842 4962 illa

582 4996 709 5052 dum
737 5006 794 5053 et
823 4996 968 5053 Beda
995 4997 1051 5052 iu
1082 4998 1317 5053 secundo
1339 4996 1477 5053 libro
1497 4999 1792 5054 commenti
1815 4995 1974 5053 Lucae
1995 5012 2159 5052 evan—
2265 5000 2460 5057 Florus
2503 5000 2559 5055 in
2608 5015 2705 5056 suo
2747 5000 2950 5070 scripto
2995 5001 3131 5056 bene
3182 4998 3388 5056 studuit
3411 5013 3632 5070 ponere,
3676 5007 3733 5052 et
3785 4997 3844 5052 in

581 5089 785 5162 gelistae
812 5090 1164 5155 demonstrat,
1187 5102 1463 5160 exponens
1483 5090 1805 5146 sententiam
1832 5091 1962 5147 dicti
1984 5092 2164 5148 Domi-
2267 5104 2680 5166 quantocunque
2709 5093 2800 5148 illa
2825 5093 3007 5149 verbis
3049 5093 3338 5157 convertit,
3368 5093 3421 5147 in
3452 5100 3605 5146 tanto
3630 5105 3660 5144 a
3691 5097 3845 5145 recto

581 5182 714 5249 nici,
756 5183 992 5237 animam
1037 5182 1246 5238 salvam
1299 5181 1481 5238 facere
1528 5198 1596 5237 an
1643 5185 1894 5255 perdere,
1934 5186 2037 5242 hoc
2081 5194 2166 5242 est
2268 5201 2430 5243 sensu
2464 5185 2743 5257 pervertit.
2783 5183 2928 5240 Dixit
2971 5200 3206 5254 namque
3230 5183 3340 5250 ille,
3376 5201 3396 5235 ι
3425 5183 3550 5238 Sive
3579 5191 3761 5238 autem
3786 5182 3846 5236 in

583 5275 855 5332 hominem
879 5289 1075 5330 curare
1097 5287 1328 5328 annon:
1355 5292 1373 5326 ‹
1399 5274 1542 5330 Idem
1569 5275 1808 5346 estquod
1829 5277 2166 5347 praemiserat
2266 5278 2372 5334 illis
2401 5278 2493 5348 qui
2529 5275 2809 5332 salvantur
2835 5276 2950 5332 sive
2979 5276 3034 5332 in
3063 5275 3168 5330 illis
3195 5275 3287 5346 qui
3312 5282 3562 5345 pereunt,
3590 5271 3848 5328 voluntas

584 5369 721 5424 bene
747 5367 928 5423 facere
951 5381 1020 5422 an
1045 5365 1186 5422 male
1216 5383 1229 5420 :
1262 5381 1368 5422 nou
1397 5368 1537 5436 quod
1565 5367 1706 5423 Deus
1742 5383 1954 5424 summe
1992 5367 2167 5424 bonus
2267 5369 2486 5442 propria
2531 5376 2942 5435 remuneratur,
2989 5367 3238 5424 voluntas
3278 5365 3495 5437 propria
3532 5363 3845 5419 damnatur.

583 5466 772 5514 auctor
811 5456 938 5511 mali
987 5455 1144 5512 nobis
1168 5464 1262 5511 aut
1299 5456 1620 5528 perditionis
1647 5471 1767 5513 esse
1811 5457 2021 5526 possit;
2071 5455 2166 5511 sed
2271 5460 2379 5516 Sed
2404 5459 2459 5514 in
2482 5457 2608 5525 illis,
2639 5457 2764 5528 quia
2788 5471 2885 5527 per
2909 5457 3140 5530 gratiam
3184 5454 3398 5511 Domini
3439 5451 3725 5510 salvatoris
3761 5458 3850 5508 est

585 5551 736 5619 quod
761 5548 880 5619 ejus
910 5563 1015 5606 non
1042 5550 1252 5606 salvare
1294 5547 1591 5621 Scriptura:
1631 5550 2018 5605 consuetudine
2048 5564 2170 5620 per—
2271 5558 2483 5617 sanata,
2515 5558 2575 5604 ut
2607 5564 2675 5604 ex
2702 5547 2842 5604 mala
2871 5559 2927 5604 et
2944 5563 3115 5620 prava
3138 5547 3296 5603 ﬂeret
3321 5547 3464 5603 bona
3485 5554 3540 5601 et
3569 5553 3742 5610 recta,
3765 5551 3851 5600 est

586 5644 716 5698 dere
736 5642 968 5709 dicatur,
1003 5643 1142 5699 sicut
1169 5643 1370 5699 dicitur
1398 5643 1680 5699 indurasse
1707 5658 1802 5699 cor
1841 5642 2164 5706 Pharaonis,
2269 5640 2620 5712 proculdubio
2663 5639 2976 5711 dignissime
3023 5647 3298 5694 coronata.
3347 5636 3404 5692 ln
3453 5635 3574 5692 istis
3623 5644 3845 5699 autem,

587 5748 693 5791 non
715 5737 855 5807 quod
883 5735 1043 5791 molle
1073 5735 1444 5799 obduraverit,
1480 5736 1578 5792 sed
1604 5735 1748 5806 quod
1793 5733 2002 5790 meritis
2029 5748 2169 5804 przc-
2269 5733 2395 5804 quia
2421 5747 2528 5788 non
2555 5731 2850 5802 acquiescit
2874 5746 2972 5802 per
3009 5729 3344 5786 Salvatorem
3367 5729 3611 5800 recipere
3641 5727 3850 5783 sanita-

589 5829 904 5890 t'uentibus
948 5829 1268 5886 obduratum
1317 5828 1746 5886 misericorditer
1789 5826 2030 5883 emollire
2074 5841 2170 5882 no-
2268 5822 2716 5893 tem,justissime
2753 5837 2850 5892 per
2878 5822 3127 5877 eumdem
3157 5820 3392 5892 judicem
3426 5819 3625 5874 sentiet
3652 5831 3852 5888 perpe-

587 5921 765 5980 luerit.
796 5924 1002 5980 Etcum
1049 5938 1317 5991 rogamus,
1347 5921 1426 5976 Ne
1460 5939 1549 5977 nos
1579 5919 1799 5978 inducas
1838 5915 1895 5970 in
1917 5920 2161 5975 feutatio—
2268 5931 2416 5976 tuam
2452 5916 2869 5974 damnationem.
2914 5938 2944 5989 r
2969 5917 3035 5972 Et
3066 5931 3258 5987 supra:
3295 5933 3312 5966 ι
3350 5913 3491 5986 Ergo
3517 5913 3686 5970 bonos
3711 5927 3851 5982 pne-
