4052 6334
264 355 367 412 109
450 353 457 357 ’

1020 349 1108 406 DE
1146 349 1814 407 PRAEDESTINATIONE
1855 348 2312 405 DISSERTATIO
2351 346 2756 434 PQSTERIOR.

3333 355 3336 358 ’
3407 350 3512 406 HO

261 449 421 526 scivit
441 467 664 522 omnino
689 472 746 520 et
777 479 874 535 per
895 466 1124 536 gratiam
1150 481 1307 522 suam
1335 467 1506 522 bonos
1528 465 1758 532 futuros,
1788 471 1844 520 et
1868 465 1923 527 Α
1945 463 2158 518 vivendi
2189 463 2388 518 donum
2414 463 2696 532 pervenire
2727 469 3058 528 mereantur,
3083 462 3226 519 sicut
3252 464 3516 522 Dominus

259 576 355 631 per
393 558 640 614 eamdem
688 557 922 628 gratiam
967 565 1170 612 aeterna
1210 556 1430 627 praemia
1478 565 1838 628 accepturos:

259 655 312 710 id
359 661 447 709 est
492 660 552 707 et
597 651 652 705 in
693 650 944 720 praesenti
984 650 1180 707 saeculo
1222 650 1364 707 bene
1389 651 1628 706 victuros
1681 659 1734 704 et
1787 649 1842 704 in

261 745 441 802 futuro
472 743 709 800 feliciter
739 743 1203 798 remunerandos:
1235 751 1524 812 utrumque
1565 750 1743 796 tamen
1775 753 1846 794 ex

260 837 399 893 dono
427 833 814 891 misericordiae
839 832 954 888 Dei.
983 828 1136 889 Unde
1171 831 1462 902 Apostolus
1484 847 1611 888 vasa
1633 830 1846 886 miseri-

259 928 457 984 cordia:
487 926 609 996 ejus
649 923 884 995 appellat
927 923 1114 980 dicens
1150 941 1164 978 :
1211 922 1280 978 Ut
1310 923 1598 978 ostenderet
1636 923 1844 977 divitias

257 1017 444 1089 gratim
467 1030 583 1071 sane
605 1015 661 1070 in
690 1030 815 1068 uasa
853 1013 1257 1079 misericordiae,
1299 1028 1415 1084 ante
1445 1012 1756 1082 prwparavit
1790 1010 1846 1066 in

257 1109 485 1180 gloriam
507 1105 691 1180 (Rom.
727 1122 808 1172 ιι,
850 1104 966 1176 25).
1011 1103 1332 1160 Econtrario
1371 1113 1555 1159 autem
1590 1101 1759 1158 malos
1791 1108 1847 1157 et

257 1199 538 1274 pmscivit
564 1213 662 1270 per
689 1196 965 1268 propriam
1010 1195 1277 1251 malitiam
1319 1193 1489 1250 malos
1510 1192 1754 1261 futuros,
1792 1200 1848 1249 et

257 1290 538 1362 prmscivit
559 1302 826 1360 persuam
848 1286 1121 1359 justitiam
1141 1295 1346 1342 aeterna
1360 1284 1566 1340 ultione
1585 1283 1848 1340 damnan-

257 1384 371 1440 dos.
429 1401 450 1435 ι
499 1381 812 1437 lmmutavit
873 1379 1192 1451 compilator
1257 1379 1612 1450 incomposite
1680 1379 1848 1438 verba

255 1474 588 1547 composita,
631 1483 686 1528 et
720 1481 927 1530 rectum
960 1487 1178 1528 sensum
1207 1471 1484 1528 transtulit
1527 1470 1584 1526 in
1624 1486 1846 1542 perver—

254 1583 401 1624 sum.
461 1567 524 1623 Si
567 1565 713 1621 enim
775 1563 1043 1629 dixisset,
1091 1562 1148 1617 in
1201 1561 1505 1618 salvatione
1551 1560 1848 1618 electorum

256 1660 697 1719 misericordiam
765 1657 861 1716 Dei
926 1656 1232 1729 praecedere
1299 1656 1501 1712 bonum
1556 1655 1844 1721 meritum,

257 1764 542 1823 utcunque
601 1760 855 1824 constare
906 1746 1301 1820 intelligeretur
1351 1746 1638 1803 sententia.
1693 1744 1848 1801 Nunc

1943 556 1999 610 in
2029 553 2317 625 Evangelio
2339 552 2499 608 dicit:
2519 551 2674 607 Multi
2700 562 2818 607 sunt
2840 553 3026 619 uocati,
3047 555 3201 624 pauci
3226 571 3344 612 vero
3367 555 3517 612 electi

1945 643 2160 718 (Matth.
2223 658 2373 708 xm,
2403 641 2527 713 ll),
2567 642 2692 698 hinc
2719 643 2978 714 intelligat
3015 643 3172 715 quale
3225 645 3326 711 sit,
3372 645 3518 715 quod

1895 807 1898 810 ἢ
1943 746 2132 794 contra
2162 736 2252 792 Dei
2283 735 2510 808 gratiam
2547 735 2826 792 defensare
2870 738 3093 794 molitur
3125 738 3220 810 qui
3244 738 3312 795 dc
3349 737 3520 794 libero

1944 831 2046 888 sibi
2069 829 2244 886 blandi
2253 838 2337 884 tur
2357 829 2603 886 arbitrio.
2626 829 2942 900 Quicunque
2958 833 3121 896 enim.
3147 831 3341 887 divinat
3360 846 3516 888 voca-

1948 923 2106 979 tionis
2128 935 2353 978 munere
2375 919 2652 987 derelicto,
2681 922 2750 978 ad
2778 922 2996 992 impiam
3034 940 3222 980 rursus
3239 923 3512 986 deﬂuxere

1946 1015 2254 1087 perﬁdiam,
2308 1013 2442 1084 ipsis
2484 1013 2581 1070 Dei
2632 1014 2862 1085 gratiam
2897 1014 3272 1074 deserentibus
3306 1016 3375 1073 ad
3419 1016 3523 1074 im-

1943 1109 2196 1182 plendum
2265 1105 2411 1177 quod
2482 1105 2762 1162 voluerant
2821 1103 3016 1162 suilicit
3041 1105 3346 1173 arbitrium,
3389 1127 3411 1162 ι
3463 1117 3524 1165 et

1946 1202 2177 1273 reliqua,
2198 1213 2318 1272 quae
2337 1197 2496 1254 latius
2515 1211 2569 1258 et
2588 1200 2942 1258 disertissime
2963 1199 3162 1258 ibidem
3180 1200 3524 1272 prosequitur

1945 1295 2393 1367 gratiae-ccclesiis
2413 1301 2618 1352 orator.
2642 1291 2780 1350 Hinc
2801 1298 2858 1349 et
2889 1289 3123 1361 Prosper
3145 1291 3202 1348 in
3222 1289 3362 1350 libro
3390 1290 3526 1350 Sen-

1947 1388 2239 1445 tentiarum
2277 1389 2745 1461 epigrammatum,
2771 1399 2910 1456 quas
2944 1398 3012 1440 ex
3037 1382 3213 1440 sancti
3243 1382 3529 1454 Augustini

1946 1483 2106 1560 dictis
2132 1483 2368 1540 breviter
2393 1481 2670 1539 adnotavit
2695 1480 2834 1552 (cap.
2851 1478 3009 1546 150):
3034 1496 3052 1529 ι
3083 1476 3234 1534 Sicut
3256 1476 3361 1534 duo
3380 1483 3528 1544 sunt,

1948 1575 2140 1646 inquit,
2161 1574 2339 1632 cilicia
2357 1575 2658 1640 medicinae,
2673 1587 2841 1628 unum
2860 1585 2968 1641 quo
2987 1567 3528 1635 sanaturinlirmitas,

1947 1665 2091 1723 aliud
2138 1681 2247 1738 quo
2293 1666 2597 1726 custoditur
2635 1664 2888 1720 sanitas:
2928 1663 3003 1718 ita
3056 1662 3161 1718 duo
3206 1660 3345 1716 dona
3398 1669 3532 1716 sunt

1948 1759 2154 1831 gratiae,
2187 1773 2353 1815 unum
2382 1758 2528 1830 quod
2555 1755 2735 1814 aufert
2767 1754 2949 1812 carnis
2983 1751 3357 1824 cupiditatem,
3383 1749 3530 1808 aliud

255 1857 465 1912 autem,
493 1845 624 1916 quia
647 1843 831 1900 dicere
857 1841 1070 1908 maluit,
1100 1841 1156 1897 in
1181 1839 1444 1898 electione
1464 1839 1845 1898 salvandorum
1873 1837 1922 1899 B
1948 1852 2092 1924 quod
2117 1852 2246 1908 facit
2264 1851 2428 1908 animi
2465 1864 2816 1922 perseverare
2863 1847 3136 1904 virtutem.
3170 1865 3190 1900 ι
3221 1843 3320 1902 ως
3345 1845 3532 1901 docto.

253 1937 693 1996 misericordiam
746 1935 842 1992 Dei
892 1934 1198 2006 praecedere
1232 1933 1434 1990 bonum
1479 1933 1763 2003 meritum,
1812 1949 1846 1991 a

257 2030 657 2102 consequentia
679 2028 816 2087 recti
861 2042 1057 2085 sensus
1085 2027 1329 2085 recessit.
1361 2026 1494 2083 Nam
1535 2029 1602 2083 de
1631 2028 1847 2084 salvan-

257 2124 459 2181 dorum
503 2121 765 2178 electione
807 2120 1066 2191 scriptum
1101 2127 1227 2177 est:
1262 2118 1434 2190 Elegit
1475 2119 1616 2176 Deus
1661 2137 1756 2176 nos
1789 2121 1848 2177 in

257 2216 395 2286 ipso,
433 2213 490 2270 id
530 2220 614 2270 est
645 2212 703 2268 in
730 2211 978 2275 Christo,
1011 2219 1132 2267 ante
1172 2209 1356 2266 mundi
1390 2211 1846 2279 constitutionem,

254 2306 646 2378 praedestiaans
668 2321 761 2362 nos
783 2305 838 2360 in
853 2304 1186 2375 adoptionem
1207 2302 1442 2373 ﬁliorum
1462 2303 1679 2376 (Ephes.
1706 2322 1744 2372 ι,
1765 2305 1843 2379 4).

257 2401 422 2459 Unde
446 2401 780 2473 Augustinus
807 2400 863 2455 in
883 2398 1021 2456 libro
1047 2399 1115 2456 de
1129 2398 1610 2456 Prmdestinatione
1633 2407 1849 2457 sancto-

257 2509 378 2549 rum
436 2491 571 2548 dicit
612 2491 750 2562 (cap.
783 2488 918 2561 IO):
961 2506 981 2544 t
1016 2488 1073 2546 Si
1119 2499 1396 2560 quaeratur
1440 2489 1583 2571 unde
1621 2490 1850 2561 quisque

257 2586 325 2642 sit
357 2585 582 2656 dignus,
607 2599 713 2640 non
733 2583 930 2640 desunt
950 2582 1041 2653 qui
1063 2582 1242 2640 dicant
1266 2582 1546 2639 voluntate
1571 2584 1806 2639 humana
1831 2602 1844 2636 :

259 2693 358 2734 nos
421 2675 697 2742 dicimus,
743 2674 918 2746 gratia
955 2673 1040 2730 vel
1079 2674 1550 2745 praedestinatione
1591 2675 1794 2731 divina.
1823 2695 1842 2729 ι

257 2769 319 2824 Et
367 2766 777 2839 pmdestinatio
807 2805 824 2831 ,
865 2781 984 2836 qua:
1028 2765 1145 2821 sine
1189 2765 1528 2834 praescientia
1571 2781 1694 2821 esse
1743 2781 1850 2820 non

257 2870 465 2932 potest,
491 2860 608 2932 ipsa
631 2868 717 2915 est
743 2857 957 2924 electio,
994 2857 1135 2914 sicut
1159 2860 1316 2913 docet
1338 2857 1626 2929 Apostolus
1655 2873 1669 2911 :
1705 2857 1849 2924 Quas

259 2954 529 3025 praesciuit
580 2962 630 3008 et
675 2951 1061 3022 praedestinavit
1109 2950 1402 3020 conformes
1441 2949 1558 3019 ﬁeri
1602 2950 1848 3020 imaginis

260 3045 399 3102 Filii
411 3046 500 3102 sui
515 3043 693 3118 (Rom.
709 3060 827 3111 vni,
842 3044 956 3117 29).
983 3045 1050 3101 Et
1065 3045 1260 3100 iterum
1280 3063 1293 3098 :
1321 3044 1464 3110 Quos
1476 3043 1731 3115 prtescivit
1755 3044 1850 3099 hos

261 3149 303 3197 et
327 3136 750 3210 prtedestinaeit,
773 3135 1327 3206 oocaeit,justiﬁcauit,
1351 3134 1661 3206 gloriﬁcaoit
1684 3134 1846 3208 (Ibid.

1947 1960 2067 2001 rum
2093 1944 2374 2000 sententiis
2389 1943 2566 2000 discat
2582 1952 2640 1999 et
2656 1940 2920 2013 intelligat
2939 1954 3000 1996 se
3019 1953 3128 1995 non
3144 1938 3283 1995 bene
3301 1936 3527 2004 dixisse,

1948 2040 2005 2096 in
2024 2038 2289 2097 electione
2316 2037 2695 2119 salvandorum
2722 2033 3152 2091 misericordiam
3189 2031 3287 2087 Dei
3329 2044 3534 2102 prtem:-

1949 2133 2079 2190 dere
2131 2133 2385 2191 meritum
2435 2133 2637 2188 bonum
2665 2147 2683 2198 ;
2711 2128 2968 2203 quoniam
3009 2126 3184 2198 prima
3233 2133 3320 2183 est
3364 2139 3528 2196 quam

1950 2226 2117 2282 altera
2144 2241 2253 2284 non
2277 2225 2534 2298 praecedit
2560 2223 2733 2296 gratia
2761 2221 2817 2278 in
2865 2219 3130 2278 electione
3173 2226 3229 2274 et
3249 2216 3537 2274 vocatione

1951 2318 2351 2386 salvandorum,
2379 2332 2499 2390 qua:
2538 2331 2698 2374 omne
2723 2315 2978 2388 prmeedit
3009 2313 3207 2371 bonum
3235 2309 3492 2370 meritum
3513 2324 3534 2366 :

1951 2412 2080 2483 quin
2112 2422 2168 2469 et
2211 2411 2449 2484 cogitare
2500 2418 2557 2467 et
2600 2409 2739 2467 velle
2789 2411 3023 2476 bonum,
3047 2415 3106 2464 et
3155 2405 3318 2463 ﬁdem
3367 2402 3534 2460 totius

1949 2503 2132 2574 operis
2157 2502 2284 2559 boni
2321 2502 2552 2567 initium,
2581 2515 2702 2573 quin
2744 2515 2842 2572 per
2875 2499 3215 2556 dilectionem
3256 2503 3533 2567 operam.

1951 2594 2068 2648 sine
2093 2610 2200 2664 qua
2249 2592 2580 2664 impossibile
2620 2599 2703 2648 est
2727 2590 2941 2662 placere
2981 2589 3126 2656 Deo,
3153 2596 3214 2642 ut
3252 2586 3532 2656 Scriptura

1954 2695 2179 2742 testatur
2204 2686 2389 2742 dicens
2414 2704 2428 2740 :
2459 2685 2584 2740 Non
2609 2685 2761 2757 quasi
2786 2683 3092 2755 suﬁicientes
3117 2680 3278 2738 simus
3305 2679 3532 2754 cogitare

1954 2778 2154 2850 aliquid
2175 2795 2209 2831 a
2234 2777 2396 2839 nobis,
2420 2777 2574 2847 quasi
2593 2792 2659 2831 ea:
2687 2775 2835 2830 nobis
2855 2788 2874 2826 :
2901 2773 2992 2830 sed
3016 2771 3323 2844 sufﬁcientia
3350 2777 3531 2825 nostra

1953 2884 2018 2922 ex
2043 2867 2150 2922 Deo
2176 2875 2250 2922 est
2277 2865 2364 2940 (11
2389 2864 2511 2921 Cor.
2535 2882 2621 2935 ιιι,
2648 2865 2704 2939 5)
2733 2883 2748 2921 :
2778 2864 2882 2932 Qui
2904 2865 3046 2920 dedit
3075 2863 3224 2918 nobis
3245 2872 3293 2918 et
3329 2860 3455 2917 pelle
3481 2867 3532 2916 et

1953 2957 2199 3029 perﬁcere
2218 2974 2310 3029 pro
2332 2957 2466 3013 bona
2487 2957 2750 3014 voluntate
2771 2956 2993 3030 (Philip.
3016 2971 3076 3022 ιι,
3105 2953 3228 3029 15),
3251 2961 3305 3011 et
3336 2972 3350 3008 :
3370 2949 3538 3008 Alteri

1954 3049 2114 3103 datur
2160 3048 2291 3119 ﬁdes
2329 3051 2386 3105 in
2426 3052 2606 3106 eodem
2649 3049 2835 3120 spiritu
2878 3047 2931 3122 (I
2958 3048 3080 3104 Cor.
3112 3062 3221 3116 xu,
3267 3044 3343 3121 8).
3379 3041 3535 3101 Unde

1954 3139 2288 3211 Augustinus
2314 3140 2368 3196 in
2416 3139 2557 3197 libro
2589 3139 2657 3196 de
2696 3139 3179 3197 Praedestinatione
3223 3144 3535 3194 sanctorum

262 3248 306 3286 ν.
330 3207 482 3302 30);
525 3228 723 3300 quibus
763 3227 992 3301 singulis
1037 3229 1176 3283 hanc
1220 3240 1498 3298 opponens
1525 3207 1850 3283 sententiam
1878 3207 1924 3272 Ο
1955 3207 2087 3288 dicit
2114 3232 2253 3304 (cap.
2287 3231 2416 3304 l8):
2449 3251 2468 3286 ι
2497 3231 2675 3305 Elegit
2700 3231 2846 3290 Deus
2861 3231 2918 3288 in
2943 3231 3159 3290 Christo
3186 3239 3312 3286 ante
3344 3226 3532 3285 mundi

260 3331 495 3382 sanctus
544 3323 876 3396 Augustinus
923 3322 1198 3394 subjungit
1244 3323 1380 3394 (cap.
1440 3322 1524 3394 l7)
1576 3341 1594 3374 ι
1641 3330 1695 3376 et
1743 3338 1850 3377 non

263 3417 446 3481 alios;
481 3434 501 3469 ι
533 3423 590 3472 et
612 3414 805 3472 electio
829 3413 1018 3486 gratia:
1038 3415 1157 3486 ipsa
1184 3414 1674 3470 estmisericordia.
1701 3414 1855 3470 Dicat

266 3525 422 3582 ergo,
444 3524 568 3578 quae
591 3508 960 3566 misericordia
984 3515 1068 3566 est
1094 3507 1198 3562 alia
1228 3523 1348 3577 quae
1369 3509 1625 3579 praecedit
1649 3507 1851 3563 bonum

265 3601 529 3658 meritum
577 3601 632 3656 in
676 3599 940 3657 electione
968 3598 1376 3663 salvandorum,
1423 3598 1549 3654 siin
1590 3598 1855 3653 electione

267 3693 658 3750 salvandorum
704 3692 961 3763 praecedit
1002 3691 1393 3747 misericordia.
1441 3689 1610 3762 Igitur
1641 3690 1854 3746 miseri-

267 3785 517 3842 cordiam
542 3781 655 3857 ω
685 3783 942 3852 pnecedit
989 3783 1354 3840 misericordia
1380 3822 1394 3848 ,
1435 3790 1492 3838 et
1527 3791 1703 3855 .erunt
1735 3783 1856 3839 dua:

269 3877 667 3935 misericordiae
696 3878 893 3947 quibus
934 3876 1204 3948 eliguntur
1257 3877 1540 3933 salvandi:
1579 3893 1701 3933 cum
1747 3893 1855 3932 non

270 3971 324 4027 in
349 3969 623 4027 electione
641 3968 1042 4037 salvandorum,
1057 3969 1150 4026 sed
1170 3971 1224 4025 in
1245 3971 1544 4027 salvatione
1559 3971 1854 4027 electorum

271 4067 491 4123 duobus
516 4064 692 4120 modis
716 4065 786 4120 sit
806 4063 1152 4135 intelligenda
1175 4065 1271 4119 Dei
1292 4065 1684 4130 misericordia,
1707 4065 1858 4119 vide-

273 4162 404 4217 lcet
427 4158 550 4228 ejus
577 4157 810 4231 gratuita
839 4158 1031 4229 gratia.
1074 4156 1227 4216 Unde
1250 4158 1296 4212 si
1322 4158 1434 4213 vult
1458 4159 1598 4214 inter
1623 4159 1855 4228 primam

270 4264 324 4310 et
348 4251 648 4308 secundam
670 4249 1095 4306 misericordiam
1117 4289 1132 4316 ,
1173 4251 1463 4322 gratuitam
1503 4249 1707 4306 scilicet
1739 4265 1859 4321 gra-

276 4349 430 4413 tiam,
457 4358 785 4416 cognoscere
807 4341 1186 4409 dill'erentiam,
1215 4344 1356 4415 legat
1381 4343 1550 4399 sancti
1571 4343 1858 4415 Augustini

274 4440 478 4494 librum
519 4437 586 4490 de
610 4435 796 4506 gratiae
823 4434 1296 4505 praedestinatione
1319 4475 1333 4499 ,
1366 4435 1419 4489 in
1449 4450 1556 4505 quo
1585 4435 1652 4490 ad
1681 4435 1856 4490 locum

277 4534 412 4590 dicit
441 4532 584 4605 (cap.
610 4531 698 4603 10)
727 4550 740 4587 :
766 4531 1048 4586 «Misereor
1061 4532 1144 4584 cui
1169 4531 1533 4596 miserebor,et
1558 4531 1857 4584 misericor-

276 4627 422 4680 diam
442 4623 704 4696 prtestabo
723 4624 805 4677 cui
826 4623 1115 4677 misericors
1133 4621 1280 4690 fuero
1304 4622 1500 4692 (Exod.
1525 4637 1719 4687 xxxx",
1744 4622 1859 4690 I9),

277 4726 337 4771 ut
366 4715 604 4788 primum
625 4730 656 4769 a
683 4713 794 4770 Deo
819 4713 1243 4770 misericordiam
1266 4713 1549 4768 vocatione
1576 4714 1862 4769 credamus

282 4797 596 4861 hominibus
621 4805 911 4876 praerogari
943 4823 955 4859 :
988 4820 1107 4876 quae
1136 4804 1250 4860 sola
1279 4805 1344 4859 ad
1387 4815 1535 4861 recte
1575 4804 1864 4860 vivendum

283 4915 389 4955 non
419 4898 642 4965 sumcit,
667 4899 710 4954 si
735 4899 948 4954 deserat
969 4899 1063 4970 qui
1084 4900 1315 4955 vocavit.
1342 4897 1575 4969 Ideoque
1597 4900 1861 4964 additum,

281 5001 328 5046 et
353 4990 770 5045 misericordiam
794 4993 1052 5060 praestabo
1093 4992 1179 5045 cui
1213 4990 1507 5044 misericors
1531 4990 1677 5059 fuero
1696 5030 1708 5053 ,
1739 4998 1798 5044 ut
1834 5004 1866 5042 a

284 5085 396 5140 Deo
423 5083 599 5154 accipi
647 5082 987 5138 manifestum
1015 5083 1085 5138 sit
1129 5083 1293 5138 etiam
1329 5083 1443 5152 ipsa
1484 5081 1869 5136 misericordia:

283 5191 472 5247 opera,
502 5190 625 5246 qua:
653 5191 775 5231 cum
800 5176 1050 5231 videmur
1083 5176 1394 5246 impendere
1435 5175 1524 5230 Dei
1559 5174 1870 5230 misericor-

286 5269 442 5324 diam
474 5282 873 5338 promeremur.
907 5266 997 5325 Sic
1021 5270 1164 5324 enim
1199 5271 1252 5324 in
1280 5267 1570 5340 Evangelio
1617 5267 1876 5324 Dominus

288 5358 459 5415 dicit:
513 5358 665 5414 Beati
719 5361 1115 5428 misericordes,
1156 5362 1404 5433 quoniam
1458 5361 1876 5415 misericordiam

289 5463 672 5524 consequentur
696 5451 908 5526 (Matth.
932 5470 985 5520 v,
1015 5456 1092 5528 '1).
1116 5454 1268 5522 Quod
1298 5455 1398 5510 nisi
1423 5454 1500 5510 sic
1522 5455 1875 5511 intellexisset

289 5544 602 5617 Apostolus,
642 5563 916 5620 nunquam
945 5549 1280 5622 probationis
1315 5549 1486 5620 gratia
1522 5549 1873 5618 disputationi

292 5653 404 5694 suae
428 5641 536 5696 hoc
586 5641 953 5697 testimonium
1002 5651 1246 5698 curasset
1296 5641 1553 5695 inserere.
1611 5641 1666 5696 Si
1712 5657 1871 5713 quem

293 5747 425 5788 vero
449 5743 632 5790 movet
652 5735 795 5806 quod
817 5717 922 5790 non
959 5751 1177 5800 omnes,
1221 5735 1380 5789 ctiam
1414 5733 1476 5787 de
1519 5736 1603 5788 his
1643 5735 1731 5804 qui
1762 5736 1870 5805 jam

297 5825 474 5880 vocati
515 5832 639 5882 sunt
667 5866 683 5893 ,
711 5825 776 5881 ad
807 5827 1092 5882 secundum
1131 5827 1389 5896 gratiam,
1445 5825 1492 5876 id
1524 5833 1604 5879 est
1633 5824 1697 5878 ad
1729 5835 1875 5881 recte

1889 4577 1940 4639 D

1954 3324 2392 3380 constitutionem
2436 3324 2676 3380 membra
2719 3324 2874 3396 ejus:
2915 3332 2970 3380 et
3010 3321 3277 3393 quomodo
3312 3319 3538 3392 eligeret

1953 3429 2046 3471 eos
2089 3415 2181 3484 qui
2229 3415 2465 3470 nondum
2514 3422 2709 3481 erant,
2753 3415 2856 3471 nisi
2903 3409 3383 3486 praedestinaudo?
3418 3427 3440 3463 ι
3471 3407 3538 3462 Et

1953 3513 2074 3574 post
2120 3504 2396 3575 aliquanta
2435 3522 2448 3560 :
2487 3523 2508 3557 ‹
2535 3505 2710 3578 Elegit
2733 3520 2863 3577 ergo
2907 3519 3004 3560 nos
3043 3503 3184 3560 Deus
3223 3503 3278 3560 in
3321 3499 3540 3562 Christo

1955 3606 2080 3651 ante
2141 3597 2324 3653 mundi
2374 3597 2844 3664 constitutionem,
2899 3598 3288 3669 praedestinans
3335 3613 3435 3656 nos
3483 3599 3541 3654 In

1959 3689 2305 3760 adoptionem
2333 3689 2594 3746 filiorum:
2623 3706 2730 3746 non
2751 3691 2876 3762 quia
2905 3706 3002 3761 per
3021 3705 3120 3746 nos
3157 3691 3328 3748 sancti
3354 3700 3411 3748 et.
3434 3689 3537 3747 lm-

1957 3783 2210 3841 maculati
2225 3782 2275 3839 lu
2284 3783 2388 3840 turi
2403 3799 2642 3854 eramus,
2659 3785 2751 3842 sed
2766 3784 2949 3857 elegit,
2965 3783 3542 3860 prmdestinavitqueut

1959 3894 2226 3945 essemus,
2260 3898 2278 3931 ι
2315 3879 2549 3951 alioquin
2584 3880 2755 3952 gratia
2782 3879 2894 3949 jam
2916 3877 3024 3953 47
3040 3895 3144 3936 non
3171 3886 3253 3936 est
3278 3881 3468 3951 gratia,
3493 3878 3542 3935 si

1960 3990 2069 4029 non
2095 3973 2258 4028 fuerit
2286 3975 2452 4042 gratis
2482 3974 2623 4028 data.
2655 3974 2901 4030 Secunda
2926 3984 3104 4030 autem
3131 3984 3216 4031 est
3234 3971 3540 4031 misericor-

1963 4065 2048 4120 dia
2075 4066 2188 4120 sive
2230 4065 2400 4136 gratia
2438 4072 2584 4120 recte
2611 4065 2852 4131 vivendi,
2898 4066 2964 4120 ad
3014 4080 3176 4136 quam
3223 4065 3455 4136 praesciti
3482 4074 3537 4121 et

1962 4155 2354 4228 praedestinati,
2387 4155 2542 4212 electi
2574 4165 2735 4226 atque
2757 4155 2930 4210 vocati
2965 4157 3151 4228 gratiae
3182 4157 3322 4212 dono
3347 4173 3540 4227 pervc-

1963 4247 2082 4306 nire
2109 4257 2424 4305 merentur:
2456 4263 2562 4320 qua
2588 4249 2756 4319 gratia
2773 4247 3053 4320 justitlcati
3080 4247 3137 4302 in
3167 4245 3348 4303 futuro
3371 4247 3538 4319 glori-

1964 4343 2304 4410 ﬂcabuntur,
2350 4344 2677 4415 accipientes
2720 4343 2946 4414 gratiam
2985 4357 3082 4414 pro
3113 4341 3322 4414 gratia,
3367 4340 3421 4396 id
3458 4347 3544 4396 est

1965 4437 2194 4508 gratiam
2224 4437 2396 4492 beatae
2424 4435 2792 4491 retributionis
2818 4450 2916 4506 pro
2955 4435 3124 4505 gratia
3164 4435 3318 4490 home
3354 4449 3548 4505 opera-

1965 4528 2128 4585 tionis
2151 4570 2166 4595 ,
2197 4527 2336 4584 sicut
2387 4539 2608 4583 sanctus
2649 4527 2980 4596 Augustinus
3028 4527 3078 4581 in
3128 4527 3267 4583 libro
3295 4526 3361 4583 de
3399 4528 3547 4583 Bono

1968 4618 2382 4692 perseverantia:
2408 4619 2641 4689 scripsit.

2568 4751 2795 4808 CAPUT
2833 4751 2944 4807 XII.

1973 4867 2225 4938 Diﬁinitio
2259 4867 2425 4922 sancti
2456 4866 2770 4937 Augustini,
2791 4865 2935 4938 quid
2967 4865 3033 4919 sit
3069 4873 3370 4920 sanctorum
3402 4881 3542 4938 prce-

2046 4935 2322 4994 destinatio
2343 4979 2356 5002 ,
2395 4955 2426 4991 a
2462 4935 2564 5008 qua
2601 4935 2953 5007 capitulorum
2987 4938 3209 4992 istorum
3242 4935 3550 5008 compilator

2047 5009 2362 5064 omnimodis
2392 5005 2695 5062 discordare
2727 5009 3078 5078 cognoscitur,
3111 5018 3156 5061 et
3188 5023 3280 5078 per
3306 5005 3548 5077 ambages

2047 5082 2205 5150 [idem
2227 5080 2415 5134 divina?
2438 5079 2909 5150 prmdestiuationis
2933 5077 3261 5132 extenuando
3287 5079 3549 5150 pervertit,

2050 5147 2096 5205 et
2129 5151 2281 5205 verba
2318 5147 2547 5204 veritatis
2582 5151 2650 5203 ad
2681 5151 2956 5204 mendacia
2988 5157 3238 5219 quantum
3274 5157 3438 5216 potest
3468 5147 3549 5200 in-

2048 5223 2206 5294 ﬂectit
2231 5238 2250 5277 :
2283 5221 2418 5294 unde
2449 5238 2565 5275 eum
2595 5220 2967 5294 catholicorum
2999 5221 3236 5294 doctrina
3263 5227 3442 5287 aperta
3469 5234 3551 5294 veg

2051 5287 2241 5357 ritate,
2285 5302 2330 5345 et
2375 5291 2420 5345 si
2462 5309 2565 5345 non
2609 5307 2725 5344 eum
2767 5291 3067 5360 pertinaciw
3109 5287 3445 5360 inha’rentem
3479 5289 3548 5360 ad

2054 5365 2316 5419 tramitem
2373 5363 2604 5416 veritatis
2649 5357 2897 5431 reﬂectit,
2953 5375 3123 5414 rerum
3168 5357 3232 5412 de
3277 5357 3551 5412 mendacio

2051 5436 2381 5491 contrarium
2413 5434 2617 5487 veritati
2651 5432 2884 5485 revincit.

2056 5567 2074 5600 ‹
2104 5548 2230 5604 Haec
2265 5557 2384 5613 est,
2425 5547 2676 5616 inquiens
2702 5586 2714 5610 ,
2753 5543 3154 5615 prmdestinatio
3195 5551 3504 5599 sanctorum
3532 5587 3546 5611 ,

1979 5642 2113 5698 nihil
2143 5639 2287 5697 aliud
2306 5681 2320 5707 ,
2350 5639 2690 5711 praescicntia
2725 5635 2930 5692 scilicet
2957 5644 3011 5692 et
3036 5636 3359 5707 praeparatio
3387 5638 3548 5692 bene-

1981 5736 2223 5789 ﬁciorum
2256 5734 2383 5796 Dei,
2414 5732 2610 5801 quibus
2650 5729 2952 5787 certissime
2994 5730 3288 5787 liberantur
3325 5730 3551 5800 quicun-

1981 5841 2084 5896 que
2115 5826 2434 5882 liberantur.
2463 5843 2478 5874 ι
2509 5822 2575 5879 Et
2605 5823 2732 5881 item
2766 5824 2816 5879 in
2850 5823 3038 5880 eodem
3072 5822 3220 5894 (mp.
3245 5820 3343 5890 7):
3384 5841 3400 5874 ι
3425 5820 3554 5876 Post

2239 5981 2266 5988 .-
