4052 6334
534 414 629 469 HI

1491 401 1820 459 HINCMARI
1858 397 2250 455 RHESIENSIS
2289 396 2826 460 ARCHIEPISCOPI.

3682 400 3791 453 “2

533 538 723 582 casum
759 529 937 577 autem
973 517 1244 583 hominis,
1285 530 1390 571 non
1425 514 1529 570 nisi
1564 514 1631 568 ad
1667 512 1896 586 gratiam
1951 525 2102 564 suam
2133 517 2181 571 Α
2211 507 2442 562 ricordia
2495 506 2678 562 miseri
2718 507 3008 577 eliguntur,
3057 516 3117 562 ut
3156 505 3281 562 boni
3323 507 3389 563 de
3426 507 3583 562 malis
3613 508 3741 562 [iant
3768 527 3786 563 :

534 613 680 672 Deus
708 612 875 668 voluit
899 609 1171 680 pertinere
1199 615 1259 663 ut
1287 606 1448 663 homo
1479 606 1704 662 accedat
1731 604 1799 659 ad
1826 618 1951 659 eum
1971 642 1985 668 ,
2019 617 2110 657 nc-

534 721 644 777 que
672 704 776 759 nisi
804 703 873 758 ad
902 702 1131 774 gratiam
1161 715 1314 756 suam
1342 699 1516 754 voluit
1540 697 1834 769 pertinere,
1862 705 1922 750 ut
1945 693 2108 750 homo

537 812 649 854 non
684 795 903 852 recedat
935 793 1004 850 ab
1038 807 1124 848 eo.
1166 789 1318 847 Hanc
1353 790 1585 862 gratiam
1619 788 1803 860 posuit
1836 787 1889 843 in
1927 786 2020 844 illo
2051 786 2107 840 in

536 903 646 962 quo
669 895 875 944 sortem
901 883 1176 942 consecuti
1199 897 1406 948 smnus,
1425 878 1794 950 prtedestinati
1815 877 2108 935 secundum

535 979 874 1054 propositum
907 975 1026 1046 ejus
1058 975 1150 1045 qui
1189 975 1440 1029 universa
1475 980 1754 1042 operatur,
1784 982 1848 1024 ac
1877 983 1972 1040 per
2008 967 2111 1022 hoc

537 1071 681 1128 sicut
703 1077 964 1142 operatur
985 1077 1047 1124 ut
1069 1067 1392 1123 accedamus
1412 1106 1426 1132 ,
1452 1066 1530 1121 sic
1557 1071 1814 1136 operatur
1841 1076 1909 1117 ne
1936 1060 2112 1116 disce-

541 1163 753 1220 damus.
787 1181 806 1214 ι
831 1160 902 1217 Ει
937 1160 993 1215 in
1027 1158 1185 1223 libro,
1215 1157 1356 1214 sicut
1386 1171 1549 1229 supra
1577 1155 1812 1212 diximus
1831 1194 1846 1220 ,
1872 1153 1938 1210 de
1969 1152 2114 1208 Prae.

536 1253 896 1313 destinatione
940 1260 1249 1308 sanctorum
1269 1250 1408 1323 (cap.
1441 1249 1532 1320 10)
1564 1266 1578 1303 :
1619 1267 1638 1301 ι
1673 1247 1733 1304 Si
1767 1245 2108 1311 discutiatur,

533 1345 746 1418 inquit,
783 1353 840 1400 et
873 1351 1148 1415 quaeratur
1180 1341 1326 1400 unde
1352 1342 1583 1413 quisque
1616 1341 1688 1398 sit
1723 1339 1952 1412 dignus,
1991 1353 2100 1394 non

534 1436 732 1496 desunt
775 1435 870 1509 qui
915 1436 1100 1493 dicant
1141 1435 1418 1493 voluntate
1461 1435 1741 1491 humana:
1775 1448 1873 1490 nos
1925 1441 2105 1487 autem

533 1528 802 1596 dicimus,
848 1529 1023 1602 gratia
1066 1527 1153 1584 vel
1195 1526 1668 1600 praedestinatione
1706 1525 1911 1582 divina.
1963 1523 2109 1579 Inter

534 1621 768 1694 gratiam
793 1635 959 1692 porro
981 1629 1040 1678 et
1064 1619 1593 1691 praedestinationein
1635 1619 1740 1676 hoc
1779 1628 1988 1676 tantum
2030 1615 2114 1671 in-

534 1716 736 1777 terest,
767 1709 914 1780 quod
950 1708 1354 1781 praedestinatio
1399 1716 1482 1765 est
1520 1707 1710 1780 gratiae
1750 1704 2114 1778 praeparatio,

533 1800 712 1872 gratia
759 1813 892 1856 vero
937 1799 1052 1871 jam
1098 1799 1214 1871 ipsa
1278 1799 1514 1857 donatio.
1581 1798 1738 1867 Quod
1803 1797 1984 1868 itaque
2041 1795 2118 1850 ait

2213 599 2406 670 quibus
2442 614 2537 669 per
2575 599 2820 655 eamdem
2859 599 3284 656 misericordiam
3313 597 3501 655 electis
3531 601 3688 654 datur
3716 599 3789 655 li-

2211 693 2339 758 des,
2392 699 2657 763 parantur
2699 707 2864 762 opera
2912 693 3090 758 bona,
3144 693 3198 748 in
3243 694 3442 764 quibus
3488 694 3790 765 prmventi,

2213 782 2415 850 adjuti,
2444 781 2814 848 ambulantes,
2843 792 2899 838 et
2924 790 2982 838 ut
3004 793 3356 854 perseverent
3383 785 3688 849 subsecuti,
3717 785 3794 841 ad

2213 872 2412 938 vitam,
2439 870 2493 927 id
2522 881 2606 928 est
2657 873 2724 929 ad
2753 874 2983 944 gratiam
3021 876 3341 944 perveniant
3376 876 3789 946 sempiternam.

2297 961 2453 1030 Quod
2481 977 2612 1018 vero
2639 963 2949 1033 subjunxit,
2983 984 2999 1016 ι
3032 965 3085 1020 in
3112 965 3456 1023 damnatione
3487 975 3667 1022 autem
3698 982 3800 1038 pe-

2217 1055 2516 1112 riturorum
2558 1056 2762 1112 malum
2801 1059 3054 1114 meritum
3095 1058 3401 1129 prtecederc
3443 1057 3650 1128 justum
3695 1060 3798 1116 Dei

2210 1150 2473 1221 judicium
2495 1193 2508 1217 ,
2532 1171 2551 1204 ι
2579 1152 2623 1208 si
2643 1151 2758 1206 vult
2783 1152 2951 1222 ipsam
2981 1152 3510 1223 praedestinationem
3536 1152 3791 1224 reprobo:

2222 1263 2345 1304 rum
2373 1245 2630 1319 appellari
2655 1245 2916 1316 judicium
2939 1247 3068 1314 Dei,
3096 1247 3238 1318 quod
3259 1245 3508 1304 videlicet
3528 1245 3800 1316 judicium

2217 1338 2352 1404 Dei,
2380 1338 2434 1394 id
2461 1345 2545 1395 est
2569 1337 3095 1408 praedestinationem
3117 1379 3132 1405 ,
3162 1338 3432 1409 praecedat
3458 1337 3659 1394 malum
3681 1355 3802 1395 mc-

2217 1429 2380 1485 ritum
2403 1429 2783 1500 reproborum,
2820 1443 2920 1499 pro
2937 1443 3044 1500 quo
3071 1429 3366 1486 secundum
3395 1429 3799 1500 praescientiam

2214 1519 2618 1594 praedestinavit
2660 1521 2918 1592 reprobus
2957 1521 3026 1576 ad
3069 1521 3380 1588 interitum,
3421 1523 3547 1592 quia
3590 1521 3802 1578 malum

2219 1615 2473 1673 meritum
2503 1614 2716 1672 illorum
2744 1613 3037 1686 prmsciens
3076 1614 3221 1672 Deus
3261 1613 3328 1670 ad
3368 1615 3644 1672 interitum
3677 1616 3807 1673 illos

2222 1709 2660 1781 praedestinavit,
2687 1723 2850 1779 qnam
2880 1707 3020 1764 male
3043 1708 3189 1767 dicat
3211 1707 3491 1780 intelligat.
3513 1707 3804 1766 Neminem

2219 1800 2367 1856 enim
2393 1800 2536 1856 Deus
2561 1799 2786 1854 damnat
2815 1808 3104 1870 antequam
3130 1807 3350 1869 peccet,
3376 1799 3501 1869 quia
3524 1799 3804 1855 neminem

537 1894 856 1964 Apostolus:
900 1892 1026 1950 Non
1064 1908 1130 1948 ex
1171 1893 1445 1964 operibus,
1476 1908 1541 1946 ne
1568 1891 1703 1961 forte
1731 1890 1848 1961 quis
1887 1887 2111 1944 extolla-
2146 1876 2191 1938 Β
2220 1892 2422 1949 deserit
2467 1895 2754 1962 antequam
2792 1892 3104 1957 deseratur,
3135 1892 3277 1948 sicut
3317 1892 3569 1949 catholici
3613 1893 3810 1949 dicunt

535 1998 644 2055 tur,
673 1988 836 2060 ipsius
865 1988 1004 2044 cnim
1031 2003 1213 2043 sumus
1250 1986 1555 2058 ﬁgmentum
1575 2023 1592 2050 ,
1619 1982 1782 2038 creati
1810 1981 1866 2035 in
1907 1979 2115 2036 Christo

540 2080 675 2137 Jcsu
705 2081 763 2135 in
803 2079 1042 2152 operibus
1083 2079 1228 2134 bonis
1279 2075 1507 2149 (Ephes.
1543 2093 1618 2142 ιι,
1645 2075 1755 2148 9),
1788 2073 1959 2146 gratia
1991 2080 2112 2127 est:

535 2171 682 2242 quod
701 2181 883 2228 autem
904 2171 1180 2242 sequitur:
1200 2169 1331 2237 Qua:
1354 2169 1668 2240 prazparauit
1689 2166 1831 2222 Deus
1853 2176 1908 2220 ut
1932 2167 1988 2219 in
2009 2163 2115 2219 illis

535 2263 866 2320 ambulemus
883 2304 901 2332 ,
925 2263 1326 2336 praedestinatio
1351 2269 1436 2318 est
1452 2302 1468 2327 ,
1492 2275 1611 2332 quae
1633 2261 1750 2317 sine
1774 2258 2114 2330 praescientia

534 2371 658 2414 esse
686 2371 794 2414 non
826 2365 1023 2428 potest.
1061 2376 1079 2408 ι

609 2449 721 2508 Sed
747 2451 852 2508 iste
876 2459 1265 2517 commutator,
1297 2450 1590 2504 immutans
1625 2448 1790 2504 verba
1830 2457 1885 2504 et
1923 2461 2114 2504 sensus

533 2541 685 2599 Flori
719 2542 814 2614 qui
854 2549 1075 2598 secutus
1117 2539 1297 2597 fuerat
1338 2555 1558 2596 sensum
1603 2538 1922 2608 Augustini,
1973 2538 2114 2593 sicut

535 2631 742 2690 dicitur
765 2651 780 2688 :

656 2766 824 2822 Csttus
843 2767 893 2819 iu
913 2767 1134 2820 obscuris
1149 2769 1283 2833 cepit
1305 2780 1392 2832 pro
1413 2767 1569 2820 sorice
1593 2769 1744 2830 picem
1757 2807 1770 2828 ,

539 2891 801 2954 putamus
828 2882 973 2952 quod
1003 2883 1221 2952 quando
1249 2882 1385 2938 dixit
1425 2883 1479 2937 in
1520 2881 1787 2939 electione
1827 2880 2115 2938 salvando-

529 2985 657 3028 rum
685 2970 1121 3030 misericordiam
1147 2971 1243 3027 Dei
1267 2973 1576 3043 praecedere
1599 2973 1852 3029 meritum
1878 2973 2079 3028 bonum
2098 3013 2114 3039 ,

532 3065 592 3123 in
619 3067 965 3124 damnatione
993 3076 1173 3124 autem
1199 3067 1562 3137 periturorum
1607 3065 1809 3122 malum
1859 3067 2114 3122 meritum

529 3159 843 3231 pmcedere
865 3157 1072 3229 justum
1101 3159 1196 3214 Dei
1219 3158 1516 3230 judicium,
1561 3159 1664 3214 hoc
1707 3158 1888 3214 dicere
1928 3157 2114 3215 volue-

2217 1985 2488 2042 doctores.
2533 1984 2602 2040 Et
2642 1993 2861 2041 sanctus
2900 1985 3233 2056 Augustinus
3270 1986 3325 2042 in
3365 1986 3506 2042 libro
3545 1969 3614 2043 de
3649 1987 3805 2044 Prae-

2217 2075 2574 2134 destinatione
2607 2082 2916 2132 sanctorum
2944 2115 2960 2142 ,
2989 2076 3136 2132 etde
3165 2076 3313 2134 Bono
3338 2079 3770 2148 perseverantite
3788 2120 3806 2145 ,

2217 2169 2480 2226 latissime
2529 2165 2586 2226 ét
2658 2166 3102 2240 frequentissime
3159 2177 3323 2240 atque
3373 2169 3810 2245 catholicissime

2216 2258 2342 2315 hinc
2381 2268 2646 2331 repugnat
2691 2258 2808 2324 eis,
2855 2256 3149 2329 Scriptura:
3186 2273 3358 2315 sacrae
3397 2259 3696 2331 exemplis,
3751 2267 3809 2314 et

2113 2389 2116 2392 .
2216 2351 2582 2408 veracissimis
2609 2350 3151 2416 ratiocinationibus,
3182 2365 3411 2422 quorum
3440 2352 3604 2407 verba
3637 2351 3811 2408 talem

2219 2441 2547 2513 inperitiam
2575 2442 2931 2509 resonabant,
2982 2449 3038 2498 et
3072 2441 3380 2514 insipientia
3423 2442 3582 2500 talem
3626 2443 3814 2500 stulti-

2219 2533 2351 2590 tiam
2376 2535 2803 2591 demonstrabat.
2836 2533 2895 2589 Si
2933 2541 3113 2589 autem
3149 2534 3375 2606 intelligi
3396 2535 3511 2591 vult
3523 2534 3672 2605 justo
3706 2537 3812 2593 Dei

2209 2622 2448 2694 judicio,
2503 2625 2650 2696 quod
2693 2623 2948 2696 praecedit
2987 2627 3354 2696 periturorum
3402 2626 3600 2682 malum
3642 2630 3813 2686 meri-

2218 2725 2367 2784 tum,
2405 2730 2618 2788 poenam
2657 2718 2736 2772 eis
2772 2732 2839 2772 ex
2873 2717 3226 2773 retributione
3255 2716 3481 2786 justitia:
3515 2721 3814 2790 praedesti-

2218 2815 2400 2863 natam
2428 2845 2443 2872 ,
2494 2807 2610 2878 ipse
2643 2821 2796 2878 suam
2837 2806 3160 2862 sententiam
3189 2847 3204 2873 ,
3239 2821 3346 2878 qua
3383 2809 3812 2878 praedestinatos

2219 2900 2285 2954 ad
2335 2899 2611 2955 interitum
2649 2899 2812 2964 dicit,
2851 2914 2974 2954 cum
3009 2907 3236 2956 conatur
3270 2909 3544 2970 astruere,
3589 2905 3813 2961 videtur

2215 3007 2313 3062 pro
2339 3000 2488 3048 certo
2513 2992 2793 3047 destruere
2819 3009 2832 3045 :
2861 2991 2987 3061 quia
3013 3001 3302 3064 utrumque
3318 3035 3333 3063 ,
3356 3004 3413 3051 et
3437 2996 3810 3066 praedestinati

2216 3095 2272 3141 ct
2302 3084 2511 3150 relicti,
2543 3083 2596 3139 id
2623 3093 2706 3139 est
2731 3093 2788 3139 et
2811 3085 2984 3156 gratia
3020 3087 3336 3157 prmparati,
3364 3097 3418 3144 et
3446 3090 3812 3148 retributione

2213 3174 2436 3245 justitite
2465 3176 2520 3230 in
2550 3189 2729 3230 massa
2756 3175 3075 3245 perditionis
3105 3177 3190 3233 cui
3219 3187 3304 3234 est
3329 3192 3491 3249 poena
3524 3182 3813 3250 praedesti—

532 3252 636 3316 rit,
665 3250 808 3322 quod
836 3259 1057 3306 sanctus
1082 3249 1413 3319 Augustinus
1444 3249 1745 3306 rectissime
1785 3255 1842 3304 et
1879 3248 2110 3319 apertis-

2225 3277 2349 3322 nata
2389 3265 2595 3333 relicti,
2637 3281 2758 3322 esse
2796 3281 2902 3322 non
2938 3279 3207 3338 possunt:
3254 3271 3508 3341 quoniam
3554 3273 3809 3332 catholici

532 3342 671 3399 sime
700 3343 755 3398 in
784 3342 924 3399 libro
950 3342 1016 3398 de
1041 3341 1192 3397 Bono
1212 3341 1636 3412 perseverantiae
1660 3341 1790 3396 dicit
1817 3341 1956 3411 (cap.
1985 3341 2076 3412 11)
2097 3359 2110 3395 :

537 3451 556 3484 ι
587 3433 668 3488 Ex
694 3447 789 3490 ore
809 3473 824 3500 ,
854 3431 1105 3503 inquiens
1127 3472 1142 3498 ,
1187 3429 1474 3487 infantium
1516 3439 1571 3486 et
1617 3430 1927 3487 lactentium
1973 3432 2114 3487 Deus

532 3539 688 3582 suam
734 3524 965 3596 perfecit
1014 3523 1231 3579 laudem
1280 3521 1478 3596 (Psal.
1509 3539 1642 3591 vni,
1669 3523 1788 3594 5),
1823 3533 1884 3578 ιιι
1927 3524 1984 3578 in
2029 3523 2114 3580 his

530 3631 764 3688 quorum
794 3615 1202 3682 liberationem,
1235 3617 1288 3672 id
1323 3626 1408 3672 est
1435 3615 1787 3684 electionem,
1837 3617 2110 3683 videmus,

532 3709 674 3767 bona
714 3724 902 3766 eorum
943 3709 1141 3766 merita
1176 3708 1320 3764 nulla
1351 3707 1463 3781 48
1491 3709 1832 3780 praecedant,
1862 3718 1915 3764 et
1944 3709 1997 3762 in
2032 3709 2116 3763 his

531 3816 764 3872 quorum
794 3800 1199 3862 damnationem
1229 3799 1498 3865 videmus,
1525 3816 1630 3856 non
1659 3808 1979 3857 eunctcmur
2011 3799 2112 3854 nisi

535 3895 648 3953 suis
671 3895 884 3952 meritis
907 3909 1176 3966 quemque
1201 3894 1402 3963 puniri,
1433 3894 1546 3949 sive
1571 3909 1731 3965 pares
1757 3894 1848 3964 qui
1880 3893 2116 3949 liberan-

533 3997 626 4043 tur
653 3995 710 4043 et
731 3987 824 4058 qui
850 3972 1178 4059 puniuntur,
1213 3985 1327 4040 sive
1353 3985 1598 4056 dispares
1640 3984 1874 4040 habeant
1910 3998 2104 4039 causas

533 4079 727 4136 malas.
760 4098 780 4133 ι
809 4078 945 4136 Nam
976 4079 1098 4136 ideo
1137 4079 1395 4135 dicuntur
1428 4079 1621 4145 electi,
1661 4079 1786 4149 quia
1825 4080 1892 4135 de
1934 4094 2111 4135 massa

531 4169 854 4240 perditionis
879 4181 1007 4227 sunt
1034 4171 1206 4242 gratia
1252 4170 1408 4225 electi
1451 4169 1655 4226 nullum
1694 4171 1954 4226 habentes
1993 4185 2107 4226 me-

535 4262 704 4318 ritum
734 4270 1026 4334 antequam
1059 4262 1348 4333 eligantur,
1387 4279 1615 4333 quorum
1644 4262 1836 4318 electio
1874 4263 1988 4326 ipsa
2026 4273 2110 4319 est

531 4353 628 4410 Dei
673 4354 1081 4420 misericordia,
1135 4355 1274 4410 sicut
1324 4356 1376 4409 in
1425 4355 1688 4410 Arausica
1735 4355 1979 4425 synodo,
2025 4355 2111 4409 cui

530 4447 724 4504 beatus
741 4446 1007 4503 Caesarius
1027 4461 1091 4501 ex
1115 4445 1451 4516 delegatione
1474 4446 1618 4501 sedis
1639 4447 1950 4516 apostolica:
1974 4461 2114 4516 prte-

535 4543 708 4608 sedit,
740 4550 795 4597 et
819 4540 1054 4612 capitula
1099 4540 1166 4595 ab
1203 4540 1496 4612 apostolica
1543 4540 1669 4596 sede
1714 4540 1917 4596 directa
1939 4583 1952 4606 ,
1987 4543 2110 4596 sub-

535 4638 819 4696 scribenda
867 4645 921 4693 et
963 4635 1192 4692 tenenda
1236 4636 1486 4691 onnnibus
1528 4636 1778 4706 protulit,
1809 4638 1990 4708 capite
2020 4652 2111 4691 xxv

541 4730 779 4786 dicitur:
823 4725 1013 4783 Nullus
1049 4727 1214 4783 miser
1243 4728 1310 4784 de
1345 4735 1763 4799 quantacunque
1797 4729 2012 4784 miseria
2049 4730 2111 4784 li-

541 4825 788 4888 beratur,
817 4821 918 4878 nisi
945 4821 1037 4893 qui
1067 4819 1161 4876 Dei
1191 4821 1556 4876 misericordia
1584 4824 1931 4890 praevenitur,
1966 4824 2107 4879 sicut

537 4915 669 4971 dicit
696 4913 979 4970 Psalmista
1010 4930 1022 4966 :
1055 4911 1171 4967 Cito
1192 4913 1434 4983 anticipet
1466 4930 1558 4967 nos
1590 4914 1949 4968 misericordia
1981 4926 2072 4969 tua
2095 4955 2109 4981 ,

536 5005 760 5061 Domine
794 4999 978 5073 (Psal.
1014 5019 1254 5070 Lxxvlu,
1282 5005 1394 5070 8);
1439 5013 1494 5058 et
1535 5003 1700 5059 illud:
1744 5003 1879 5059 Dens
1929 5023 2072 5061 meus
2095 5047 2110 5072 ,

539 5097 898 5154 misericordia
929 5097 1043 5167 ejus
1083 5098 1356 5166 pra'veniet
1398 5113 1476 5150 me
1527 5094 1720 5168 (Psal.
1759 5115 1885 5153 Lvm
1911 5141 1925 5165 ,
1986 5101 2040 5154 ll
2069 5099 2110 5171 ).

549 5209 566 5240 ι
600 5187 668 5243 Ει
699 5188 878 5259 capite
908 5203 1039 5244 xv1n
1065 5204 1079 5243 :
1112 5188 1342 5244 Debetur
1365 5203 1574 5244 merces
1605 5189 1764 5245 bonis
1789 5190 2044 5261 operibus
2068 5191 2113 5246 si

538 5281 706 5348 ﬁant,
730 5281 822 5337 sed
845 5285 1016 5352 gratia
1039 5299 1158 5353 quae
1179 5297 1285 5338 non
1307 5283 1537 5340 debetur
1557 5286 1818 5355 prmcedit
1839 5294 1898 5341 ut
1920 5285 2070 5342 ﬂant.
2087 5304 2106 5339 ι

538 5372 665 5428 Htec
691 5383 774 5430 est
801 5375 1036 5445 gratuita
1067 5375 1282 5441 electio,
1307 5391 1427 5448 quae
1461 5378 1716 5448 praecedit
1744 5394 1907 5450 opera
1939 5379 2078 5435 bona
2097 5419 2112 5445 ,

539 5465 658 5522 hare
685 5473 768 5520 est
801 5465 1167 5522 misericordia
1189 5508 1205 5534 ,
1247 5483 1354 5536 qua
1400 5468 1585 5524 miseri
1629 5467 1952 5536 liberantur,
1987 5484 2109 5525 cum

539 5555 610 5614 de
637 5573 816 5614 massa
846 5560 1164 5630 perditionis
1189 5560 1485 5632 eliguntur,
1516 5561 1569 5618 id
1595 5569 1680 5618 est
1703 5561 1875 5630 gratis
1918 5562 2111 5635 legun-

537 5656 650 5707 tur.
677 5647 848 5720 Quam
871 5653 1318 5721 misericordiam,
1343 5653 1395 5710 id
1416 5663 1500 5710 est
1546 5653 1988 5711 antesazcularem
2007 5655 2116 5712 ele-

540 5741 808 5811 ctionem,
856 5745 950 5800 Dei
988 5745 1192 5801 scilicet
1228 5756 1484 5803 aeternam
1533 5746 2066 5822 praedestinationem
2095 5791 2111 5818 ,

541 5833 645 5892 alia
674 5837 1043 5897 misericordia
1077 5855 1181 5896 non
1213 5840 1488 5910 przecedit.
1522 5840 1639 5910 Qua
1666 5840 1915 5900 videlicet
1943 5843 2107 5900 mise-

2144 4601 2197 4664 D

2223 3356 2466 3429 magistri
2511 3357 2684 3414 nostri
2739 3359 3020 3414 sentiendo
3065 3361 3430 3429 confirmant,
3481 3364 3607 3434 quia
3660 3364 3813 3424 Deus

2222 3447 2492 3504 hominem
2530 3449 2758 3514 creavit,
2794 3463 2954 3518 quem
2990 3451 3287 3506 consistere
3333 3453 3401 3507 ad
3445 3455 3811 3514 aeternitatem

2229 3539 2416 3606 voluit,
2457 3547 2514 3595 et
2545 3554 2654 3596 non
2685 3547 2747 3594 ut
2786 3540 2989 3609 periret
3029 3540 3472 3613 praedestinavit;
3505 3547 3810 3617 periturum

2221 3639 2400 3687 autem
2435 3630 2586 3686 illum
2618 3631 2928 3702 praescivit,
2963 3632 3056 3704 qui
3081 3632 3258 3690 factus
3291 3644 3377 3692 est
3409 3651 3587 3693 massa
3627 3639 3812 3710 perdi-

2224 3725 2388 3780 tionis
2421 3724 2587 3779 totius
2621 3723 2843 3778 humani
2875 3725 3122 3796 generis,
3158 3742 3224 3782 ex
3263 3742 3369 3799 qua
3402 3744 3580 3786 massa
3619 3731 3810 3802 perdi-

2224 3815 2514 3888 tionishs
2531 3815 2807 3886 przescivit
2835 3824 2891 3872 et
2918 3817 3320 3888 praedestinavit
3348 3831 3473 3876 ante
3493 3823 3673 3877 omnia
3705 3838 3811 3880 sae-

2221 3909 2337 3964 cula
2367 3910 2629 3979 quosdam
2658 3909 2726 3964 ad
2758 3909 2956 3977 vitam,
2990 3918 3044 3966 et
3073 3911 3239 3968 vitam
3270 3912 3377 3969 illis
3405 3915 3810 3984 praedestinavit

2219 4009 2477 4056 aeternam
2501 4041 2515 4066 ,
2543 4009 2605 4054 nt
2629 4001 2761 4056 dicit
2799 4001 3123 4071 Apostolus:
3157 4001 3342 4060 Gratia
3371 4016 3544 4060 autem
3572 4006 3668 4061 Dei
3699 4011 3810 4065 vita

2220 4099 2417 4147 (eterna
2448 4091 2468 4164 (
2494 4089 2644 4146 Rom.
2676 4107 2762 4157 vl,
2792 4091 2898 4163 25)
2919 4134 2934 4160 ,
2959 4109 3080 4165 qua:
3105 4094 3162 4148 in
3185 4095 3477 4167 Evangelio
3507 4100 3811 4170 appellatur

2219 4199 2446 4256 regnum
2472 4193 2722 4256 paratum
2741 4225 2756 4249 ,
2791 4184 2844 4240 id
2873 4194 2959 4241 est
2985 4187 3457 4256 praedestinatum,
3490 4189 3675 4246 electis
3702 4193 3810 4248 sci-

2219 4277 2345 4334 licet
2369 4276 2767 4347 prtedestinatis
2795 4277 2862 4332 ab
2891 4277 3100 4350 origine
3131 4279 3337 4335 mundi.

2290 4369 2494 4427 Deinde
2531 4370 2807 4442 subjungit
2845 4380 3006 4441 atque
3042 4371 3172 4428 dicit
3203 4391 3216 4427 :
3255 4393 3274 4425 ι
3325 4373 3810 4434 Ρτιξάρειὶιιτιιίιηιο

2219 4473 2399 4520 autem
2449 4464 2617 4519 Deum
2648 4471 2859 4520 tantum
2887 4467 3141 4522 statuisse
3167 4482 3287 4538 qua:
3316 4469 3430 4538 ipse
3457 4470 3539 4525 vel
3571 4474 3807 4542 gratuita

2224 4554 2595 4614 misericordia
2621 4555 2703 4610 vel
2724 4555 2872 4624 justo
2910 4556 3112 4627 judicio
3151 4556 3396 4614 facturus
3417 4573 3569 4626 erat,
3610 4580 3805 4618 St‘Ctlll-

2224 4647 2349 4704 dum
2396 4646 2734 4718 Scripturam
2780 4647 3050 4704 dicentem
3096 4667 3108 4702 ε
3157 4648 3260 4715 Qui
3304 4650 3427 4718 fecit
3465 4670 3582 4723 qua:
3627 4654 3806 4722 futura

2225 4752 2342 4798 sunt
2369 4740 2514 4812 (Isa.
2546 4756 2679 4807 va,
2721 4757 2821 4796 sec.
2855 4739 3006 4796 LXX
3021 4741 3038 4814 )
3075 4761 3088 4796 :
3121 4743 3172 4797 iu
3206 4743 3360 4800 malis
3390 4760 3519 4802 vero
3565 4748 3804 4820 ipsorum

2222 4835 2483 4901 malitiam
2512 4836 2814 4906 praescisse,
2845 4835 2971 4904 quia
3001 4851 3068 4890 ex
3101 4836 3231 4905 ipsis
3258 4844 3360 4903 est,
3393 4853 3496 4893 non
3527 4837 3805 4908 praedesti-

2223 4939 2413 4992 nasse,
2458 4924 2583 4996 quia
2626 4940 2691 4979 ex
2733 4925 2822 4979 illo
2871 4942 2976 4979 non
3013 4933 3124 4990 est;
3166 4941 3384 4996 poenam
3425 4943 3556 4983 sane
3602 4930 3802 4985 malum

2221 5018 2473 5071 meritum
2502 5030 2692 5070 eorum
2733 5025 3138 5085 exsequentem,
3179 5015 3256 5071 uti
3292 5016 3458 5074 Deum
3485 5018 3577 5089 qui
3620 5021 3802 5076 omnia

2218 5105 2476 5176 prospicit
2505 5104 2858 5176 prtescivisse,
2902 5113 2958 5159 et
3004 5106 3420 5175 prtedestinasse
3447 5109 3576 5181 quia
3619 5109 3801 5180 justus

2217 5205 2318 5251 est.
2375 5213 2393 5244 ι
2444 5193 2806 5250 Ordinabilius
2852 5194 3044 5251 Florus
3091 5197 3144 5252 in
3214 5213 3313 5255 suo
3363 5199 3594 5271 scripto,
3662 5204 3802 5260 unde

2220 5287 2308 5343 hic
2346 5285 2760 5342 commisculans
2802 5286 2902 5342 ista
2945 5288 3244 5360 decerpsit.
3299 5290 3495 5363 legitur
3533 5294 3797 5364 posuisse.

2220 5376 2500 5442 Videlicet,
2551 5376 2802 5446 inquiens
2842 5395 2860 5428 ι
2916 5378 3351 5451 Omnipotentem
3391 5385 3557 5440 Deum
3594 5365 3647 5440 in
3685 5403 3798 5442 ma-

2224 5468 2292 5526 lis
2320 5469 2557 5539 ipsorum
2590 5469 2850 5526 malitiam
2878 5473 3194 5543 prtescisse,
3246 5475 3371 5544 quia
3414 5492 3475 5532 ex
3522 5479 3652 5548 ipsis
3681 5490 3796 5547 est,

2226 5577 2330 5617 non
2390 5560 2834 5631 prazdestinasse,
2885 5563 3009 5633 quia
3057 5579 3122 5619 ex
3176 5565 3265 5621 il-lo
3297 5583 3402 5624 non
3430 5577 3512 5624 est
3543 5585 3555 5622 ;
3585 5584 3798 5640 poenam

2225 5668 2352 5709 vero
2399 5651 2611 5708 illorum
2657 5661 2712 5710 et
2740 5655 3018 5725 praescisse
3048 5657 3176 5726 quia
3220 5657 3361 5716 Deus
3394 5669 3510 5726 est,
3561 5669 3616 5716 et
3656 5677 3798 5732 prae-

2223 5745 2525 5802 destinasse
2567 5745 2692 5817 quia
2733 5746 2912 5815 justus
2939 5757 3059 5814 est;
3095 5757 3239 5804 utet
3281 5751 3334 5804 in
3381 5751 3484 5807 illis
3523 5753 3594 5808 sit
3639 5754 3800 5809 meri-

2225 5849 2338 5914 tum
2367 5854 2476 5897 sute
2503 5839 2883 5906 damnatlbnis,
2905 5849 2964 5916 _et
2986 5841 3038 5898 in
3065 5841 3154 5898 illo
3184 5852 3422 5914 potestas
3444 5853 3497 5901 et
3534 5844 3797 5917 judicium
