3998 5390
209 475 314 531 H5

991 483 1078 538 DE
1117 483 1782 545 PBIEDESTINATIONE
1822 489 2279 552 DISSEltTATlO
2319 496 2727 559 POSTERIOB.

3385 473 3494 570 iis

210 585 355 655 iuste
383 589 714 646 damnantis.
769 591 882 648 Non
929 595 1072 650 enim
1120 599 1464 667 prmdestinat
1511 601 1652 659 Deus
1697 604 1800 659 nisi
1826 607 1877 665 Α
1907 602 2016 659 falli
2061 621 2168 660 non
2199 617 2377 678 potest
2418 613 2798 679 prmsciuntur.
2839 634 2855 666 ι
2890 615 3028 672 Ecce
3072 620 3128 674 in
3166 620 3252 677 his
3281 622 3492 682 duobus

210 693 332 749 qua:
359 680 486 750 ipse
512 681 756 740 facturus
781 694 866 741 est
892 702 906 740 :
939 690 1159 756 pascit
1186 705 1316 748 vero
1346 692 1517 747 multa
1543 709 1664 764 quae
1692 695 1806 764 ipse

211 768 467 827 facturus
498 786 606 829 non
631 782 734 839 est,
761 774 901 833 sicut
919 779 1102 835 omnia
1129 781 1290 850 mala,
1320 798 1441 854 qua:
1465 785 1652 858 utique
1677 787 1804 842 mali

209 860 457 928 faciunt,
493 879 602 920 non
632 865 743 923 ille.
773 887 792 921 ι
825 868 977 928 Unde
1001 881 1057 928 et
1094 871 1330 946 Prosper
1372 877 1426 932 in
1454 879 1805 949 responsione

207 954 425 1010 decima
465 957 659 1027 quinta
693 969 882 1016 contra
907 960 1092 1020 Gallos
1121 965 1289 1022 dicit:
1330 987 1348 1020 ι
1385 968 1488 1036 Qui
1515 972 1806 1041 praescien—

212 1044 342 1100 tiam
371 1045 477 1100 Dei
521 1047 580 1103 in
609 1048 758 1106 nullo
785 1050 854 1106 ab
895 1051 1064 1122 ipsius
1093 1056 1570 1126 priedestinatione
1598 1062 1804 1119 discer-

211 1136 321 1201 nit,
361 1137 533 1216 quod
563 1139 905 1200 tribuendum
933 1155 1017 1202 est
1044 1146 1156 1203 Deo
1184 1149 1252 1206 de
1283 1149 1474 1216 bonis,
1515 1153 1619 1209 hoc
1640 1155 1804 1210 etiam

213 1225 278 1279 de
315 1215 478 1281 malis
503 1240 735 1287 conatur
758 1234 1049 1292 ascribere.
1082 1236 1189 1294 Sed
1215 1254 1338 1296 cum
1367 1215 1506 1300 bona
1536 1243 1603 1299 ad
1639 1243 1804 1316 largi-

214 1323 388 1370 torem
419 1329 946 1396 cooperatoremque
987 1342 1173 1384 eorum
1204 1331 1405 1400 Deum,
1456 1335 1805 1393 mala'autem

217 1406 282 1464 ad
328 1407 701 1468 voluntariam
732 1415 1008 1474 rationalis
1036 1430 1301 1478 creatum
1339 1426 1636 1496 nequitiam
1663 1427 1804 1485 refe-

217 1499 383 1554 renda
430 1502 573 1568 sint,
627 1505 848 1564 dubium
891 1525 997 1567 non
1041 1521 1153 1579 est,
1203 1517 1320 1573 sine
1369 1518 1475 1573 ulla
1525 1521 1805 1592 temporali

216 1588 525 1648 differentia
548 1636 565 1662 ,
619 1596 789 1654 Deum
834 1609 888 1660 et
926 1607 1208 1674 praescisse
1249 1609 1490 1668 simulet
1532 1588 1808 1683 praedesti-

217 1698 378 1748 nasse
408 1701 532 1756 qua
557 1688 678 1759 ipso
707 1705 862 1750 erant
881 1706 1108 1755 auctore
1135 1699 1404 1769 facienda,
1436 1707 1519 1762 vel
1550 1723 1670 1779 qua:
1691 1725 1807 1767 ma-

216 1771 280 1828 lis
305 1776 526 1840 meritis
541 1777 693 1850 justo
715 1793 868 1840 erant
881 1785 1086 1855 judicio
1113 1793 1462 1852 retribnenda
1489 1815 1502 1852 :
1529 1771 1809 1868 praescisse

218 1874 403 1922 autem
434 1875 838 1942 tantummodo,
885 1895 991 1934 non
1018 1882 1183 1937 etiam
1208 1888 1622 1953 praedestinasse
1642 1931 1658 1957 ,
1687 1907 1808 1962 quae

1908 695 2160 764 capitulis
2190 697 2580 770 incompositus
2624 703 2727 760 iste
2767 707 3098 777 compositor
3124 709 3260 766 dixit
3302 727 3492 784 repro-

1906 785 2006 841 bos
2051 787 2105 842 in
2152 803 2329 846 massa
2372 793 2689 862 perditionis
2734 796 2981 864 relictos,
3027 807 3083 855 et
3114 802 3183 858 ad
3211 802 3492 863 interitum

1906 875 2105 933 iterum
2151 880 2608 949 praedestinatos:
2649 891 2704 940 et
2749 894 2871 956 post
2913 887 3028 944 haec
3075 891 3291 948 eosdem
3339 894 3494 964 prius

1908 969 2162 1035 relictos,
2212 981 2268 1026 et
2316 981 2437 1043 post
2478 975 2545 1034 ad
2597 975 2878 1032 interitum
2921 980 3370 1053 praedestinatos,
3434 986 3493 1044 in

1906 1062 2063 1119 malis
2111 1063 2224 1120 suis
2285 1067 2565 1136 prmscitos
2623 1084 2726 1125 non
2785 1070 3225 1140 praedestinatos,
3275 1089 3493 1145 pinnam

1909 1161 2087 1206 autem
2114 1146 2195 1210 ek
2224 1155 2686 1224 praadestinatam.
2722 1155 3061 1214 Moustruosa
3089 1161 3386 1230 confectio,
3431 1175 3493 1220 ut

1907 1240 1973 1295 de
2003 1252 2186 1299 monte
2231 1243 2409 1317 Lycia:
2436 1261 2532 1316 per
2555 1246 3085 1307 transformationem
3113 1253 3441 1326 confingitur
3473 1273 3485 1309 :

2032 1375 2195 1426 Prima
2215 1377 2314 1442 leo,
2341 1384 2584 1441 postrema
2606 1380 2771 1446 draco,
2794 1384 2956 1437 media
2979 1386 3085 1450 ipsa
3109 1385 3345 1439 chimera.

1981 1492 2120 1559 Quid
2145 1495 2338 1564 quaerit
2368 1496 2634 1552 latibula?
2673 1499 2889 1556 Veritas
2919 1502 3144 1574 angulos
3169 1518 3277 1560 non
3304 1504 3491 1562 habet.

1910 1581 2049 1650 Quid
2081 1587 2489 1658 tergiversando
2513 1589 2581 1645 ad
2607 1591 2790 1646 omnia
2815 1606 2874 1648 se
2903 1593 3226 1664 componit?
3251 1592 3382 1662 Qua:
3404 1609 3496 1652 ca-

1911 1677 2096 1734 tholici
2125 1678 2314 1734 dicunt
2357 1681 2516 1747 dicit,
2569 1682 2654 1736 vel
2682 1683 2865 1753 potius
2891 1687 2959 1739 ad
2989 1683 3079 1739 illa
3109 1699 3170 1741 se
3194 1673 3497 1742 affectando

1911 1769 2208 1839 componit,
2243 1779 2300 1825 et
2326 1785 2447 1841 quae
2477 1772 2718 1828 haeretici
2747 1774 2934 1830 dicunt
2978 1789 3078 1845 pro
3104 1774 3312 1832 viribus
3341 1791 3493 1833 asse-

1911 1858 2002 1914 rit.
2055 1858 2206 1914 Sicut
2246 1861 2312 1916 de
2356 1861 2738 1918 chamadeonte
2780 1864 3034 1932 refertur,
3083 1866 3175 1936 qui
3223 1866 3276 1922 in
3304 1882 3494 1923 omnes

219 1973 322 2013 non
356 1975 428 2014 ex
453 1961 571 2031 ipso
596 1974 755 2020 erant
784 1984 1001 2026 causam
1041 1951 1372 2044 operationis
1400 1951 1669 2038 habitura.
1699 1951 1806 2040 ίδο-
1835 1976 1884 2036 Β
1911 1965 2048 2044 quos
2073 1951 2270 2044 ﬁdem
2293 1967 2417 2008 mox
2462 1968 2520 2008 se
2549 1955 2758 2011 calores
2784 1959 3048 2014 convenit
3067 2000 3082 2024 ’
3131 1967 3186 2016 et
3211 1960 3277 2016 de
3302 1959 3493 2033 ΕΜ)νὶ

220 2058 322 2107 test
371 2057 558 2124 itaque
592 2057 712 2113 sine
751 2062 1225 2131 prazdestinatione
1267 2083 1390 2127 esse
1430 2073 1766 2142 praescientia
1787 2116 1805 2143 ,

218 2142 628 2210 przedestinatio
667 2157 848 2206 autem
892 2151 1010 2208 sine
1039 2157 1380 2225 praascientia
1426 2175 1546 2219 esse
1576 2179 1683 2220 non
1713 2142 1807 2236 po?-

219 2236 344 2285 test.
403 2251 423 2284 ι
476 2232 681 2292 Tamen
739 2239 1189 2317 qualitercunque
1247 2249 1352 2306 iste
1406 2251 1662 2312 confusor
1702 2232 1806 2314 ista

219 2326 498 2394 posuerit,
549 2329 769 2387 videtur
816 2335 972 2393 nobis
1012 2339 1138 2410 quia
1179 2343 1479 2417 intelligere
1519 2362 1808 2418 possumus

219 2432 337 2488 quae
382 2421 546 2489 dicit,
581 2442 600 2476 ι
633 2423 1120 2490 Praedestinatione
1165 2445 1346 2493 autem
1386 2439 1555 2496 Deum
1599 2450 1805 2502 tantum

217 2514 476 2570 statuisse
507 2531 629 2586 qua:
652 2519 769 2590 ipse
794 2522 878 2578 vel
901 2526 1139 2595 gratuita
1166 2530 1533 2589 misericordia
1559 2535 1643 2592 vel
1658 2535 1807 2606 justo

210 2603 418 2675 judicio
448 2608 695 2670 facturus
725 2627 874 2683 erat,
919 2621 1218 2678 secundum
1245 2623 1584 2697 Scripturam
1624 2603 1806 2686 dicen-

219 2705 355 2766 tem,
385 2701 480 2771 qui
520 2703 645 2773 fecit
673 2721 796 2776 quae
823 2708 1008 2778 futura
1033 2722 1154 2768 sunt
1179 2728 1199 2767 :
1225 2714 1281 2770 in
1305 2717 1464 2773 malis
1490 2733 1621 2774 vero
1664 2719 1806 2790 ipso-

216 2806 336 2847 rum
364 2793 635 2854 malitiam
663 2800 965 2870 praescisse,
993 2805 1120 2875 quia
1143 2820 1213 2862 ex
1239 2807 1370 2878 ipsis
1397 2819 1502 2875 est,
1530 2827 1636 2867 non
1668 2828 1805 2882 prae-

216 2882 556 2953 destinasse,
617 2889 748 2960 quia
798 2906 866 2947 ex
912 2893 1004 2950 illo
1053 2911 1162 2952 non
1207 2907 1288 2953 est
1334 2917 1346 2953 ε
1391 2914 1608 2969 poenam
1672 2917 1805 2959 sane

217 2973 418 3057 malum
450 2977 711 3035 meritum
734 2995 922 3038 eorum
951 2995 1360 3056 exsequentem,
1391 2990 1469 3044 uti
1514 2973 1679 3047 Deum
1711 2993 1803 3065 qui

216 3053 399 3120 omnia
427 3067 697 3137 prospicit
741 3053 1118 3141 praescii/isse,
1154 3081 1210 3132 et
1235 3053 1647 3147 praédestinasse
1678 3053 1802 3152 quia

207 3155 385 3224 justus
430 3167 536 3213 est.
583 3177 606 3212 ι
635 3159 836 3217 Beatus
877 3178 1113 3236 namque
1160 3165 1490 3238 Augustinus
1535 3171 1698 3238 dicit,
1748 3182 1804 3230 et

213 3244 449 3318 Prosper
479 3263 548 3302 ex
579 3249 760 3306 vernis
789 3249 933 3308 illius
957 3252 1258 3312 clarissime
1286 3256 1626 3325 manifestat,
1668 3277 1802 3332 quo-

1911 2043 2078 2100 barba
2107 2042 2348 2101 fabulose
2376 2045 2628 2115 refertur,
2676 2051 2802 2119 quia
2843 2050 3105 2122 quidquid
3133 2054 3201 2109 de
3229 2069 3292 2109 ea
3319 2056 3494 2111 domi-

1911 2151 2012 2190 nus
2039 2136 2179 2191 servi
2214 2136 2383 2194 dolosi
2432 2137 2659 2205 dixerit,
2709 2141 2910 2196 dictum
2951 2159 3107 2198 suum
3138 2147 3192 2200 in
3235 2147 3317 2200 illa
3348 2147 3495 2204 inve-

1909 2227 2028 2283 nire
2051 2227 2256 2286 valebit
2283 2244 2298 2284 :
2326 2229 2406 2286 sic
2431 2239 2486 2286 et
2512 2231 2615 2287 iste
2655 2247 2810 2289 suam
2832 2236 3160 2294 sententiam
3190 2246 3494 2312 temperat,

1909 2324 1969 2370 ut
2012 2325 2068 2372 et
2106 2317 2388 2374 catholicis
2414 2327 2470 2375 et
2509 2319 2741 2392 dyscolis
2771 2337 2829 2378 se
2871 2329 3322 2397 accommodans,
3366 2346 3493 2387 cum

1909 2409 2156 2480 utrisque
2180 2426 2240 2466 se
2268 2412 2514 2482 partibus
2537 2423 2777 2483 praestet,
2807 2416 2940 2473 nulli
2973 2422 3282 2478 conveniat.
3317 2420 3490 2480 Caete-

1911 2514 2030 2554 rum
2053 2509 2339 2572 postquam
2361 2502 2534 2560 dixit:
2558 2523 2576 2556 ‹
2606 2503 2829 2562 Poenam
2856 2523 2990 2566 sane
3011 2511 3212 2568 malum
3237 2515 3492 2573 meritum

1909 2609 2100 2649 eorum
2131 2604 2550 2666 exsequentem,
2593 2599 2672 2654 uti
2703 2600 2872 2658 Deum
2903 2604 2997 2674 qui
3025 2607 3208 2662 omnia
3230 2610 3494 2681 prospicit

1907 2684 2278 2754 praescivisse,
2339 2697 2395 2743 et
2440 2690 2856 2759 praedestinasse
2905 2695 3034 2765 quia
3069 2695 3252 2765 justus
3297 2711 3410 2769 est,
3466 2721 3487 2756 ι

1909 2773 2177 2844 adjunxit,
2209 2793 2228 2828 ι
2262 2777 2405 2848 apud
2428 2794 2591 2849 quem
2615 2788 2722 2848 est,
2765 2791 2826 2837 ut
2851 2782 2912 2839 S.
2940 2783 3274 2856 Augustinus
3295 2792 3392 2858 ait,
3425 2792 3496 2848 de

1906 2866 2159 2922 omnibus
2197 2869 2423 2924 omnino
2469 2871 2632 2928 rebus
2688 2881 2799 2928 tam
2846 2873 2955 2930 ﬁxa
3005 2880 3277 2938 sententia
3324 2897 3492 2955 quam

1908 2970 2060 3018 certa
2099 2965 2461 3033 praescientia.
2496 2986 2515 3021 ›
2549 2967 2663 3024 Hoc
2708 2985 2942 3040 namque
2989 2989 3180 3030 verum
3211 2985 3298 3033 est
3343 2978 3490 3048 quod

1907 3052 1965 3109 S.
1995 3054 2332 3125 Augustinus
2358 3058 2414 3114 in
2443 3058 2582 3116 libro
2614 3077 2711 3118 suo
2737 3066 3248 3124 convenientissime
3278 3071 3488 3139 posuit,

1905 3156 1961 3204 et
2008 3150 2110 3206 iste
2158 3153 2490 3224 compositor
2526 3154 2919 3227 incompositus
2967 3159 3057 3216 hic
3102 3161 3489 3222 inconvenien-

1907 3237 2117 3296 tissime
2145 3244 2447 3314 usurpavit.
2498 3243 2644 3302 Nihil
2689 3247 2834 3309 enim
2859 3249 3004 3307 Deus
3049 3256 3296 3322 prmscit,
3346 3259 3492 3328 quod

211 3336 353 3390 niam
380 3337 795 3408 praedestinatio
822 3343 916 3398 Dei
943 3337 1057 3412 es‘t',
1090 3362 1210 3416 quae
1233 3356 1328 3404 aut
1355 3350 1422 3404 ad
1453 3350 1652 3407 donum
1678 3367 1799 3423 per-

1905 3345 2015 3387 non
2062 3332 2134 3388 sit
2178 3335 2398 3390 omnino
2439 3335 2680 3393 futurum
2725 3356 2737 3391 :
2771 3353 2872 3395 nec
2911 3340 3150 3399 futurum
3195 3347 3324 3416 quid
3366 3361 3491 3405 esse

212 3429 346 3485 tinet
372 3431 567 3502 gratiae
593 3447 702 3502 qua
729 3432 1029 3493 liberantur
1047 3439 1229 3508 electi,
1269 3450 1365 3498 aut
1387 3443 1456 3498 ad
1485 3445 1796 3503 retributio-

209 3536 330 3578 nem
346 3522 578 3593 justitiaa
606 3541 713 3598 qua
735 3530 1032 3598 puniuntur
1055 3533 1262 3605 injusti.
1306 3537 1376 3593 Et
1398 3538 1536 3597 bene
1577 3544 1796 3613 posuit,

209 3626 311 3666 non
358 3613 671 3687 intelligens
716 3619 858 3689 quod
898 3623 965 3679 de
1007 3623 1230 3682 alterius
1267 3627 1428 3686 dictis
1475 3634 1794 3704 assumpsit,

208 3705 689 3770 prazdestinatione
737 3708 907 3768 Deum
956 3717 1214 3774 statuisse
1252 3735 1373 3791 quae
1414 3722 1529 3794 ipse
1559 3725 1639 3781 vel
1675 3742 1797 3798 gra-

208 3795 341 3849 tuita
392 3798 773 3857 misericordia
815 3803 901 3859 vel
936 3803 1084 3875 justo
1117 3807 1324 3879 judicio
1370 3813 1612 3872 facturus
1639 3795 1794 3874 erat:

207 3888 462 3955 quoniam
508 3890 888 3950 misericordia
928 3898 1120 3954 statuit
1154 3899 1386 3959 liberare
1410 3903 1641 3972 electos,
1689 3906 1798 3980 50

201 3975 408 4045 iudicio
430 3996 652 4052 pinnam
685 3986 1089 4055 praedestinavit
1115 3991 1348 4063 injustis.
1395 3995 1465 4050 Et
1494 3996 1598 4052 hoc
1622 3975 1794 4056 totum

205 4077 285 4124 est
310 4070 412 4126 Dei
443 4074 888 4146 praedestinatio,
914 4081 1054 4150 {quas
1100 4093 1194 4138 aut
1236 4085 1306 4140 ad
1329 4085 1527 4142 donum
1564 4089 1796 4158 pertinet

202 4166 427 4235 gratim,
479 4178 574 4224 aut
619 4172 688 4227 ad
732 4173 1137 4233 retributionem
1180 4178 1422 4249 iustitiae.
1469 4179 1621 4237 Nunc
1649 4182 1796 4240 dicat

203 4258 483 4328 quomodo
507 4259 653 4318 Deus
677 4263 952 4336 perituros
973 4270 1040 4324 ad
1061 4269 1340 4326 interitum
1367 4272 1791 4343 praedestinavit,

195 4335 462 4418 quoniam
493 4351 550 4408 in
577 4335 819 4412 secundo
843 4358 1075 4430 capitulo
1104 4360 1261 4428 dixit,
1302 4381 1324 4415 ‹
1367 4335 1494 4434 quia
1522 4363 1577 4419 in
1611 4379 1791 4422 massa

200 4439 574 4501 damnationis
619 4447 704 4504 vel
746 4449 943 4507 merito
979 4452 1224 4524 originali
1269 4454 1356 4511 vel
1396 4456 1560 4513 etiam
1595 4459 1790 4516 actuali

198 4549 666 4605 permanserunt:
705 4559 726 4593 ι
779 4551 834 4596 et
875 4543 930 4597 in
980 4545 1142 4602 tertio
1188 4545 1416 4604 ﬁdenter
1450 4558 1533 4606 est
1579 4550 1786 4618 fassus,

205 4631 796 4700 “praedestinationem
823 4635 1117 4694 electorum
1161 4639 1228 4694 ad
1253 4640 1453 4709 vitam,
1501 4651 1557 4699 et
1581 4645 1787 4715 praede-

1900 3434 2110 3496 potest.
2171 3429 2316 3496 quod
2371 3443 2477 3484 non
2527 3429 2668 3486 Deus
2726 3433 3045 3502 praescierit.
3114 3435 3234 3492 Non
3308 3446 3491 3497 tamen

1901 3517 2208 3589 quicunque
2253 3529 2519 3590 pereunt,
2569 3521 2692 3579 ideo
2743 3533 2975 3593 pereunt
3014 3526 3142 3597 quia
3184 3528 3412 3600 perituri
3454 3547 3489 3587 a

1898 3607 2012 3667 Deo
2061 3612 2442 3692 prtesciuntur,
2486 3615 2583 3672 sed
2636 3618 2763 3688 quia
2813 3621 3040 3690 perituri
3099 3631 3247 3692 sunt,
3298 3641 3330 3681 a
3377 3626 3489 3685 Deo

1900 3710 2026 3758 ante
2082 3687 2276 3760 saecula
2322 3708 2707 3788 praesciuntur.
2764 3687 2920 3768 Sicut
2964 3713 3203 3788 Prosper
3233 3687 3297 3772 in
3343 3718 3490 3777 deci-

1898 3807 1986 3848 ma
2034 3795 2196 3851 tertia
2250 3786 2604 3868 responsione
2657 3810 2848 3860 contra
2897 3786 3287 3864 Vincentianos
3332 3809 3484 3880 dicit,

1902 3903 1922 3937 ι
1982 3887 2129 3958 quod
2197 3891 2300 3946 etsi
2365 3906 2432 3948 ex
2494 3902 2696 3952 aeterna
2763 3898 3101 3968 praescientia
3186 3903 3488 3974 praecogni-

1898 3983 2013 4031 tum
2065 3979 2231 4036 habet
2271 3982 2402 4051 quid
2447 3985 2871 4060 uniuscujusque
2917 3991 3130 4048 meritis
3186 3993 3482 4051 retributu-

1898 4083 1995 4125 rus
2039 4070 2153 4136 sit,
2225 4074 2429 4130 nemini
2482 4085 2662 4134 tamen
2710 4097 2810 4151 per
2861 4082 2964 4139 hoc
3015 4085 3160 4155 quod
3212 4084 3325 4143 falli
3377 4093 3488 4145 non

1895 4159 1998 4231 51
2023 4169 2222 4232 potest,
2255 4173 2348 4218 aut
2376 4168 2760 4224 necessitatem
2802 4181 2895 4227 aut
2925 4173 3258 4234 voluntatem
3303 4178 3489 4236 intulit

1894 4248 2267 4322 delinquendi.
2298 4254 2357 4311 Si
2382 4269 2512 4327 ergo
2533 4273 2566 4312 a
2583 4259 2795 4329 iustitia
2817 4269 2873 4318 et
2894 4263 3096 4332 pietate
3135 4267 3257 4336 quis
3283 4269 3481 4335 deficit,

1893 4357 1992 4400 suo
2033 4344 2092 4400 in
2135 4357 2378 4418 praeceps
2421 4346 2597 4404 fertur
2633 4349 2884 4418 arbitrio,
2918 4367 3017 4409 sua
3045 4357 3485 4428 concupiscentia

1896 4435 2153 4502 trahitur,
2175 4452 2271 4492 sua
2296 4439 2648 4509 persuasione
2683 4441 2970 4512 decipitur.
3024 4443 3167 4502 Nihil
3196 4447 3269 4504 ibi
3296 4448 3481 4517 Pater,

1893 4525 2030 4581 nihil
2051 4525 2242 4595 Filius,
2273 4529 2410 4589 nihil
2435 4531 2548 4599 agit
2576 4531 2814 4603 Spiritus
2839 4542 3059 4592 sanctus
3089 4554 3102 4591 :
3132 4551 3234 4596 nec
3261 4537 3354 4596 tali
3382 4556 3479 4596 ne-

1891 4619 2038 4690 gotio
2067 4621 2366 4694 quidquam
2397 4624 2594 4683 divina:
2647 4625 2940 4684 voluntatis
2984 4629 3298 4700 intervenit,
3328 4633 3482 4704 cujus

197 4720 550 4780 mulionem
578 4725 867 4796 impiorum
887 4729 954 4784 ad
981 4737 1232 4797 mortem,
1264 4751 1284 4785 ,
1315 4741 1370 4788 ει
1392 4708 1790 4803 ρδειεδέυδεθ,
1812 4708 1866 4770 D
1891 4727 2055 4784 opere
2084 4716 2285 4773 multos
2333 4718 2536 4774 scimus
2565 4735 2633 4774 ne
2663 4718 2977 4776 laberentur
3021 4731 3283 4791 retentos,
3306 4724 3481 4782 nullos

199 4823 356 4871 cutus
399 4825 487 4872 est
540 4815 763 4883 dicens,
807 4836 826 4870 ι
867 4817 1231 4878 Misericordia
1277 4822 1554 4881 salvantur
1596 4825 1786 4894 electi,

190 4903 393 4976 judicio
448 4907 671 4979 injustis
739 4918 824 4965 est
869 4926 1028 4982 paena
1088 4913 1488 4982 praedestinata.
1537 4937 1557 4970 ι
1604 4915 1785 4973 Talem

193 4999 334 5054 enim
359 5015 596 5065 sensum
615 5002 877 5074 exprimit
897 5020 993 5061 sua
1025 5006 1322 5064 contextio.
1353 5007 1632 5076 Quomodo
1657 5025 1788 5083 ergo

187 5105 330 5164 nunc
377 5095 583 5149 iterum
632 5092 819 5163 injusti
867 5107 1092 5166 possunt
1130 5097 1354 5167 intelligi
1387 5101 1454 5156 ad
1498 5114 1718 5170 pmnam
1754 5118 1784 5157 a

194 5178 298 5238 Deo
331 5183 770 5254 praedestinati?
813 5185 1076 5253 Quoniam
1116 5188 1162 5244 si
1205 5190 1236 5242 a
1267 5187 1376 5245 Deo
1411 5191 1478 5247 ad
1507 5192 1785 5248 interitum

189 5277 656 5326 “milpgﬁnoni-H‘
753 5273 846 5314 n0:
917 5279 1384 5326 νηνωιὶορηίηεδιίηηο
1446 5283 1562 5320 cina
1621 5281 1784 5316 ΑιιΙιῖΑ

1892 4813 2072 4863 autem
2117 4815 2174 4862 ut
2201 4807 2511 4866 laberentur
2536 4810 2817 4882 impulsos.
2870 4831 2889 4866 ›
2918 4812 2986 4869 Et
3025 4813 3155 4870 item
3187 4816 3243 4871 in
3267 4815 3478 4873 decima

1891 4897 2081 4966 quinta
2115 4917 2128 4952 :
2169 4917 2188 4951 ι
2227 4899 2285 4956 Si
2310 4915 2439 4974 ergo
2467 4902 2522 4960 in
2545 4904 2837 4961 sanctitate
2874 4905 3094 4973 vivitur,
3125 4908 3172 4964 si
3200 4909 3255 4964 in
3280 4909 3482 4970 virtute

1888 4991 2192 5062 proficitur,
2211 4995 2255 5050 si
2273 4994 2329 5048 in
2348 4994 2504 5052 bonis
2524 4997 2720 5054 studiis
2737 5010 3114 5068 permanetur,
3131 5000 3478 5057 manifestum

1890 5101 2087 5143 munus
2115 5096 2200 5145 est
2226 5087 2346 5155 Dei,
2369 5088 2486 5146 sine
2527 5107 2638 5163 quo
2665 5090 2862 5147 nullius
2902 5092 3032 5150 boni
3058 5093 3240 5161 operi's
3275 5091 3482 5148 fructus

1891 5181 2206 5250 acquiritur.
2236 5177 2293 5234 Si
2315 5189 2495 5236 autem
2522 5184 2590 5240 ab
2640 5181 2724 5238 his
2768 5182 3058 5250 receditur,
3081 5190 3139 5237 et
3166 5182 3233 5238 ad
3261 5180 3389 5236 vitia
3416 5197 3482 5240 ac

1891 5278 2112 5318 namnam
2150 5270 2430 5318 transitur-
2470 5273 2600 5314 nihil
2654 5271 2724 5312 ἰΙὶί
2769 5271 2910 5310 “om:
2971 5269 3128 5310 moi-In
3165 5269 3481 5316 iaqlgﬁnnic
