4052 6334
545 415 649 473 ηις

1516 414 1846 473 HINCMARI
1885 414 2277 474 RHEMENSIS
2315 418 2859 478 ARCHIEPISCOPI.

3705 433 3807 495 HO

550 552 570 589 α
605 531 886 589 Neminem
938 528 1081 586 Deus
1140 530 1208 586 ad
1258 530 1591 603 peccandum
1639 531 1811 603 cogit;
1866 532 2126 604 praevidet
2153 538 2202 597 Α
2230 543 2291 589 ιιι
2330 533 2505 604 possit
2541 533 2902 605 qualicunque
2944 536 3106 592 modo
3145 546 3417 608 constare,
3467 543 3814 617 interpretari

544 635 840 686 tameneos
863 626 1200 699 qui'propria
1218 626 1498 684 voluntate
1518 627 1838 697 peccabunt.
1862 626 1976 684 Cur
1996 641 2127 700 ergo
2230 626 2497 682 volumus.
2546 625 2624 682 De
2670 628 2776 684 hoc
2813 627 3079 699 siquidem
3128 631 3444 689 testimonio
3487 637 3823 709 venerabilis,

542 732 654 780 non
672 720 909 777 vindicet
925 718 1105 790 justus
1124 734 1246 791 que
1267 718 1383 775 fieri
1403 734 1510 775 non
1531 720 1676 791 cogit
1696 720 1993 790 praescius?
2028 739 2047 773 ι

613 811 770 871 Unde
781 822 971 867 verum
989 820 1074 868 est
1091 810 1235 883 quod
1249 818 1510 881 exceptor
1532 811 1636 867 iste
1653 811 1720 867 de
1736 810 1881 867 Flori
1897 812 2122 883 scripto,

542 903 672 964 licet
694 905 1005 963 inordinate
1032 904 1245 971 ordine,
1276 904 1365 961 hic
1404 904 1731 976 interposuit
1753 904 1940 962 dicens
1966 923 1979 961 :
2010 924 2032 959 ι
2064 907 2123 962 ln

537 998 697 1056 malis
719 1013 852 1055 vero
874 998 1116 1069 ipsorum
1138 996 1400 1053 malitiam
1419 997 1721 1068 praescisse,
1746 997 1872 1069 quia
1897 1013 1967 1053 ex
1989 997 2123 1068 ipsis

536 1102 640 1161 est,
667 1107 775 1150 non
802 1090 1233 1163 praedestinasse,
1259 1090 1385 1161 quia
1414 1105 1481 1147 ex
1508 1088 1598 1147 illo
1619 1105 1727 1147 non
1761 1099 1844 1146 est
1868 1105 1884 1146 :
1906 1104 2120 1162 poenam

535 1199 671 1241 sane
696 1184 896 1241 malum
919 1183 1174 1241 meritum
1195 1197 1385 1239 eorum
1412 1190 1819 1255 exsequentem,
1847 1183 1926 1239 uti
1951 1183 2118 1238 Deum

532 1277 628 1348 qui
679 1277 863 1336 omnia
905 1277 1169 1350 prospicit
1212 1276 1570 1349 praescivisse,
1601 1284 1657 1333 et
1707 1277 2120 1349 praedestinasse

532 1368 660 1440 quia
703 1366 887 1438 justus
937 1379 1042 1425 εει.
1091 1388 1110 1422 ι
1153 1369 1230 1425 De
1272 1368 1543 1426 sententia
1571 1376 1752 1425 autem
1808 1368 2112 1440 Augustini,

535 1474 698 1532 quam
727 1461 1012 1532 supposuit
1031 1460 1254 1516 dicens:
1286 1478 1305 1512 ι
1331 1458 1409 1515 De
1435 1459 1687 1516 omnibus
1707 1459 1927 1517 omnino
1955 1462 2117 1517 rebus

535 1556 645 1606 tam
702 1550 812 1607 lixa
856 1558 939 1607 est
991 1551 1281 1619 sententia,
1314 1567 1477 1622 quam
1509 1558 1657 1609 certa
1696 1553 2056 1625 prmscientia,
2089 1573 2108 1607 ι

534 1649 758 1699 sanctus
802 1642 1036 1717 PrOSper
1082 1644 1137 1700 in
1188 1644 1417 1716 przefato
1466 1644 1606 1703 libro
1639 1646 1777 1720 (cap.
1809 1647 1932 1719 157)
1961 1647 2111 1714 dicit,

533 1733 827 1791 ostendens
848 1735 974 1807 quia
1020 1750 1128 1792 non
1175 1737 1276 1792 sub
1305 1751 1371 1794 eo
1408 1752 1566 1804 sensu
1611 1736 1755 1792 Illam
1780 1737 2114 1810 Augustinus

531 1824 687 1893 dixit,
716 1842 823 1898 quo
850 1825 940 1883 hic
960 1820 1183 1900 capituli
1206 1828 1536 1900 compositor
1560 1828 1900 1902 interposuit,
1931 1846 1997 1887 ex
2021 1831 2108 1888 illa

2225 717 2369 773 Beda
2419 718 2707 790 presbyter
2756 718 2981 775 Patrum
3040 734 3276 793 sequens
3334 726 3635 785 sententias
3682 729 3815 787 dicit

2226 808 2340 880 (lib.
2368 825 2425 865 xt
2454 810 2509 865 in
2536 808 2723 882 Prov.)
2749 829 2763 867 :
2805 828 2826 864 ε
2858 810 3062 869 Parata
3088 825 3210 871 sunt
3243 816 3564 875 derisoribus
3579 819 3810 891 judicia,

2222 909 2271 955 et
2290 900 2468 955 mallei
2508 903 2853 972 percutientss
2886 901 3169 959 stultorum
3207 908 3530 978 corporibus.
3560 908 3627 964 Et
3656 910 3702 965 si
3726 925 3816 967 rc-

2222 991 2401 1063 probi,
2452 991 2648 1063 inquit,
2676 993 2819 1049 sicut
2843 995 3163 1065 praedictum
3186 1007 3292 1064 εει,
3322 997 3409 1053 vel
3445 996 3702 1067 jussionis
3725 1000 3815 1055 vel

2222 1082 2664 1139 comminationis
2716 1083 2915 1141 divina
2969 1082 3232 1155 judicium
3290 1086 3558 1155 derident,
3620 1096 3816 1162 parata

2223 1180 2404 1229 tamen
2449 1188 2546 1230 eos
2586 1183 2907 1246 exspectant
2947 1177 3152 1249 judicia
3198 1178 3584 1248 damnationis,
3605 1196 3728 1253 quae
3748 1191 3815 1238 ut

2219 1265 2401 1322 mallei
2426 1264 2631 1323 ferrum
2661 1267 2923 1338 candens,
2948 1270 3025 1326 ita
3054 1285 3151 1328 eos
3199 1272 3255 1328 in
3300 1270 3521 1331 fornace
3547 1273 3814 1346 gehennae

2220 1358 2338 1415 sine
2364 1358 2474 1415 line
2515 1360 2829 1418 verberent.
2856 1379 2877 1415 ι
2924 1360 3061 1420 Hinc
3083 1372 3139 1419 et
3167 1372 3389 1420 sanctus
3412 1364 3706 1437 Gregorius
3751 1367 3813 1424 in

2218 1447 2361 1507 libro
2383 1450 2598 1508 decimo
2644 1453 2835 1523 quinto
2872 1453 3156 1511 Moralium
3183 1455 3315 1512 dicit
3345 1473 3357 1510 :
3394 1476 3414 1509 ι
3446 1454 3584 1524 Quia
3625 1458 3814 1515 omni-

2218 1541 2476 1610 potentis,
2528 1541 2802 1613 inquiens,
2855 1544 3071 1615 justitia
3114 1545 3422 1602 futurorum
3474 1547 3701 1618 praescia
3738 1551 3814 1606 ab

2217 1632 2335 1704 ipsa
2367 1634 2551 1690 mundi
2597 1635 2807 1705 origine
2852 1636 3032 1708 ignem
3077 1638 3301 1705 creavit,
3331 1640 3424 1710 qui
3454 1640 3511 1696 in
3537 1652 3699 1711 poena
3724 1656 3816 1700 re—

2214 1727 2508 1796 proborum
2533 1742 2656 1785 esse
2699 1728 2869 1785 semel
2915 1730 3200 1801 inciperet,
3230 1731 3324 1787 sed
3368 1732 3618 1790 ardorem
3645 1748 3811 1792 suum

2215 1820 2380 1875 etiam
2427 1819 2546 1876 sine
2584 1819 2744 1891 lignis
2793 1836 3070 1894 nunquam
3101 1821 3298 1877 ﬁniret.
3339 1841 3359 1875 ι
3387 1822 3454 1878 Ει
3505 1823 3562 1881 S.
3610 1824 3811 1882 Hiero-

525 1916 758 1989 probare
806 1919 1049 1990 cupiens,
1076 1919 1155 1975 sic
1182 1920 1439 1991 reprobos
1477 1923 1890 1994 prmdestinatos
1930 1925 1997 1983 ad
2026 1927 2110 1982 in-
2136 1912 2185 1975 Β
2212 1928 2407 1986 “illius
2434 1913 2490 1968 δη
2518 1912 2657 1970 libro
2682 1914 2892 1971 ἀθοίωο
2940 1914 3243 1972 commenti
3295 1917 3447 1974 Isaia?
3484 1921 3762 1990 Proplleliﬁ
3790 1940 3807 1979 ε

530 2008 770 2075 teritum,
799 2010 938 2066 sicut
966 2009 1123 2067 electi
1151 2021 1279 2067 sunt
1305 2012 1675 2084 praedestinati
1708 2017 1775 2071 ad
1803 2016 1987 2071 vitam.
2024 2016 2117 2073 Ait

526 2098 670 2153 enim
707 2098 979 2173 Prosper:
1019 2119 1037 2153 ι
1070 2100 1153 2156 Ira
1204 2101 1299 2157 Dei
1345 2118 1452 2158 non
1500 2102 1835 2174 perturbatio
1859 2103 1975 2177 ejus
2005 2114 2112 2174 est,

525 2191 620 2248 sed
640 2187 903 2261 judicium
940 2208 1048 2266 quo
1074 2188 1344 2267 irrogatur
1367 2209 1527 2270 ptena
1554 2207 1777 2269 peccato
1808 2216 1822 2254 :
1855 2198 2113 2271 cogitatio

524 2301 659 2343 vero
679 2285 850 2358 ipsius
875 2296 930 2345 ct
956 2288 1275 2363 recogitatio
1301 2291 1686 2346 mutandarum
1712 2306 1894 2347 rerum
1924 2298 2008 2347 est
2030 2289 2114 2346 in-

525 2379 924 2439 commutabilis
951 2382 1110 2438 ratio.
1142 2379 1327 2453 Neque
1355 2382 1499 2439 cnim
1549 2382 1691 2440 sicut
1736 2382 2009 2439 hominem
2036 2381 2113 2438 ita

522 2470 692 2528 Deum
716 2466 1033 2545 cujusquam
1061 2470 1188 2531 facti
1217 2475 1300 2531 sui
1322 2475 1571 2548 paenitet,
1595 2474 1749 2548 cujus
1769 2475 1835 2532 de
1860 2473 2112 2531 omnibus

522 2565 743 2622 omnino
777 2566 941 2624 rebus
972 2577 1083 2624 tam
1133 2567 1239 2625 fixa
1292 2570 1580 2637 sententia,
1630 2586 1791 2642 quam
1844 2580 1995 2627 certa
2025 2581 2110 2629 est

520 2661 885 2733 praescientia.
925 2682 945 2717 ι
972 2662 1144 2732 Quam
1175 2663 1421 2720 ultimam
1475 2665 1756 2723 sententiae
1798 2664 1957 2736 hujus
1988 2681 2111 2738 par-

516 2762 626 2817 tem
650 2750 792 2808 idem
813 2751 1050 2825 Prosper
1077 2753 1133 2809 in
1162 2754 1351 2810 eodem
1398 2754 1536 2811 libro
1568 2754 1706 2829 (cap.
1736 2754 1864 2830 291)
1888 2758 2110 2828 exponit

515 2841 740 2899 dicens:
769 2862 789 2895 ι
820 2841 1018 2917 Magna
1062 2861 1220 2917 opera
1250 2843 1487 2913 Domini,
1540 2845 1802 2918 exquisita
1849 2847 1904 2901 in
1931 2863 2108 2903 omnes

514 2932 805 2992 voluntates
831 2936 944 3009 ejus
969 2934 1143 3011 (Psal.
1170 2955 1261 3006 cx,
1293 2938 1373 3011 2).
1401 2937 1669 2996 Praevidet
1692 2938 1865 2998 bonos
1893 2938 2107 2998 futuros

515 3036 572 3084 et
593 3036 761 3097 creat,
784 3029 1047 3102 praevidet
1068 3028 1243 3088 malos
1264 3031 1475 3088 futuros
1500 3039 1556 3089 et
1577 3038 1750 3100 creat,
1771 3032 2009 3103 seipsum
2032 3032 2102 3088 ad

510 3123 802 3180 fruendum
849 3124 1098 3198 praebens
1139 3125 1320 3193 bonis,
1365 3125 1537 3183 multa
1564 3140 1856 3184 munerum
1880 3140 2102 3184 suorum

2224 2024 2243 2057 ι
2273 2003 2356 2061 Ab
2382 2005 2499 2062 beri
2521 2007 2721 2079 quippe
2746 2015 2801 2061 et
2823 2008 3101 2078 praeterito
3127 2015 3369 2079 tempore
3392 2020 3698 2081 praeparata
3719 2022 3811 2070 est

2218 2112 2250 2153 a
2270 2114 2400 2171 rege
2427 2100 2649 2155 domino
2701 2099 2952 2167 Tbofeth,
2987 2101 3039 2156 id
3069 2109 3154 2157 est
3198 2102 3305 2158 lata
3335 2110 3392 2159 et
3438 2104 3678 2176 spatiosa
3708 2121 3807 2178 ge-

2218 2191 2414 2256 bcnna,
2443 2206 2564 2263 quae
2593 2206 2710 2259 eos,
2733 2191 2787 2247 id
2818 2198 2903 2248 est
2947 2192 3159 2263 impios,
3192 2194 3413 2250 aeternis
3445 2203 3570 2250 urat
3594 2196 3810 2252 ardori-

2213 2282 2336 2338 bus.
2362 2302 2381 2337 ι
2404 2282 2560 2352 Quod
2588 2298 2715 2340 mox
2744 2283 3068 2341 subsecutus
3089 2293 3175 2341 est
3198 2285 3267 2341 de
3294 2286 3396 2341 hac
3426 2284 3811 2346 immobilitate

2212 2373 2569 2443 praescientiaa
2592 2381 2649 2429 et
2671 2373 3166 2445 praedestinationis
3197 2372 3317 2441 Dei,
3344 2389 3443 2446 per
3467 2386 3631 2448 quam
3660 2378 3811 2448 apud

2213 2480 2337 2521 eum
2361 2465 2542 2521 futura
2570 2466 2685 2538 jam
2709 2465 2852 2522 facta
2882 2474 3032 2533 sunt,
3053 2463 3215 2524 etiam
3242 2470 3387 2538 apud
3416 2467 3808 2528 Ecclesiastem

2212 2557 2354 2614 bene
2377 2557 2700 2630 intelligitur
2726 2558 2931 2615 dictum
2961 2555 3232 2630 :Coguoui
3263 2561 3405 2630 quod
3432 2560 3610 2615 omnia
3643 2576 3808 2632 Opera

2210 2665 2329 2721 quia
2349 2649 2473 2720 fecit
2492 2649 2634 2704 Deus
2672 2659 2996 2721 perseverent
3015 2650 3074 2705 in
3100 2659 3405 2720 perpetuum
3433 2665 3456 2707 :
3490 2664 3595 2705 non
3620 2664 3809 2722 possis-

2210 2757 2328 2798 mus
2374 2742 2457 2797 Itis
2479 2742 2671 2797 addere
2722 2757 2815 2798 nec
2841 2741 3055 2812 auferre
3077 2756 3200 2814 qua!
3223 2742 3345 2813 fecit
3368 2741 3513 2798 Deus
3537 2751 3596 2800 ιιι
3614 2744 3780 2801 title.

2208 2845 2301 2891 tur
2328 2834 2527 2909 (Eeele.
2554 2852 2640 2904 ιιι,
2669 2828 2780 2908 ιι).

2279 2927 2584 2983 Videndum
2627 2938 2713 2984 est
2754 2927 2811 2982 in
2861 2927 3144 2985 doeton
3197 2927 3542 2997 tractatibus,
3567 2928 3808 3000 qualiter

2208 3020 2314 3076 hoc
2340 3005 2647 3092 exemplum
2667 3035 2781 3077 sua:
2810 3021 3134 3092 astipuletur
3157 3023 3461 3090 sententiae,
3484 3037 3591 3094 qua
3631 3036 3806 3081 cona-

2211 3118 2302 3168 tur
2342 3127 2594 3170 asserere
2619 3112 2762 3169 sicut
2787 3113 2989 3170 electos
3012 3113 3077 3168 ad
3118 3114 3310 3182 vitam,
3348 3115 3423 3170 ita
3459 3125 3515 3171 et
3538 3115 3805 3185 reprobos

508 3215 748 3290 largiens
768 3216 933 3273 etiam
958 3216 1136 3285 malis,
1161 3216 1586 3275 misericorditer
1612 3216 1920 3290 ignoscens,
1950 3214 2100 3287 juste

2208 3218 2240 3262 a
2271 3205 2384 3263 Deo
2411 3206 2831 3278 praedestinatos
2853 3206 2919 3263 ad
2948 3221 3187 3278 poenam.
3213 3206 3303 3263 Ait
3343 3222 3577 3280 namque
3606 3206 3803 3264 Hiero-
3896 3248 3911 3253 -

511 3309 800 3367 ulciscens.
825 3310 977 3375 item,
1006 3308 1436 3367 misericorditer
1462 3306 1750 3375 ulciscens,
1768 3308 1914 3380 justc
1936 3309 2096 3381 igno-

2207 3314 2402 3372 nymus
2432 3300 2486 3354 in
2518 3298 2858 3373 expositione
2908 3299 3033 3357 libri
3087 3298 3444 3358 Ecclesiastes
3478 3300 3630 3377 .(cap.
3677 3300 3801 3378 5!),

511 3417 696 3470 scens,
731 3400 868 3458 nihil
898 3411 1146 3457 metuens
1192 3398 1258 3457 de
1311 3397 1632 3473 cujusquam
1683 3399 1908 3468 malitia,
1963 3400 2097 3458 nihil

2207 3390 2455 3462 Cognovi,
2504 3390 2776 3462 inquiens,
2806 3392 2933 3462 quia
2980 3393 3155 3446 omnia
3206 3406 3324 3463 qure
3364 3391 3487 3462 fecit
3514 3391 3653 3447 Deus
3679 3393 3801 3462 ipsa

508 3493 758 3567 indigens
787 3494 853 3551 de
878 3493 1195 3568 cujusquam
1217 3488 1452 3563 justitia,
1495 3490 1631 3549 nihil
1680 3491 1784 3550 sibi
1810 3493 2098 3550 consulens

503 3586 576 3645 .de
618 3585 874 3657 operibus
909 3586 1198 3653 bonorum,
1226 3595 1282 3642 et
1319 3584 1478 3642 bonis
1516 3583 1807 3643 consulens
1836 3586 2002 3642 etiam
2030 3587 2097 3644 de

503 3667 684 3750 pinnis
714 3676 999 3735 malorum.
1037 3697 1058 3731 ι
1086 3676 1154 3733 Ει
1180 3672 1379 3734 iterum
1427 3678 1566 3753 (cap.
1602 3674 1728 3751 140)
1773 3697 1786 3733 :
1826 3698 1847 3732 ι
1879 3678 2094 3737 Nullum

504 3769 651 3826 Deus
685 3767 771 3838 vel
825 3768 1137 3842 angelorum
1179 3767 1267 3824 vel
1319 3768 1600 3825 hominum
1653 3778 1883 3838 crearet,
1934 3786 2095 3843 quem

504 3859 709 3917 malum
740 3858 981 3916 futurum
1005 3874 1124 3916 esse
1160 3859 1488 3932 praescisset,
1534 3859 1639 3916 nisi
1668 3858 1875 3933 pariter
1913 3870 2098 3917 nosset

503 3953 705 4026 quibus
726 3966 820 4009 eos
844 3951 1111 4009 bonorum
1140 3950 1329 4009 usibus
1370 3950 1802 4020 commendaret,
1832 3960 1998 4024 atque
2020 3953 2096 4009 ita

505 4042 615 4118 52
635 4042 881 4100 ordinem
894 4041 1216 4101 saeculorum
1240 4042 1395 4116 quasi
1417 4042 1844 4116 pulcherrimum
1870 4059 2094 4102 carmen

506 4131 669 4189 etiam
718 4146 785 4189 ex
831 4133 1155 4204 quibusdam
1199 4131 1483 4190 antithetis
1531 4133 1866 4191 honestaret.
1906 4153 1925 4188 ι
1966 4132 2095 4190 Haec

504 4226 618 4300 agit
665 4226 926 4298 praescius
977 4234 1035 4284 et
1088 4224 1482 4299 prazdestinans
1523 4225 1766 4281 omnium
1824 4226 2091 4282 bonorum

501 4316 671 4389 Deus,
692 4321 954 4392 praescius
979 4336 1086 4377 non
1113 4320 1506 4392 praedestinans
1532 4318 1775 4375 omnium
1824 4319 2093 4376 malorum

505 4410 670 4476 Deus,
726 4409 867 4482 apud
915 4425 1075 4481 quem
1107 4409 1174 4464 de
1212 4408 1466 4465 omnibus
1508 4409 1731 4465 omnino
1771 4407 1934 4468 rebus
1978 4419 2091 4467 tam

504 4501 612 4556 lixa
637 4509 719 4558 est
742 4502 1034 4567 sententia,
1066 4515 1228 4573 quam
1249 4509 1398 4558 certa
1416 4502 1761 4575 praescientia
1795 4521 1808 4558 :
1844 4503 1971 4576 quia
1993 4519 2094 4560 nec

503 4591 671 4660 aliud,
721 4608 823 4649 nec
876 4592 1038 4647 aliter
1082 4589 1323 4648 futurum
1369 4600 1472 4661 est,
1523 4591 1628 4649 nisi
1656 4592 1800 4664 quod
1855 4602 1912 4649 et
1955 4593 2096 4649 sicut

2202 3495 2354 3540 erunt
2383 3486 2440 3540 in
2468 3494 2722 3540 retentum
2751 3502 2771 3541 :
2800 3500 2955 3557 super
2987 3485 3082 3542 illa
3127 3503 3233 3543 non
3258 3496 3423 3558 potest
3461 3486 3608 3555 addi,
3637 3497 3687 3543 et
3726 3489 3800 3542 ab

2201 3574 2310 3630 illis
2335 3590 2439 3631 non
2459 3584 2627 3647 potest
2650 3576 2872 3647 auferri,
2897 3587 2946 3633 et
2975 3578 3096 3649 fecit
3117 3576 3261 3634 Deus
3281 3584 3338 3634 ut
3369 3580 3582 3634 timeant
3602 3596 3633 3634 a
3658 3579 3801 3649 {acie

2201 3667 2316 3739 ejus
2358 3682 2377 3723 :
2423 3687 2440 3719 ‹
2492 3666 2637 3723 Nihil
2662 3676 2766 3735 est,
2803 3669 2998 3740 inquit,
3048 3671 3105 3725 in
3165 3669 3365 3726 mundo
3420 3669 3563 3741 quod
3592 3685 3796 3727 novum

2203 3757 2292 3813 sit.
2314 3756 2457 3816 Solis
2479 3774 2694 3826 cursus,
2724 3767 2781 3815 et
2798 3760 2941 3816 ltum
2966 3760 3132 3828 vices,
3157 3770 3213 3817 et
3238 3769 3398 3839 terrae
3426 3761 3796 3833 arborumque

2199 3848 2420 3905 siccitas
2455 3849 2541 3905 vel
2576 3850 2888 3918 viror,eum
2916 3849 3033 3922 ipso
3061 3852 3263 3909 arundo
3288 3860 3415 3907 nata
3470 3859 3795 3922 suntatque

2199 3948 2504 3995 concreata.
2559 3939 2627 3995 Et
2681 3941 2884 3999 idcirco
2947 3942 3090 4000 Deus
3135 3950 3285 3999 certa
3336 3941 3549 3999 ratione
3592 3951 3792 3999 cuncta

2198 4033 2510 4088 moderatus
2575 4041 2700 4100 est,
2773 4041 2828 4089 et
2880 4033 3043 4104 jussit
3115 4033 3366 4091 humanis
3430 4032 3617 4091 usibus
3672 4034 3790 4091 ele—

2197 4139 2383 4185 menta
2436 4129 2672 4196 servire,
2720 4137 2778 4185 ut
2836 4131 3085 4186 homines
3135 4129 3249 4186 haec
3292 4129 3538 4187 videntes
3588 4127 3790 4186 intelli-

2197 4230 2329 4294 gant
2366 4237 2489 4280 esse
2523 4223 2940 4295 providentiam,
2991 4234 3046 4281 et
3102 4225 3333 4282 timeant
3387 4240 3417 4281 a
3474 4225 3614 4282 facie
3662 4224 3785 4296 Dei,

2198 4318 2325 4373 dum
2374 4332 2445 4373 ex
2496 4331 2677 4373 rerum
2734 4317 3077 4389 tequalitate,
3139 4332 3333 4382 cursu,
3397 4318 3628 4385 ordine,
3694 4325 3785 4376 at-

2197 4424 2303 4484 que
2331 4408 2436 4482 53
2466 4410 2765 4467 constantia
2785 4409 3094 4483 intelligunt
3116 4408 3453 4467 Creatorem.
3485 4409 3786 4467 Invisibilia

2197 4505 2334 4559 enim
2359 4504 2522 4575 ipsius
2551 4522 2587 4559 α
2630 4512 2874 4559 creatura
2909 4504 3095 4560 mundi
3133 4522 3226 4577 per
3245 4522 3306 4560 ea
3326 4520 3444 4575 quae
3488 4506 3630 4577 facta
3660 4516 3811 4561 sunt'

2197 4593 2461 4650 intellecta
2488 4592 2900 4664 conspiciuntur.
2946 4590 3276 4665 Sempiterna
3301 4608 3502 4668 quoque
3536 4596 3653 4668 ejus
3678 4597 3786 4652 vir-

501 4654 741 4756 pratscit,
769 4690 825 4741 et
851 4684 996 4755 quod
1021 4690 1076 4739 et
1106 4682 1245 4738 sicut
1266 4654 1503 4738 futurum
1525 4688 1609 4738 est
1634 4654 1779 4740 Deus
1800 4690 1927 4739 ante
1952 4698 2094 4757 prac-
2118 4654 2174 4721 Ῑ)
2199 4694 2285 4741 tus
2328 4693 2377 4741 et
2423 4654 2668 4740 divinitas
2705 4684 2880 4757 (Rom.
2910 4701 2953 4752 ι,
2991 4654 3104 4758 205.
3150 4654 3323 4754 Quod'
3352 4687 3397 4743 si
3417 4654 3428 4667 1
3448 4654 3783 4747 voluerimus

503 4776 681 4832 scivit.
710 4772 829 4833 Non
852 4783 1032 4832 tamen
1058 4775 1199 4832 mala
1246 4773 1364 4829 fieri
1395 4774 1737 4847 praescicntia
1765 4790 1862 4832 sua
1893 4776 2089 4849 coegit,

505 4869 601 4927 sed
624 4884 744 4940 quae
772 4867 954 4924 futura
975 4875 1152 4936 erant,
1176 4878 1234 4923 ut
1261 4866 1405 4926 Deus
1424 4873 1549 4925 ante
1574 4867 1864 4939 praescivit,
1899 4868 1966 4924 de
1987 4884 2094 4941 quo

482 4962 769 5033 .scriptum
815 4971 946 5018 est:
987 4959 1129 5017 Deus
1180 4972 1395 5029 wterne,
1422 4962 1513 5036 qui
1558 4960 1984 5018 absconditorum
2039 4980 2093 5019 es

502 5054 761 5125 cognitor,
816 5053 905 5126 qui
960 5054 1097 5109 nosti
1156 5054 1332 5109 omnia
1388 5065 1667 5127 antequam
1721 5055 1853 5124 ﬁunt
1915 5054 2090 5123 (Dan.

502 5156 624 5211 xm,
660 5143 774 5219 42).

577 5235 647 5291 Et
669 5235 814 5309 quod
844 5236 898 5291 in
924 5234 1158 5307 capitulo
1198 5235 1519 5309 compilator
1567 5234 1863 5307 subjunxit,
1893 5238 1961 5295 ad
1986 5238 2090 5295 hoc

509 5330 777 5404 siquidem
802 5331 934 5389 facit
961 5331 1233 5407 Sapientis
1253 5334 1455 5391 dictum
1483 5352 1496 5390 :
1527 5331 1729 5390 Parata
1752 5344 1872 5391 sunt
1896 5335 2093 5392 deriso-

503 5423 648 5479 ribus
660 5423 889 5494 judicia,
929 5433 979 5481 et
1002 5424 1182 5480 mallei
1224 5427 1569 5498 percutientes
1615 5424 1893 5482 stultorum
1915 5445 2092 5500 corpo-

504 5514 648 5570 ribus
670 5512 854 5589 (Prov.
876 5532 988 5584 six,
1015 5517 1130 5591 29),
1156 5518 1211 5574 in
1240 5518 1347 5575 hoc
1373 5533 1536 5575 sensu
1560 5528 1739 5591 potest
1763 5521 2090 5576 convenien-

505 5607 832 5682 tcriutelligi
853 5608 1110 5681 positum,
1136 5624 1244 5681 quo
1264 5609 1461 5683 posuit,
1487 5625 1705 5682 poenam
1725 5626 1857 5668 sane
1886 5609 2088 5669 malum

503 5700 756 5755 meritum
785 5715 974 5757 eorum
1001 5709 1410 5772 exsequentem,
1441 5702 1518 5758 uti
1570 5703 1739 5758 Deum
1768 5703 1861 5775 qui
1907 5703 2089 5760 omnia

502 5791 784 5862 prospicit,
811 5793 1168 5865 praescivisse,
1197 5802 1254 5849 et
1292 5795 1706 5868 praedestinassc
1736 5796 1860 5870 quia
1906 5795 2088 5869 justus

504 5892 608 5941 est.
639 5883 747 5942 Sed
765 5886 835 5943 ad
849 5887 981 5960 quid
999 5886 1128 5945 illud
1146 5888 1389 5959 posuerit
1411 5905 1518 5947 non
1543 5890 1887 5964 ignoramus:
1905 5900 2086 5949 tamen

2199 4776 2381 4848 priore
2420 4790 2584 4833 sensu
2630 4775 2780 4832 linito
2810 4778 2964 4848 quasi
3012 4791 3042 4832 a
3082 4779 3258 4848 capite
3287 4778 3490 4852 legere,
3520 4778 3590 4836 Et
3635 4780 3783 4839 Deus

2198 4868 2323 4941 fecit
2342 4879 2398 4925 ut
2424 4870 2638 4925 timeant
2659 4886 2693 4924 a
2713 4869 2851 4940 facie
2867 4870 3005 4942 ejus,
3039 4870 3126 4927 hic
3145 4880 3228 4927 est
3248 4886 3461 4939 sensus,
3488 4872 3629 4929 Deus
3651 4873 3786 4932 fecit

2196 4956 2314 5019 haec
2333 4963 2513 5018 omnia
2542 4969 2600 5018 ut
2623 4962 2849 5018 timeant
2862 4962 3111 5019 homines
3121 4964 3190 5019 ab
3210 4963 3431 5035 eoquod
3445 4962 3612 5020 semel
3634 4966 3782 5023 Deus

2197 5052 2464 5126 disposuit
2490 5054 2544 5109 in
2568 5053 2673 5110 alia
2706 5054 2998 5111 declinare.
3041 5054 3277 5112 Pulchre
3299 5065 3480 5113 autem
3509 5065 3782 5130 tempera-

2195 5150 2273 5204 vit
2303 5151 2506 5218 dicens,
2551 5158 2609 5205 ut
2657 5152 2870 5205 timeant
2915 5168 2948 5204 a
2993 5151 3130 5221 facie
3172 5153 3306 5224 ejus.
3337 5150 3531 5211 Vultus
3578 5154 3781 5228 quippe

2194 5243 2409 5306 Domini
2437 5260 2600 5319 super
2628 5245 2887 5304 facientes
2921 5247 3073 5304 mala.
3116 5268 3135 5303 ι
3172 5248 3240 5305 Ει
3281 5248 3543 5308 Alcuinus
3580 5252 3635 5307 in
3679 5267 3777 5308 ex-

2192 5337 2502 5409 planatione
2526 5335 2768 5408 ejusdem
2800 5337 2946 5406 libri,
2992 5340 3059 5396 ad
3083 5337 3278 5397 Oniam
3309 5342 3674 5409 sacerdotem,
3721 5351 3778 5401 et

2193 5427 2493 5485 Candidum
2541 5428 2937 5502 presbyterum,
2988 5440 3043 5486 et
3088 5431 3438 5489 Natanaelem
3474 5430 3763 5491 diaconum

2193 5521 2484 5594 discipulos
2514 5536 2641 5578 suos
2665 5540 2678 5577 :
2716 5541 2735 5576 ‹
2765 5520 2943 5579 Didici
2962 5525 3105 5597 quod
3126 5526 3303 5581 omnia
3327 5541 3485 5596 Opera
3506 5544 3623 5600 qua:
3647 5524 3771 5598 fecit

2194 5613 2333 5671 Deus
2378 5624 2697 5687 perseverent
2738 5617 2793 5671 in
2836 5627 3161 5689 perpetuum.
3216 5618 3341 5675 Non
3390 5636 3665 5692 possumus
3701 5621 3774 5677 eis

2191 5706 2385 5762 addere
2410 5708 2719 5781 quidquam,
2747 5726 2839 5765 nec
2879 5709 3090 5781 auferre
3127 5727 3245 5783 qua?
3274 5712 3394 5783 fecit
3432 5711 3575 5768 Deus
3617 5723 3673 5767 ut
3704 5714 3772 5767 ti-

2192 5810 2399 5856 meatur
2427 5799 2625 5872 (Eccle.
2657 5817 2738 5869 ιιι,
2768 5799 2879 5873 id).
2927 5798 3071 5857 Nihil
3097 5809 3180 5858 est
3211 5803 3264 5858 in
3312 5802 3536 5871 mundo,
3579 5803 3769 5876 inquit,

2193 5895 2335 5970 quod
2378 5911 2574 5952 novum
2628 5895 2717 5950 sit.
2760 5892 2902 5952 Solis
2948 5909 3162 5963 cursus,
3193 5904 3249 5953 et
3291 5895 3459 5953 Lunae
3504 5896 3671 5963 vices,
3718 5902 3770 5949 et
