4052 6334
291 362 387 414 H7

1075 358 1158 414 DE
1197 355 1860 414 PREDESTINATIONE
1900 355 2355 414 DISSEllTA'l‘lO
2396 356 2804 415 POSTERIOR.

3445 355 3548 416 “8

290 485 452 532 terrm
470 475 837 545 arborumque
859 474 1071 529 siccitas
1093 475 1175 529 vel
1199 476 1364 540 Vil‘Ol‘,
1382 490 1504 530 cum
1528 475 1643 546 ipso
1667 453 1869 530 mundo
1895 474 1950 536 Α
1975 473 2155 543 vitque
2195 485 2253 529 ut
2291 487 2549 530 essemus.
2593 476 2741 531 Fecit
2770 483 2948 531 autem
2979 474 3082 531 hoc
3118 476 3414 532 secundum
3440 476 3560 550 pls-

287 577 418 626 uata
447 577 580 626 sunt
603 579 771 641 atque
804 576 1006 625 creata.
1030 568 1099 624 Et
1118 569 1319 631 idcirco
1341 570 1482 626 Deus
1501 579 1649 626 certa
1666 569 1875 623 ratione

287 671 487 717 etincta
525 662 839 718 moderatus
867 669 975 728 est,
995 669 1052 717 et
1069 660 1234 729 jussit
1271 662 1520 719 humanis
1545 661 1733 718 usibus
1761 661 1874 716 ele-

285 759 472 806 menta
514 751 747 816 servire,
777 759 838 806 ut
869 751 1114 808 homines
1143 752 1391 810 videntes
1418 754 1536 808 haec
1573 752 1878 821 intelligant

284 855 405 898 esse
430 841 832 912 providentiam
857 841 977 908 Dei,
1004 853 1061 899 et
1086 843 1313 899 timeant
1356 859 1388 897 a
1423 842 1560 902 facie
1587 843 1706 909 Dei,
1749 841 1877 897 dum
1900 866 1908 873 '

285 948 356 988 ex
384 949 573 988 rerum
593 933 922 1004 aequalitate,
951 948 1134 1002 cursu,
1149 935 1534 1005 ordiue,atque
1551 932 1874 997 constantia,

293 1025 613 1098 intelligunt
643 1023 974 1084 Creatorem.
1003 1047 1024 1081 ι

357 1117 428 1174 Et
451 1121 714 1190 quoniam
739 1122 845 1178 hoc
886 1121 954 1177 de
986 1119 1311 1176 Ecclesiaste
1340 1116 1706 1175 testimonium
1739 1130 1876 1186 qua-

285 1209 415 1268 liter
439 1228 559 1270 suae
589 1216 954 1288 astipulationi
997 1216 1304 1280 conveniat,
1340 1213 1590 1270 videlicet
1629 1213 1758 1283 quia
1781 1226 1879 1267 ne-

287 1319 570 1375 quaquam
599 1307 908 1374 conveniat,
932 1308 1212 1364 doctorum
1233 1303 1516 1361 sententiis
1540 1303 1881 1358 demonstra-

288 1397 492 1463 vimus,
523 1414 596 1456 ex
620 1400 726 1456 hoc
740 1400 884 1471 quod
909 1399 1190 1472 praemisit,
1216 1398 1291 1454 De
1319 1398 1442 1465 hac,
1472 1396 1746 1466 inquiens,
1780 1395 1882 1450 im-

289 1489 602 1548 mobilitate
642 1492 1002 1562 prmscientiae
1036 1500 1090 1547 et
1118 1487 1604 1561 prmdestinationis
1632 1487 1752 1553 Dei,
1783 1498 1882 1556 per

291 1595 459 1649 quam
494 1581 640 1651 apud
668 1597 792 1637 eum
821 1581 1004 1637 futura
1042 1583 1155 1653 jam
1193 1580 1336 1638 facta
1363 1589 1511 1646 sunt,
1540 1579 1775 1649 Prosper
1804 1577 1880 1633 illi

288 1687 356 1727 ex
387 1672 537 1730 libro
577 1676 816 1732 secundo
856 1675 994 1747 (cap.
1037 1675 1150 1747 55),
1191 1676 1258 1730 de
1285 1673 1581 1731 Vocatione
1639 1672 1881 1745 gentium

291 1764 668 1834 respondeat:
710 1784 730 1818 s
757 1763 876 1821 Non
913 1773 1014 1831 est,
1060 1764 1328 1836 inquiens,
1361 1765 1416 1820 in
1460 1764 1575 1820 Deo
1603 1764 1879 1828 accidens,

291 1833 497 1920 motus,
529 1864 624 1912 aut
657 1872 796 1912 nova
823 1856 1090 1922 voluntas,
1122 1833 1216 1912 aut
1245 1857 1546 1928 temporale
1570 1856 1877 1922 consilium,
1908 1833 1957 1896 Β

294 1961 398 2003 nec
426 1948 686 2019 cogitatio
728 1949 846 2020 ejus
873 1965 996 2006 cum
1027 1964 1208 2006 rerum
1236 1950 1576 2006 mutabilium
1603 1949 1880 2019 inaequali-

297 2048 412 2094 tate
438 2039 718 2107 variatur;
745 2041 842 2097 sed
871 2051 1066 2098 cuncta
1089 2042 1299 2112 pariter
1327 2050 1568 2112 tempora
1597 2051 1655 2097 et
1683 2049 1885 2111 tempo-

297 2129 434 2184 ralia
463 2131 796 2199 sempiterno
825 2145 890 2188 ac
916 2131 1096 2187 stabili
1133 2132 1542 2202 comprehendit
1570 2132 1786 2199 intuitu,
1830 2139 1885 2187 et

297 2222 556 2278 omnibus
578 2224 760 2280 omnia
782 2225 896 2294 jam
916 2225 1168 2281 retribuit
1181 2226 1272 2295 qui
1293 2241 1414 2295 qua:
1431 2234 1558 2281 sunt
1575 2225 1755 2280 futura
1770 2223 1882 2294 jam

299 2314 447 2369 fecit.
480 2314 618 2370 Hinc
639 2324 724 2372 est
745 2316 878 2372 illud
900 2318 1042 2373 beati
1067 2318 1219 2374 Pauli
1246 2319 1476 2388 apostoli
1500 2319 1788 2376 scribentis
1815 2320 1884 2376 ad

300 2409 595 2479 Ephesios:
617 2409 928 2466 Benedictus
945 2410 1088 2467 Dens
1100 2419 1149 2466 et
1161 2410 1325 2467 Pater
1341 2411 1554 2468 Domini
1571 2413 1736 2467 nostri
1754 2412 1882 2468 Jesu

304 2499 632 2573 Christi,qu
655 2502 916 2558 benedixit
933 2520 1026 2559 nos
1045 2505 1101 2559 in
1121 2505 1261 2559 omni
1283 2504 1637 2561 benedictione
1658 2504 1884 2576 spiritali

302 2593 358 2648 in
387 2592 680 2648 cctestilms
698 2593 753 2648 in
779 2592 1006 2650 Christo.
1052 2593 1203 2651 Sicut
1241 2593 1393 2666 elegit
1432 2613 1528 2650 nos
1553 2597 1609 2650 in
1633 2597 1744 2665 ipso
1765 2603 1886 2649 ante

302 2681 490 2736 mundi
519 2681 966 2748 constitutionem,
980 2691 1038 2737 ut
1053 2698 1282 2738 essemus
1301 2682 1472 2737 sancti
1493 2693 1540 2736 et
1561 2680 1887 2736 immacntoti

303 2775 360 2828 in
379 2783 664 2845 conspectu
705 2775 820 2846 ejus
856 2777 914 2830 in
934 2776 1208 2831 alacritate.
1254 2774 1357 2842 Qui
1382 2775 1769 2847 prwdestinavit
1794 2793 1886 2832 nos

304 2864 360 2917 in
386 2863 724 2933 adoptionem
753 2864 984 2934 ﬁliorum
1017 2883 1110 2937 per
1135 2866 1317 2922 Iesum
1344 2863 1611 2920 Christum
1659 2866 1716 2920 in
1751 2868 1887 2937 ipso,

304 2954 594 3010 secundum
619 2957 948 3027 propositum
978 2956 1262 3013 voluntatis
1289 2973 1425 3023 sure,
1458 2957 1514 3012 in
1536 2956 1746 3012 tandem
1779 2958 1890 3029 glo-

306 3046 402 3101 rise
421 3048 614 3116 gratia:
633 3064 744 3104 siue
767 3047 982 3120 (Epiros.
1010 3065 1051 3116 ι,
1075 3050 1156 3122 5),
1190 3056 1246 3105 et
1265 3057 1462 3105 caetera
1495 3048 1660 3120 (sicut
1690 3049 1890 3105 ibidem

308 3137 486 3194 lector
506 3140 740 3212 quisque
771 3141 1002 3198 devotus
1031 3141 1117 3197 vel
1147 3141 1394 3198 curiosus
1411 3141 1626 3213 plenius
1645 3150 1701 3198 et
1728 3142 1890 3199 latius

309 3229 514 3300 poterit
538 3231 832 3303 invenire),
863 3245 982 3302 qua:
1015 3233 1116 3289 sub
1143 3233 1386 3305 ejusdem
1409 3248 1602 3290 sensus
1631 3233 1893 3305 praedica-
1918 3215 1966 3283 C

313 3320 468 3378 tione
489 3324 790 3390 connectit,
817 3325 1022 3382 docens
1046 3325 1244 3382 donum
1273 3335 1438 3398 atque
1463 3343 1600 3400 opus
1621 3329 1806 3400 gratia:
1837 3329 1893 3384 in

311 3418 524 3467 ater-no
573 3411 672 3468 Dei
730 3427 947 3485 semper
992 3416 1256 3472 mansisse
1305 3417 1546 3483 consilio,
1601 3433 1897 3490 omnesque

317 3499 630 3575 adoptionis
656 3501 818 3571 ﬁlios,
856 3520 966 3561 non
995 3505 1170 3562 solum
1196 3506 1252 3562 in
1290 3522 1357 3563 eo
1385 3516 1627 3580 tempore
1652 3525 1761 3582 quo
1782 3509 1895 3580 jam

314 3597 616 3656 cristatus
641 3602 818 3658 vocati
843 3612 991 3672 sunt,
1012 3599 1108 3661 sed
1133 3600 1296 3661 etiam
1323 3603 1636 3677 priusquam
1667 3603 1896 3664 mundus

312 3693 762 3763 constitueretur,
789 3697 1006 3756 electos.
1049 3698 1110 3756 In
1139 3714 1245 3772 qua
1272 3701 1537 3759 electione
1555 3704 1782 3775 quisque
1802 3706 1896 3762 ho-

316 3785 530 3843 minum
557 3787 614 3843 in
639 3787 858 3846 Christo
887 3793 1249 3863 praecognitus
1276 3807 1384 3850 non
1411 3801 1496 3851 est
1538 3795 1683 3850 nulla
1724 3797 1898 3860 eidem

316 3877 534 3935 ntimo
554 3880 868 3937 sociabitur.
903 3881 1108 3940 Omnes
1138 3885 1284 3940 enim
1305 3886 1398 3956 qui
1437 3887 1509 3940 ad
1543 3901 1769 3958 regnum
1801 3886 1898 3944 Dei

318 3969 394 4027 de
427 3969 721 4041 cujuslibet
769 3975 1026 4047 temporis
1070 3977 1353 4034 vocatione
1391 3977 1603 4034 venturi
1651 3987 1797 4046 sunt,
1846 3979 1900 4034 in

321 4061 430 4118 ista
453 4079 578 4136 quae
597 4064 793 4122 socula
819 4076 1014 4124 cuncta
1057 4069 1341 4141 praecessit
1381 4071 1672 4142 adoptione
1696 4071 1900 4141 signati

320 4166 471 4212 sunt.
497 4157 568 4214 Et
591 4157 734 4215 sicut
755 4159 932 4217 nullus
961 4161 1260 4218 inﬁdelium
1288 4163 1343 4218 in
1389 4164 1495 4220 hac
1527 4173 1674 4221 sorte
1709 4179 1902 4220 nume-

321 4257 500 4315 ratus,
535 4249 610 4304 ita
636 4249 821 4330 nullus.
839 4252 1050 4322 piorum
1081 4254 1150 4310 ab
1174 4254 1277 4310 hac
1299 4255 1676 4311 benedictione
1697 4255 1903 4311 discre-

323 4349 414 4397 tus
433 4350 540 4398 est.
571 4340 649 4399 De
675 4342 1006 4414 plenitudine
1024 4347 1222 4416 quippe
1260 4348 1629 4403 membrorum
1659 4345 1904 4416 corporis

325 4431 439 4507 ει
469 4433 672 4491 Christi
719 4437 1054 4507 praeseientis
1091 4437 1209 4504 Dei,
1238 4453 1358 4510 quas
1383 4438 1495 4494 falli
1544 4454 1654 4495 non
1703 4447 1900 4508 potest,

326 4525 462 4582 nihil
477 4527 660 4599 perdit
677 4536 734 4584 et
754 4528 898 4585 nullo
917 4528 1248 4587 detrimento
1267 4531 1434 4586 minui
1456 4538 1654 4601 potest.
1679 4529 1902 4588 Summa

325 4621 658 4692 praecognita
705 4630 870 4693 atque
913 4623 969 4678 in
1015 4621 1234 4679 Christo
1277 4630 1402 4678 ante
1451 4623 1646 4679 saecula
1698 4631 1902 4678 aeterna

326 4713 632 4785 praelecta.
679 4713 833 4770 Sicut
867 4715 938 4770 ad
977 4713 1316 4771 Timotheum
1346 4715 1592 4772 scribens
1614 4713 1904 4785 Apostolus

328 4805 505 4862 dicit:
545 4803 824 4861 Collabora
866 4803 1150 4878 Evangelia
1187 4805 1472 4862 secundum
1518 4807 1760 4860 virtutem
1787 4805 1901 4872 Dei,

326 4898 424 4969 qni
444 4885 540 4953 nos
576 4897 815 4954 liberavit
842 4907 891 4954 et
915 4898 1114 4954 vocavit
1153 4900 1423 4954 vocatione
1446 4914 1544 4953 sua
1573 4906 1778 4965 sancta,
1802 4913 1905 4953 non

329 4978 623 5046 secundum
648 5007 806 5063 opera
834 5001 1036 5058 nostra,
1065 4991 1154 5046 sed
1177 4991 1462 5047 secundum
1490 5007 1647 5047 suum
1670 4991 1906 5062 properi.

330 5091 472 5147 tam,
522 5089 569 5137 et
616 5082 842 5152 gratiam
882 5099 1000 5153 quae
1027 5082 1153 5137 data
1195 5093 1272 5138 est
1328 5082 1476 5137 nobis
1519 5090 1640 5136 ante
1681 5091 1912 5152 tempora

332 5182 535 5227 ceterntt
563 5170 649 5244 (ll
672 5170 806 5227 Tim.
833 5188 870 5240 ι,
897 5171 1083 5243 8).»Ει
1105 5179 1324 5228 sanctus
1345 5171 1674 5244 Augustinus
1702 5170 1758 5225 in
1778 5170 1915 5227 libro

333 5263 406 5319 de
421 5262 896 5320 Praedestinstione
909 5272 1214 5320 sanctorum
1234 5266 1372 5337 (cap.
1389 5265 1476 5335 18)
1499 5281 1514 5319 :
1537 5282 1556 5316 ε
1577 5263 1703 5320 Haec
1718 5273 1801 5320 est
1813 5265 1909 5320 lm-

334 5355 558 5414 mobilis
607 5357 809 5414 veritas
850 5357 1339 5428 praedestinationis
1383 5365 1439 5413 et
1495 5357 1721 5429 gratiae,
1771 5357 1918 5413 velut

335 5447 634 5519 Apostolus
677 5448 796 5504 ait:
829 5445 977 5504 Sicut
1020 5447 1170 5520 elegit
1195 5465 1289 5504 nos
1328 5450 1385 5504 in
1421 5450 1538 5522 ipso
1566 5458 1688 5504 ante
1731 5449 1914 5504 mundi

341 5538 773 5594 constitutionem
795 5537 1012 5610 (Ephcs.
1042 5554 1084 5605 ι,
1111 5537 1189 5611 4).
1229 5537 1406 5609 Elegit
1425 5554 1554 5610 ergo
1580 5552 1679 5593 nos
1706 5536 1912 5592 Deusin

340 5631 564 5690 Christo
605 5641 734 5688 ante
773 5631 958 5688 mundi
1006 5631 1481 5696 constitutionem,
1528 5630 1916 5701 praedostinans

343 5737 446 5782 nos
464 5725 521 5780 in
542 5723 883 5796 adoptionem
907 5722 1162 5779 ﬁliorum.
1192 5720 1309 5777 Non
1339 5722 1464 5793 quia
1488 5737 1584 5793 per
1614 5736 1714 5779 nos
1744 5721 1916 5776 sancti

248 5841 276 5857 ι
339 5828 400 5876 et
427 5816 762 5876 immaculati
795 5813 960 5872 futuri
989 5829 1226 5883 eramus,
1257 5813 1352 5870 sed
1379 5814 1542 5885 elegit
1567 5813 1915 5884 praedestina-

1982 566 2146 622 citum
2174 565 2466 622 voluntatis
2506 583 2637 634 suae,
2668 576 2727 623 ut
2768 581 2928 624 nemo
2967 568 3033 624 de
3060 582 3177 633 sua,
3199 567 3292 624 sed
3319 569 3386 624 de
3413 566 3559 628 illius

1979 671 2105 727 erga
2124 671 2204 721 se,
2229 656 2504 714 voluntate
2524 657 2801 729 glorietur.
2828 657 3102 714 Fecithoc
3113 658 3407 714 secundum
3428 657 3560 717 divi-

1981 747 2084 803 tias
2103 747 2288 819 gloriae
2317 763 2445 814 sum,
2475 751 2768 805 secundum
2789 751 2988 806 bonam
3016 748 3348 805 voluntatem
3375 764 3554 820 suam,

1979 854 2142 910 quam
2167 841 2450 912 proposuit
2480 841 2534 896 in
2571 840 2767 897 dilecto
2795 841 2933 897 Filio
2972 857 3094 909 suo,
3136 841 3190 898 in
3223 856 3332 912 quo
3355 853 3559 898 sortem

1979 935 2255 992 consecuti
2275 949 2480 1000 sumus,
2503 934 2868 1005 praedestinati
2887 935 3180 991 secundum
3198 934 3556 1006 propositum,

1979 1040 2091 1082 non
2118 1035 2384 1092 nostrum,
2415 1025 2509 1080 sed
2536 1025 2653 1096 ejus
2680 1026 2771 1096 qui
2799 1026 3051 1081 universa
3079 1034 3351 1097 operatur,
3388 1035 3560 1094 usque

1981 1116 2120 1174 adeo
2143 1124 2204 1171 ut
2230 1116 2346 1187 ipse
2375 1116 2433 1173 in
2455 1117 2610 1173 nobis
2635 1124 2890 1188 operetur
2914 1124 2970 1171 et
2989 1116 3145 1172 velle.
3174 1115 3442 1187 Operatur
3463 1128 3561 1169 au-

1983 1219 2093 1264 tem
2122 1208 2418 1265 secundum
2446 1208 2732 1265 consilium
2757 1208 3047 1264 voluntatis
3069 1224 3201 1274 sum,
3230 1216 3288 1262 ut
3315 1207 3484 1264 simus
3505 1207 3561 1261 in

1982 1300 2197 1356 laudem
2229 1299 2415 1370 gloria:
2451 1301 2589 1372 ejus.
2624 1319 2645 1355 ι
2676 1301 2744 1357 Et
2788 1301 2942 1368 item,
2981 1317 3098 1373 cap.
3142 1301 3252 1355 t7:
3298 1317 3318 1352 ι
3341 1298 3421 1354 Ex
3459 1298 3563 1353 hoc

1983 1393 2259 1465 proposito
2298 1391 2414 1462 ejus
2460 1402 2544 1449 est
2593 1393 2685 1450 illa
2733 1394 3029 1451 electorum
3077 1393 3294 1467 propria
3326 1392 3560 1459 vacatio,

1983 1485 2178 1555 quibus
2201 1486 2382 1541 omnia
2419 1495 2782 1558 cooperantur
2815 1488 2873 1543 in
2896 1488 3117 1552 bonum,
3151 1487 3242 1556 qui
3267 1483 3562 1542 secundum

1983 1579 2316 1649 propositum
2369 1581 2546 1636 vocati
2587 1589 2744 1647 sunt;
2800 1589 2855 1636 et
2909 1581 3028 1636 sine
3070 1579 3389 1652 poenitentia
3439 1585 3567 1634 sunt

1985 1670 2125 1724 dona
2160 1677 2214 1724 et
2241 1671 2450 1726 vocatio
2469 1669 2584 1726 Dei.
2618 1691 2637 1725 ι
2672 1671 2739 1726 Ει
2765 1671 2940 1727 item:
2975 1689 2994 1724 ι
3029 1671 3354 1742 Elegitergo
3374 1684 3468 1726 eos
3497 1670 3564 1725 de

1986 1761 2186 1816 mundo
2229 1777 2353 1816 cum
2378 1761 2467 1817 hic
2503 1770 2689 1833 ageret
2727 1777 2968 1829 carnem,
2991 1762 3086 1818 sed
3125 1761 3238 1830 jam
3280 1761 3480 1818 electos
3510 1760 3565 1816 in

1986 1854 2165 1925 seipso
2194 1862 2320 1909 ante
2345 1854 2529 1910 mundi
2553 1855 3016 1911 constitutionem.
3053 1873 3072 1907 ι

2058 1945 2204 2001 Talis
2235 1954 2319 2001 est
2347 1945 2480 2002 ﬁdes
2516 1947 2942 2003 orthodoxorum
2989 1947 3055 2001 de
3095 1943 3568 2016 pradestinatione

1985 2047 2315 2096 sanctorum.
2383 2037 2612 2094 Studeat
2653 2048 2707 2094 et
2746 2038 2892 2096 dicat
2936 2036 3296 2108 capitulorum
3336 2036 3562 2090 istorum

1987 2131 2328 2203 compilator,
2370 2131 2495 2200 quia
2533 2131 2750 2188 relictos
2781 2131 3058 2201 reprobus,
3096 2127 3292 2200 impios
3322 2135 3377 2182 et
3419 2125 3562 2197 injuo

1986 2237 2119 2293 stos,
2153 2240 2217 2281 ac
2245 2226 2537 2295 perituros,
2569 2234 2696 2280 ante
2724 2225 2910 2280 mundi
2951 2221 3393 2279 constitutionem
3430 2232 3570 2289 prae-

1987 2319 2277 2380 destinavit
2323 2317 2467 2374 Deus
2515 2320 2583 2374 ad
2629 2316 2940 2384 interitum,
2989 2325 3046 2372 et
3086 2315 3473 2388 perditionem,
3515 2319 3571 2366 et

1987 2425 2228 2482 pinnam.
2279 2407 2392 2464 Nos
2420 2409 2601 2464 dicere
2656 2423 2764 2465 non
2814 2409 3076 2464 audemus
3110 2407 3239 2482 quia
3286 2420 3393 2459 non
3434 2401 3574 2457 dixit

1987 2481 2305 2574 Apostolus,
2360 2515 2461 2556 nec
2517 2515 2615 2570 per
2661 2515 2784 2556 eu
2839 2499 3062 2570 loquens
3105 2481 3366 2554 Dominus
3413 2492 3572 2550 Jesus

1987 2593 2257 2651 Christus.
2302 2592 2415 2649 Nec
2438 2592 2809 2647 emendatiore
2847 2589 2988 2665 stylo
3009 2597 3066 2645 et
3107 2601 3287 2660 ungue
3325 2583 3572 2641 censorio

1987 2687 2268 2755 corrigens
2289 2700 2385 2740 sua
2413 2685 2616 2754 scripta
2628 2684 2818 2738 beatus
2829 2680 3159 2752 Augustinus
3180 2678 3344 2748 jussit
3363 2676 3571 2733 eisdem

1989 2776 2210 2846 scriptis
2254 2790 2356 2830 nos
2401 2773 2581 2829 taliter
2631 2771 2945 2842 praedicare.
3000 2768 3143 2824 Dicit
3193 2768 3339 2823 idem
3377 2767 3571 2823 beatus

1989 2867 2324 2938 Augustinus
2344 2866 2401 2920 in
2423 2865 2612 2920 eodem
2654 2862 2794 2917 libro
2819 2862 2959 2934 (cap.
2992 2859 3174 2930 eod.):
3212 2877 3232 2911 ι
3256 2857 3424 2913 Electi
3449 2862 3576 2912 sunt

1991 2960 2196 3030 itaque,
2211 2959 2342 3028 quin
2367 2955 2898 3028 pmdestinati,ante
2920 2951 3104 3007 mundi
3129 2949 3573 3007 constitutionem

1991 3067 2058 3108 ea
2097 3049 2574 3123 prtedestinatione
2617 3048 2670 3102 in
2721 3060 2828 3117 qua
2875 3046 3018 3099 Deus
3057 3058 3157 3100 sua
3200 3040 3382 3098 futura
3431 3038 3573 3096 facta

1991 3141 2263 3216 praescivit
2293 3159 2306 3195 :
2337 3139 2494 3196 electi
2524 3145 2708 3194 autem
2733 3137 2804 3193 de
2836 3135 3038 3192 mundo
3060 3149 3126 3190 ea
3153 3132 3438 3191 vocatione
3467 3142 3577 3201 qua

1994 3235 2138 3292 Dens
2185 3235 2238 3290 id
2274 3234 2418 3304 quod
2466 3230 2873 3303 praedestinavit
2922 3226 3183 3298 implevit.
3237 3223 3388 3294 Quos
3429 3221 3576 3278 enim

1995 3327 2400 3401 prmdestinavit
2426 3324 2544 3380 illos
2569 3331 2625 3379 et
2660 3321 2892 3388 vocavit,
2918 3319 3011 3376 illa
3033 3317 3240 3375 scilicet
3293 3313 3575 3372 vocatione

1994 3424 2293 3480 secundum
2347 3419 2701 3492 propositum.
2757 3414 2876 3471 Non
2925 3427 3059 3485 ergo
3092 3411 3243 3476 alios,
3299 3405 3397 3466 sed
3439 3420 3576 3478 quos

1993 3515 2397 3590 praedestinavit
2434 3512 2580 3582 ipsos
2613 3516 2669 3565 et
2705 3506 2936 3571 vocavit,
2966 3517 3070 3560 nec
3102 3501 3237 3557 alios
3269 3516 3283 3554 :
3315 3497 3410 3554 sed
3437 3510 3575 3573 quos

1995 3611 2073 3672 ita
2101 3609 2315 3669 vocavit
2344 3609 2493 3682 ipsos
2525 3613 2582 3664 et
2607 3599 2940 3676 iustiﬁcavit,
2975 3609 3079 3657 nec
3119 3593 3282 3666 alios;
3315 3593 3410 3654 sed
3439 3606 3576 3668 quos

1996 3702 2421 3779 praedestinavit,
2466 3699 2697 3764 vocavit,
2739 3694 3077 3765 iustiﬁcavit,
3108 3691 3254 3764 ipsos
3288 3697 3343 3746 et
3376 3685 3577 3779 gloriﬁ-

1997 3773 2183 3853 cavn;
2234 3794 2324 3850 illo
2371 3793 2560 3864 utique
2594 3790 2703 3846 ﬁne
2734 3787 2828 3859 qui
2873 3801 2984 3842 non
3026 3782 3189 3840 habet
3229 3779 3412 3836 ﬁnem.
3447 3795 3473 3832 ι
3511 3773 3579 3832 Et

1998 3893 2127 3948 item
2145 3891 2284 3963 (cap.
2303 3886 2392 3962 18)
2410 3903 2427 3944 :
2445 3906 2466 3940 ι
2485 3885 2659 3958 Elegit
2684 3877 3201 3952 Deus,inquiens,in
3213 3873 3435 3933 Christo
3452 3879 3579 3963 ante

1998 3961 2184 4040 mundi
2229 3961 2672 4036 constitutionem
2719 3973 2962 4030 nmmbra
2999 3970 3136 4042 ejus.
3185 3967 3255 4022 Et
3313 3961 3583 4037 quomodo

2001 4074 2225 4145 eligeret
2261 4087 2356 4128 eos
2394 4069 2486 4142 qui
2516 4067 2754 4124 nondum
2779 4073 2936 4121 erant
2977 4061 3082 4118 nisi
3113 4051 3586 4132 prudentinando?

2001 4167 2175 4237 Elegit
2205 4179 2338 4235 ergo
2375 4159 2767 4232 praedestinans
2797 4171 2912 4211 nos.
2955 4152 3208 4224 Nunquid
3231 4149 3456 4222 eligeret
3482 4146 3583 4202 im-

2000 4262 2120 4334 pios
2140 4268 2195 4314 et
2210 4253 2549 4312 immundos?
2571 4251 2708 4307 Nam
2725 4249 2772 4305 si
2791 4245 3019 4319 quaestio
3030 4249 3381 4316 proponatur,
3397 4248 3579 4334 utrum

2002 4331 2102 4410 hos
2121 4351 2302 4422 eligat,
2325 4363 2395 4403 an
2416 4346 2596 4419 potius
2619 4347 2837 4401 sanctos
2847 4348 2902 4396 et
2914 4335 3312 4402 immaculatos,
3334 4331 3471 4422 quid
3487 4333 3586 4387 ho-

2005 4460 2126 4500 rum
2164 4420 2489 4513 respondeat
2517 4437 2640 4508 quis
2676 4431 2959 4505 requirat?
2983 4443 3048 4486 ac
3087 4441 3197 4484 non
3235 4425 3420 4482 statim
3445 4420 3586 4513 fer_st

2008 4533 2112 4606 55
2139 4547 2240 4603 pro
2255 4511 2475 4586 sanctis
2520 4522 2990 4593 immaculatisque
3050 4514 3413 4606 sententiam?

2008 4601 2218 4680 i'te'm—in
2241 4620 2381 4677 libro
2406 4619 2472 4675 de
2489 4612 3294 4674 Prndestinationcsanctorum
3315 4604 3452 4678 (cap.
3470 4601 3581 4672 15):

2020 4736 2039 4771 ι
2075 4718 2169 4772 Est
2197 4716 2382 4780 etiam,
2423 4711 2694 4782 inquiens,
2728 4704 3205 4779 prmelarissimum
3243 4699 3427 4756 lumen
3454 4709 3590 4768 prte-

2013 4806 2386 4866 destinationis
2432 4812 2488 4859 et
2514 4802 2701 4875 gratiae
2738 4800 2855 4871 ipse
2892 4797 3162 4862 Salvator,
3191 4793 3309 4866 ipse
3328 4787 3590 4846 lediator

2013 4901 2111 4959 Dei
2161 4908 2215 4954 et
2253 4896 2532 4954 hominum
2569 4896 2733 4949 homo
2759 4890 3008 4948 Christus
3052 4887 3224 4942 Iesus.
3283 4901 3304 4936 ι
3354 4881 3424 4936 Et
3459 4878 3589 4936 item

2015 4993 2192 5065 (ibid.)
2228 5010 2243 5046 :
2277 5009 2297 5042 ε
2325 4990 2444 5060 Ipsa
2481 4993 2569 5043 est
2612 4985 2778 5056 igitur
2814 4977 3218 5055 praedestinatio
3250 4979 3586 5034 auctorum,

2016 5099 2135 5156 quae
2157 5083 2210 5138 in
2247 5089 2436 5137 sancto
2468 5084 2779 5134 sanctorum
2800 5073 3036 5129 maxime
3059 5065 3279 5132 claruit,
3305 5075 3472 5156 quam
3488 5071 3592 5156 no-

2017 5151 2144 5250 uare
2169 5175 2292 5245 quis
2314 5179 2492 5244 potest
2516 5179 2667 5225 recte
2701 5163 3115 5236 intelligentium
3151 5155 3365 5250 eloquia
3388 5151 3592 5209 verita-

2018 5248 2125 5323 tis?
2161 5263 2298 5320 Nam
2351 5269 2408 5319 et
2451 5261 2629 5332 ipsum
2658 5258 2947 5314 Dominum
2989 5251 3190 5325 gloria,
3243 5248 3300 5303 in
3325 5251 3589 5332 quanta

2017 5357 2180 5412 homo
2210 5354 2386 5410 factus
2416 5329 2501 5406 est
2535 5348 2632 5404 Dei
2661 5346 2851 5412 Filius,
2891 5339 3336 5414 praedestinatum
3363 5345 3489 5391 esse
3508 5329 3592 5388 di-

2017 5447 2268 5504 dicimus.
2297 5442 2512 5500 Clamat
2529 5438 2730 5494 Doctor
2753 5433 2994 5507 gentium
3019 5430 3076 5486 in
3112 5427 3288 5499 capite
3317 5421 3587 5498 Epistula.

2021 5551 2141 5593 rum
2171 5547 2393 5591 suarum
2441 5548 2456 5584 :
2511 5525 2718 5582 Paulus
2760 5538 2938 5579 servus
2979 5518 3176 5576 Christi
3209 5515 3341 5574 Iesu
3382 5521 3593 5571 vocatus

2022 5625 2302 5696 Apostolus
2334 5623 2513 5696 (Rom.
2542 5635 2582 5686 ι,
2627 5618 2705 5688 1),
2744 5625 2800 5672 et
2825 5623 3022 5671 caetera
3063 5624 3235 5684 usque
3267 5609 3396 5668 dum
3423 5605 3591 5664 dicit:

2024 5721 2126 5788 Qui
2150 5717 2548 5790 prcedestinatus
2571 5720 2646 5767 est
2670 5708 2717 5764 F
2720 5708 2844 5765 ilius
2875 5707 2975 5762 Dei
3009 5707 3066 5762 in
3080 5705 3287 5761 uirtute.
3331 5722 3352 5756 s
3376 5700 3444 5756 Et

2026 5787 2079 5868 in
2122 5787 2310 5868 eodem
2337 5807 2516 5863 libro:
2550 5822 2568 5856 ι
2606 5800 2758 5860 Sicut
2797 5790 2927 5872 ergo
2967 5798 3378 5871 praedestinatus
3403 5799 3488 5848 est
3510 5787 3596 5846 ille
