4052 6334
496 311 595 367 H9

1448 317 1775 373 HINCMARI
1813 314 2202 373 RHEMENSIS
2240 318 2772 375 Αιὶεηηςνεξαορι.

3643 319 3740 376 1Ξο

493 442 632 485 unus
663 434 908 498 ntcaput
934 437 1172 486 nostrum
1214 440 1382 495 esset,
1413 433 1486 487 ita
1525 434 1676 489 multi
1704 432 2066 504 prmdcstinati
2097 435 2145 496 Α
2173 449 2399 504 quorum
2443 436 2532 491 alii
2588 439 2954 494 misericordia
2997 439 3126 494 salvi
3187 439 3340 503 liunt,
3383 438 3473 495 alii
3520 440 3741 498 veritate

491 534 677 576 sumus
700 529 760 575 ut
788 522 1026 577 membra
1044 520 1158 590 ejus
1179 537 1443 580 essemus.
1468 544 1488 578 ι
1517 525 1580 581 Ει
1611 526 1738 582 item
1765 525 1902 597 (cap.
1934 526 2021 596 16)
2048 542 2062 579 :

496 626 513 658 ι
551 606 722 664 Vocat
749 610 889 666 Deus
915 611 1058 666 enim
1081 614 1490 682 prmdestinatos
1524 615 1723 671 multos
1752 615 1892 672 ﬁlios
1915 631 2064 681 suos,

489 707 548 754 ut
569 714 662 757 eos
688 699 850 756 iaciat
877 703 1116 758 membra
1153 703 1517 774 praedestinati
1544 704 1686 760 unici
1728 705 1847 760 Filii
1892 706 1996 762 sui.
2041 723 2060 757 ι

485 790 556 846 Et
592 791 647 846 in
677 791 786 848 ﬁne
829 793 950 849 libri
1001 796 1066 851 de
1095 795 1243 851 Bono
1286 799 1702 867 perseverantiae
1731 799 1869 870 (cap.
1909 799 2006 870 24)
2047 813 2064 852 :

493 901 511 934 ι
551 882 763 939 Nullum
788 891 871 941 est
892 893 1092 954 autem,
1125 887 1320 958 inquit,
1349 889 1612 945 illustrius
1634 889 2068 960 praedestinatio-

485 974 572 1028 nis
609 973 934 1046 exemplum,
971 991 1130 1046 quam
1179 978 1292 1048 ipsc
1335 977 1516 1047 Jesus,
1542 980 1684 1036 unde
1728 979 1862 1036 etin
1891 980 2067 1050 primo

483 1062 748 1134 librojam
777 1064 1066 1137 disputavi,
1091 1067 1221 1124 etin
1251 1068 1412 1139 hujus
1433 1070 1542 1126 tlne
1569 1069 1950 1127 commendare
1974 1070 2066 1126 deo

482 1156 588 1228 legi
629 1175 644 1212 :
692 1157 894 1214 nullum
930 1168 1036 1227 est,
1065 1161 1307 1231 inquam,
1351 1161 1611 1218 illustrius
1639 1162 2067 1233 praedestinatio-

483 1247 569 1303 nis
593 1249 900 1319 exemplum
937 1265 1101 1321 quam
1143 1252 1258 1322 ipse
1291 1253 1574 1309 mediator.
1621 1253 1859 1325 Quisque
1893 1253 2065 1311 ﬁdelis

485 1339 600 1394 vult
623 1354 742 1396 eam
765 1342 904 1398 bene
942 1343 1260 1416 intelligere,
1293 1347 1537 1402 attendat
1571 1346 1770 1416 ipsum,
1816 1356 1981 1417 atque
2009 1346 2063 1400 in

483 1448 548 1492 eo
575 1433 812 1488 inveniat
851 1441 905 1488 et
928 1435 1185 1508 seipsum.
1228 1435 1452 1502 Fidelis,
1497 1437 1742 1510 inquam,
1781 1437 1873 1508 qui
1917 1437 1971 1493 in
1997 1451 2063 1491 co

483 1539 665 1580 veram
694 1535 939 1581 naturam
965 1527 1138 1586 credit
1163 1534 1218 1585 et
1245 1528 1530 1586 conﬁtetur
1551 1530 1864 1595 humanam,
1889 1530 1944 1586 id
1982 1537 2065 1586 est

486 1624 745 1682 nostram,
774 1617 1022 1686 quamvis
1042 1617 1388 1691 singulariter
1401 1619 1730 1688 suscipiente
1743 1619 1855 1676 Deo
1874 1620 2060 1684 verbo,

481 1708 536 1763 in
551 1707 777 1764 unicum
803 1707 896 1765 Dei
929 1709 1124 1766 Filium
1152 1709 1518 1778 sublimatum,
1559 1713 1632 1769 ita
1673 1713 1850 1782 utqui
1880 1727 2058 1769 susce-

2171 523 2518 593 damnantur,
2541 527 2804 584 universa:
2826 530 2926 584 viae
2954 527 3186 594 Domini,
3209 527 3261 584 id
3284 527 3741 586 estmisericordia

2168 621 2226 668 et
2246 618 2467 682 veritas,
2496 633 2596 674 suo
2626 617 2731 674 fine
2754 618 3038 690 disjunctaa
3071 627 3218 674 sunt.
3259 637 3280 670 ι

2239 705 2477 763 Tandem
2501 709 2776 766 concludit
2794 697 3117 782 compilator
3136 707 3492 782 capitulorum
3509 711 3697 770 dicens
3725 733 3740 770 :

2173 817 2192 850 ι
2225 791 2424 855 Verum
2445 799 2652 870 aliquos
2676 801 2747 858 ad
2765 801 2968 858 malum
2983 801 3392 873 praedestinatos
3413 816 3533 859 esse
3559 803 3742 860 divina

2167 898 2456 960 potestate,
2484 891 2734 949 videlicet
2771 902 2834 948 ut
2877 894 3031 964 quasi
3066 893 3211 950 aliud
3229 907 3350 950 esse
3385 909 3492 950 non
3512 897 3740 966 possint,

2168 997 2274 1040 non
2299 983 2473 1040 solum
2499 999 2606 1042 non
2625 985 2921 1053 credimus,
2950 987 3045 1043 sed
3071 987 3239 1042 etiam
3256 985 3303 1042 si
3329 994 3456 1041 sunt
3493 986 3586 1056 qui
3627 995 3746 1043 tan-

2167 1080 2279 1128 tum
2306 1073 2438 1130 mali
2462 1075 2686 1131 credere
2727 1058 3016 1139 voluerint,
3041 1091 3165 1134 cum
3187 1075 3336 1132 omni
3362 1076 3740 1141 detestatione,

2165 1166 2308 1223 sicut
2351 1167 2611 1225 Arausica
2660 1169 2918 1239 synodus,
2960 1168 3068 1227 illis
3112 1168 3401 1224 anathema
3432 1169 3679 1225 dicimus.
3715 1188 3736 1221 ι

2166 1256 2354 1314 Faciat
2390 1259 2532 1316 sicut
2560 1260 2828 1332 promisit.
2861 1261 3028 1335 Legat
3054 1270 3220 1318 totam
3267 1259 3415 1317 illam
3455 1261 3736 1333 synodum,

2164 1357 2220 1405 et
2238 1349 2417 1406 videat
2435 1351 2482 1406 si
2506 1349 2748 1407 invenire
2777 1352 3014 1422 potuerit
3041 1359 3102 1407 ut
3127 1351 3542 1423 praedestinatos
3560 1351 3628 1407 ad
3659 1350 3743 1404 in-

2165 1441 2382 1497 teritum
2397 1439 2578 1512 aliquo
2590 1442 2750 1499 modo
2765 1443 2954 1499 eadem
2969 1457 3123 1498 sacra
3141 1442 3378 1514 synodus
3389 1442 3607 1507 dixerit,
3619 1451 3675 1497 et
3694 1442 3740 1497 si

2165 1531 2268 1588 hoc
2287 1530 2361 1587 ibi
2382 1531 2668 1598 invenerit,
2692 1532 2835 1588 dicat
2861 1533 3000 1588 sicut
3023 1531 3112 1587 illa
3127 1531 3363 1604 synodus
3382 1530 3545 1586 dixit:
3569 1529 3626 1586 Si
3640 1547 3740 1586 au-

2166 1631 2270 1677 tem
2283 1621 2388 1678 hoc
2401 1622 2473 1679 ibi
2489 1637 2596 1680 non
2614 1621 2898 1688 invenerit,
2918 1623 3062 1694 quod
3077 1622 3386 1688 dixitdicat,
3406 1629 3581 1678 utnon
3595 1620 3740 1676 aliud

2163 1726 2327 1783 quam
2348 1726 2535 1768 verum
2559 1713 2724 1779 dicat,
2750 1713 2874 1782 quia
2901 1712 3179 1784 professus
3197 1720 3283 1768 est
3301 1711 3440 1769 sicut
3464 1711 3553 1766 illa
3577 1725 3745 1783 syno-

481 1799 562 1866 pit
586 1807 641 1854 et
661 1799 802 1870 quod
827 1803 1063 1872 suscepit
1089 1818 1198 1860 una
1224 1805 1451 1861 essetin
1474 1805 1738 1862 Trinitate
1748 1820 2004 1877 persona.
2034 1825 2054 1859 ι
2089 1790 2141 1852 Β
2169 1801 2270 1860 dus
2303 1802 2438 1859 dixit
2482 1817 2542 1861 se
2565 1803 2766 1861 dicere.
2804 1802 2863 1859 Si
2884 1805 3030 1860 enim
3059 1803 3218 1860 aliter
3239 1802 3463 1869 dixerit,
3483 1799 3743 1857 autaliud

484 1890 623 1948 Ecce
647 1899 833 1963 caput,
853 1907 982 1950 ecce
1003 1894 1182 1951 lumen
1205 1895 1735 1966 prmdestinatorum,
1766 1912 1894 1956 ecce
1916 1913 2060 1971 prai-

483 1983 858 2042 destinationis
887 1987 1213 2058 exemplum.
1245 1987 1512 2056 Quocirca
1561 1990 1654 2061 qui
1688 1991 1947 2061 reprobus
1991 1991 2062 2047 ad

481 2074 758 2131 interitum
794 2078 1201 2149 praedestinatos
1240 2080 1445 2147 dicunt,
1489 2080 1672 2138 dicant
1715 2097 1747 2139 a
1785 2098 1896 2155 quo
1935 2091 2064 2140 sunt

479 2165 842 2234 pmdestinati
870 2210 885 2234 ,
954 2169 1236 2240 proferant
1296 2171 1787 2243 prmdestinadonis
1847 2174 2061 2231 illorum

479 2258 808 2330 exemplum,
829 2261 1118 2320 ostendant
1138 2271 1302 2336 caput
1321 2263 1511 2322 talium
1532 2265 2058 2337 praedestinatorum,

481 2347 996 2423 demonstrent,quia
1015 2353 1190 2410 lumen
1206 2369 1315 2411 non
1323 2364 1571 2428 possunt,
1586 2359 2058 2415 tenebraseorum.

549 2440 751 2499 Contra
782 2459 916 2516 quos
955 2445 1224 2514 videlicet,
1265 2448 1358 2519 qui
1387 2447 1648 2520 reprobus
1671 2450 1741 2505 ad
1784 2451 2060 2508 interitum

479 2533 889 2601 praedestinatos
903 2536 1109 2605 dicunt,
1142 2537 1200 2594 S.
1223 2537 1456 2609 Prosper
1478 2539 1534 2594 in
1560 2540 1910 2611 responsione
1931 2541 2064 2598 duo-

480 2626 655 2681 decim
683 2635 870 2685 coutra
900 2627 1280 2688 Vincentiauos
1307 2631 1475 2690 dicit:
1505 2649 1524 2685 ι
1554 2631 1619 2689 Hi
1649 2641 1832 2692 autem
1852 2634 1920 2690 de
1945 2633 2065 2706 qui-

479 2717 581 2774 bus
611 2720 810 2777 dicitur
837 2739 851 2777 :
891 2720 976 2777 Ea:
1008 2723 1156 2780 nobis
1183 2723 1551 2793 exierunt,sed
1583 2742 1691 2782 non
1709 2737 1861 2783 erant
1883 2743 1949 2783 ea:
1971 2742 2062 2781 no-

478 2809 594 2866 bis:
631 2811 678 2865 si
705 2811 844 2867 enim
874 2813 1092 2882 fuissent
1125 2830 1192 2870 ea:
1221 2814 1391 2883 nobis,
1427 2817 1739 2874 mansissent
1765 2817 1946 2886 utique
1969 2834 2064 2872 no-

479 2899 674 2956 biscum
695 2894 750 2972 '(I
767 2899 929 2956 Joan.
960 2918 1022 2971 ιι,
1048 2902 1160 2974 i9),
1182 2905 1461 2962 voluntate
1485 2907 1756 2973 exierunt,
1786 2905 2066 2963 voluntate

478 2993 812 3061 ceciderunt,
831 3001 888 3050 et
911 2993 1036 3066 quia
1079 2996 1314 3066 praesciti
1361 3004 1489 3053 sunt
1523 2997 1727 3064 casuri,
1778 3011 1887 3054 non
1935 3005 2064 3052 sunt

476 3082 845 3150 pmedestinati
887 3101 901 3138 :
933 3093 1118 3142 essent
1144 3091 1323 3140 autem
1366 3086 1753 3157 praedestinati,
1784 3085 1829 3142 si
1879 3091 2063 3143 essent

2163 1894 2287 1952 fidei
2315 1896 2646 1954 contrarium
2668 1895 3118 1968 superaddidcrit,
3142 1895 3492 1953 manifestum
3518 1902 3740 1952 esteum

2164 1987 2451 2044 anathema
2477 1988 2754 2046 contraria
2781 1988 3140 2046 sentientibus
3157 2003 3267 2046 non
3285 1988 3468 2044 dicere
3487 1988 3631 2044 sicut
3650 1986 3741 2042 illa

2164 2080 2320 2148 dixit,
2350 2096 2470 2152 quae
2499 2081 2558 2140 iu
2587 2081 2736 2139 nullo
2759 2098 2791 2137 a
2811 2081 2918 2138 fide
2949 2080 3214 2138 catholica
3242 2080 3587 2138 discordavit.

2233 2173 2302 2231 Et
2347 2176 2476 2247 quia
2518 2175 2574 2231 in
2618 2175 2912 2247 Scripturis
2946 2175 3147 2232 dicitur
3163 2174 3385 2240 malum,
3417 2190 3523 2231 non
3565 2173 3738 2230 solum

2163 2275 2464 2337 peccatum,
2488 2266 2584 2324 sed
2607 2274 2664 2325 et
2689 2268 2968 2339 peccantis
2989 2266 3334 2340 supplicium,
3361 2266 3544 2321 videat
3573 2266 3625 2320 in
3643 2279 3739 2321 ω-

2163 2359 2489 2416 tltolicorum
2533 2359 2832 2425 sententiis,
2878 2368 3058 2415 utrum
3106 2360 3290 2426 homo,
3325 2357 3470 2414 sicut
3517 2371 3620 2413 nec
3671 2357 3740 2412 ad

2163 2449 2374 2520 peccati
2397 2448 2622 2516 malum,
2655 2449 2732 2504 ita
2759 2449 2922 2506 etiam
2951 2463 3052 2506 nec
3078 2449 3148 2505 ad
3175 2463 3275 2521 pro
3291 2455 3518 2518 peccato
3537 2447 3741 2519 suppli-

2162 2539 2308 2594 cium
2347 2537 2763 2608 praedestinatus
2791 2538 3020 2611 intelligi
3058 2538 3272 2604 debeat,
3323 2538 3419 2596 sed
3463 2538 3644 2608 potius
3670 2552 3741 2595 cx

2163 2628 2523 2686 retributione
2551 2627 2774 2700 iustitiae
2809 2629 3114 2688 voluntarie
3145 2630 3390 2701 peccanti
3417 2645 3448 2684 a
3483 2627 3632 2700 justo
3650 2627 3742 2698 ju-

2163 2727 2283 2784 dice
2325 2725 2564 2782 debitum
2593 2725 2668 2782 sit
2699 2722 3139 2796 prmdestinatum
3165 2719 3509 2792 supplicium.
3542 2717 3738 2774 Malum

2162 2817 2429 2888 siquidem
2482 2817 2540 2870 in
2589 2813 2884 2884 Scripturis
2929 2811 3149 2869 afﬂictio
3199 2810 3508 2866 nominatur
3529 2851 3544 2874 ,
3599 2807 3740 2865 sicut

2163 2908 2425 2980 scriptum
2481 2914 2568 2964 est
2598 2922 2613 2960 :
2648 2904 2849 2976 Suﬁieit
2888 2903 2993 2959 diei
3037 2901 3244 2958 malitia
3287 2917 3387 2957 sua
3411 2900 3623 2972 (Natta.
3652 2915 3739 2965 vi,

2161 2997 2253 3072 54)
2277 3041 2292 3064 ,
2323 3013 2485 3070 quam
2534 3013 2635 3070 pro
2679 2996 2964 3053 afﬂictione
3001 2994 3235 3066 positam
3282 2993 3531 3050 doctores
3574 3006 3739 3072 expo-

2163 3068 2300 3147 nunt
2322 3068 2510 3148 {sicut
2533 3068 2591 3146 ct
2615 3089 2732 3147 dies
2753 3087 2896 3144 mala
2916 3093 3162 3151 vocatur,
3185 3098 3292 3142 non
3316 3083 3462 3154 quod
3481 3083 3623 3140 mala
3639 3068 3735 3148 sit,
3771 3103 3780 3111 ·

475 3176 773 3245 reversuri»
796 3186 874 3234 ἐι
901 3177 955 3234 in
997 3179 1286 3236 εθυοιίιειθ
1311 3149 1386 3235 ac.
1416 3179 1645 3235 veritate
1671 3149 1914 3234 mansuri
1955 3193 1970 3232 ε
1999 3193 2064 3234 ac
2087 3149 2136 3215 ο
2164 3185 2260 3241 sed
2286 3184 2429 3256 quod
2460 3182 2604 3238 mala
2632 3179 2956 3238 facientibus
2979 3178 3051 3235 sit
3072 3149 3237 3234 mala.
3258 3149 3421 3233 ita—et
3439 3174 3739 3246 ignismter-

475 3283 574 3341 per
616 3270 717 3327 hoc
754 3271 1154 3343 prmdestinatio
1180 3271 1277 3328 Dei
1322 3271 1507 3328 multis
1541 3281 1630 3328 est
1661 3286 1826 3328 causa
1860 3271 2062 3339 standi,

476 3363 679 3420 nemini
719 3373 803 3420 est
841 3363 1270 3445 causa'labendi.
1315 3383 1335 3418 ι
1370 3363 1436 3421 Et
1461 3371 1682 3421 sanctus
1730 3364 2064 3435 Augustinus

477 3455 532 3509 in
557 3453 696 3512 libro
725 3456 791 3512 de
814 3457 964 3512 Bono
990 3457 1407 3529 perseverantiae
1447 3456 1584 3527 (cap.
1615 3456 1675 3528 8)
1706 3474 1721 3511 :
1758 3474 1776 3508 ι
1797 3447 1904 3513 'Ex
1932 3457 2064 3512 duo-

475 3544 598 3612 bus,
622 3545 816 3616 inquit,
840 3546 946 3618 piis
968 3560 1069 3603 cur
1097 3546 1226 3602 huic
1261 3545 1490 3602 donetur
1517 3546 1926 3618 perseverantia
1969 3561 2061 3602 us-

476 3649 583 3705 que
614 3635 668 3692 in
692 3636 877 3703 linem,
903 3636 980 3693 illi
1009 3650 1116 3694 non
1146 3637 1396 3702 donetur,
1426 3636 1796 3694 inscrutabilia
1834 3636 2064 3707 suntju-

477 3725 618 3784 dicia
648 3727 763 3794 Dei,
803 3727 933 3785 illud
973 3737 1151 3786 tamen
1181 3727 1432 3786 ﬁdelibus
1462 3727 1623 3786 debet
1658 3733 1797 3787 esse
1818 3731 2061 3787 certissi~

476 3834 648 3884 mum,
697 3819 842 3876 hunc
877 3835 998 3877 esse
1034 3836 1106 3876 ex
1132 3820 1549 3892 praedestinatis,
1578 3819 1726 3876 illum
1771 3835 1882 3877 non
1920 3836 2059 3880 esse.

479 3899 616 3967 Nam
642 3910 687 3966 si
722 3910 939 3980 fuissent
966 3928 1032 3966 ex
1059 3912 1230 3978 nobis,
1257 3913 1333 3967 ait
1360 3926 1498 3968 unus
1539 3911 2062 3983 praedestinatorum,

479 4000 570 4072 qui
595 4003 663 4058 de
684 4010 903 4072 pectore
915 4002 1131 4060 Domini
1154 4003 1368 4061 biberat
1388 4005 1492 4061 hoc
1516 4013 1812 4072 secretum,
1843 4009 2065 4062 mansis-

481 4095 792 4165 sentutique
817 4094 1106 4150 nobiscum.
1143 4093 1281 4163 Quid
1305 4104 1410 4162 est,
1441 4111 1642 4166 quaeso,
1671 4112 1775 4152 non
1823 4107 1970 4152 erant
1997 4112 2064 4153 e1:

479 4184 646 4250 nobis,
690 4199 814 4240 nam
851 4187 897 4241 si
924 4185 1165 4256 fuissent,
1197 4187 1510 4246 mansissent
1536 4187 1712 4259 utique
1752 4188 2064 4246 nobiscum?

479 4279 666 4338 Nonne
712 4282 925 4353 utrique
953 4298 982 4336 a
1025 4283 1136 4340 Deo
1158 4284 1349 4349 creati,
1392 4283 1607 4354 utrique
1627 4297 1694 4340 ex
1727 4284 1900 4342 Adam
1925 4288 2058 4354 nati,

480 4373 699 4445 utrique
721 4376 788 4432 de
807 4384 954 4430 terra
981 4374 1109 4431 facti
1127 4382 1302 4441 erant,
1330 4375 1469 4432 etab
1496 4389 1561 4431 eo
1584 4376 1677 4446 qui
1699 4377 1835 4431 dixit
1857 4393 2059 4433 onmem

2165 3286 2267 3328 nus
2314 3272 2489 3328 malus
2514 3271 2831 3342 torquendis
2857 3275 2942 3326 est
2964 3264 3364 3339 peccatoribus,
3392 3261 3600 3336 angelis
3631 3260 3742 3321 sci-

2163 3364 2292 3422 licet
2329 3372 2385 3420 et
2408 3363 2718 3421 hominibus
2757 3359 2911 3417 malis
2944 3377 2958 3416 :
3006 3373 3114 3415 non
3144 3357 3201 3414 in
3222 3364 3416 3413 natura
3439 3354 3584 3413 bona
3615 3363 3740 3426 0pc-

2161 3471 2283 3513 rum
2306 3455 2637 3519 divinorum,
2658 3467 2764 3524 qua
2785 3453 2955 3510 creati
2979 3459 3106 3508 sunt
3143 3447 3344 3520 angeli,
3385 3455 3442 3504 et
3465 3446 3737 3514 homines,

2163 3557 2219 3604 et
2255 3549 2395 3604 idein
2446 3546 2704 3618 gehennae
2738 3545 2906 3615 ignis;
2948 3541 3044 3600 sed
3078 3541 3393 3612 operatione
3425 3539 3691 3596 malorum
3720 3557 3735 3594 :

2164 3638 2316 3710 cujus
2335 3636 2670 3709 operationis
2691 3636 2904 3693 initium
2929 3643 3015 3692 est
3051 3633 3362 3700 inﬁdelitas,
3406 3631 3614 3689 scilicet
3642 3631 3740 3688 de-

2163 3731 2328 3789 sertio
2365 3729 2634 3796 veritatis,
2679 3729 2820 3786 sicut
2865 3727 3079 3785 initium
3108 3726 3300 3783 salutis
3335 3724 3472 3783 ﬁdes
3499 3739 3621 3783 esse
3654 3722 3737 3781 di-

2164 3822 2440 3894 gnoscitur
2464 3823 2659 3880 donata
2701 3817 2873 3892 gratia
2896 3817 3187 3890 largitoris.
3229 3816 3377 3872 Idem
3403 3815 3548 3873 enim
3576 3815 3738 3888 ignis,

2161 3913 2256 3986 qui
2287 3907 2561 3969 stantibus
2595 3909 2813 3981 angelis
2835 3917 2891 3966 et
2935 3908 3242 3983 hominibus
3275 3919 3470 3964 nocere
3501 3920 3610 3962 non
3645 3918 3742 3976 po-

2166 4007 2284 4073 tuit,
2310 4003 2618 4061 cadentium
2643 4002 3204 4073 transgressionemex
3218 3999 3571 4056 retributione
3584 3996 3745 4069 justi-

2164 4100 2254 4154 tiae
2265 4096 2442 4169 punit,
2463 4095 2621 4153 sicuti
2649 4101 2704 4150 et
2725 4091 2940 4150 flamma
2962 4091 3200 4150 fornacis
3226 4089 3563 4164 Babyloniae
3587 4088 3743 4144 inno-

2163 4191 2398 4246 centium
2426 4185 2640 4244 vincula
2669 4185 2824 4260 arsit,
2853 4192 2908 4240 et
2929 4198 3029 4240 nec
3051 4182 3302 4254 capillum
3321 4181 3539 4252 quidem
3553 4193 3742 4237 eorum

2163 4285 2389 4348 adussit,
2405 4278 2596 4338 diffusa
2611 4291 2788 4337 autem
2805 4281 2949 4336 circa
2968 4278 3245 4336 fornacem
3260 4277 3496 4334 incendit
3507 4290 3644 4346 quos
3660 4289 3744 4330 re-

2163 4377 2301 4449 perit
2315 4375 2591 4431 ministros
2614 4373 2754 4446 regis
2768 4373 2860 4442 qui
2873 4385 2994 4427 eam
3009 4369 3386 4428 incendebant.
3402 4367 3470 4423 Et
3487 4363 3624 4437 ignis
3636 4373 3746 4421 tre-

479 4469 669 4538 ﬂatum
697 4483 790 4538 ego
815 4467 914 4536 feci
936 4467 1070 4538 (ιω.
1093 4467 1362 4539 “11.18),
1385 4467 1544 4524 unius
1582 4467 1930 4540 ejusdemque
1965 4484 2061 4524 na-
2092 4509 2143 4566 Β
2167 4462 3290 4566 mendijudicii57quijudicemventurum
3302 4456 3747 4566 praeibit,iitﬂam-

479 4568 616 4615 tura:
642 4558 852 4615 animas
864 4560 1221 4632 acceperunt?
1237 4574 1414 4616 nonne
1430 4569 1707 4629 postremo
1719 4559 1829 4633 56
1847 4560 2062 4631 utrique

477 4651 652 4708 vocati
695 4650 927 4720 fuerant,
968 4659 1022 4707 ct
1043 4657 1326 4708 vocantem
1367 4652 1570 4708 secuti?
1605 4651 1818 4722 utrique
1846 4636 1912 4706 ex
1956 4649 2055 4708 im-

475 4741 583 4813 piis
600 4741 908 4811 justiﬁcati,
930 4751 986 4798 et
1004 4756 1101 4815 per
1111 4743 1384 4800 lavacrum
1410 4745 1834 4814 regenerationis
1847 4743 2060 4814 utrique

479 4835 820 4892 renovati?»
868 4833 1175 4892 Secundum
1216 4835 1332 4892 haec
1359 4835 1537 4891 omnia
1587 4850 1656 4891 ex
1690 4835 1847 4892 nobis
1880 4844 2056 4894 erant.

477 4924 548 4984 Et
568 4933 695 4996 post
713 4923 1034 4996 paululum‘:
1079 4945 1097 4978 ‹
1136 4923 1254 4982 Non
1283 4933 1442 4982 erant
1479 4925 1847 4996 praedestinati
1871 4938 2060 4984 secun-

477 5017 608 5074 dum
631 5017 970 5089 propoéitum
995 5015 1215 5089 ejusqui
1237 5017 1486 5074 universa
1515 5026 1789 5088 operatur.
1821 5038 1840 5072 ι
1868 5019 2059 5077 Atten-

477 5110 590 5167 dite
619 5109 749 5182 quid
775 5110 968 5167 beatus
988 5109 1319 5182 Augustinus
1342 5110 1494 5175 dicit,
1526 5108 1670 5166 hunc
1688 5123 1808 5167 esse
1836 5125 1901 5165 ex
1932 5124 2064 5181 prae—

478 5200 780 5266 destinatis,
807 5201 956 5258 illum
980 5215 1084 5257 non
1111 5217 1251 5260 esse.
1278 5201 1387 5258 Cur
1413 5215 1519 5259 non
1544 5203 1836 5259 dixitbunc
1860 5217 1981 5259 esse
1995 5215 2061 5258 ex

479 5295 876 5366 praedestinatis
923 5295 993 5351 ad
1031 5295 1220 5363 vitam,
1269 5295 1418 5352 illum
1463 5311 1529 5351 ex
1568 5296 1964 5366 praedestinantis
1995 5296 2062 5350 ad

481 5384 801 5442 interitum?
840 5404 860 5437 ι
891 5383 958 5441 Et
977 5382 1233 5456 Prosper,
1269 5387 1321 5441 iu
1357 5385 1799 5456 recapitulatione
1846 5404 1880 5442 x
1912 5386 2062 5455 obje-

483 5476 678 5534 ctionis
703 5475 982 5534 Gallorum
1028 5477 1159 5534 dicit
1188 5492 1203 5532 :
1235 5497 1252 5528 ι
1285 5476 1706 5535 Praedestinatus
1733 5478 1915 5548 itaque
1934 5478 2068 5534 vivit

481 5585 548 5628 ex
578 5571 683 5629 fide
724 5573 827 5628 sibi
850 5574 1068 5634 donata,
1098 5587 1204 5627 non
1232 5573 1648 5641 prtedestinatus
1673 5571 1814 5641 perit
1844 5569 2070 5626 inﬁdeli-

483 5670 597 5718 tate
619 5662 944 5730 voluntaria,
975 5677 1084 5718 non
1125 5671 1332 5718 coacta.
1373 5681 1392 5715 ›
1427 5661 1494 5718 Ει
1521 5662 1575 5720 in
1609 5661 1749 5721 libro
1771 5660 2071 5718 Sententia-

487 5768 606 5834 rum
634 5756 773 5827 (cap.
819 5754 915 5826 28)
969 5774 981 5813 :
1029 5774 1047 5807 ‹
1092 5753 1151 5812 Si
1197 5768 1386 5813 omnes
1432 5755 1592 5813 simul
1629 5753 2068 5819 consideremus,

2170 4556 2340 4613 mabit
2363 4556 2415 4611 in
2437 4555 2663 4612 circuitu
2679 4553 2924 4609 inimicos
2942 4551 3081 4622 ejus,
3098 4559 3153 4607 et
3173 4549 3278 4607 erit
3300 4548 3507 4605 sanctis
3531 4546 3744 4606 obviam

2169 4648 2245 4705 illi
2265 4647 2517 4706 euntibus
2543 4646 2782 4718 pervius.
2805 4643 2911 4700 Sed
2938 4651 2993 4700 et
3009 4641 3090 4699 sol
3115 4642 3216 4698 iste
3241 4639 3469 4698 visibilis
3487 4637 3745 4694 mundum

2169 4740 2454 4804 illuminat,
2480 4748 2535 4794 et
2559 4739 2784 4794 ittlirtnis
2814 4733 2986 4791 oculis
3011 4741 3190 4798 nocet,
3219 4747 3323 4790 non
3349 4745 3418 4786 ex
3443 4744 3528 4795 se,
3557 4729 3652 4785 sed
3677 4743 3748 4783 ex

2170 4827 2510 4902 passionibus
2556 4825 2834 4882 oculorum
2876 4842 2888 4878 :
2929 4824 3020 4895 qui
3065 4838 3172 4878 non
3215 4822 3318 4876 sibi
3363 4820 3464 4891 ipsi
3501 4818 3749 4874 diversus

2169 4922 2381 4978 diversa
2429 4919 2559 4991 agit,
2608 4932 2729 4973 cum
2778 4931 2960 4973 ceram
3010 4915 3178 4985 liquat
3204 4922 3261 4968 et
3291 4912 3462 4968 lutum
3509 4910 3744 4982 stringit.

2169 5013 2236 5069 Et
2259 5012 2415 5084 panis
2441 5009 2608 5064 vitam
2650 5008 2867 5063 fortium
2907 5007 3156 5070 roborat,
3187 5002 3536 5073 parvulorum
3564 5007 3746 5066 necat,

2170 5113 2224 5160 et
2273 5103 2408 5161 lenis
2448 5100 2639 5158 sibilus
2676 5115 2843 5171 equos
2890 5099 3121 5170 mitigat,
3155 5095 3362 5152 catulos
3404 5096 3644 5165 instigat,
3693 5101 3750 5150 et

2171 5208 2435 5251 venenum
2465 5207 2611 5248 mors
2637 5199 2722 5248 cst
2752 5191 2978 5256 homini,
3005 5197 3060 5245 et
3089 5189 3196 5244 vita
3231 5187 3489 5258 serpenti.
3523 5185 3614 5240 Sic
3642 5191 3751 5239 una

2173 5287 2268 5341 Dei
2305 5287 2356 5340 in
2378 5285 2612 5357 .ligypto
2636 5284 2910 5356 signorum
2938 5282 3182 5353 operatio
3213 5279 3489 5338 molliebat
3511 5293 3611 5336 cor
3638 5293 3752 5335 cre-

2174 5379 2443 5447 dulorum,
2475 5388 2531 5434 ct
2557 5375 2864 5434 incredulus
2903 5376 3188 5437 indurabat
3209 5395 3228 5427 ι
3267 5373 3395 5444 quia
3419 5364 3572 5445 juxta
3603 5372 3752 5430 duri-

2176 5472 2305 5527 tiam
2335 5486 2522 5536 suam,
2547 5478 2603 5524 et
2632 5468 2976 5538 impaenitens
3019 5483 3136 5533 cor,
3169 5465 3610 5524 tltesaurizabant
3647 5463 3752 5523 sibi

2175 5569 2310 5623 iram
2352 5567 2404 5620 in
2436 5565 2523 5622 die
2563 5566 2656 5621 il‘tl‘.
2693 5581 2757 5622 ex
2793 5565 2876 5620 his
2920 5564 3272 5629 mirabilibus,
3305 5579 3426 5634 qttat
3453 5579 3578 5620 cum
3608 5561 3751 5619 vide-

2173 5661 2306 5715 bant
2345 5659 2462 5714 licri
2504 5675 2610 5716 non
2641 5660 2953 5716 credebant.
3002 5659 3066 5714 Et
3111 5645 3524 5727 przedicatorum
3569 5667 3754 5714 seruio

2175 5751 2294 5810 aliis
2339 5761 2422 5807 cst
2469 5751 2603 5810 odor
2649 5752 2771 5808 vita:
2811 5753 2862 5807 in
2893 5751 3252 5816 vitam,.aliis
3297 5751 3430 5808 odor
3461 5749 3651 5808 mortis
3699 5748 3753 5804 in
