4052 6334
289 387 382 444 121

1067 382 1153 435 illi
1190 379 1855 438 PRJEDESTINATIONE
1893 377 2347 439 DlSSERTATIO
2386 379 2790 441 POS’I‘ERIOR.

3443 383 3546 438 12?.

285 505 536 555 mortem.
572 496 666 552 Sic
703 504 760 551 et
789 495 1070 566 spiritibus
1110 493 1338 566 refugis,
1365 502 1420 548 et
1446 492 1755 549 hominibus
1785 508 1872 549 re—
1897 495 1950 557 Α
1974 494 2144 551 bitum
2181 497 2464 566 potuisset.
2516 496 2670 553 Uude
2709 497 2939 567 Prosper
2985 499 3039 553 in
3074 497 3212 554 libro
3239 495 3548 554 Sententia-

286 589 470 660 probis
495 627 512 652 ,
571 586 889 656 operatione
947 601 1045 642 sua
1096 583 1270 640 malus
1316 583 1376 639 lit
1423 583 1563 653 ignis
1611 593 1864 652 aeternus,

284 680 567 736 creatione
596 678 781 734 divina
806 678 1001 734 bonus.

1974 601 2093 642 rum
2116 585 2252 657 (cap.
2279 585 2406 656 276)
2437 605 2450 641 :
2483 604 2502 639 t
2530 586 2786 642 Naturale
2838 586 2995 642 nobis
3038 596 3123 644 est
3163 586 3301 642 velle
3341 586 3544 654 vivere,

1973 675 2113 731 male
2143 686 2324 732 autem
2353 677 2536 734 vivere
2573 678 2688 748 jam
2726 693 2832 734 non
2879 686 2965 733 est
3007 685 3235 743 naturae,
3283 675 3378 732 sed
3417 690 3547 747 per-

367 772 455 827 Ad
495 770 644 842 quod
684 770 851 826 etiam
895 768 1120 837 malum,
1167 767 1417 826 videlicet
1468 775 1700 826 mortem
1752 768 1870 826 sine
1970 781 2144 824 versae
2167 767 2483 835 voluntatis,
2518 782 2678 838 quam
2704 765 2850 838 juste
2873 782 3031 840 pinna
3057 767 3426 838 consequitur.
3463 785 3486 820 ι

281 870 480 930 morte,
511 877 624 918 non
644 868 730 918 est
754 862 920 917 homo
945 875 978 916 a
1003 859 1114 917 Deo
1140 861 1575 932 praedestmatus,
1604 860 1745 917 sicut
1767 875 1872 918 nec

2042 858 2181 928 Quia
2210 875 2343 915 vero
2367 859 2510 916 sicut
2530 874 2634 916 nec
2661 861 2729 915 ad
2757 859 2991 929 peccati,
3028 859 3104 915 ita
3127 872 3231 916 nec
3259 858 3327 915 ad
3353 857 3546 916 mortis

277 953 347 1007 ad
375 953 585 1008 animat
625 958 859 1008 mortem
903 949 992 1007 vel
1031 950 1296 1022 corporis.
1351 948 1529 1005 Adam
1557 949 1776 1022 quippe,
1807 957 1871 1007 ut
1970 950 2173 1006 malum
2195 951 2359 1007 homo
2381 951 2509 1007 sita
2535 951 2648 1008 Deo
2673 951 3107 1021 praedestinatus,
3127 949 3461 1021 Augustinus
3489 948 3544 1005 in

275 1051 471 1098 notum
517 1050 604 1099 est
632 1083 650 1109 ,
697 1042 975 1113 peccando
1031 1041 1226 1098 anima:
1273 1050 1502 1101 mortem
1549 1057 1672 1098 cum
1717 1041 1868 1099 omni

237 1210 246 1215 _
271 1136 451 1206 stirpe
474 1151 578 1192 sua
615 1135 862 1200 incurrit,
893 1135 960 1192 de
983 1150 1089 1206 qua
1114 1136 1379 1206 scriptum
1402 1143 1486 1193 est
1519 1154 1532 1190 :
1562 1135 1704 1192 Deus
1727 1152 1868 1192 mor-

273 1237 376 1282 tem
404 1242 515 1282 non
539 1227 666 1298 fecit
697 1227 854 1298 (Sap.
885 1227 1061 1296 1,15).
1111 1227 1182 1283 Et
1208 1227 1330 1285 ideo
1357 1236 1588 1286 mortem
1632 1245 1662 1284 a
1683 1227 1867 1298 judice

262 1321 420 1391 justo
471 1321 782 1378 vindicante
833 1323 1069 1394 recepit,
1120 1323 1225 1379 hoc
1275 1331 1360 1380 est
1418 1323 1472 1380 in
1526 1328 1868 1396 separatione

271 1414 473 1469 animae
500 1423 559 1470 et
590 1417 858 1485 corporis,
882 1425 939 1472 et
971 1415 1073 1472 nisi
1106 1415 1200 1472 Dei
1247 1417 1426 1487 gratia
1473 1425 1600 1472 ante
1646 1433 1866 1490 separa-

270 1507 478 1560 tionem
511 1505 741 1562 liberata
770 1506 954 1574 fuerit,
993 1508 1048 1562 in
1078 1516 1280 1564 aeterna
1311 1509 1644 1566 cruciatione
1669 1510 1865 1568 anima:

267 1597 443 1666 ipsius
469 1605 530 1653 et
553 1600 814 1669 corporis,
840 1598 930 1655 illa
957 1599 1184 1668 scilicet,
1209 1616 1313 1672 qua
1342 1602 1652 1659 discedente
1683 1604 1862 1660 anima

264 1705 399 1746 caro
444 1691 564 1747 sola
599 1691 847 1759 moritur,
872 1699 930 1748 et
952 1693 1130 1747 anima
1152 1693 1328 1762 plenis
1354 1700 1657 1764 torquetur,
1693 1709 1865 1766 usque

263 1780 394 1836 dum
426 1782 652 1838 rediens
687 1781 742 1836 in
768 1794 1021 1848 carnem,
1052 1780 1108 1836 in
1137 1783 1324 1838 eadem
1358 1789 1414 1837 et
1441 1797 1564 1838 cum
1590 1783 1780 1840 eadem
1807 1783 1861 1839 in

1969 1040 2112 1098 libro
2147 1048 2344 1112 quarto
2389 1043 2456 1098 de
2475 1041 2743 1097 Trinitate
2792 1041 3129 1098 demonstrat
3171 1041 3357 1098 dicens
3402 1042 3540 1112 (cap.

1972 1132 2062 1204 12)
2089 1150 2103 1188 :
2135 1150 2156 1185 ι
2196 1131 2304 1188 Per
2330 1148 2493 1188 unum
2523 1133 2714 1205 quippe
2732 1133 2993 1188 hominem
3029 1141 3295 1203 peccatum
3333 1132 3545 1186 intrauit

1966 1225 2026 1280 in
2051 1225 2327 1292 mundum,
2369 1233 2418 1280 et
2454 1239 2548 1295 per
2576 1233 2844 1296 peccatum
2881 1238 3053 1290 mors,
3088 1232 3139 1278 et
3177 1221 3251 1277 ita
3284 1222 3337 1276 in
3370 1236 3546 1276 omnes

1967 1314 2201 1370 homines
2228 1313 2578 1384 pertransivit,
2600 1315 2657 1368 in
2677 1329 2779 1384 quo
2801 1329 2975 1367 omnes
3005 1321 3342 1382 peccaverunt
3366 1310 3540 1381 (Rom.

1965 1421 2018 1472 v,
2049 1406 2168 1479 12).
2202 1406 2372 1477 Hujus
2401 1407 2503 1462 viae
2531 1407 2798 1462 mediator
2827 1403 3076 1461 diabolus
3103 1403 3223 1468 fuit,
3257 1414 3566 1473 per-suasor

1965 1499 2175 1570 peccati
2203 1506 2258 1555 et
2281 1498 2650 1570 praecipitator
2687 1497 2744 1553 in
2781 1504 3036 1553 mortem.
3077 1495 3212 1551 Nam
3240 1505 3298 1551 et
3340 1495 3454 1566 ipsc
3479 1494 3547 1550 ad

1966 1593 2294 1664 operandam
2344 1594 2562 1666 duplam
2606 1602 2836 1650 mortem
2882 1601 3148 1660 nostram,
3191 1593 3437 1664 simplam
3469 1600 3546 1647 at-

1966 1686 2088 1742 tulit
2129 1701 2305 1743 suam.
2370 1685 2475 1743 Per
2529 1686 2870 1759 impietatem
2915 1701 3153 1756 namque
3198 1693 3444 1743 mortuus
3491 1683 3566 1753 in,

1966 1777 2177 1849 spiritu,
2217 1792 2379 1834 carne
2407 1778 2591 1852 utique
2618 1787 2864 1836 mortuus
2904 1793 3010 1836 non
3037 1786 3139 1835 est.
3172 1776 3338 1833 Nobis
3366 1785 3544 1832 autem

265 1887 376 1943 qua
430 1873 707 1946 peccavit,
748 1873 1078 1931 :eternaliter
1117 1874 1378 1945 puniatur
1419 1890 1434 1930 :
1484 1883 1542 1932 ut
1591 1892 1714 1932 cum
1755 1892 1860 1949 qua
1891 1878 1939 1939 Β
1965 1879 2022 1925 et
2049 1870 2382 1941 impietatem
2409 1871 2696 1942 persuasit,
2723 1880 2779 1928 et
2803 1879 3029 1943 propter
3055 1871 3195 1926 hanc
3222 1879 3282 1924 ut
3322 1869 3374 1923 in
3401 1883 3540 1924 mor-

263 1965 703 2021 communicavit
747 1966 908 2023 morti
956 1966 1194 2037 peccati,
1227 1967 1370 2037 quod
1399 1967 1494 2024 Dei
1524 1968 1737 2025 bonitas
1786 1968 1865 2024 in-

263 2054 494 2110 terdixit
533 2055 771 2121 homini,
814 2070 938 2112 cum
976 2056 1094 2128 ipsa
1132 2058 1496 2114 communicet
1532 2059 1692 2115 morti
1731 2073 1862 2129 sup-

263 2144 455 2214 plicii,
505 2145 653 2216 quod
699 2147 1029 2218 praeparavit
1077 2147 1257 2204 divina
1303 2147 1512 2219 justitia
1563 2150 1858 2220 peccatori.

263 2233 339 2291 De
380 2235 491 2292 hac
535 2242 714 2291 morte
755 2235 1005 2292 Salvator
1035 2245 1220 2292 noster
1261 2234 1437 2294 dicit:
1477 2237 1616 2295 Eum
1665 2240 1858 2306 timete,

259 2327 350 2393 qui
385 2335 557 2395 potest
591 2335 642 2380 et
669 2326 900 2381 animam
927 2335 976 2382 et
1003 2343 1190 2398 corpus
1231 2329 1448 2398 perdere
1486 2331 1542 2384 in
1573 2330 1860 2401 gehennam

233 2416 484 2484 (lculi.
515 2433 575 2485 ι,
599 2416 713 2486 ‘38),
745 2425 802 2474 et
829 2419 896 2475 de
921 2434 1026 2490 qua
1053 2419 1312 2491 scriptum
1333 2430 1446 2476 est:
1468 2419 1613 2476 Mors
1633 2431 1684 2478 et
1701 2422 1805 2480 vita
1824 2439 1859 2479 a

260 2506 496 2562 Domino
517 2507 628 2563 Deo
655 2517 729 2564 est
755 2506 944 2582 (Eccli.
973 2526 1049 2575 xl,
1075 2509 1199 2583 l4);
1226 2519 1288 2567 ut
1309 2512 1646 2584 Augustinus
1689 2521 1856 2585 expo-

260 2599 360 2664 nit,
392 2600 508 2655 vita
544 2601 755 2658 scilicet
800 2617 831 2657 a
876 2603 1132 2672 donante,
1165 2618 1316 2660 mors
1356 2619 1388 2659 a
1418 2605 1748 2661 vindicante.
1782 2605 1854 2663 Et

258 2698 317 2746 ut
340 2689 585 2762 Prosper
625 2692 758 2750 dicit
793 2693 850 2749 in
890 2693 1030 2750 libro
1067 2694 1476 2752 Sententiarum
1515 2695 1656 2768 (cap.
1689 2696 1852 2769 295):

269 2800 289 2833 ι
322 2781 544 2838 Iustum
570 2783 834 2855 judicium
855 2785 950 2842 Dei
981 2796 1085 2854 est,
1130 2795 1190 2843 ut
1231 2797 1455 2858 peccato
1486 2803 1586 2846 suo
1619 2789 1854 2860 quisque

254 2884 472 2946 pereat,
493 2891 619 2932 cum
639 2887 918 2949 peccatum
938 2878 1082 2937 Deus
1109 2894 1218 2936 non
1243 2878 1427 2947 faciat,
1455 2879 1596 2936 sicut
1621 2889 1850 2937 mortem

254 2981 364 3022 non
394 2966 545 3030 fecit;
578 2976 634 3024 et
670 2978 849 3025 tamen
879 2985 1045 3041 quem
1081 2978 1257 3027 morte
1283 2971 1507 3042 dignum
1535 2980 1726 3030 censet
1753 2986 1848 3030 oc-

257 3057 408 3114 cidit.
443 3057 602 3116 Unde
643 3060 858 3133 legitur,
887 3060 1030 3118 Deus
1065 3070 1287 3118 mortem
1320 3077 1426 3118 non
1461 3063 1583 3134 fecit
1619 3063 1773 3136 (Sap.
1801 3081 1844 3138 ι,

260 3149 354 3219 l3)
381 3166 395 3214 ;
421 3159 502 3216 et,
532 3150 680 3208 Mors
711 3163 763 3208 et
796 3153 902 3208 vita
941 3172 974 3208 a
999 3153 1106 3209 Deo
1139 3162 1216 3209 est
1257 3152 1448 3226 (Eccli.
1475 3171 1553 3224 XI,
1576 3154 1689 3226 14).
1719 3154 1851 3224 Qua:

1970 1971 2078 2018 tem
2113 1962 2293 2020 carnis
2331 1963 2520 2019 venire
2558 1977 2894 2020 mereremur
2938 1960 3133 2018 ell’ecit.
3193 1959 3368 2016 Unum
3412 1973 3542 2028 ergo

1965 2052 2323 2124 appetivimus
2366 2053 2551 2124 iniqua
2590 2054 2857 2120 suasione,
2891 2054 3120 2110 alterum
3158 2066 3258 2108 nos
3297 2057 3538 2107 secutum

1961 2151 2047 2199 est
2079 2141 2227 2213 justa
2274 2143 2638 2201 damnatione.
2691 2145 2982 2217 Propterea
3030 2143 3228 2216 quippe
3279 2141 3538 2212 scriptum

1963 2242 2064 2299 est,
2091 2232 2234 2291 Deus
2268 2243 2486 2291 mortem
2523 2251 2628 2291 non
2656 2235 2778 2305 fecit
2807 2234 2957 2309 (Sap.
2988 2235 3162 2306 1,15),
3205 2234 3329 2304 quia
3375 2244 3538 2289 causa

1960 2327 2151 2384 mortis
2188 2327 2304 2398 ipse
2343 2342 2450 2384 non
2487 2327 2606 2384 fuit.
2642 2327 2751 2385 Sed
2790 2336 2969 2384 tamen
3009 2343 3108 2399 per
3149 2327 3267 2399 ejus
3305 2324 3538 2381 retribu-

1959 2421 2159 2478 tionem
2191 2420 2496 2492 justissima
2531 2436 2678 2478 mors
2706 2423 2940 2494 irrogata
2971 2427 3054 2478 est
3080 2417 3373 2492 peccatori,
3399 2419 3538 2474 sicut

1959 2510 2280 2583 supplicium
2310 2511 2475 2582 judex
2502 2512 2708 2582 irrogat
2736 2527 2854 2580 reo,
2879 2526 3043 2569 causa
3075 2520 3253 2567 tamen
3288 2506 3536 2578 supplicii

1958 2618 2065 2660 non
2093 2611 2176 2660 est
2205 2604 2422 2675 justitia
2451 2603 2668 2673 judicis,
2702 2603 2797 2661 sed
2824 2604 3077 2659 meritum
3113 2599 3376 2658 criminis.
3419 2596 3536 2666 Quo

1955 2709 2088 2768 ergo
2122 2709 2222 2752 nos
2255 2694 2525 2752 mediator
2566 2695 2760 2752 mortis
2807 2694 3137 2759 transmisit,
3180 2701 3235 2748 et
3273 2692 3387 2761 ipse
3426 2705 3534 2746 non

1957 2787 2121 2852 venit,
2158 2787 2215 2843 id
2241 2794 2326 2843 est
2356 2787 2424 2843 ad
2461 2795 2691 2844 mortem
2731 2785 2934 2851 carnis,
2973 2785 3050 2840 ibi
3088 2783 3244 2840 nobis
3274 2781 3531 2838 Dominus

1954 2876 2098 2934 Deus
2125 2885 2310 2934 noster
2335 2876 2658 2934 medicinam
2683 2875 3078 2933 emendationis
3101 2875 3350 2942 inseruit,
3371 2887 3532 2944 quam

1953 2969 2044 3028 ille
2067 2983 2176 3026 non
2205 2969 2421 3036 meruit,
2449 2968 2660 3026 occulta
2689 2977 2746 3025 et
2768 2969 2930 3026 nimis
2957 2983 3154 3044 arcana
3191 2967 3534 3024 ordinatione

1953 3061 2146 3118 divina:
2175 3061 2402 3130 altaeque
2423 3059 2665 3130 iustitiae.
2695 3059 2768 3118 Ut
2793 3075 2923 3132 ergo
2946 3060 3087 3116 sicut
3112 3074 3211 3130 per
3237 3073 3402 3114 unum
3430 3057 3531 3110 ho-

1953 3152 2154 3209 minem
2179 3165 2354 3219 mors,
2397 3151 2472 3206 ita
2512 3167 2612 3223 per
2641 3166 2806 3207 unum
2853 3150 3126 3207 hominem
3161 3149 3321 3207 ﬁeret
3346 3159 3529 3202 resur-

259 3237 366 3294 duo
407 3240 554 3296 inter
589 3255 648 3298 se
677 3244 952 3299 contraria
982 3245 1226 3315 profecto
1257 3261 1367 3302 non
1395 3247 1559 3313 videt,
1597 3247 1842 3318 quisquis
1870 3251 1916 3314 C
1947 3242 2118 3298 ι’θειὶο
2163 3250 2540 3306 mon-uorum.
2600 3240 2727 3312 (lilia
2772 3239 2943 3312 magis
2988 3239 3228 3295 νίίθδεῐιι
3280 3236 3530 3292 homines

255 3331 324 3388 ab
357 3331 616 3402 operibus
663 3334 859 3392 divinis
897 3336 1102 3408 judicia
1152 3337 1334 3393 divina
1375 3338 1678 3395 discernit:
1718 3340 1847 3410 quia

256 3423 404 3479 aliud
459 3431 544 3481 est
587 3425 824 3482 creando
862 3441 970 3484 non
1009 3427 1309 3484 instituisse
1353 3428 1658 3497 mortalem,
1701 3428 1848 3487 aliud

249 3515 547 3586 iudicando
599 3518 834 3587 plectere
881 3527 1239 3590 peccatorem.
1270 3540 1296 3573 ο
1335 3517 1404 3576 Et
1459 3521 1655 3578 iterum
1701 3522 1842 3594 (cap.

255 3606 382 3676 296)
402 3626 417 3662 :
440 3626 461 3660 ι
486 3608 628 3664 Deus
647 3609 863 3680 quidem
891 3610 1150 3667 mundum
1177 3609 1325 3677 fecit,
1351 3618 1409 3666 et
1436 3625 1664 3683 corpora
1689 3626 1848 3684 pror-

256 3715 346 3758 sus
389 3700 621 3766 omnia;
691 3701 788 3758 sed
833 3708 894 3756 ut
946 3716 1142 3772 corpus
1196 3702 1548 3773 corruptibile
1591 3711 1848 3776 aggravet

256 3792 496 3848 animam
518 3833 535 3860 ,
582 3800 638 3849 et
687 3807 815 3851 caro
861 3794 1210 3866 concupiscat
1254 3796 1516 3853 adversus
1568 3796 1843 3868 spiritum,

250 3900 358 3942 non
407 3895 494 3941 est
537 3885 851 3956 praecedens
903 3895 1098 3944 natura
1146 3886 1382 3945 hominis
1432 3888 1699 3955 instituti,
1744 3888 1842 3946 sed

247 3989 410 4046 ptena
452 3976 714 4033 damnati.
745 3995 766 4029 s
800 3976 869 4033 Et
914 3977 1044 4034 item
1093 3986 1281 4034 contra
1323 3977 1509 4034 Gallos
1548 3978 1687 4051 (cap.
1714 3979 1834 4050 ﬂ):

255 4063 712 4124 «Prasdcstin’atio
732 4067 826 4124 Dei
857 4078 958 4132 est,
999 4083 1121 4140 quae
1168 4071 1223 4125 in
1265 4068 1453 4126 electis
1494 4076 1549 4124 et
1595 4069 1838 4141 reprobis

247 4167 344 4212 aut
373 4157 445 4213 ad
469 4158 670 4215 donum
694 4160 938 4231 pertinet
958 4153 1294 4233 gratiae-{aut
1321 4163 1389 4218 ad
1427 4161 1836 4218 retributionem

242 4246 494 4315 iustitiae.
526 4267 547 4302 ι
583 4249 651 4306 Et
683 4248 884 4306 Paulus
913 4251 1218 4318 conﬁrmat,
1249 4249 1524 4322 Stipendia
1554 4251 1692 4307 enim
1718 4267 1836 4322 pec-

243 4341 351 4395 cati
377 4357 548 4408 mors,
561 4342 732 4412 gratia
756 4353 929 4399 autem
950 4341 1048 4399 Dei
1071 4344 1181 4399 vita
1201 4352 1397 4399 (eterna
1419 4341 1597 4415 (Rom.
1615 4358 1692 4410 vt,
1713 4342 1828 4414 23),

243 4443 355 4502 qua
383 4430 562 4488 bonus
587 4440 645 4488 et
666 4431 980 4490 misericors
1006 4433 1150 4491 Deus
1178 4433 1507 4492 aiternaliter
1531 4434 1587 4490 in
1613 4433 1832 4492 homine

241 4532 477 4580 coronat
513 4522 626 4596 58
652 4526 797 4595 quod
842 4525 1211 4598 temporaliter
1257 4529 1397 4586 bene
1450 4535 1662 4600 gestum
1710 4536 1827 4584 est:

1949 3333 2094 3405 quod
2129 3331 2338 3390 evitare
2381 3347 2490 3389 non
2532 3339 2807 3404 poterant,
2857 3339 3088 3387 mortem
3115 3329 3317 3396 carnis,
3366 3342 3527 3400 quam

1949 3432 2177 3482 mortem
2214 3424 2442 3497 spiritus
2459 3464 2476 3494 ,
2507 3424 2564 3482 id
2585 3430 2691 3492 est,
2716 3423 2892 3496 magis
2917 3436 3135 3494 plenam
3161 3435 3324 3492 quam
3357 3419 3526 3476 meri—

1951 3526 2062 3572 tum
2089 3530 2264 3587 pinna:
2311 3517 2460 3590 (nam
2495 3531 2603 3572 non
2648 3528 2874 3588 peccare
2901 3521 2994 3571 aut
3025 3529 3133 3571 non
3160 3519 3404 3579 curatur,
3432 3520 3526 3569 aut

1945 3625 2137 3681 parum
2180 3617 2444 3677 curatur;
2508 3624 2616 3666 non
2665 3608 2802 3665 mori
2851 3616 3034 3664 autem
3059 3647 3076 3675 ,
3120 3605 3369 3678 quamvis
3414 3619 3523 3662 non

1943 3701 2272 3768 obtineatur,
2330 3701 2677 3759 vehementer
2728 3698 3047 3772 satagitur),
3094 3698 3218 3756 vita
3262 3697 3525 3754 mediator

1944 3793 2237 3852 ostendens
2262 3809 2424 3866 quam
2455 3810 2564 3851 non
2592 3794 2666 3850 sit
2690 3807 2840 3850 mors
2866 3793 3129 3858 timenda,
3154 3805 3275 3862 qua:
3303 3802 3400 3861 per
3428 3789 3524 3844 hn-

1940 3898 2161 3942 manam
2185 3884 2558 3942 conditionem
2586 3884 2698 3956 jam
2733 3883 2890 3940 evadi
2933 3898 3039 3938 non
3068 3887 3268 3953 potest,
3296 3879 3394 3936 sed
3426 3892 3521 3950 po-

1940 3977 2048 4033 tius
2078 3975 2351 4047 impietas,
2376 3990 2499 4048 quze
2519 3989 2617 4048 per
2641 3975 2801 4034 ﬁdem
2826 3974 3009 4032 caveri
3030 3980 3232 4046 potest,
3265 3990 3284 4024 ι
3315 3979 3371 4027 et
3397 3967 3522 4044 relie

1938 4083 2065 4139 qua,
2096 4083 2216 4140 quae
2245 4068 2321 4125 ibi
2348 4067 2717 4140 prosequitur.
2761 4065 2831 4122 Et
2867 4065 3098 4136 Prosper
3129 4064 3185 4120 in
3214 4061 3352 4119 libro
3378 4060 3517 4118 Son-

1940 4158 2224 4214 tentiarum
2253 4157 2392 4229 (cap.
2415 4157 2575 4229 251):
2599 4175 2619 4209 ‹
2639 4155 2814 4212 Homo
2835 4155 3012 4213 factus
3035 4163 3154 4213 erat
3175 4151 3515 4220 immortalis,

1937 4249 2080 4308 Deus
2111 4266 2233 4308 esse
2261 4251 2430 4308 voluit
2454 4270 2468 4306 :
2494 4256 2603 4307 non
2633 4249 2868 4322 perdidit
2896 4250 3039 4320 quod
3067 4250 3231 4304 homo
3258 4255 3397 4313 erat,
3423 4247 3519 4304 sed

1934 4345 2168 4418 perdidit
2197 4344 2340 4416 quod
2369 4343 2690 4401 immortalis
2723 4348 2842 4398 erat
2861 4382 2878 4410 ,
2904 4341 3014 4414 59
3035 4347 3092 4396 et
3113 4339 3180 4408 de
3207 4337 3518 4394 inobedien-

1938 4437 2009 4492 tia
2059 4436 2323 4508 superbiae
2376 4443 2654 4494 contracta
2697 4439 2784 4491 est
2826 4445 2990 4504 ptena
3041 4437 3268 4487 naturae.
3304 4447 3324 4482 ι
3377 4427 3519 4485 Ecce

1933 4529 2224 4584 ostendunt
2253 4528 2338 4583 isti
2366 4528 2617 4584 doctores
2654 4525 2930 4592 catholici,
2959 4524 3084 4596 quia
3125 4521 3289 4578 homo
3317 4535 3420 4581 nec
3449 4519 3521 4581 ad

243 4616 374 4684 quia
400 4616 568 4674 homo
586 4658 602 4682 ,
631 4619 723 4688 qui
752 4621 1144 4691 praeveniente,
1189 4621 1511 4686 comitante,
1551 4628 1606 4678 et
1644 4622 1833 4678 subse-
1859 4619 1910 4679 D
1934 4621 2166 4690 peccati,
2198 4634 2372 4691 neque
2401 4619 2469 4675 ad
2494 4618 2744 4690 supplicii
2773 4616 2976 4672 malum
3005 4615 3080 4673 sit
3123 4628 3154 4672 a
3175 4613 3289 4673 Deo
3313 4614 3520 4687 praede-

243 4715 450 4781 quente
471 4721 532 4767 se
553 4707 650 4769 Dei
671 4710 866 4783 gratia,
886 4725 954 4771 ex
978 4711 1256 4773 voluntate
1282 4721 1337 4773 et
1359 4721 1504 4774 recta
1532 4713 1834 4773 intentione

243 4816 271 4854 a
307 4802 566 4871 peccatis,
617 4813 874 4874 quantum
919 4807 1154 4863 humana
1202 4806 1468 4880 fragilitas
1513 4810 1739 4878 patitur,
1772 4824 1832 4866 se

243 4893 558 4961 custodivit,
593 4905 688 4952 aut
725 4905 852 4954 ante
893 4908 1122 4958 mortem
1164 4914 1196 4956 a
1233 4899 1470 4971 peccatis
1518 4899 1602 4956 vel
1654 4901 1831 4958 incre-

241 4981 474 5044 dulitate
507 5002 567 5044 se
608 4991 856 5055 retraxit,
893 4999 950 5049 et
985 4992 1046 5048 in
1077 4991 1182 5048 tlde
1209 5000 1355 5048 recta
1392 5000 1447 5049 et
1473 4993 1628 5048 bonis
1651 4993 1830 5064 operi-

242 5075 345 5131 bus
381 5090 554 5148 usque
594 5079 663 5134 ad
708 5078 871 5136 ﬁnem
919 5080 1214 5151 corporalis
1264 5081 1388 5136 vitae
1432 5083 1821 5151 perseveravit,

239 5177 461 5235 semper
503 5165 617 5226 Deo
667 5170 846 5226 vivere
895 5170 1072 5234 vellet,
1123 5171 1170 5227 si
1219 5184 1436 5244 θεωρεῖ
1489 5173 1543 5228 in
1597 5189 1827 5244 corpore

240 5254 362 5313 sine
385 5260 579 5317 mortis
605 5261 999 5321 intercessione
1022 5264 1206 5322 vivere
1233 5267 1519 5336 potuisset.
1585 5266 1823 5323 Econtra
1871 5245 1886 5259 “

240 5361 395 5414 vero,
435 5346 708 5420 stipendio
731 5355 960 5424 peccati,
991 5362 1168 5410 morte
1193 5355 1444 5413 videlicet
1470 5355 1819 5427 sempiterna,

240 5435 386 5494 Deus
415 5447 653 5499 aeternus
681 5452 738 5500 et
757 5445 934 5515 justus
967 5445 1090 5502 ideo
1117 5448 1259 5516 quod
1285 5447 1427 5505 male
1453 5447 1824 5520 temporaliter

241 5530 311 5586 ab
350 5532 572 5592 homine
621 5543 832 5607 gestum
882 5546 968 5596 est
1010 5538 1345 5596 aeternaliter
1390 5540 1650 5605 vindicat,
1694 5540 1822 5612 quia

239 5622 425 5692 horno,
455 5627 549 5699 qui
581 5626 637 5684 in
663 5628 1035 5688 incredulitate
1077 5639 1134 5687 et
1160 5632 1213 5687 in
1239 5632 1476 5701 peccatis
1517 5632 1701 5690 volens
1731 5647 1823 5690 us-

239 5727 348 5783 que
386 5718 456 5772 ad
491 5719 654 5776 linem
680 5722 978 5796 corporalis
1015 5725 1144 5781 vita:
1183 5724 1578 5794 perseveravit,
1610 5740 1824 5800 semper

239 5817 474 5874 peccare
503 5814 684 5883 vellet,
717 5818 762 5873 si
793 5831 1004 5889 semper
1029 5817 1214 5874 vivere
1239 5817 1533 5876 secundum
1562 5833 1716 5876 suum
1755 5818 1822 5876 li-

1934 4711 2190 4781 stipatus,
2217 4711 2313 4770 sed
2341 4727 2406 4771 ex
2437 4710 2792 4770 retributione
2827 4706 3073 4779 iustitiae,
3117 4707 3260 4764 sicut
3288 4714 3346 4763 et
3369 4719 3518 4762 mors

1934 4808 2198 4878 corporis,
2232 4808 2310 4864 ita
2346 4815 2402 4863 et
2429 4806 2669 4863 interitio
2704 4804 2968 4862 retributa
3005 4803 3076 4858 sit
3111 4799 3190 4857 illi
3215 4798 3408 4858 debitae
3432 4795 3516 4855 ul-

1935 4897 2096 4955 tionis
2120 4897 2386 4970 iustaeque
2412 4895 2732 4968 punitionis.

2522 5003 2750 5062 CAPUT
2791 5003 2924 5060 XIII.

1929 5100 2010 5157 De
2054 5118 2113 5184 ee
2161 5101 2298 5185 eod
2341 5099 2652 5185 Fauentia
2694 5098 2754 5185 in,
2793 5089 3514 5185 {praecelsum

1948 5220 1950 5222 τ
2001 5163 2230 5242 scripsit,
2254 5163 2760 5242 prwdes'tinationem
2789 5167 2909 5234 Dei,
2933 5183 3037 5222 non
3056 5173 3260 5220 tantum
3281 5165 3335 5218 in
3356 5163 3509 5230 bono,

2004 5243 2095 5299 sed
2108 5239 2280 5298 etiam
2307 5245 2361 5296 in
2386 5239 2525 5296 malo
2551 5240 2676 5294 dici.

2003 5355 2156 5416 Nunc
2196 5356 2474 5413 videamus
2513 5355 2579 5411 de
2607 5354 2711 5411 hoc
2754 5353 2896 5425 quod
2935 5351 3071 5408 dixit
3116 5348 3426 5421 Fulgentius
3455 5348 3511 5406 in

1931 5451 2300 5523 suprascripto
2339 5447 2480 5504 libro
2525 5447 2590 5503 ad
2639 5445 2952 5511 Monimum,
2982 5441 3510 5514 praedestinationem

1928 5545 2023 5601 Dei
2053 5557 2161 5600 non
2189 5549 2394 5599 tantum
2421 5541 2474 5595 in
2507 5540 2649 5595 bono
2671 5538 2799 5606 dici,
2830 5537 2926 5594 sed
2953 5536 3116 5593 etiam
3153 5536 3207 5591 in
3236 5535 3395 5592 malo.
3426 5533 3510 5590 Ad

1925 5638 2072 5709 quod
2101 5635 2424 5708 respondeat
2449 5633 2524 5689 illi
2552 5630 2695 5687 idem
2731 5630 2791 5685 Β.
2822 5628 3156 5701 Augustinus
3181 5644 3248 5685 ex
3277 5628 3414 5686 libro
3439 5626 3509 5683 de

1933 5726 2412 5788 Pratdestinatione
2451 5733 2790 5788 sanctorum,
2813 5737 2972 5794 quem
3001 5723 3140 5778 sicut
3173 5730 3256 5779 est
3284 5719 3506 5777 laudan-

1931 5822 2062 5889 dus,
2108 5837 2232 5878 eum
2276 5817 2590 5890 Fulgentius
2633 5815 2802 5875 isdem
2853 5816 3181 5876 laudaverat.
3222 5813 3312 5870 Ait
3359 5810 3504 5870 enim
