4052 6334
567 360 672 419 135

1531 361 1855 415 llthZMARl
1895 359 2284 417 RHEMENSIS
2321 362 2854 420 ARCHIEPISCOPI.

3718 374 3826 435 124

567 471 708 542 (cap.
759 470 850 543 10)
887 489 899 525 ;
944 487 963 522 Ι
1004 471 1267 538 Quocirca
1310 471 1710 541 praedestinatio
1756 473 1870 536 Dei,
1917 488 2037 541 quae
2083 473 2135 528 in
2166 483 2211 538 Α
2240 471 2548 542 largitorem
2575 478 3086 546 cnopcratoremque
3110 491 3298 532 eorum
3339 477 3523 546 Deum,
3555 483 3691 540 mala
3715 501 3822 544 au-

568 562 710 618 bono
751 568 859 624 est,
910 562 1098 632 gratim
1141 570 1254 626 est,
1304 573 1364 616 ut
1405 563 1544 628 dixi,
1582 565 1935 632 praeparatio,
1963 565 2136 633 gratia

569 667 698 708 vero
740 661 823 708 est
864 653 1032 722 ipsius
1068 654 1554 724 praedestinationis
1594 653 1834 711 eﬂ‘ectus.
1868 677 1888 709 ι
1917 656 1984 710 Ει
2027 659 2138 728 ipse

566 742 880 815 Fulgentius
902 760 933 799 a
959 745 1138 816 seipso
1173 747 1444 817 proposita
1486 747 1748 802 medicina
1793 749 1974 804 sanari
2011 765 2137 818 pro-

566 844 738 891 curet.
765 836 858 890 Ait
897 837 1039 892 enim
1081 837 1256 902 idem,
1305 845 1364 891 ut
1409 837 1800 906 prtemisimus,
1831 839 1884 893 in
1913 839 2138 909 praefato

568 927 706 983 libro
726 929 839 1000 (lib.
869 945 889 984 ι
917 929 986 983 ad
1009 929 1179 993 Mem,
1209 947 1256 984 c.
1279 929 1370 1000 30)
1395 947 1408 983 :
1440 949 1458 982 ‹
1497 930 1633 986 Huic
1657 931 1839 1002 itaque
1861 934 2132 1003 pravitati,

568 1018 846 1090 inquiens,
877 1035 996 1089 qua:
1038 1019 1097 1072 Β.
1131 1018 1416 1084 Augustini
1439 1021 1596 1076 dictis
1628 1038 1732 1075 non
1776 1038 1843 1078 ex
1885 1025 2132 1088 veritate,

567 1111 659 1165 sed
703 1124 767 1164 ex
816 1109 986 1165 livore
1027 1108 1418 1179 objiciebatur.
1467 1112 1557 1166 tali
1604 1111 1838 1183 Prosper
1887 1129 2138 1170 sermone

567 1199 872 1267 respondit:
903 1198 1197 1255 lniidelitas
1227 1215 1334 1256 non
1359 1201 1692 1257 credentium
1716 1203 2007 1274 Evangelia
2043 1221 2138 1261 ne-

565 1304 832 1358 quaquam
859 1306 926 1345 ex
966 1291 1058 1346 Dei
1104 1293 1576 1362 prtedestinatione
1619 1305 1940 1366 generatur;
1970 1299 2138 1355 bono-

565 1398 684 1435 rum
712 1385 856 1438 enim
888 1385 1030 1440 Deus
1063 1396 1253 1442 auctor
1275 1397 1379 1455 est,
1405 1405 1508 1443 non
1537 1389 1819 1446 malorum.
1853 1392 2138 1449 Praedesti-

564 1475 711 1529 natio
739 1477 903 1548 igitur
931 1478 1026 1535 Dei
1055 1495 1269 1553 semper
1296 1483 1349 1536 in
1381 1482 1520 1538 bono
1548 1494 1652 1550 est,
1681 1496 1774 1540 aut
1802 1488 1870 1541 ad
1905 1490 2136 1545 retribu-

565 1564 761 1619 tionem
779 1565 1020 1634 justitiaa,
1050 1579 1145 1624 aut
1165 1573 1231 1626 ad
1253 1572 1596 1629 donationem
1619 1577 1897 1644 pertinens
1914 1580 2128 1650 gratiae;

531 1658 814 1715 ,imiversa:
859 1662 1003 1715 enim
1050 1664 1145 1719 sic
1187 1664 1403 1720 Domini
1445 1667 1803 1723 misericordia
1845 1680 1893 1724 et
1948 1672 2133 1727 veritas

561 1747 732 1821 (Paul.
764 1765 914 1818 xm’,
953 1755 1062 1827 10).
1092 1776 1112 1809 ι

2242 573 2346 619 tem
2393 566 2457 620 ad
2497 565 2851 622 voluntariam
2900 568 3180 624 rationalis
3217 580 3480 627 creatura:
3521 575 3819 645 nequitiam

2241 656 2519 734 referenda
2563 658 2690 722 sint,
2719 659 2936 714 dubium
2968 675 3072 715 non
3099 671 3203 728 est,
3236 663 3354 718 sine
3392 663 3500 719 ulla
3530 669 3815 738 temporali
3871 703 3873 705 ι

2239 745 2560 813 differentia,
2587 749 2754 805 Deum
2776 760 2831 805 et
2853 753 3134 821 praescisse
3153 753 3313 809 simul
3329 764 3382 810 et
3401 757 3820 826 przedestinasse

2238 855 2359 908 qua
2381 841 2498 910 ipso
2523 851 2680 897 erant
2714 851 2935 899 auctore
2960 844 3225 912 facienda,
3254 846 3340 901 vel
3362 862 3484 917 qua
3511 849 3668 906 malis
3695 866 3816 908 me-
3842 865 3846 868 '

2239 931 2358 986 ritis
2373 932 2520 1002 justo
2544 941 2698 988 erant
2715 933 2919 1003 judicio
2937 936 3279 992 retribuenda
3304 953 3321 989 :
3341 939 3620 1008 prescisse
3633 950 3815 998 autem

2238 1026 2626 1090 tantummodo,
2658 1041 2764 1080 non
2803 1027 2966 1081 etiam
3003 1028 3433 1097 przedestinasse,
3461 1047 3583 1102 quae
3613 1048 3720 1089 non
3748 1050 3817 1092 ex

2236 1116 2353 1186 ipso
2387 1126 2544 1172 erant
2569 1133 2787 1172 causam
2815 1119 3139 1189 operationis
3173 1119 3442 1177 habitura.
3477 1141 3498 1176 ›
3529 1123 3660 1181 Post
3698 1125 3816 1183 haec

2237 1215 2416 1262 autem
2445 1207 2605 1262 linem
2629 1207 2768 1262 libro
2795 1209 3068 1278 imposuit.

2307 1296 2414 1352 Sed
2435 1313 2533 1352 cur
2562 1299 2860 1368 apertiores
2883 1300 3260 1371 responsiones
3281 1301 3558 1373 Prosperi,
3589 1304 3656 1359 ad
3675 1320 3814 1376 quas

2235 1401 2296 1442 se
2342 1387 2674 1455 reclamavit,
2707 1389 2971 1446 dimiserit
3008 1398 3065 1445 et
3104 1391 3237 1446 istas
3279 1394 3540 1462 posuerit,
3589 1395 3702 1466 ipse
3731 1398 3814 1450 vi-

2235 1478 2394 1534 derit.
2443 1477 2551 1534 Nos
2594 1489 2771 1536 autem
2814 1481 3234 1537 reclamantibus
3278 1498 3379 1553 per
3429 1484 3769 1556 Fulgentium
3796 1530 3811 1554 ,

2234 1568 2380 1638 ipsas
2418 1567 2746 1638 objectiones
2783 1580 2840 1626 et
2876 1573 3252 1643 responsiones
3293 1587 3748 1634 commemoratae
3781 1597 3809 1636 a

2233 1659 2536 1730 Fulgentio,
2563 1662 2632 1717 de
2658 1661 2896 1732 pratiatis
2925 1664 2984 1718 B.
3011 1665 3296 1738 Augustini
3326 1667 3480 1723 libris
3510 1684 3813 1740 proponere

2235 1751 2454 1823 dignum
2475 1754 2754 1821 duximus;
2780 1765 2838 1809 ut
2859 1755 2905 1810 si
2932 1771 3030 1810 nos
3055 1755 3194 1812 forte
3212 1757 3503 1824 noluerint,
3526 1762 3812 1818 consilium

629 1843 819 1899 Adhuc
841 1846 1027 1913 etiam,
1052 1856 1111 1904 ut
1139 1865 1260 1905 cum
1291 1852 1444 1906 venia
1468 1852 1648 1908 domui
1685 1853 1950 1926 Fulgentii
1983 1858 2127 1913 dica-

2233 1839 2516 1912 Fulgentii,
2549 1844 2686 1898 sicut
2723 1844 2824 1914 ipsi
2860 1844 3048 1900 dicunt
3084 1862 3270 1902 eorum
3298 1847 3546 1915 fautoris,
3575 1853 3721 1922 quod
3759 1853 3814 1908 in

559 1951 698 2003 mus,
730 1935 872 1994 aliud
898 1941 1042 2009 quod
1083 1957 1182 1998 nos
1213 1958 1280 1998 ex
1319 1945 1499 2002 verbis
1532 1946 1676 2002 illius
1705 1958 1884 2005 movet
1904 1951 2127 2006 demon-

557 2034 732 2082 strare
782 2028 1048 2088 volumus.
1097 2032 1242 2088 Dixit
1289 2035 1431 2090 enim
1485 2037 1538 2091 in
1593 2040 1902 2110 praescripto
1958 2043 2129 2112 libro,

555 2117 695 2173 sicut
723 2121 1053 2178 ostendimus
1097 2123 1234 2194 (cap.
1264 2125 1406 2196 eod.)
1432 2141 1447 2180 :
1480 2147 1499 2179 ι
1530 2127 1646 2183 Non
1683 2137 1862 2185 autem
1893 2132 2126 2201 ignoras,

554 2210 822 2281 inquiens,
851 2217 1010 2270 etiam
1037 2219 1311 2286 praeterito
1338 2228 1578 2291 tempore
1601 2222 1674 2277 illi
1705 2223 2133 2283 luculentissimo

554 2307 724 2360 sancti
755 2306 1037 2377 Augustini
1062 2311 1231 2379 operi,
1263 2313 1406 2382 quod
1435 2315 1653 2383 scripsit
1676 2316 1743 2370 de
1783 2319 2133 2387 praedestina-

555 2394 699 2448 tione
726 2405 1060 2462 sanctorum,
1086 2415 1115 2453 a
1146 2400 1464 2469 quibusdam
1486 2403 1656 2461 Gallis
1676 2406 1960 2475 obiectum,
1988 2411 2130 2480 quod

556 2487 616 2543 Β.
639 2489 966 2560 Augustinus
989 2493 1042 2546 in
1072 2496 1370 2551 assertione
1396 2498 1889 2566 przedestinationis
1911 2502 2128 2570 divinae,

551 2591 865 2650 peccatores
893 2599 996 2638 non
1032 2586 1098 2640 ad
1137 2587 1310 2642 solum
1336 2590 1747 2658 praedestinatos
1767 2593 1970 2650 diceret
1990 2597 2131 2667 judi-

549 2672 725 2737 cium,
768 2675 862 2728 sed
911 2676 1074 2730 etiam
1113 2677 1180 2731 ad
1222 2689 1524 2747 peccatum.
1569 2680 1738 2752 Cujus
1779 2683 1952 2750 dicta,
2005 2688 2129 2756 quia

554 2765 666 2834 ipse
689 2765 851 2821 celeri
878 2778 1184 2837 praeventus
1212 2779 1295 2825 est
1324 2772 1494 2838 obitu,
1519 2773 1751 2846 Prosper
1777 2776 1860 2830 vir
1887 2779 2129 2834 eruditus

547 2867 603 2910 et
646 2867 864 2913 sanctus
909 2867 1055 2913 recta
1097 2860 1333 2917 defendit
1377 2865 1480 2918 ﬁde
1527 2863 1660 2936 [al.,
1707 2876 1852 2922 recte
1891 2867 2130 2924 defendit

551 2947 716 3019 ﬁdeli]
747 2956 801 3002 et
839 2950 1056 3019 copioso
1084 2966 1352 3008 sermone.
1384 2954 1463 3009 Ex
1491 2956 1699 3024 quibus
1726 2955 2003 3012 Gallorum
2038 2975 2128 3014 ca-

547 3037 750 3107 pitulis,
794 3046 855 3093 ut
895 3055 1002 3095 non
1046 3042 1209 3096 multa
1253 3060 1395 3099 nunc
1437 3061 1729 3115 ponamus,
1774 3065 1840 3104 ne
1890 3050 2125 3106 libellum

551 3127 732 3194 istum,
771 3145 930 3200 quem
958 3131 1224 3202 prolixum
1258 3136 1437 3193 facere
1483 3139 1806 3210 disputando
1830 3143 2124 3199 necessitas

550 3221 717 3290 cogit,
742 3221 1087 3292 prolixiorem
1117 3224 1362 3281 voluntas
1401 3227 1581 3285 facere
1603 3231 1868 3296 videatur,
1899 3234 2124 3291 duarum

550 3315 958 3384 responsionum
997 3315 1112 3372 loca
1141 3317 1392 3375 duximus
1421 3321 1728 3378 inserenda.
1765 3343 1784 3377 ι
1817 3324 1881 3381 Et
1909 3338 2130 3398 pneter-

549 3411 768 3467 mittens
817 3412 937 3469 illas
986 3417 1365 3486 responsiones
1422 3422 1661 3489 apertius
1707 3423 1808 3477 sibi
1858 3425 2130 3479 contradi-

548 3510 764 3566 centes,
797 3505 1042 3572 quamvis
1091 3515 1144 3559 et
1193 3510 1310 3562 ista!
1353 3509 1484 3577 ipsa
1519 3509 1593 3563 illi
1622 3521 1807 3581 aperte
1850 3516 2125 3583 resistant,

553 3607 689 3661 quas
724 3593 955 3665 Prosper
1002 3595 1412 3664 objectionibus,
1452 3601 1522 3655 de
1548 3602 1748 3657 eisdem
1787 3605 1939 3661 libris
1969 3607 2126 3663 colic-

547 3688 651 3742 ctis
681 3689 976 3758 respondit,
1003 3691 1070 3746 ad
1099 3691 1233 3748 alias
1261 3708 1319 3748 se
1349 3695 1616 3748 convertit
1639 3696 1823 3751 dicens
1857 3715 1870 3749 :
1903 3716 1922 3748 r
1958 3698 2123 3766 Quar-

551 3778 812 3834 tadecima
860 3780 1056 3851 quippe
1104 3779 1379 3837 Galiorum
1426 3781 1658 3851 objectio
1708 3785 1787 3839 sic
1834 3786 2062 3842 habetur
2109 3805 2124 3843 :

549 3866 701 3934 Quod
749 3869 844 3938 qui
896 3871 1218 3941 evangelica:
1271 3873 1638 3941 pruedicationi
1695 3890 1799 3928 non
1863 3877 2122 3943 credunt,

547 3973 612 4012 ex
644 3959 738 4013 Dei
762 3963 1232 4029 praedestinatioue
1273 3978 1377 4019 non
1423 3963 1674 4030 credant;
1729 3975 1783 4021 et
1808 3968 1950 4037 quod
1984 3967 2127 4025 Deus

549 4050 624 4104 ita
663 4049 986 4120 dilliniverit,
1038 4063 1097 4109 ut
1139 4057 1445 4128 quicunque
1477 4057 1591 4129 ϐο
1618 4073 1720 4113 non
1763 4059 2010 4124 credunt,
2057 4076 2125 4117 ex

549 4144 716 4213 ipsius
742 4147 1128 4204 constitutione
1156 4163 1261 4203 non
1289 4149 1531 4205 credant.
1569 4169 1588 4202 ι
1626 4150 1762 4206 Huic
1790 4151 1974 4222 itaque
2002 4169 2127 4223 pra-

546 4234 696 4288 vitati
717 4275 732 4300 ,
759 4249 880 4305 quae
907 4237 1051 4291 beati
1081 4235 1364 4307 Augustini
1413 4238 1600 4304 dictis,
1636 4254 1744 4294 non
1780 4255 1846 4294 ex
1872 4242 2119 4309 veritate,

551 4325 648 4380 sed
695 4341 762 4380 ex
811 4326 980 4382 livore
1029 4326 1399 4396 objiciebatur,
1444 4330 1534 4385 tali
1586 4331 1820 4402 Prosper
1876 4349 2127 4392 sermone

546 4418 824 4486 respondit
849 4435 864 4472 :
889 4437 910 4471 ι
934 4418 1228 4475 lniidelitas
1255 4437 1360 4478 non
1383 4422 1715 4478 credentium
1730 4425 2017 4496 Evangelio
2033 4442 2124 4482 ne.

546 4522 816 4577 quaquam
851 4523 915 4562 ex
950 4509 1041 4564 Dei
1080 4509 1550 4580 pra-destinatione
1577 4524 1908 4582 generatur:
1950 4519 2118 4575 bono-

547 4613 668 4652 rum
703 4613 847 4653 emm
891 4600 1036 4655 Deus
1077 4609 1266 4656 auctor
1299 4611 1408 4670 est,
1453 4620 1558 4661 non
1591 4606 1871 4663 malorum.
1903 4609 2117 4666 Praede-

545 4691 768 4746 stinatio
797 4691 957 4762 igitur
986 4693 1080 4749 Dei
1109 4709 1323 4766 semper
1349 4695 1403 4751 in
1437 4695 1578 4752 bono
1603 4708 1687 4754 est
1707 4740 1721 4764 ,
1747 4710 1841 4756 aut
1868 4703 1934 4756 ad
1962 4703 2122 4757 retri-

545 4779 822 4836 butionem
847 4773 1093 4853 justitim,
1119 4793 1211 4838 aut
1245 4785 1310 4839 ad
1357 4785 1552 4841 donum
1600 4789 1877 4856 pertinens
1900 4791 2116 4862 gratiae;

547 4873 801 4926 universw
843 4875 985 4928 enim
1032 4877 1130 4931 via:
1176 4875 1389 4931 Domini
1434 4879 1794 4934 misericordia
1843 4891 1892 4935 et
1932 4884 2121 4939 veritas

548 4962 716 5033 (Paul.
749 4981 896 5029 xxrv,
928 4966 1034 5037 10).
1060 4967 1289 5022 Proinde
1312 4968 1598 5025 inﬁdelitas
1624 4987 1728 5025 non
1761 4974 2115 5038 credentium,

546 5069 652 5110 non
679 5057 746 5111 ad
768 5057 1204 5113 constitutionem
1231 5059 1347 5126 Dei,
1362 5061 1457 5115 sed
1475 5061 1542 5116 ad
1568 5063 1958 5130 przescicutiam
1982 5065 2123 5120 refe-

545 5147 711 5202 renda
741 5157 826 5202 est
849 5164 864 5213 ;
909 5163 1028 5218 qua:
1056 5165 1163 5204 non
1190 5151 1311 5207 ideo
1337 5153 1714 5208 necessitatem
1738 5171 1842 5209 non
1867 5158 2117 5213 credendi

546 5235 745 5300 intulit,
783 5237 906 5306 quia
937 5237 1046 5291 falli
1075 5239 1140 5293 de
1167 5255 1230 5295 ea
1274 5257 1393 5310 quae
1440 5241 1616 5297 futura
1646 5252 1764 5298 erat
1809 5246 2122 5303 infidelitate

546 5343 652 5384 non
681 5330 874 5399 potuit.
900 5349 922 5383 ›
949 5331 1165 5387 Decima
1188 5333 1374 5403 quinta
1398 5335 1558 5391 etiam
1579 5335 1812 5407 objectio
1839 5338 1922 5392 his
1943 5340 2122 5395 verbis

547 5421 749 5477 inserta
774 5433 898 5479 est:
935 5442 952 5476 ι
987 5423 1140 5492 Quod
1176 5425 1314 5480 idem
1341 5427 1408 5482 sit
1441 5428 1780 5496 prxscientia
1817 5430 1960 5500 quod
1986 5445 2124 5500 pra:-

550 5515 853 5573 destinatio.
905 5539 924 5572 ›
973 5518 1070 5574 Cui
1104 5519 1340 5591 Prosper
1361 5521 1442 5577 sic
1465 5523 1775 5592 respondit:
1815 5541 1834 5574 ι
1859 5523 1958 5592 Qui
1985 5539 2126 5594 pra:-

548 5606 831 5666 SCientiam
877 5609 973 5666 Dei
1022 5612 1078 5667 in
1128 5612 1271 5667 nullo
1317 5614 1385 5669 ab
1439 5613 1607 5684 ipsius
1652 5614 2126 5684 praedestinatione

551 5699 827 5768 discernit,
851 5703 994 5774 quod
1025 5704 1368 5760 tribuendum
1403 5714 1486 5761 est
1516 5707 1624 5762 Deo
1649 5705 1714 5762 de
1744 5706 1917 5771 bonis,
1947 5706 2048 5761 hoc
2071 5705 2122 5762 ei

546 5791 712 5853 etiam
741 5793 808 5850 de
829 5795 984 5851 malis
1016 5807 1240 5853 conatur
1264 5797 1557 5854 ascribere.
1592 5797 1699 5855 Sed
1723 5812 1845 5854 cum
1887 5797 2026 5853 bona
2052 5797 2124 5853 ad

2235 1931 2500 2003 reiquum
2530 1932 2896 2004 proferemus,
2923 1934 3233 1992 obaudiunt.
3263 1937 3354 1992 Ait
3396 1940 3542 1995 enim
3583 1940 3645 1996 Β.
3682 1941 3816 1997 Pro-

2233 2038 2358 2094 sper
2383 2024 2449 2078 ad
2476 2022 2756 2080 Camillum
2777 2034 2832 2080 et
2853 2025 3188 2082 Theodotum
3209 2029 3556 2100 presbyteros
3576 2029 3815 2087 Januen-

2231 2116 2370 2172 sium
2390 2115 2662 2172 civitatis:
2690 2135 2709 2169 ι
2743 2116 2800 2172 ln
2838 2116 3004 2182 libris,
3040 2119 3307 2188 inquiens,
3339 2119 3512 2175 beata:
3537 2123 3813 2178 memoria:

2230 2207 2538 2278 Augustini,
2583 2223 2811 2278 quorum
2859 2207 3043 2264 titulus
3085 2218 3168 2265 est
3219 2209 3288 2264 de
3333 2209 3814 2271 Prmdestiuatione

2231 2310 2564 2366 sanctorum,
2586 2301 2828 2371 quaedam
2847 2302 3187 2358 sanctitatem
3205 2312 3456 2367 vestram,
3475 2303 3560 2358 vel
3578 2305 3812 2373 insolita,

2232 2405 2327 2450 aut
2349 2395 2528 2450 minus
2556 2394 2725 2462 clara,
2755 2386 3057 2452 moverunt.
3082 2415 3101 2450 ι
3121 2395 3188 2450 Et
3212 2396 3292 2452 sic
3316 2410 3414 2466 per
3433 2406 3640 2467 septem
3660 2397 3814 2471 obje-

2231 2489 2437 2545 ctioues
2459 2497 2513 2544 et
2547 2490 2921 2560 responsiones
2949 2490 3298 2562 progrediens
3317 2490 3385 2545 ad
3410 2498 3657 2546 octavam
3685 2505 3812 2562 per-

2231 2581 2399 2648 venit,
2421 2596 2527 2652 qua
2555 2581 2751 2636 dicitur
2778 2599 2791 2637 :
2820 2599 2841 2634 ι
2873 2581 3132 2653 Sequitur
3148 2582 3404 2653 deinceps
3423 2583 3565 2654 quod
3594 2584 3648 2639 in
3677 2583 3811 2642 libro

2231 2673 2505 2728 invenitur
2561 2673 2829 2739 secundo,
2882 2673 2964 2728 An
3025 2674 3310 2744 quisquam
3361 2674 3544 2730 dicere
3591 2675 3811 2732 audebit

2231 2765 2399 2822 Deum
2430 2781 2538 2822 non
2569 2768 2846 2836 praescisse
2875 2765 3070 2836 quibus
3094 2775 3240 2822 esset
3283 2767 3505 2824 daturus
3544 2777 3605 2823 ut
3630 2770 3812 2826 crede-

2231 2844 2372 2924 rent,
2403 2867 2496 2913 aut
2521 2874 2660 2929 quos
2685 2849 2907 2914 daturus
2931 2865 3078 2914 esset
3105 2857 3244 2915 Filio
3271 2874 3390 2925 suo,
3415 2868 3474 2915 ut
3499 2874 3567 2916 ex
3596 2862 3678 2918 eis
3705 2877 3810 2918 non

2229 2952 2480 3023 perderet
2501 2951 2860 3022 quemquam?
2889 2949 3020 3018 Quae
3043 2951 3232 3022 utique
3259 2952 3303 3007 si
3333 2951 3622 3023 praescivit,
3649 2955 3811 3010 bene-

2234 3042 2355 3098 ﬁcia
2400 3057 2497 3097 sua
2545 3042 2740 3112 quibus
2785 3056 2884 3097 nos
2939 3042 3188 3113 dignatur
3235 3041 3468 3098 liberare
3516 3044 3804 3114 praescivit.

2231 3132 2359 3189 Haec
2387 3140 2469 3189 est
2497 3132 2894 3204 praedestinatio
2939 3141 3264 3198 sanctorum,
3296 3132 3430 3188 nihil
3475 3133 3618 3189 aliud
3637 3174 3652 3201 ,
3679 3150 3812 3206 prato

2154 3200 2204 3265 (δ
2232 3228 2456 3284 scientia
2497 3200 2720 3283 scilicet
2765 3235 2819 3281 et
2868 3226 3192 3296 praeparatio
3241 3200 3645 3283 beneﬁciorum,
3679 3200 3808 3294 Dei,

2144 4567 2199 4628 D

2229 3321 2429 3392 quibus
2469 3320 2776 3376 certissime
2813 3320 3117 3375 liberantur
3148 3321 3458 3391 quicunque
3484 3321 3812 3377 liberantur?

2228 3415 2409 3470 caeteri
2439 3423 2618 3470 autem
2658 3414 2750 3469 ubi
2795 3413 2900 3469 nisi
2931 3415 2984 3469 in
3011 3429 3190 3470 massa
3213 3415 3529 3485 perditionis
3553 3416 3699 3487 justo
3727 3415 3811 3472 di-

2229 3505 2356 3560 vino
2391 3505 2596 3576 judicio
2634 3504 3050 3576 relinquuntur?
3081 3507 3174 3561 ubi
3201 3505 3348 3577 Tyrii
3372 3506 3545 3562 relicti
3589 3516 3714 3562 sunt
3759 3515 3814 3563 et

2229 3581 2460 3664 Sidonii,
2511 3599 2602 3670 qui
2651 3600 2812 3654 etiam
2842 3600 3062 3654 credere
3108 3607 3401 3670 potuerunt
3443 3599 3490 3654 si
3536 3600 3672 3654 mira
3721 3597 3811 3656 illa

2227 3688 2430 3744 Christi
2461 3690 2611 3761 signa
2632 3689 2928 3745 vidissent?
2954 3689 3169 3761 (Matth.
3195 3705 3269 3753 xi,
3297 3688 3413 3762 21.)
3433 3686 3540 3744 Sed
3559 3690 3811 3760 quoniam

2227 3790 2288 3835 ut
2311 3781 2596 3836 crederent
2622 3794 2729 3835 non
2759 3782 2841 3836 eis
2870 3787 2990 3836 erat
3013 3780 3218 3846 datum,
3252 3780 3418 3836 etiam
3460 3781 3600 3837 unde
3627 3781 3813 3838 crede-

2228 3880 2350 3927 rent
2365 3881 2449 3927 est
2462 3881 2736 3943 negatum.
2759 3891 2778 3924 ι
2796 3872 2876 3927 Ad
2892 3873 3010 3928 haec
3023 3872 3079 3928 S.
3098 3872 3330 3943 Prosper
3341 3871 3635 3943 respondit,
3650 3887 3813 3948 quem

2225 3961 2330 4035 σι
2367 3959 2683 4031 Fulgentius
2715 3961 2782 4016 de
2808 3961 2911 4016 llde
2936 3971 2989 4017 et
3016 3962 3235 4032 ecpioso
3267 3975 3518 4017 sermone
3543 3961 3808 4018 laudavit:

2233 4069 2254 4104 ι
2286 4051 2386 4119 Qui
2414 4053 2531 4108 istis
2557 4053 2832 4117 resistunt,
2861 4052 2964 4108 hoc
2993 4054 3196 4108 sentire
3219 4053 3559 4123 apertissime
3577 4052 3812 4121 proban-

2227 4152 2337 4210 tur,
2367 4145 2508 4213 quod
2536 4143 2668 4197 ﬁdes
2697 4159 2802 4197 non
2847 4143 2917 4198 sit
2955 4141 3155 4198 donum
3195 4143 3314 4209 Dei,
3352 4151 3409 4198 et
3457 4145 3598 4213 quod
3635 4143 3810 4214 gratia

2226 4251 2334 4292 non
2365 4234 2660 4305 prmveniat
2688 4234 2918 4290 liberum
2954 4234 3264 4301 arbitrium,
3303 4235 3396 4290 sed
3447 4242 3726 4305 sequatur,
3757 4243 3812 4290 et

2227 4327 2369 4398 quod
2393 4326 2570 4397 gratia
2630 4325 2727 4381 Dei
2776 4327 3070 4382 secundum
3120 4325 3314 4382 merita
3353 4333 3540 4380 nostra
3576 4323 3753 4379 detur.
3786 4341 3807 4378 ι

2226 4419 2294 4475 Et
2345 4425 2466 4490 post
2513 4417 2790 4490 paululum
2827 4432 2844 4472 :
2880 4437 2897 4471 ι
2946 4416 3084 4473 Vere
3122 4418 3213 4488 qui
3254 4417 3331 4472 ita
3385 4415 3623 4472 sentiunt
3652 4414 3814 4472 ﬁdem

2225 4523 2331 4565 non
2404 4517 2775 4580 acceperunt,
2854 4517 2949 4564 aut
3013 4522 3177 4579 quam
3250 4516 3571 4579 acceperant
3632 4505 3816 4576 perdi-

2224 4603 2436 4658 derunt.
2477 4622 2496 4656 ι
2532 4603 2600 4658 Et
2624 4604 2752 4658 item
2778 4610 2901 4674 post
2924 4617 3094 4673 pauca
3123 4620 3138 4657 :
3172 4619 3194 4654 ι
3228 4601 3597 4672 Agnoscamus
3628 4600 3814 4670 itaque

2221 4696 2513 4767 sapienter,
2554 4697 2748 4766 pieque
2793 4695 3077 4760 fateamur,
3117 4693 3398 4766 praescisse
3450 4693 3812 4748 incommuta-

2219 4788 2404 4844 biliter
2438 4791 2607 4845 Deum
2637 4790 2836 4860 quibus
2863 4799 3008 4845 esset
3047 4789 3275 4845 daturus
3295 4795 3356 4842 ut
3380 4787 3686 4851 crederent,
3715 4793 3812 4840 aut

2219 4898 2358 4953 quos
2391 4883 2613 4939 daturus
2637 4893 2782 4939 esset
2807 4882 2947 4938 Filio
2967 4897 3089 4948 suo,
3119 4889 3180 4935 ut
3218 4895 3288 4937 ex
3315 4879 3396 4935 eis
3423 4893 3532 4934 non
3561 4877 3814 4948 perderet

2222 4989 2570 5044 quemquam,
2601 4984 2657 5030 et
2682 4975 2727 5029 si
2756 4975 2868 5029 haec
2913 4973 3206 5043 praescivit,
3233 4968 3497 5027 beneﬁcia
3535 4983 3632 5026 sua
3660 4968 3812 5025 ilium

2222 5067 2420 5138 quibus
2464 5082 2562 5121 nos
2601 5067 2852 5137 dignatur
2899 5064 3147 5131 liberare,
3195 5062 3526 5135 praecisae;
3567 5068 3626 5118 et
3671 5061 3813 5116 banc

2225 5174 2347 5216 esse
2367 5160 2892 5231 prmdestinationem
2915 5167 3250 5223 sanctorum,
3278 5155 3810 5228 predestiaationem

2225 5252 2433 5308 scilicet
2458 5261 2512 5306 et
2537 5251 2984 5322 praeparationem
3012 5247 3397 5304 beneﬁciorum
3430 5244 3528 5301 Dei
3557 5259 3662 5316 qua
3691 5260 3813 5301 eer-

2227 5344 2437 5399 tissime
2451 5343 2749 5399 liberantur
2771 5343 3079 5413 quicunque
3098 5339 3415 5394 liberantur.
3449 5336 3686 5393 Cateros
3713 5351 3813 5390 au-

2228 5442 2357 5500 tem,
2387 5448 2521 5503 quos
2547 5448 2578 5486 a
2604 5431 2840 5503 generali
2872 5430 3173 5502 perditione
3197 5428 3418 5486 humani
3444 5425 3658 5498 generis
3684 5440 3815 5498 gra-

2229 5526 2302 5582 tia
2329 5539 2436 5581 non
2465 5525 2683 5590 exemit,
2705 5523 2855 5594 justo
2893 5523 3201 5580 noverimus
3219 5521 3426 5594 judicio
3469 5534 3578 5575 non
3617 5532 3812 5574 exem-

2228 5627 2368 5690 ptos,
2393 5627 2450 5673 et
2475 5619 2604 5689 quid
2632 5617 2788 5674 nobis
2813 5617 3099 5672 remissum
3122 5615 3195 5670 sit
3221 5613 3277 5669 in
3308 5615 3390 5670 eis
3419 5612 3710 5675 discamus,
3744 5611 3814 5666 de

2228 5723 2455 5778 quorum
2502 5708 2652 5778 queri
2695 5707 3037 5761 damnatione
3082 5719 3188 5760 non
3224 5717 3530 5773 possumus.
3569 5698 3686 5756 Non
3728 5707 3814 5756 est

2229 5798 2376 5856 enim
2414 5798 2674 5871 iniquitas
2702 5797 2843 5870 apud
2882 5795 3052 5852 Deum
3078 5795 3256 5868 (Rom.
3282 5809 3358 5863 ts,
3389 5788 3506 5863 li),
3543 5805 3648 5850 nec
3663 5789 3815 5862 quia-
