4052 6334
253 413 375 468 125

1018 418 1103 472 DE
1143 417 1814 478 PREDESTINATIONE
1856 420 2303 481 DlSSERTATlO
2345 423 2744 485 l'OSTElllOR.

3406 439 3506 494 196

229 542 410 622 quam
438 527 538 580 sub
564 526 768 597 judicio
799 525 914 622 ejus
945 527 1203 584 innocens
1231 529 1370 600 perit
1413 530 1536 600 (Job
1577 547 1652 598 tv,
1685 533 1759 604 7),
1793 552 1810 586 ι
1850 538 1893 596 Α
1913 513 2106 604 judice
2124 545 2202 592 est
2225 550 2381 605 pinna
2405 542 2800 610 praedestinata,
2837 544 2976 600 sicut
2996 546 3181 604 electis
3203 563 3231 604 a
3256 551 3502 622 piissimo

226 629 289 675 et
314 619 544 690 reliqua,
574 635 694 690 quas
723 620 1006 675 brevitatis
1033 636 1196 676 causa
1228 621 1316 678 hic
1343 638 1546 693 ponere
1575 640 1824 696 superse-

227 711 434 776 dimus,
463 727 692 782 quaeque
729 712 822 782 qui
851 714 1092 770 studiose
1129 711 1218 770 vel
1255 715 1469 774 curiose
1493 715 1742 780 volverit,
1771 715 1822 770 in

226 805 495 862 suislocis
511 806 691 878 legere
722 807 1053 877 praevalebit.

1927 625 2184 697 largitore
2226 631 2363 683 dono
2393 632 2577 698 gratim
2616 635 2725 689 vita
2751 645 2834 691 est
2866 644 3069 693 :eterna
3108 639 3323 697 donata.
3367 644 3501 701 Nam

1926 726 1981 772 et
2009 719 2296 788 Apostolus
2331 720 2433 776 hoc
2459 732 2742 795 utrumque
2783 735 3014 784 testatur
3039 727 3256 788 dicens:
3293 733 3499 805 Stipen-

1925 811 2071 864 dium
2097 813 2234 868 enim
2258 817 2454 883 peccati
2483 819 2826 888 mors,gratia
2852 831 3025 877 autem
3057 823 3156 878 Dei
3181 827 3284 880 vita
3309 836 3504 884 (eterna

299 895 462 953 Nunc
487 906 668 952 autem
694 898 937 962 audiant,
965 898 1057 968 qui
1079 898 1239 954 dictis
1261 899 1570 955 innituntur
1593 897 1825 968 Fulgen-
1929 901 2100 974 (Rom.
2133 921 2206 971 vt,
2230 906 2342 978 25).

222 989 308 1051 lii,
341 988 514 1058 ipsius
536 988 839 1045 consilium.
869 988 959 1044 Ait
985 989 1130 1044 enim
1157 989 1210 1044 in
1240 989 1467 1059 praefato
1505 989 1662 1050 libro,
1693 1004 1823 1058 qua-

221 1080 269 1135 si
301 1095 496 1135 eorum
534 1080 919 1153 synagogulam
957 1080 1237 1150 alloquens
1263 1081 1317 1136 in
1347 1081 1586 1137 Monimo
1613 1078 1750 1151 (Lib.
1781 1095 1822 1144 t,

217 1169 320 1225 sub
337 1170 500 1240 ﬁta):
529 1189 548 1222 ί
567 1169 676 1225 Nos
703 1171 903 1240 itaque,
927 1170 1268 1238 charissime,
1291 1171 1407 1228 haec
1444 1170 1662 1225 interim
1685 1186 1820 1240 pau-

217 1276 283 1316 ca
334 1261 405 1315 de
435 1261 587 1316 libris
630 1261 800 1316 sancti
837 1260 1141 1332 Augustini,
1183 1271 1239 1317 et
1278 1262 1346 1316 de
1385 1261 1822 1331 responsionibus

214 1351 504 1423 Pr05peri,
531 1352 598 1406 oh
641 1352 742 1407 hoc
773 1351 1061 1407 maluimus
1092 1351 1219 1408 huic
1254 1351 1434 1408 libello
1461 1352 1726 1416 inserere,
1763 1358 1824 1406 ut

214 1442 408 1497 cuncti
464 1442 711 1497 noverint
753 1441 881 1510 quid
942 1441 1170 1496 debeant
1225 1442 1292 1496 de
1349 1440 1822 1512 przedestinatione

213 1539 538 1585 sanctorum
584 1530 979 1601 impiorumque
1023 1530 1244 1586 sentire.
1294 1551 1313 1584 ι
1362 1530 1501 1598 Quid
1541 1531 1613 1586 sit
1639 1539 1819 1586 autem

212 1626 360 1696 quod
390 1627 575 1681 cuncti
597 1626 719 1682 inde
742 1627 942 1682 sentire
967 1627 1198 1684 debeant
1218 1628 1514 1684 secundum
1539 1626 1656 1696 ejus
1681 1643 1815 1683 con-

211 1715 432 1781 silium,
475 1716 616 1771 idcm
660 1716 715 1770 in
757 1719 937 1789 capite
972 1719 1249 1789 sequentis
1293 1717 1415 1773 libri
1455 1719 1523 1773 ad
1567 1718 1815 1773 eumdem

209 1791 520 1864 llonintum
561 1809 801 1882 loquitur
824 1811 1012 1867 dicens
1047 1811 1161 1882 (lib.
1193 1826 1256 1878 tt,
1279 1828 1330 1865 c.
1364 1812 1419 1882 1)
1451 1829 1462 1865 :
1495 1829 1514 1863 ι
1552 1810 1717 1878 Satis,
1758 1818 1818 1865 ut

2527 1043 2754 1102 CAPUT
2789 1047 2909 1104 XV.

1925 1147 2014 1232 De
2033 1167 2256 1232 quorum
2287 1153 2452 1232 verbis
2480 1165 2633 1232 atque
2668 1155 3070 1232 scripturarum
3091 1163 3355 1232 sententiis
3375 1179 3506 1232 qua-

1996 1229 2114 1274 tuor
2142 1222 2392 1291 cnpitnla,
2419 1243 2449 1277 (ι
2479 1222 2623 1279 nobis
2653 1222 2982 1282 olim'rontra
3013 1240 3274 1284 recxortos
3295 1222 3504 1286 Prd'de-

1998 1293 2312 1370 stin_atianos
2334 1304 2595 1370 excerpta,
2623 1313 2738 1370 quae.
2760 1297 2978 1370 istorum
3002 1299 3346 1370 capitulorum
3372 1317 3505 1355 como

1995 1363 2192 1441 positor
2232 1363 2813 1441 repreltettdithollecte
2854 1363 3132 1438 fuerint'et
3156 1381 3416 1441 excerpta,
3455 1380 3503 1426 et

1995 1449 2114 1512 qua:
2152 1434 2270 1512 inde
2316 1445 2505 1512 veteres
2543 1434 3014 1512 Prcedestinetiani
3049 1434 3506 1512 dixerint,'qttleve

1995 1503 2230 1557 moderni
2271 1522 2333 1558 ex
2362 1507 2443 1560 his
2468 1506 2748 1562 delirantes
2773 1508 2945 1564 dicunt
2972 1510 3221 1566 qurelici.

1993 1640 2062 1696 Et
2095 1641 2219 1710 quia
2257 1639 2322 1696 de
2354 1639 2564 1697 duobus
2608 1642 2876 1712 capitulis,
2913 1643 3185 1699 nescimus
3225 1659 3256 1699 a
3291 1658 3400 1715 quo
3437 1660 3504 1735 ex.

1920 1731 2067 1789 Flori
2093 1733 2296 1802 scripto
2339 1734 2404 1788 de
2429 1733 2764 1804 praescientia
2803 1743 2860 1790 et
2898 1735 3369 1805 pratdestlnatione
3407 1731 3503 1792 Dei

1921 1825 2215 1896 excerptis,
2232 1825 2542 1896 singillatim
2558 1826 2850 1896 praemissis
2861 1826 3236 1891 sententiis,ex
3257 1828 3506 1882 orthodo-

209 1903 480 1966 arbitror,
508 1900 742 1958 Monime
768 1903 1110 1970 cbarissimc,
1139 1902 1490 1973 quaestionem
1506 1901 1573 1957 de
1587 1900 1811 1974 diversi-

1923 1937 2113 1978 xorum
2141 1922 2324 1978 verbis
2343 1931 2398 1977 et
2425 1922 2692 1988 sensibus,
2717 1937 2816 1993 pro
2845 1921 3220 1978 mediocritate
3251 1921 3502 1993 ingenioli

209 2003 322 2050 tate
345 1996 870 2065 praedestinationis,
884 1995 1158 2066 iustorum
1179 1997 1385 2054 scilicet
1406 2006 1462 2053 et
1481 1999 1811 2068 iniquorum,

208 2088 315 2144 hoc
344 2099 461 2155 est,
489 2105 628 2161 quos
667 2091 899 2160 gratuita
930 2091 1302 2146 misericordia
1344 2091 1438 2146 Dei
1478 2091 1814 2162 przeveniens

203 2178 572 2250 iustificando
629 2183 897 2238 convertit
951 2181 1320 2254 gloriﬁcatnra
1388 2197 1701 2247 conversos,
1759 2191 1814 2237 et

207 2287 428 2335 eorum,
467 2288 606 2344 quos
624 2272 770 2343 justa
811 2274 906 2330 Dei
927 2275 1191 2330 severitas
1219 2274 1271 2330 in
1301 2275 1546 2346 peccatis
1576 2274 1808 2329 derelin-

207 2364 330 2434 quit
363 2364 621 2432 punitura
649 2351 1002 2430 dan'tnandos,
1043 2367 1289 2438 superior
1325 2383 1525 2433 sermo,
1556 2366 1609 2420 in
1641 2381 1808 2435 quan-

212 2462 324 2508 tum
359 2453 626 2510 Dominus
654 2457 1000 2527 pusillitatem
1045 2467 1288 2514 nostram
1317 2460 1570 2529 dignatus
1597 2467 1680 2513 est
1717 2458 1812 2513 ad-

204 2542 429 2614 juvare,
459 2555 516 2600 et
545 2555 928 2616 pertractatam
965 2551 1203 2606 continet
1240 2560 1298 2608 et
1348 2551 1580 2606 solutam
1612 2569 1626 2605 :
1660 2552 1814 2606 itaut

208 2636 487 2707 plerique,
526 2636 653 2694 licet
690 2639 745 2694 in
789 2655 854 2696 ea
894 2641 1108 2697 soleant
1132 2657 1239 2697 non
1269 2641 1457 2698 leviter
1487 2641 1810 2713 permoveri,

207 2728 374 2786 facile
400 2731 634 2801 possint,
663 2742 718 2786 et
739 2733 1043 2789 divinorum
1082 2734 1344 2788 librorum
1377 2733 1700 2788 testimoniis
1728 2734 1813 2787 in-

207 2819 382 2885 strui,
414 2827 472 2874 et
497 2821 672 2877 sancti
703 2822 986 2892 Augustini
1019 2822 1192 2888 libris,
1219 2831 1272 2878 et
1295 2823 1544 2892 Prosperi
1569 2823 1817 2878 eruditis-

207 2912 336 2968 simi
393 2912 500 2968 viri
567 2914 1012 2985 responsionibus
1067 2914 1368 2982 informari,
1414 2915 1610 2985 quibus
1649 2899 1812 2984 agno-

207 3012 374 3060 scatit
419 3005 954 3074 praedestinationent
1005 3007 1100 3063 Dei
1146 3007 1281 3062 nihil
1343 3007 1488 3062 aliud
1531 3022 1671 3072 esse,
1711 3008 1812 3063 nisi

205 3097 667 3167 pneparationem
710 3114 935 3170 operum
966 3099 1104 3168 ejus,
1131 3115 1253 3171 quae
1283 3101 1336 3156 in
1368 3109 1568 3156 aeterna
1600 3114 1696 3154 sua
1724 3101 1803 3156 di-

209 3190 531 3259 spositione,
555 3198 649 3245 aut
667 3191 1093 3249 misericorditer
1122 3208 1182 3249 se
1208 3192 1478 3248 facturum
1514 3194 1808 3263 praascivit,

207 3289 301 3334 aut
327 3280 502 3349 iuste.
529 3281 596 3336 Et
619 3283 745 3352 quia
767 3283 819 3338 in
851 3285 1086 3354 peccatis
1114 3300 1215 3340 nec
1246 3285 1620 3340 misericordia
1650 3285 1802 3339 inve-
1834 3277 1879 3340 C

206 3372 357 3426 nitur
379 3387 482 3426 nec
501 3370 738 3441 justitia,
764 3373 993 3444 ideoque
1018 3390 1234 3450 omnem
1267 3375 1577 3445 iniquorum
1606 3375 1806 3429 malam

205 3463 548 3519 voluntatem
580 3480 687 3534 qua
720 3475 968 3535 peccant,
1017 3482 1046 3520 a
1077 3466 1188 3521 Deo
1213 3467 1540 3536 prtescitam,
1595 3483 1701 3522 non
1724 3477 1806 3523 ta-

205 3569 332 3609 men
359 3569 483 3610 esse
513 3570 545 3608 a
582 3552 693 3610 Deo
718 3555 1184 3626 praedestinatam,
1210 3572 1334 3612 cmn
1367 3557 1537 3628 ipsam
1565 3556 1809 3613 volunta-

208 3657 318 3705 tem
347 3649 547 3704 malam
577 3664 684 3704 non
714 3648 872 3704 aliter
899 3659 1084 3706 essent
1112 3649 1370 3714 habituri,
1400 3649 1504 3704 nisi
1533 3649 1586 3704 in
1609 3665 1676 3704 eo
1699 3663 1807 3718 quo

219 3738 448 3796 inissent
475 3755 504 3793 a
530 3739 757 3796 Domino
777 3741 1066 3805 recessuri,
1083 3756 1182 3796 nec
1205 3741 1372 3795 Deum
1397 3741 1807 3812 praedestinasse

223 3832 605 3887 liscessionem
628 3832 864 3888 hominis
889 3847 920 3886 a
942 3848 1023 3899 se,
1048 3849 1170 3888 cum
1194 3849 1357 3888 causa
1380 3834 1495 3903 ipsa
1523 3833 1807 3888 discessio-

207 3924 295 3979 nis
346 3924 458 3995 62
502 3924 614 3980 sola
671 3925 977 3980 voluntaria
1016 3933 1160 3981 esset
1222 3926 1437 3981 aversio
1471 3925 1803 3996 peccatoris:

207 4030 352 4086 quae,
374 4015 501 4086 quia
526 4016 693 4071 Deum
705 4016 883 4072 futura
907 4032 1014 4072 non
1029 4016 1208 4082 latuit,
1231 4018 1284 4072 in
1299 4025 1497 4072 aeterna
1521 4016 1809 4086 prazscicn-

208 4108 285 4162 tia
319 4106 438 4177 ejus
467 4119 825 4180 praeparatam
855 4111 960 4167 sibi
999 4125 1215 4182 penam
1249 4110 1411 4180 justte
1436 4108 1806 4167 retributionis

208 4205 441 4262 invenit.
478 4225 497 4259 ι

816 4295 1044 4355 CAPUT
1081 4298 1220 4354 XIV.

207 4384 355 4441 Hinc
385 4389 618 4458 sequitur
641 4388 935 4445 eahortutio
965 4390 1036 4513 at:
1065 4389 1298 4472 scholam
1324 4388 1591 4462 dyscolam
1614 4386 1806 4445 Gothe-

926 4478 1013 4513 8οα
1039 4477 1106 4513 ει.

926 4477 1106 4516 δεηιει.

280 4570 440 4626 Nune
467 4585 537 4626 ex
561 4572 895 4629 Gotbescalei
923 4574 1132 4642 schola,
1172 4575 1430 4646 quidquid
1467 4585 1628 4632 antea
1654 4576 1802 4634 diser

1918 2013 2094 2070 nostri
2117 2013 2515 2083 respondimus,
2531 2023 2589 2068 ut
2611 2014 2996 2084 congruentius
3015 2015 3299 2069 ostendere
3321 2014 3501 2068 valeas

1923 2122 2063 2172 mus,
2104 2105 2170 2162 de
2211 2121 2442 2176 quorum
2477 2105 2656 2161 verbis
2695 2104 2928 2175 capitula
2981 2119 3010 2158 a
3045 2105 3198 2159 nobis
3224 2112 3500 2174 excerpta,

1916 2208 2028 2254 eta
2077 2198 2425 2268 praefatorum
2490 2195 2847 2268 capitulorum
2904 2197 3264 2268 compositore
3326 2209 3504 2266 repre-

1918 2290 2087 2345 hensa
2111 2288 2447 2361 collegimus,
2473 2287 2852 2343 necessarium
2899 2287 3168 2353 duximus,
3199 2285 3420 2358 alligare
3448 2286 3498 2341 in

1915 2389 2146 2450 quatuor
2179 2379 2452 2436 fasciculis
2488 2379 2555 2433 ad
2576 2378 2998 2434 comburendum
3033 2379 3265 2442 zizania,
3305 2391 3425 2447 qua:
3449 2375 3499 2431 in

1916 2473 2181 2530 Dominici
2228 2473 2394 2528 tritici
2438 2473 2614 2528 medio
2642 2472 2805 2544 prisci
2842 2472 3184 2527 seminarunt
3217 2466 3501 2525 Praedesti-

1915 2565 2146 2628 natiani,
2199 2563 2351 2620 varia
2404 2563 2620 2632 quidem
2668 2577 2819 2626 voce,
2871 2561 2966 2616 sed
3001 2569 3227 2631 cognata
3277 2558 3501 2629 parique

1915 2656 2194 2726 impietate
2218 2696 2234 2720 ,
2275 2655 2343 2710 de
2388 2655 2484 2710 Dei
2547 2653 2883 2724 prreseientia
2932 2661 2986 2706 et
3030 2651 3500 2722 prtedest-lnatione

1916 2763 2071 2803 suum
2119 2747 2310 2817 dogma
2339 2745 2853 2816 perniciosissimum
2883 2753 3310 2812 componentes;
3363 2759 3498 2814 quos

1915 2841 2252 2911 Augustinus
2278 2847 2333 2895 et
2362 2839 2600 2909 Prosper
2631 2838 2743 2894 suis
2780 2839 2996 2909 scriptis
3048 2833 3499 2894 sultieientissimc

1916 2933 2248 2998 revicerunt,
2287 2940 2342 2986 et
2389 2938 2578 2986 contra
2639 2945 2786 3001 quos
2831 2928 2893 2985 Β.
2951 2925 3275 2992 ῦῳιοειίηιιε
3313 2927 3502 2984 decre-

1914 3023 2008 3076 vit.
2050 3022 2289 3090 Quorum
2341 3036 2507 3076 unum
2562 3028 2666 3087 est,
2711 3021 2836 3092 quia
2885 3017 3175 3078 secundum
3213 3021 3500 3091 praescion-

1915 3115 2044 3170 tiam
2065 3114 2172 3186 63
2205 3116 2347 3171 Deus
2376 3115 2624 3171 homines
2657 3115 2874 3170 damnet
2898 3128 2998 3184 pro
3025 3114 3232 3170 meritis
3273 3127 3386 3170 sua:
3417 3115 3495 3170 vi-

1915 3215 2003 3273 tae,
2028 3223 2148 3277 quae
2174 3223 2280 3263 non
2303 3207 2608 3262 habuerunt
2629 3214 2806 3262 morte
2833 3206 3113 3277 prmventi,
3143 3206 3236 3262 sed
3260 3205 3499 3261 habituri

1910 3308 2093 3355 essent
2121 3299 2167 3356 si
2192 3299 2457 3354 viverent.
2489 3299 2648 3354 Aliud
2695 3307 2800 3366 est,
2849 3299 2991 3368 quod
3018 3297 3089 3352 ab
3129 3295 3211 3352 eis
3255 3298 3346 3368 qui
3392 3313 3497 3353 non

1911 3398 2038 3446 sunt
2080 3389 2448 3461 praedestinati
2491 3390 2558 3444 ad
2610 3389 2797 3455 vitam,
2846 3399 2953 3442 non
2987 3385 3200 3442 auferat
3244 3393 3498 3458 percepta

1910 3481 2166 3552 baptismi
2197 3482 2372 3553 gratia
2421 3479 2688 3552 originale
2716 3485 3024 3550 peccatum,
3054 3485 3109 3534 et
3135 3477 3262 3533 licet
3288 3477 3380 3549 pie
3415 3476 3498 3547 ju-

1911 3582 2102 3643 steque
2131 3573 2389 3637 vixerint,
2439 3571 2574 3627 nihil
2615 3571 2695 3627 eis
2740 3571 2933 3641 prosit,
2982 3571 3078 3626 sed
3108 3569 3290 3626 tandiu
3326 3583 3499 3624 reser-

1909 3664 2122 3729 ventur,
2159 3665 2328 3720 donec
2358 3673 2517 3719 ruant
2543 3672 2596 3718 et
2622 3672 2861 3734 pereant.
2891 3663 2959 3717 Et
2984 3663 3126 3734 quod
3153 3662 3378 3718 liberum
3408 3678 3494 3716 ar-

1908 3755 2129 3810 bitrium
2153 3755 2206 3809 in
2226 3754 2444 3809 homine
2465 3753 2596 3809 nihil
2620 3755 2708 3818 sit,
2728 3754 2822 3809 sed
2844 3753 2959 3808 sive
2974 3753 3042 3808 ad
3067 3753 3284 3818 bonum,
3302 3753 3417 3807 sive
3431 3753 3500 3808 ad

1908 3845 2114 3900 malum
2160 3845 2564 3915 praedestinatio
2597 3844 2692 3899 Dei
2742 3845 2797 3899 in
2842 3843 3152 3900 hominibus
3201 3850 3492 3914 operetur:

1909 3937 2168 4006 quoniam
2193 3937 2335 3992 Deus
2377 3936 2484 3992 tale
2514 3938 2566 3992 in
2612 3935 2923 3992 hominibus
2947 3935 3176 4006 plasmet
3212 3935 3496 3990 arbitrium

1909 4028 2074 4100 quale
2095 4035 2179 4083 est
2205 4029 2534 4092 darmonum,
2564 4027 2706 4097 quod
2737 4025 2960 4097 proprio
3006 4034 3154 4081 motu
3185 4026 3313 4081 nihil
3355 4025 3497 4082 aliud

1909 4118 2087 4189 possit
2113 4117 2254 4173 velle
2278 4118 2381 4172 nisi
2411 4117 2630 4171 malum.
2677 4115 2918 4171 Tertium
2958 4125 3062 4182 est,
3092 4119 3234 4186 quod
3260 4116 3401 4172 idem
3427 4115 3498 4171 sit

1908 4207 2247 4278 praeseientia
2299 4205 2440 4274 quod
2481 4204 2905 4276 praulestinatio.
2951 4205 3008 4260 In
3057 4216 3253 4275 quarto
3292 4215 3492 4272 autem,

1906 4297 2434 4370 pnedestinationem
2465 4296 2758 4351 electorum
2785 4295 2851 4350 ad
2879 4295 3042 4349 vitam
3070 4311 3176 4349 non
3205 4296 3488 4366 denegant,

1905 4398 1962 4445 et
1987 4388 2341 4458 reprobcrum
2382 4384 2906 4457 praedestinstionem
2935 4385 3004 4440 ad
3052 4385 3330 4440 interitum
3364 4398 3489 4439 ccu-

1904 4481 2160 4546 titentur;
2214 4494 2352 4550 quos
2399 4479 2542 4534 sicut
2570 4477 2757 4534 dicunt
2785 4492 2813 4532 a
2834 4476 2952 4543 Deo
2985 4478 3392 4548 praedestinatos
3424 4477 3490 4532 ad

1904 4573 2206 4637 interitum,
2231 4572 2304 4627 ita
2325 4571 2488 4627 etiam
2516 4569 2584 4625 ad
2603 4585 2764 4641 pecca
2774 4577 2907 4624 tum.
2933 4569 3010 4625 De
3028 4571 3224 4640 quibus
3247 4570 3489 4625 moderni

207 4662 308 4726 rit,
337 4660 605 4734 Fulgentii
653 4665 830 4720 audite
864 4665 1168 4729 consilium,
1209 4674 1264 4720 et
1287 4665 1491 4722 credite
1517 4665 1676 4722 dictis
1695 4666 1804 4720 An-
1837 4648 1883 4708 ι)
1910 4662 2380 4720 Praedcstinatiani
2410 4677 2574 4717 unum
2603 4676 2709 4716 non
2739 4669 2981 4734 tangunt,
3003 4660 3144 4716 aliud
3166 4661 3486 4726 transiliunt,

209 4753 418 4824 gustini
471 4768 535 4808 ac
585 4753 860 4825 Prosperi,
898 4771 1019 4826 qua:
1059 4755 1230 4811 isdem
1285 4755 1603 4828 Fulgentius
1646 4757 1804 4827 paulo

210 4852 340 4898 ante
357 4843 678 4913 proposuit:
701 4843 1130 4909 Praedestinatio,
1163 4846 1438 4916 inquiens,
1464 4847 1560 4903 Dei
1586 4863 1801 4918 semper

212 4935 271 4990 in
301 4936 445 4990 bono
487 4944 594 5001 est,
622 4944 718 4992 aut
765 4937 833 4992 ad
872 4938 1285 4994 retributionem
1326 4937 1573 5009 iustitiae,
1612 4951 1709 4996 aut
1735 4941 1802 4997 ad

213 5028 562 5084 donationem
612 5031 888 5100 pertinens
930 5033 1142 5102 gratiae,
1181 5040 1238 5088 et
1274 5033 1800 5103 praedestinationem

211 5132 280 5173 ac
303 5121 755 5191 praeparationem
769 5123 954 5193 gratiae
981 5123 1219 5194 Dei,qua
1241 5125 1543 5183 certissime
1567 5126 1800 5182 liberan-

213 5217 304 5266 tur
341 5212 653 5284 quicunque
704 5214 1040 5282 liberantur;
1083 5226 1309 5273 cteteros
1359 5227 1562 5286 autem,
1597 5235 1735 5288 quos
1771 5235 1800 5274 a

212 5303 452 5371 generali
494 5305 794 5374 perditione
833 5307 1054 5364 humani
1083 5311 1296 5380 generis
1329 5311 1502 5382 gratia
1532 5325 1640 5366 non
1670 5325 1800 5366 exe-

212 5394 330 5461 mit,
352 5395 503 5464 justo
531 5398 841 5454 noverimus
877 5399 1081 5469 judicio
1112 5417 1220 5456 non
1257 5409 1554 5472 exemptos,
1585 5411 1642 5458 et
1668 5417 1799 5458 con-

211 5482 693 5555 ﬁtemini-electos,
720 5490 773 5544 id
794 5500 879 5546 est
903 5493 969 5546 de
995 5491 1233 5563 generali
1265 5507 1444 5548 massa
1460 5492 1800 5562 perditionis,

211 5575 282 5633 ab
306 5592 376 5632 eo
424 5577 538 5649 lego
563 5596 672 5651 quo
696 5581 914 5649 dicitur,
943 5581 1048 5648 Qui
1084 5583 1251 5653 legitis
1293 5585 1468 5652 ﬂores,
1498 5584 1671 5653 gratia
1695 5584 1804 5641 ele-

210 5675 327 5725 ctos
359 5677 417 5725 et
439 5672 869 5740 pnedestinatos,
902 5674 956 5729 id
984 5683 1090 5740 est,
1131 5674 1305 5746 gratia
1353 5686 1690 5746 praeparatos
1737 5677 1808 5732 ad

209 5759 420 5827 vitam;
456 5771 684 5820 caeteros
721 5774 899 5821 autem
942 5767 998 5821 in
1042 5780 1222 5823 massa
1253 5766 1570 5838 perditionis
1598 5767 1806 5838 judicio

208 5845 355 5918 justo
377 5851 630 5921 relictos;
656 5849 854 5927 quibus
871 5871 940 5914 ex
969 5857 1324 5916 retributione
1349 5856 1580 5929 justitite
1603 5873 1638 5915 a
1657 5858 1810 5930 justo

1913 4758 2131 4814 tertium
2153 4755 2444 4821 declinant,
2466 4762 2717 4825 quartum
2743 4754 2925 4810 colore
2943 4761 3174 4821 mutant,
3197 4755 3290 4810 sed
3311 4752 3492 4809 odoris

1915 4859 2078 4920 atque
2107 4848 2317 4919 saporis
2357 4846 2712 4917 intelligentia
2748 4845 3011 4903 redolent.
3063 4845 3258 4900 Dicunt
3303 4846 3444 4900 enim
3474 4863 3486 4899 :

1911 4941 2330 5004 Praadestinavit
2356 4939 2501 4994 Deus
2543 4938 2800 5008 reprobos
2827 4939 2894 4993 ad
2925 4937 3228 5001 interitum,
3274 4949 3380 4991 non
3425 4935 3490 4990 ad

1909 5041 2218 5107 peccatum,
2236 5047 2361 5088 cum
2384 5031 2593 5087 nonnisi
2614 5045 2712 5101 per
2728 5040 3009 5101 peccatum
3026 5029 3292 5100 perveniri
3317 5028 3490 5083 valeat

1911 5126 1980 5184 ad
2004 5127 2300 5182 interitum.

1981 5215 2114 5284 Quae
2159 5223 2389 5286 quatuor
2416 5213 2674 5270 haeretica
2701 5213 2893 5269 beatus
2921 5211 3252 5282 Augustinus
3279 5218 3336 5267 et
3355 5209 3488 5265 Pro-

1909 5321 2054 5376 sper,
2085 5315 2140 5359 et
2169 5321 2291 5360 cum
2322 5304 2428 5360 illis
2450 5305 2714 5374 posterior
2745 5313 3004 5373 tempore,
3037 5302 3130 5357 sed
3156 5301 3306 5370 prior
3343 5300 3484 5365 loco,

1910 5405 2134 5454 sanctus
2149 5395 2466 5466 Gregorius,
2497 5395 2646 5466 paria
2667 5392 2972 5463 judicantes
2991 5390 3286 5461 aequaliter,
3309 5399 3362 5446 et
3387 5391 3484 5462 ipsi

1909 5491 2111 5562 pariter
2154 5483 2576 5546 condemnantes
2627 5486 2946 5542 dissolvunt.
2990 5483 3081 5538 Ait
3108 5483 3253 5539 enim
3298 5483 3487 5539 beatus

1909 5584 2238 5654 Augustinus
2281 5583 2336 5638 in
2376 5581 2514 5636 libro
2553 5581 2620 5635 de
2657 5578 3132 5634 Prtetlestinatione
3176 5587 3485 5632 sanctorum

1913 5677 2054 5749 (cap.
2086 5675 2214 5745 l5):
2251 5693 2268 5726 ‹
2322 5673 2436 5728 Dici
2478 5688 2585 5727 non
2631 5677 2809 5740 potest
2853 5684 3016 5739 quam
3041 5668 3265 5726 moleste
3292 5670 3484 5731 feram,

1912 5769 2054 5838 quod
2083 5767 2334 5822 viderunt
2359 5763 2637 5831 Pelagiani
2663 5775 2781 5819 esse
2821 5761 3168 5818 falsissimum
3206 5771 3261 5817 et
3298 5763 3487 5817 absurc

1913 5858 2218 5925 dissimum,
2249 5855 2352 5915 hoc
2380 5871 2490 5912 non
2515 5855 2720 5914 vidisse
2745 5856 2902 5923 istos,
2921 5854 3016 5928 qui
3039 5855 3320 5915 nobiscum
3337 5869 3488 5910 erro-
