4052 6334
241 409 336 466 129

1004 409 1090 464 DE
1125 404 1792 468 PREDESTINATIONE
1830 405 2286 466 [ISSERTATIO
2321 407 2729 467 I’OSTERIOR.

3394 409 3499 462 {30

301 520 418 576 Alia
458 520 566 574 duo
609 517 772 572 etiam
818 517 1211 573 adinveneruut
1244 518 1407 588 prisci
1461 516 1814 574 Praedestina-
1841 520 1894 582 Α
1923 539 1942 573 ι
1980 529 2160 580 autem
2185 521 2359 576 bonus
2387 528 2443 576 et
2462 519 2642 590 justus
2663 518 2826 592 elegit
2862 533 2931 574 ex
2956 519 3143 575 eadem
3178 533 3354 576 massa
3377 535 3501 592 per-

241 613 384 677 tiani,
410 619 475 667 ut
497 608 749 667 obnixius
792 624 945 666 suam
988 619 1210 679 possent
1233 608 1811 666 conﬁrmare'senten-

237 705 379 770 tiam,
404 703 554 774 quod
586 702 731 758 Deus
763 703 1024 774 reprobus
1053 711 1109 758 et
1139 703 1208 758 ad
1235 709 1520 772 peccatum
1541 700 1812 773 praedesti-

234 798 464 864 naverit,
489 806 545 854 et
564 797 632 852 ad
653 795 952 863 interitum,
978 794 1184 852 scilicet
1202 795 1329 864 quia
1359 809 1468 850 non
1491 793 1605 848 vult
1623 808 1815 848 omnes

231 889 480 948 homines
514 888 695 945 salvos
713 887 858 958 ﬁeri,
886 885 1223 942 sed'certum
1268 898 1558 940 numerum
1605 881 1814 953 praede-

229 983 589 1046 stinatorum,
621 979 830 1036 etiamsi
876 976 1286 1034 omnes.salvari
1331 974 1497 1031 velint
1527 989 1543 1040 ;
1579 981 1637 1029 et
1669 973 1813 1043 quod

227 1091 334 1132 non
364 1088 470 1145 pro
499 1071 668 1128 totius
695 1069 877 1126 mundi
907 1068 1278 1139 redemptione
1305 1065 1557 1124 Salvator
1586 1065 1657 1122 sit
1689 1081 1813 1122 cru-

226 1163 443 1230 ciﬁxus,
475 1162 602 1234 quia
631 1168 836 1219 certum
867 1167 974 1226 est,
1011 1158 1056 1215 si
1087 1174 1264 1213 omnes
1309 1157 1568 1223 homines,
1609 1169 1810 1213 secun-

226 1241 356 1313 dani
379 1251 720 1325 Apostolum,
772 1248 876 1306 uult
914 1248 1084 1304 salvos
1130 1246 1245 1317 ﬁeri
1287 1247 1339 1317 (Ι
1371 1246 1506 1302 Tim.
1550 1263 1614 1314 ll,
1644 1247 1724 1318 4),
1757 1256 1813 1302 et

221 1363 317 1419 pro
347 1344 589 1402 omnibus
611 1350 851 1397 mortuus
889 1350 966 1396 est
1007 1339 1062 1412 (I
1095 1336 1242 1394 Petr.
1276 1354 1335 1395 ιιι
1353 1378 1368 1406 ,
1397 1338 1508 1410 18),
1535 1345 1596 1392 ιιι
1617 1337 1812 1395 Petrus

225 1440 379 1505 dicit,
403 1437 682 1495 neminem
712 1435 824 1490 vult
845 1433 1048 1507 perire,
1078 1440 1135 1490 et
1164 1432 1373 1489 nullum
1398 1431 1700 1489 credendus
1726 1441 1812 1489 est

220 1530 288 1586 ad
328 1528 692 1612 perditionem
717 1525 1148 1599 prindestinasse.
1180 1524 1380 1580 Contra
1429 1539 1549 1595 quae
1577 1532 1810 1595 quatuor

220 1620 486 1693 capitula,
514 1634 782 1678 novorum
799 1617 1407 1674 Praidestinatianorum
1441 1615 1806 1682 infestatione,

226 1727 296 1769 ex
332 1710 734 1768 catholicorum
756 1709 978 1767 Patrum
1017 1708 1268 1765 dictiset
1300 1708 1550 1765 sensibus
1577 1718 1810 1780 quatuor

226 1807 435 1862 iterum
461 1803 697 1876 capitula
719 1816 1010 1874 excerpere
1039 1816 1225 1858 sumus
1245 1800 1529 1871 compulsi.
1543 1799 1802 1873 Quaeque,

1922 635 1943 668 ι
1978 615 2197 672 ditionis
2242 614 2536 671 secundum
2580 612 2974 684 praeseientiam
3017 627 3171 668 suam
3225 628 3361 684 quos
3400 628 3499 684 per

1923 730 1941 763 ι
1976 709 2204 784 gratiam
2222 708 2628 781 praedestinavit
2655 707 2722 764 ad
2746 708 2935 773 vitam,
2958 716 3014 763 et
3038 706 3206 762 vitam
3229 705 3335 762 illis
3361 721 3501 776 pras-

1921 820 1940 851 ε
1975 800 2265 857 destinavit
2292 807 2584 866 teter-nam;
2623 805 2849 854 caeteros
2885 805 3087 863 autem,
3118 810 3254 868 quos
3277 795 3500 869 iustitiae

1921 911 1941 945 ι
1971 892 2175 966 judicio
2220 894 2276 950 in
2307 907 2502 961 ,massa
2550 891 2871 964 perditionis
2923 891 3180 962 reliquit,
3233 893 3502 962 perituros

1922 1004 1940 1036 ι
1975 985 2263 1056 praescivit,
2291 984 2388 1041 sed
2413 1000 2520 1040 non
2547 993 2607 1041 ut
2632 985 2874 1056 perirent
2901 985 3335 1055 praedestinavit;
3379 997 3499 1056 pw-

1919 1091 1940 1126 s
1975 1089 2102 1131 nam
2130 1084 2310 1131 autem
2335 1073 2442 1130 illis
2468 1075 2593 1144 quia
2607 1073 2786 1144 justus
2804 1081 2888 1131 est
2907 1074 3312 1146 praedestinavit
3340 1083 3500 1130 aeter-

1918 1182 1939 1216 ι
1966 1159 2122 1220 'nam.
2149 1164 2230 1221 Ac
2253 1178 2350 1235 per
2376 1166 2482 1222 hoc
2504 1180 2666 1222 unam
2697 1164 2790 1223 Dei
2821 1165 3351 1237 praedestinationem
3380 1174 3499 1221 tau-

1919 1275 1937 1309 ι
1969 1256 2248 1314 tummodo
2291 1255 2566 1313 dicimus:
2606 1271 2727 1329 quae
2768 1265 2862 1312 aut
2903 1257 2971 1313 ad
3019 1257 3218 1312 donum
3270 1255 3504 1326 pertinet

1918 1365 1936 1399 ι
1971 1345 2181 1418 gratiae,
2214 1355 2310 1403 aut
2331 1346 2400 1402 ad
2431 1346 2842 1403 retributionem
2857 1344 3102 1416 iustitiae.
3137 1365 3158 1398 ι
3190 1345 3333 1402 Ecce
3358 1346 3504 1417 capi-

1912 1440 2104 1510 tulum,
2129 1441 2274 1512 quod
2301 1442 2368 1498 de
2394 1431 2870 1511 praedestinatione
2909 1441 3206 1498 electorum
3253 1439 3350 1494 Dei
3381 1455 3502 1510 gra-

1911 1532 2047 1589 tuita
2095 1533 2294 1606 gratia,
2348 1542 2403 1590 et
2457 1533 2740 1591 relictione
2784 1533 3137 1605 reproborum
3185 1529 3502 1601 justissima:

1911 1623 2079 1695 ipsius
2105 1625 2479 1682 retributionis
2497 1623 2715 1694 iustitia
2733 1663 2749 1691 ,
2781 1631 2970 1681 contra
2999 1620 3418 1680 Gothescalcum
3448 1627 3504 1675 et

1909 1731 2194 1774 erroneam
2235 1714 2354 1787 ejus
2391 1715 2655 1784 scholam,
2679 1716 3008 1773 necessitate
3035 1712 3316 1784 compulsi,
3345 1719 3401 1767 et
3423 1710 3503 1766 in-

1913 1809 2278 1882 terrogatione
2301 1808 2620 1880 principalis
2650 1806 2952 1865 devotionis
2977 1806 3179 1873 exacti,
3201 1805 3500 1863 secundum

224 1898 372 1958 sicut
411 1897 466 1952 in
495 1895 749 1968 capitulis
787 1910 819 1950 a
864 1901 1044 1950 vestra
1073 1879 1442 1949 dominatione
1489 1893 1646 1950 nobis
1683 1901 1808 1948 ante
1836 1879 1890 1944 Β
1912 1879 2226 1958 undarum
2250 1879 2657 1971 δετεριυιιπυηι
2699 1899 3003 1965 immitem,
3030 1914 3098 1956 εχ
3137 1898 3321 1955 verbis
3358 1899 3502 1955 beati

217 1992 516 2048 triennium
557 1989 729 2056 datis,
776 1997 833 2045 et
878 1989 935 2045 in
980 1987 1265 2044 Valentina
1309 1986 1514 2060 synodo
1564 1984 1801 2054 habitis,

214 2084 480 2155 scriptum
510 2082 814 2154 reperimus
835 2121 851 2148 ,
883 2080 1296 2151 reprehensoris
1321 2077 1802 2144 condemnatione,

214 2173 421 2243 iudicio
445 2172 620 2229 sancti
649 2171 903 2244 Spiritus,
935 2171 1080 2228 sicut
1109 2169 1186 2226 illi
1211 2184 1319 2226 non
1349 2170 1462 2226 Deo
1489 2162 1669 2225 dicere
1691 2168 1807 2240 pla-

213 2267 348 2331 cuit,
371 2273 504 2322 sunt
522 2263 762 2335 explosa.
784 2263 940 2321 Unde
963 2277 1184 2320 necesse
1209 2271 1297 2320 est
1321 2261 1478 2318 nobis
1496 2259 1803 2328 ostendere,

213 2361 281 2419 de
308 2375 549 2433 quorum
587 2359 746 2416 dictis
772 2358 1076 2415 studuimus
1109 2356 1200 2414 illa
1242 2370 1557 2427 excerpere,
1600 2363 1661 2410 ut
1687 2355 1804 2410 evi-

212 2455 434 2512 dentius
460 2452 668 2509 clareat
701 2453 747 2506 si
785 2449 1041 2508 credendi
1070 2458 1200 2506 sunt
1238 2448 1316 2504 illi
1364 2447 1570 2518 Spiritu
1613 2456 1805 2503 sancto

213 2543 379 2601 locuti
402 2543 592 2609 fuisse,
623 2556 854 2614 quorum
879 2541 1044 2598 verba
1061 2539 1231 2615 lector
1258 2539 1489 2611 quisque
1517 2539 1573 2594 in
1599 2537 1807 2608 capitu—

212 2635 280 2690 lis
305 2651 336 2689 a
372 2634 537 2690 nobis
561 2633 834 2704 excerptis
863 2632 1120 2690 inveniet.
1147 2631 1303 2701 Quod
1325 2646 1449 2688 cum
1477 2629 1641 2686 fuerit
1662 2644 1817 2687 com~

211 2729 531 2799 probatum,
559 2741 718 2783 nemo
742 2727 997 2799 ambiget,
1022 2724 1362 2796 explosorem
1397 2724 1623 2780 istorum
1657 2723 1806 2794 capi-

211 2822 456 2881 tulorum
485 2819 555 2878 de
593 2819 806 2878 illorum
852 2819 1022 2875 fuisse
1062 2832 1312 2884 numero,
1358 2816 1427 2872 de
1452 2816 1647 2886 quibus
1671 2815 1807 2874 scri-

209 2926 362 2990 ptum
425 2923 514 2973 est
537 2956 551 2983 ,
601 2915 725 2986 quia
771 2914 884 2987 63
933 2911 1328 2984 prophetabant
1374 2909 1442 2964 de
1497 2906 1661 2964 corde
1707 2922 1806 2965 suo

207 3010 459 3066 dicentes
487 3025 503 3064 :
538 3007 669 3064 Htec
696 3007 823 3063 dicit
854 3005 1132 3073 Dominus,
1163 3020 1287 3059 cum
1312 3002 1568 3058 Dominus
1600 3018 1704 3057 non
1737 3001 1805 3056 sit

207 3103 418 3157 locutus
444 3099 665 3174 (Ezech.
695 3115 814 3166 xm,
833 3099 888 3164 2,
921 3100 1041 3170 ll);
1074 3108 1129 3155 et
1154 3097 1282 3169 quia
1303 3097 1446 3153 sicut
1468 3097 1596 3153 item
1625 3096 1807 3152 Domi-

207 3206 311 3250 nus
341 3175 479 3248 dicit
505 3206 605 3263 per
619 3192 940 3262 prophetam
970 3192 1036 3246 de
1063 3189 1272 3260 pariete
1291 3187 1558 3245 aediﬁcato
1582 3202 1680 3244 seu
1706 3187 1803 3243 lito

206 3285 419 3356 absque
459 3252 912 3354 temperamento,
957 3252 1081 3347 Ite;
1117 3281 1280 3338 dicite
1318 3281 1514 3352 parieti
1562 3280 1641 3336 illi
1679 3281 1805 3351 quia
1832 3252 1880 3317 Ο

207 3390 442 3433 casurus
468 3383 573 3443 est,
603 3375 756 3448 cujus
783 3372 1202 3430 aediﬁcatoribus
1221 3386 1303 3429 vae
1328 3372 1714 3444 pronuntiatur
1739 3373 1808 3428 ab

208 3469 350 3540 ipso.
380 3468 451 3524 Et
491 3467 618 3525 alibi
648 3468 715 3523 ad
751 3467 1071 3539 prophetam
1107 3467 1303 3522 iterum
1335 3465 1596 3522 Dominus
1621 3465 1754 3522 dicit
1789 3483 1802 3520 :

211 3559 349 3615 Ecce
378 3559 630 3614 constitui
660 3569 710 3615 te
741 3575 898 3630 super
922 3568 1096 3632 gentes
1133 3568 1182 3614 et
1216 3575 1375 3629 regna
1394 3597 1410 3624 ,
1448 3567 1506 3613 ut
1535 3556 1725 3613 evellas
1759 3567 1807 3612 et

209 3644 482 3718 des’truus,
505 3661 553 3709 et
583 3651 854 3722 disperdas
882 3659 932 3706 et
967 3651 1208 3720 dissipes,
1235 3659 1285 3706 et
1313 3650 1562 3719 aediﬁces,
1583 3660 1632 3704 et
1657 3649 1807 3721 plan-

211 3753 284 3798 tes
307 3743 448 3814 (Jer.
482 3760 521 3809 i,
561 3743 670 3814 {0).
709 3742 942 3815 Impulso
966 3743 1174 3812 pariete
1215 3741 1480 3797 aediﬁcato
1509 3755 1672 3812 super
1692 3755 1808 3794 are-

213 3849 363 3899 nam,
393 3845 454 3890 et
484 3847 694 3900 everso,
726 3833 852 3904 quia
893 3848 1000 3890 non
1041 3833 1229 3889 habuit
1255 3831 1531 3889 Christum
1557 3832 1653 3888 Dei
1697 3831 1806 3886 vir-

214 3934 408 3990 tatem,
433 3933 494 3981 et
523 3925 618 3981 Dei
641 3924 962 3996 sapientiam
987 3924 1418 3991 fundamentum,
1457 3934 1510 3980 et
1537 3923 1804 3993 disperso,

213 4014 472 4087 quoniam
515 4028 626 4071 non
664 4014 854 4071 habuit
890 4013 1248 4071 aediﬁcatores
1273 4012 1566 4084 apostolos,
1594 4021 1651 4069 et
1683 4029 1806 4084 apo-

214 4104 438 4163 stolicos
462 4106 628 4169 viros,
675 4104 928 4165 convenit
961 4106 1230 4163 aediﬁcare
1255 4121 1384 4170 nos,
1422 4118 1588 4177 super
1614 4105 1808 4162 funda-

213 4201 464 4253 mentum
487 4211 696 4262 verum,
729 4197 798 4253 de
822 4195 1090 4267 lapidibus
1113 4196 1273 4263 vivis,
1296 4195 1580 4253 sententiis
1601 4195 1809 4253 scilicet

211 4288 520 4354 catholicis,
538 4287 896 4344 munitionem
917 4287 1251 4358 simplicibus
1269 4295 1326 4343 et
1345 4285 1594 4344 fidelibus
1619 4298 1807 4344 contra

212 4380 595 4437 haereticorum
623 4378 866 4435 fumosos
890 4378 1150 4448 impetus;
1188 4386 1246 4433 et
1271 4376 1492 4448 impleto
1522 4393 1554 4434 a
1582 4379 1810 4436 veritate

211 4471 361 4526 dicto
389 4469 629 4526 veridico
663 4487 678 4524 :
713 4469 896 4524 Omnis
923 4468 1180 4540 plantatio
1208 4485 1370 4540 quam
1406 4485 1510 4524 non
1552 4470 1806 4541 plantavit

213 4559 380 4616 Pater
429 4576 576 4616 meus
619 4560 839 4616 celestis
879 4559 1236 4615 eradicabitur
1273 4559 1492 4632 (Matth.
1547 4579 1637 4629 xv,
1689 4564 1802 4635 15),

209 4661 431 4726 oportet
477 4669 575 4711 nos
621 4654 864 4724 plantare
914 4653 1089 4710 ﬁdelia
1146 4623 1416 4726 germina,
1472 4623 1883 4726 proferenda”

213 4745 445 4810 fruetus,
492 4749 544 4801 id
583 4757 668 4804 est
706 4745 1009 4803 intellectus
1061 4746 1266 4813 ﬁdeles,
1317 4748 1386 4803 ad
1427 4750 1572 4819 quod
1619 4765 1806 4806 sumus

213 4837 389 4908 gratia
422 4838 517 4894 Dei
537 4837 762 4908 plantati
794 4838 847 4893 in
877 4837 1038 4894 domo
1080 4837 1314 4904 Domini,
1341 4838 1395 4893 in
1423 4840 1580 4896 atriis
1614 4841 1805 4898 domus

213 4929 311 4984 Dei
340 4931 532 4986 nostri.

817 5041 1043 5100 CAPUT
1083 5042 1222 5100 XVI.

209 5131 416 5187 Abhinc
456 5134 682 5208 escerpti
704 5150 736 5187 a
761 5134 908 5208 nobis
946 5136 1103 5208 primi
1129 5135 1544 5208 capituliilextus
1565 5138 1798 5208 ponitur,

286 5215 334 5258 ct
390 5204 528 5259 unde
577 5213 812 5276 suusptus
863 5204 1022 5274 fuerit
1086 5204 1414 5261 membratim
1477 5204 1799 5279 designanda

289 5284 637 5330 monstratur.

287 5383 389 5440 Hic
415 5387 563 5442 enim
594 5395 680 5443 est
706 5395 887 5446 textus
911 5389 1076 5460 primi
1113 5391 1366 5462 capituli:
1403 5411 1420 5444 ι
1462 5391 1606 5449 Deus
1636 5394 1806 5449 omni-

217 5497 239 5529 s
271 5487 470 5550 potens
495 5479 770 5536 hominem
810 5482 929 5538 sine
973 5493 1198 5554 peccato
1229 5493 1435 5540 rectum
1465 5501 1589 5541 cum
1630 5485 1800 5544 libero

219 5587 239 5620 s
276 5571 506 5627 arbitrio
531 5574 807 5643 condidit,
843 5586 899 5632 et
925 5577 979 5635 in
1018 5579 1269 5648 paradiso
1312 5560 1715 5652 posuit,quem
1746 5581 1800 5637 in

216 5681 236 5715 ι
275 5663 569 5720 sanctitate
589 5663 814 5733 justitiai
853 5683 1169 5740 permanere
1210 5669 1394 5725 voluit.
1433 5670 1604 5727 Homo
1635 5671 1805 5728 libero

218 5773 238 5806 s
272 5756 507 5813 arbitrio
533 5759 670 5815 male
695 5770 853 5818 utens
881 5765 1152 5833 peccavit,
1189 5773 1246 5820 et
1274 5765 1502 5832 cecidit,
1547 5773 1600 5820 et
1633 5766 1805 5822 factus

168 5868 178 5902 :
217 5862 237 5902 ι
273 5860 361 5910 est
394 5868 573 5910 massa
606 5856 925 5923 perditionis
949 5859 1112 5916 totius
1143 5862 1361 5917 humani
1406 5863 1636 5929 generis.
1663 5863 1807 5920 Deus

1907 1989 2196 2066 Augustini
2241 2007 2307 2050 ac
2343 1991 2616 2066 Prosperi,
2638 2001 3069 2062 ceterorumque
3108 1990 3497 2048 catholicorum

1907 2087 2194 2158 doctorum
2241 2085 2492 2142 sensibus
2535 2099 2831 2156 excerpere
2875 2082 3307 2155 procuravimus.
3345 2081 3498 2150 Quod

1909 2178 2037 2248 quia
2064 2191 2189 2234 cum
2223 2177 2345 2233 aliis
2376 2176 2549 2233 tribus
2571 2193 2602 2232 a
2627 2176 2783 2232 nobis
2822 2175 3112 2246 excerptis,
3139 2172 3294 2244 quasi
3329 2187 3361 2228 a
3396 2171 3498 2227 Pa-

1908 2278 2054 2326 trum
2096 2269 2487 2327 catholicorum
2541 2269 2784 2326 doctrina
2810 2276 2867 2326 et
2902 2266 3009 2326 ﬁde
3050 2264 3401 2331 discordans,
3431 2262 3500 2319 ab

1907 2364 2260 2423 infestissimo
2299 2365 2584 2438 explosore
2625 2366 2986 2431 abominetur,
3032 2362 3378 2420 membratim
3407 2375 3502 2416 ne-

1906 2470 2061 2515 cesse
2084 2467 2170 2515 est
2198 2455 2356 2514 nobis
2388 2472 2489 2528 per
2512 2457 2678 2514 verba
2705 2456 2918 2529 singula
2938 2456 3336 2521 demonstrare,
3359 2467 3499 2525 qua-

1906 2548 2034 2606 liter
2054 2563 2165 2605 non
2190 2548 2352 2606 modo
2380 2562 2505 2604 cum
2533 2561 2696 2604 sensu
2724 2553 2887 2619 atque
2917 2544 3185 2611 doctrina,
3221 2558 3409 2600 verum
3447 2550 3503 2598 et

1906 2654 2030 2698 cum
2081 2640 2263 2698 verbis
2331 2638 2758 2697 orthodoxorum
2827 2636 3050 2692 Patrum
3116 2645 3502 2705 usquequaque

1906 2733 2220 2790 concordat.

1975 2825 2085 2898 67
2126 2823 2454 2896 Scripsimus
2477 2821 2620 2878 enim
2659 2820 2714 2876 in
2757 2818 3023 2892 principio
3063 2813 3321 2888 capituli,
3357 2812 3498 2870 Deus

1908 2915 2256 2985 omnipotens,
2278 2912 2421 2969 sicut
2445 2911 2708 2982 scriptum
2732 2917 2818 2965 est
2845 2908 2899 2963 in
2927 2906 3266 2979 Heptatycho
3295 2903 3499 2961 dixisse

1909 3005 2198 3064 Dominum
2222 3005 2290 3060 ad
2317 3003 2556 3076 Moysem
2577 3042 2594 3070 ,
2617 3001 2734 3074 Ego
2751 3041 2768 3068 ,
2795 2999 3051 3055 Dominus
3080 2997 3222 3054 Deus
3243 3039 3258 3063 ,
3299 2996 3395 3051 hoc
3424 3000 3500 3051 est

1911 3113 2097 3153 nomen
2124 3111 2301 3152 meum
2325 3094 2626 3150 memoriale
2663 3090 3035 3162 sempiternum
3062 3089 3117 3144 in
3143 3087 3502 3160 generationes

1909 3198 1958 3244 et
1998 3189 2270 3260 progenies
2312 3185 2512 3258 (Exod.
2553 3200 2636 3251 ιιι,
2677 3182 2789 3255 15).
2831 3181 2902 3237 Et
2922 3181 3161 3238 Hilarius
3193 3180 3247 3235 in
3295 3177 3504 3250 psalmo

1908 3297 2073 3338 cxxix
2101 3296 2116 3334 :
2148 3279 2446 3345 Humana,
2476 3277 2681 3348 inquit,
2712 3273 3046 3330 inﬁrmitatis
3085 3271 3336 3342 religiosa
3373 3283 3503 3325 con~

1908 3372 2074 3429 fessio
2111 3381 2216 3438 est,
2243 3370 2312 3427 de
2345 3371 2457 3426 Deo
2483 3369 2586 3424 hoc
2615 3367 2791 3424 solum
2810 3379 2972 3422 nosse
2993 3403 3008 3431 ,
3045 3361 3189 3434 quod
3215 3361 3360 3416 Deus
3395 3367 3497 3415 est.

1907 3464 1977 3520 Et
1999 3462 2317 3519 Ambrosius
2347 3461 2401 3516 in
2427 3458 2654 3532 epistola
2678 3458 2748 3512 ad
2767 3455 2990 3513 Galatas
3017 3471 3030 3508 :
3058 3453 3199 3526 Deus
3231 3450 3378 3508 enim
3405 3464 3500 3504 na-

1910 3561 2046 3608 turae
2065 3567 2263 3608 nomen
2289 3559 2373 3608 est
2409 3560 2466 3605 et
2492 3542 2799 3621 potestatis.
2833 3545 2904 3601 Et
2941 3546 2998 3600 in
3041 3543 3255 3600 cantico
3296 3542 3500 3606 Exodi,

1910 3641 2248 3715 Omnipotens
2271 3657 2460 3697 nomen
2479 3641 2613 3712 ejus.
2639 3637 2795 3723 Unde
2813 3651 2882 3693 ex
2905 3635 3166 3708 Symbolo
3182 3633 3499 3705 apostolico,

1908 3736 2124 3792 Nicmno
2149 3744 2206 3792 et
2231 3732 2832 3805 Constantinopolitano
2851 3771 2866 3797 ,
2895 3729 3191 3786 secundum
3219 3726 3497 3798 propheti-

1907 3842 2020 3896 cus,
2045 3825 2414 3898 evangelicas,
2437 3833 2492 3882 et
2519 3823 2846 3896 apostolicas
2870 3835 3065 3888 voces,
3110 3817 3279 3875 Deum
3328 3815 3502 3873 omni-

1905 3931 2184 3993 potentem
2238 3920 2552 3986 credimus,
2607 3917 2952 3983 conlitemur,
3002 3923 3060 3971 et
3110 3910 3499 3983 prmdicamus,

1906 4015 2144 4082 Patrem,
2169 4023 2225 4071 et
2248 4014 2466 4079 Filium,
2490 4021 2547 4068 et
2572 4009 2834 4081 Spiritum
2857 4014 3131 4072 sanctum,
3154 4020 3218 4061 ex
3250 4017 3381 4074 quo,
3403 4016 3501 4072 per

1907 4121 2068 4178 quem
2095 4146 2112 4172 ,
2137 4113 2192 4162 et
2220 4105 2273 4160 in
2301 4117 2409 4174 quo
2433 4112 2561 4159 sunt
2590 4101 2776 4158 omnia
2803 4119 2816 4155 :
2849 4100 2950 4170 ipsi
2993 4098 3164 4171 gloria
3209 4097 3264 4152 in
3303 4094 3498 4167 smculn

1908 4196 2248 4254 saeculorum.

1979 4287 2264 4345 Subsecuti
2287 4301 2496 4354 sumus,
2533 4303 2553 4338 ‹
2583 4284 2871 4342 Hominem
2893 4283 3013 4339 sine
3035 4290 3264 4354 peccato
3287 4286 3494 4336 rectum

1908 4397 2028 4438 cum
2059 4379 2230 4437 libero
2253 4379 2480 4435 arbitrio
2502 4377 2761 4434 condidit.
2791 4395 2808 4429 ι
2838 4376 2905 4432 Et
2935 4375 2990 4432 in
3011 4372 3213 4431 Genesi
3233 4371 3492 4442 scriptum

1909 4481 2032 4528 est:
2066 4471 2135 4526 Et
2171 4470 2365 4526 creauit
2409 4468 2552 4524 Deus
2591 4467 2853 4522 hominem
2884 4466 2954 4520 ad
2998 4463 3278 4534 imaginem
3310 4476 3492 4525 suam,

1910 4565 1979 4620 ad
2009 4563 2290 4634 imaginem
2318 4563 2414 4617 Dei
2442 4561 2636 4616 creavit
2681 4558 2833 4614 illum
2865 4555 3022 4631 (Gen.
3051 4574 3100 4622 ι,
3131 4555 3244 4627 27).
3270 4553 3497 4609 Constat

1909 4657 2074 4722 enim,
2097 4664 2154 4710 et
2175 4670 2336 4711 nemo
2360 4654 2596 4710 ﬁdelium
2620 4652 2850 4720 dubitat,
2875 4665 3049 4722 neque
3071 4647 3348 4714 diﬂitetur,
3369 4647 3494 4718 quia

1911 4763 2072 4819 quem
2096 4749 2164 4803 ad
2186 4747 2474 4819 imaginem
2498 4763 2650 4804 suam
2669 4747 2811 4803 Deus
2834 4755 3054 4803 sanctus
3085 4752 3141 4800 et
3175 4752 3377 4807 rectus,
3400 4740 3492 4811 qui

1908 4841 2025 4897 sine
2045 4850 2269 4911 peccato
2280 4849 2385 4907 est,
2400 4841 2661 4906 condidit,
2677 4849 2888 4897 rectum
2901 4849 2955 4896 et
2980 4839 3098 4896 sine
3110 4847 3328 4909 peccem
3345 4835 3490 4890 illum

1908 4936 2133 4991 creavit.
2174 4935 2242 4990 Et
2283 4935 2337 4990 in
2381 4932 2519 4990 libro
2551 4931 2979 4990 Ecclesiastico:
3013 4927 3156 4985 Deus
3182 4927 3373 4984 creavit
3399 4926 3492 4980 ho-

1908 5027 2121 5093 minem,
2139 5036 2184 5082 et
2207 5026 2492 5082 secundum
2519 5023 2799 5095 imaginem
2822 5038 2974 5078 suam
2997 5021 3118 5092 fecit
3132 5019 3280 5073 illum
3298 5015 3488 5088 (Eccli.

1909 5133 2039 5181 xvu,
2067 5118 2142 5188 l).
2171 5117 2239 5171 Et
2268 5116 2464 5172 iterum
2489 5134 2502 5170 :
2527 5113 2789 5171 Convertit
2837 5113 2987 5168 illum
3015 5113 3071 5167 in
3110 5112 3307 5180 ipsum,
3335 5116 3382 5161 et
3411 5124 3487 5161 sc-

1907 5211 2137 5266 cundum
2175 5227 2230 5266 se
2259 5210 2453 5265 vestivit
2491 5208 2642 5263 illum
2683 5209 2868 5264 virtute
2916 5205 3114 5279 (Ibid.,
3169 5201 3246 5274 2).
3284 5200 3350 5256 Et
3388 5199 3492 5256 ite-

1909 5320 2028 5360 rum
2056 5322 2069 5358 :
2098 5304 2235 5359 Deus
2269 5306 2337 5358 ab
2370 5304 2518 5358 initio
2554 5301 2819 5358 constituit
2851 5300 3108 5354 hominem
3128 5337 3141 5364 ,
3188 5306 3236 5350 et
3283 5293 3490 5366 reliquit

1909 5396 2058 5451 illum
2079 5397 2136 5451 in
2158 5413 2317 5452 manu
2342 5395 2546 5452 consilii
2567 5395 2650 5450 sui
2673 5394 2863 5466 (Ercli.
2889 5408 2978 5457 xv,
3006 5391 3114 5461 H).
3138 5389 3206 5445 Et
3227 5389 3280 5444 in
3304 5386 3492 5444 Eccle-

1909 5495 2074 5551 siaste
2099 5513 2109 5548 :
2135 5491 2474 5549 Solummodo
2505 5492 2600 5546 hoc
2627 5489 2821 5553 inveni,
2843 5487 2981 5558 quod
3002 5474 3180 5555 fecerit
3219 5480 3358 5537 Deus
3390 5480 3487 5536 ho-

1908 5586 2099 5642 minem
2129 5596 2348 5652 rectum,
2373 5593 2422 5640 et
2449 5584 2556 5653 ipse
2580 5598 2633 5637 se
2663 5579 2882 5650 inﬁnitis
2904 5575 3167 5632 miscuerit
3189 5573 3491 5648 quwstioni-

1909 5680 2002 5734 bus
2037 5677 2233 5750 (Ercle.
2262 5693 2375 5743 vn,
2403 5675 2512 5746 50).
2540 5673 2694 5730 Unde
2733 5670 2990 5727 Alcuinus
3020 5669 3074 5724 in
3111 5665 3490 5740 explanatione

1908 5769 2146 5839 ejusdem
2177 5768 2398 5840 capituli
2427 5766 2553 5823 dicit
2583 5784 2601 5816 ι
2638 5765 2808 5821 bonos
2828 5777 2926 5834 nos
2950 5778 2980 5819 a
3003 5757 3117 5819 Deo
3135 5770 3368 5826 creatos,
3394 5759 3488 5816 sed

1912 5861 2036 5931 quia
2065 5861 2237 5918 libero
2259 5876 2444 5918 sumus
2467 5856 2712 5916 derclicti
2744 5847 2994 5926 arbitrio,
3023 5857 3154 5914 vitio
3195 5863 3380 5912 nostro
3421 5851 3488 5908 ad
