4052 6334
582 355 678 410 151

1551 345 1881 405 HINCMARI
1915 340 2308 403 RHEHENSIS
2342 346 2884 406 ABCIIIEPISCOPI.

3752 348 3853 405 133

578 467 762 537 pejora
798 464 937 530 labi,
969 463 1094 518 dum
1141 461 1347 533 majora
1394 462 1715 533 quaerimus,
1747 468 1802 514 et
1842 458 1983 514 ultra
2011 459 2155 514 vires
2182 461 2232 521 Α
2259 459 2546 530 templatus
2584 461 2782 531 quippe
2828 460 3040 516 interna
3084 459 3282 532 gaudia
3345 461 3571 519 visionis
3617 461 3772 530 Dei,~
3799 472 3855 519 et

579 567 794 612 nostras
830 555 974 610 varia
1005 556 1326 627 cogitamus.
1361 571 1381 606 ι
1411 554 1479 608 Et
1508 551 1697 608 beatus
1733 552 2066 623 Augustinus
2103 551 2158 606 in

577 647 714 702 libro
753 647 818 701 de
857 645 1209 717 Correptione
1254 654 1308 702 et
1333 646 1523 702 Gratia
1570 645 1638 700 ad
1675 644 1852 700 locum
1902 645 1978 699 ita
2028 643 2162 699 dicit

577 739 717 812 (cap.
747 739 874 811 l2):
908 757 926 791 ι
956 739 1140 795 Primo
1175 739 1358 810 itaque
1384 737 1624 805 homini,
1667 737 1760 808 qui
1809 737 1864 792 in
1908 751 1976 792 eo
2014 735 2159 792 bono

573 849 680 904 quo
711 833 884 888 factus
913 833 1089 888 fuerat
1119 842 1322 898 rectus,
1355 840 1642 904 acceperat
1681 846 1840 902 posse
1882 845 1992 885 non
2029 843 2159 898 pec-

572 938 699 978 care
717 965 731 990 ,
768 938 928 994 posse
955 938 1062 978 non
1092 923 1230 977 mori
1255 963 1274 989 ,
1314 935 1474 993 posse
1504 922 1678 994 ipsum
1700 922 1902 976 bonum
1925 933 2035 974 non
2067 917 2160 973 de-

571 1032 774 1072 serere.
808 1036 826 1069 ι
852 1016 922 1070 Ει
949 1015 1232 1086 aliquanto
1267 1015 1518 1086 superius
1545 1014 1600 1070 in
1621 1014 1816 1071 eodem
1851 1012 1990 1068 libro
2012 1012 2153 1082 (cap.

572 1108 658 1180 lO)
686 1123 701 1162 :
735 1127 754 1160 ι
790 1107 1127 1179 Quapropter
1149 1106 1504 1164 saluberrime
1527 1108 1852 1164 conﬁtemur
1890 1106 2036 1177 quod
2073 1119 2161 1161 re-

569 1201 810 1257 ctissime
840 1201 1142 1268 credimus,
1189 1199 1357 1257 Deum
1402 1199 1800 1270 Dominumque
1837 1208 2018 1255 rerum
2037 1212 2158 1252 om-

569 1292 742 1356 nium,
769 1291 860 1362 qui
882 1291 1090 1347 creavit
1107 1291 1288 1346 omnia
1310 1289 1453 1346 bona
1477 1289 1657 1356 valde,
1681 1297 1738 1345 et
1755 1288 1898 1344 mala
1913 1295 1982 1344 ex’
2003 1286 2162 1344 bonis

567 1391 823 1439 exortura
869 1397 989 1438 esse
1032 1383 1338 1455 praescivit,
1379 1390 1435 1439 et
1472 1383 1637 1439 scivit
1678 1382 1852 1454 magis
1893 1382 1962 1438 ad
2005 1395 2160 1437 suam

565 1475 1148 1547 omnipotentissimam
1194 1475 1488 1533 bonitatem
1533 1477 1837 1549 pertinere,
1883 1476 2049 1532 etiam
2093 1475 2163 1531 de

565 1567 724 1625 malis
758 1567 1095 1636 benefacere,
1138 1583 1300 1640 quam
1346 1569 1488 1625 mala
1533 1583 1657 1626 esse
1700 1583 1810 1625 non
1846 1567 2056 1634 sinere,
2082 1566 2164 1623 sic

563 1659 848 1717 ordinasse
889 1659 1203 1735 angelorum
1248 1670 1305 1718 et
1351 1661 1634 1718 hominum
1670 1661 1872 1726 vitam,
1903 1668 1964 1716 ut
2002 1659 2058 1714 in
2095 1672 2160 1715 ea

563 1756 716 1828 prius
758 1756 1072 1813 ostenderet
1110 1753 1241 1827 quid
1284 1764 1469 1828 posset
1513 1769 1701 1812 eorum
1743 1754 1973 1811 liberum
2012 1752 2162 1808 arbi-

2263 549 2515 606 socialem
2542 551 2905 622 frequentiam
2936 554 3250 626 angelorum
3295 555 3734 624 persistentium,
3769 571 3860 616 res

2262 641 2416 698 duxit
2443 643 2630 700 oculos
2659 644 2728 700 ad
2759 646 2869 701 ima
2896 662 2910 713 ;
2955 647 3092 702 vidit
3129 663 3236 718 quo
3257 645 3495 716 iaceret,
3523 649 3615 719 qui
3643 649 3713 704 ad
3750 649 3856 706 hoc

2261 731 2514 789 conditus
2556 733 2764 800 fuerat,
2797 744 2859 791 ut
2883 735 2939 790 in
2969 736 3282 794 ctelestibus
3315 746 3464 794 stare
3503 739 3791 810 potuisset.
3825 759 3844 794 ι

2260 823 2395 880 Item
2426 825 2480 881 in
2509 825 2649 882 libro
2681 827 2942 900 vigesimo
2971 828 3110 900 (cap.
3136 829 3224 902 16)
3253 849 3267 886 :
3301 850 3320 884 ι
3350 831 3658 890 Humanum
3688 834 3856 906 igitur

2261 931 2432 988 genus
2463 925 2614 975 recto
2637 918 2734 976 Dei
2771 917 2978 990 iudicio
3006 919 3063 978 in
3093 921 3458 994 voluptatibus
3485 925 3601 980 suis
3628 925 3733 982 sibi
3768 926 3853 982 di-

2261 1009 2522 1076 missum,
2570 1019 2732 1083 atque
2774 1027 2873 1082 per
2913 1012 3133 1070 easdem
3179 1013 3486 1086 voluptates
3539 1020 3855 1089 spontaneis

2262 1100 2704 1158 tribulationibus
2732 1103 2988 1159 traditqu
3007 1144 3023 1170 ,
3054 1104 3327 1162 absinthio
3351 1115 3437 1163 est
3461 1107 3692 1165 ebrium.
3733 1111 3857 1168 “Et

2262 1191 2337 1248 in.
2368 1193 2587 1249 homilia
2631 1194 2844 1250 decima
2887 1197 3155 1266 septima:
3185 1215 3205 1249 ι
3235 1197 3374 1266 Quid
3413 1209 3596 1258 autem
3639 1203 3856 1259 animas

2265 1284 2548 1340 hominum
2579 1287 2683 1343 nisi
2709 1287 2887 1343 cibum
2910 1288 3122 1344 Domini
3165 1290 3430 1360 dixerim.
3470 1308 3592 1364 quae
3631 1296 3701 1350 ad
3746 1295 3854 1352 hoc

2263 1387 2390 1434 sunt
2419 1378 2673 1445 conditae,
2701 1390 2760 1434 ut
2792 1381 2845 1436 in
2878 1379 2995 1450 ejus
3023 1397 3251 1452 corpore
3280 1385 3645 1456 trajiciantur,
3681 1388 3736 1445 id
3767 1399 3852 1444 est

2263 1477 2324 1523 ut
2365 1469 2422 1524 in
2463 1478 2684 1525 aeternae
2725 1471 2982 1528 Ecclesia:
3026 1483 3375 1544 augmentum
3425 1478 3666 1534 tendant.
3715 1497 3736 1531 ι
3785 1479 3852 1534 Ει

2261 1561 2454 1618 beatus
2476 1563 2799 1620 Ambrosius
2822 1565 2876 1619 in
2901 1566 3112 1635 psalmo
3135 1580 3304 1622 cxvm
3333 1586 3347 1624 :
3381 1588 3400 1621 ι
3443 1568 3594 1625 Unde
3621 1570 3854 1642 Aposto«

2265 1650 2372 1720 lus,
2402 1654 2457 1708 in
2489 1670 2586 1710 eos
2607 1656 2824 1725 quidem
2849 1658 2941 1727 qui
2972 1659 3287 1715 ceciderunt
3315 1660 3685 1728 severitatem,
3711 1663 3766 1718 in
3798 1672 3852 1718 te

2263 1756 2442 1804 autem
2491 1749 2808 1806 bonitatem.
2859 1751 2916 1806 Si
2955 1752 3103 1808 enim
3147 1769 3254 1812 non
3287 1754 3632 1822 cecidissent,
3663 1757 3853 1827 utique

567 1845 726 1903 "ium
752 1889 767 1915 ,
817 1848 1012 1905 deinde
1045 1848 1174 1920 quid
1217 1857 1403 1920 posset
1444 1863 1556 1905 sum
1598 1847 1788 1920 gratia,
1831 1846 2154 1904 beneﬁcium
2187 1829 2234 1890 Β
2260 1846 2548 1894 uterentur
2572 1849 2626 1894 et
2657 1840 2759 1911 ipsi
2789 1841 2881 1897 Dei
2915 1841 3178 1900 bonitate.
3209 1863 3230 1898 ο
3259 1845 3326 1900 Et
3357 1834 3853 1920 sanctus'Augusti-

555 1934 890 2008 iustitiaeque
911 1937 1196 2010 judicium.
1231 1957 1250 1991 ›
1279 1937 1347 1994 Ει
1378 1947 1501 2011 post
1523 1954 1697 2011 pauca
1725 1957 1738 1994 :
1770 1957 1789 1992 ι
1825 1937 1921 1995 Sic
1957 1947 2014 1994 et
2047 1939 2147 1993 ho-

561 2030 766 2086 minem
801 2030 930 2087 fecit
971 2045 1092 2087 cum
1135 2030 1310 2088 libero
1351 2031 1597 2088 arbitrio.
1627 2051 1648 2085 ι
1681 2030 1748 2087 Et
1771 2031 1900 2087 item
1933 2030 1989 2086 in
2014 2029 2153 2086 libro

563 2120 631 2177 de
655 2120 858 2176 Natura
879 2129 933 2176 et
956 2120 1143 2178 Gratia
1166 2123 1305 2194 (cap.
1330 2121 1420 2191 67)
1447 2139 1460 2176 :
1487 2139 1505 2174 ι
1530 2121 1665 2178 Cum
1687 2130 1867 2177 autem
1891 2121 1958 2176 de
1982 2121 2152 2178 libera

560 2211 840 2269 voluntate
873 2222 1020 2270 recte
1055 2212 1285 2269 faciendi
1327 2213 1616 2284 loquimur,
1649 2214 1714 2270 de
1745 2213 1833 2268 illa
1859 2213 2069 2270 scilicet
2094 2213 2150 2268 in

562 2321 667 2377 qua
699 2306 862 2361 homo
891 2304 1065 2362 factus
1087 2314 1170 2362 est
1194 2305 1486 2377 loquimur.
1523 2323 1542 2358 ι

633 2399 836 2456 Deinde
885 2400 1282 2473 subiunximus,
1323 2418 1341 2452 ι
1378 2399 1441 2455 Ει
1484 2401 1539 2455 in
1580 2401 1830 2471 paradiso
1877 2401 2092 2471 posuit,
2123 2419 2144 2454 ο

563 2495 704 2564 quod
734 2501 789 2548 et
827 2493 986 2547 lectio
1024 2491 1252 2550 Genesis
1293 2495 1483 2559 docet,
1523 2480 1824 2559 Plantavit,
1865 2493 2147 2563 inquiens,

562 2584 706 2639 Deus
733 2583 1041 2655 paradisum
1073 2585 1352 2656 voluptatis
1382 2602 1414 2638 a
1442 2585 1730 2656 principio,
1760 2586 1815 2640 in
1844 2600 1949 2656 quo
1975 2584 2147 2654 posuit

559 2675 822 2732 hominem
865 2693 1018 2749 quem
1065 2676 1381 2748 formaverat
1429 2676 1583 2747 (Gen.
1635 2693 1712 2745 ιι,
1753 2677 1830 2750 8).
1867 2677 2148 2734 Prosecuti

559 2779 770 2831 sumus,
806 2783 824 2817 ι
861 2781 1021 2837 quem
1053 2767 1108 2823 in
1135 2768 1427 2824 sanctitate
1446 2766 1675 2836 iustitia:
1704 2783 2023 2838 permanere
2049 2783 2145 2824 vo-

561 2858 679 2914 luit.
707 2879 726 2910 »
758 2857 911 2914 Unde
934 2868 989 2914 et
1005 2857 1197 2916 beatus
1210 2860 1506 2932 Gregorius
1527 2861 1580 2916 in
1605 2861 1825 2916 homilia
1848 2861 2145 2932 Evangelii,

557 2951 672 3023 68
710 2948 877 3004 Erant
920 2953 1392 3024 appropinquantes
1442 2954 1510 3007 ad
1557 2953 1739 3008 Iesum
1782 2954 2048 3026 publicani
2097 2965 2146 3010 et

557 3054 878 3116 peccatores,
920 3045 989 3100 ad
1034 3043 1212 3101 locum
1259 3046 1388 3101 dicit
1429 3047 1592 3117 (hom.
1638 3045 1708 3102 54
1757 3047 1812 3102 in
1851 3046 2082 3118 Evang.)
2129 3065 2142 3102 :

562 3153 582 3189 ι
609 3134 938 3208 Angelorum
961 3134 1158 3208 quippe
1179 3143 1234 3190 et
1259 3135 1538 3192 hominum
1565 3145 1816 3192 naturam
1848 3137 1917 3193 ad
1947 3152 2147 3209 cogno-

2263 1947 2367 1988 nus
2397 1931 2628 1988 inlibro
2651 1933 2864 1990 decimo
2909 1936 3072 1992 tertio
3112 1936 3250 2008 (cap.
3302 1937 3387 2009 l2)
3428 1939 3496 1994 de
3537 1938 3843 1996 Trinitate;

2267 2042 2286 2076 ι
2319 2023 2561 2092 Quadam
2604 2026 2816 2096 justitia
2844 2026 2964 2094 Dei,
2992 2027 3189 2099 inquit,
3218 2028 3620 2100 in'potestatem
3648 2031 3850 2088 diaboli

2261 2117 2516 2174 traditum
2537 2129 2624 2174 est
2643 2135 2816 2192 genus
2839 2119 3138 2178 humanum
3167 2133 3387 2193 peccato
3406 2123 3568 2195 primi
3591 2125 3849 2192 hominis,

2259 2208 2314 2264 in
2363 2225 2552 2266 omnes
2597 2212 2878 2283 utriusque
2929 2228 3093 2271 sexus
3135 2216 3512 2274 commistione
3561 2228 3856 2276 nascentes

2259 2299 2594 2371 originalitcr
2618 2311 3020 2371 transeunte,et
3041 2316 3324 2378 parentum
3346 2303 3647 2379 primoi'um
3667 2310 3854 2367 debito

2261 2393 2543 2451 universos
2581 2404 2827 2464 posteros
2867 2397 3160 2470 obligante.
3191 2398 3317 2456 Haec
3351 2400 3571 2458 traditio
3607 2402 3764 2472 prius
3792 2401 3851 2458 in

2258 2485 2452 2542 Genesi
2478 2488 2780 2558 significata
2801 2500 2885 2546 est
2907 2505 2925 2545 :
2950 2492 3040 2547 ubi
3068 2505 3191 2547 cum
3215 2494 3455 2563 serpenti
3481 2493 3686 2550 dictum
3703 2503 3854 2551 esset

2257 2587 2453 2632 terram
2480 2577 2841 2646 manducabis,
2867 2583 3072 2638 hornini
3095 2582 3300 2639 dictum
3325 2595 3468 2640 terra
3487 2603 3565 2653 es,
3587 2597 3635 2641 et
3664 2587 3720 2641 in
3739 2599 3852 2643 ter-

2258 2686 2370 2724 ram
2400 2671 2498 2725 ibis
2526 2670 2678 2743 (Gen.
2707 2689 2786 2738 ιιι,
2814 2675 2901 2741 it,
2928 2675 3038 2749 19).
3067 2677 3123 2732 In
3163 2692 3231 2733 eo
3265 2678 3408 2749 quod
3431 2678 3635 2735 dictum
3654 2689 3760 2747 est,
3788 2683 3851 2738 in

2255 2771 2451 2817 terram
2477 2765 2594 2829 ibis,
2626 2781 2772 2822 mors
2793 2769 3038 2839 corporis
3067 2772 3430 2840 prtenuntiata
3451 2782 3558 2840 est,
3589 2774 3718 2845 quia
3742 2791 3849 2833 nec

2256 2853 2427 2923 ipsam
2451 2853 2630 2910 fuerat
2658 2867 3000 2928 experturus,
3016 2861 3060 2916 si
3082 2863 3546 2930 permansissetut
3566 2864 3848 2924 fueratre-

2255 2955 2397 3002 ctus.
2421 2967 2440 3000 ι
2460 2949 2526 3003 Et
2545 2950 2706 3021 paulo
2733 2951 3256 3010 inferiusuEramus
3269 2966 3463 3012 natura
3484 2957 3583 3028 [tlii
3597 2958 3693 3014 ira:
3706 2959 3846 3014 sicut

2253 3049 2302 3094 et
2329 3043 2502 3096 caeteri
2529 3041 2744 3114 (Ep/tes.
2773 3060 2834 3110 ιι,
2856 3044 2930 3117 5).
2951 3045 3214 3113 Quocirca
3242 3049 3569 3122 omnes-69
3594 3051 3847 3108 homines

2253 3133 2322 3187 ab
2369 3134 2576 3204 origine
2611 3137 2710 3192 sub
2744 3137 2990 3208 principe
3033 3147 3161 3194 sunt
3201 3142 3488 3210 potestatis
3533 3142 3704 3209 aeris,
3747 3143 3846 3214 qui

556 3231 814 3287 scendum
865 3245 924 3287 se
970 3231 1230 3288 Dominus
1275 3232 1552 3288 condidit:
1585 3247 1748 3303 quam
1799 3232 1926 3287 dum
1964 3234 2146 3288 censi-
2176 3219 2222 3284 C
2251 3237 2509 3296 operatur
2532 3227 2584 3282 in
2611 3228 2733 3285 liliis
2760 3229 3086 3287 difﬁdentiae.
3114 3232 3180 3288 Ει
3206 3234 3351 3304 quod
3375 3235 3486 3290 dixi
3512 3235 3581 3292 ab
3606 3236 3843 3306 origine,

554 3334 701 3381 stere
722 3323 789 3381 ad
802 3325 1158 3380 :eternitatem
1180 3324 1367 3392 voluit,
1387 3340 1506 3380 eam
1527 3324 1714 3396 procul
1730 3325 1890 3380 dubio
1904 3325 1972 3380 ad
1995 3340 2150 3381 suam

552 3417 955 3474 similitudinem
977 3415 1202 3474 creavit.
1238 3437 1258 3469 ι
1293 3417 1351 3472 ln
1379 3432 1487 3488 qua
1514 3417 1818 3473 aeternitate
1844 3417 2008 3474 homo
2027 3433 2150 3488 per-

555 3511 866 3577 mansisset,
891 3509 940 3566 si
977 3511 1032 3567 in
1065 3511 1358 3567 sanctitate
1377 3509 1606 3579 iustitia:
1627 3511 1975 3581 perstitisset,
2009 3513 2150 3568 sicut

553 3613 775 3662 sanctus
791 3604 1126 3676 Augustinus
1168 3604 1220 3660 in
1252 3603 1477 3677 praefato
1503 3605 1645 3662 libro
1685 3605 1750 3661 de
1792 3606 2147 3678 Correptione

553 3705 610 3754 et
634 3695 823 3754 Gratia
851 3698 988 3770 (cap.
1014 3697 1102 3770 l0)
1131 3715 1146 3752 :
1181 3717 1200 3751 ι
1237 3697 1295 3753 ιιι
1335 3716 1442 3770 quo
1469 3709 1632 3764 statu,
1665 3701 1866 3773 inquit,
1907 3711 2058 3758 recto
2083 3718 2146 3758 ac

552 3791 671 3847 sine
697 3790 852 3856 vitio,
881 3790 925 3846 si
952 3805 1049 3860 per
1071 3791 1244 3862 ipsum
1269 3791 1496 3848 liberum
1529 3793 1812 3848 arbitrium
1838 3796 2000 3850 homo
2032 3810 2146 3859 ma-

553 3899 685 3939 nere
713 3882 988 3951 voluisset,
1017 3882 1261 3956 profecto
1292 3884 1410 3941 sine
1436 3885 1544 3943 ullo
1570 3887 1760 3944 mortis
1787 3897 1842 3944 et
1865 3887 2146 3944 infelicita-

454 4005 459 4013 ρ
554 3979 624 4035 tis
665 3980 1070 4051 experimento,
1113 3981 1389 4052 acciperet
1421 3981 1564 4040 illam
1611 3987 1807 4041 merito
1835 3985 2142 4056 huiusmodi

551 4071 948 4142 permansionis
971 4072 1322 4130 beatitudinis
1342 4073 1752 4144 plenitudinem,
1770 4095 1876 4150 qua
1896 4089 1947 4134 et
1968 4081 2143 4136 sancti

551 4163 725 4234 angeli
753 4171 878 4219 sunt
906 4163 1084 4232 beati,
1119 4165 1173 4222 id
1203 4174 1289 4222 est
1313 4176 1371 4221 ut
1397 4168 1591 4224 cadere
1633 4185 1741 4225 non
1780 4179 1963 4243 posset
2000 4171 2142 4227 ulte-

551 4254 666 4310 rius
692 4295 708 4322 ,
752 4264 808 4312 et
851 4256 953 4310 hoc
989 4256 1292 4312 certissime
1325 4258 1509 4312 sciret.
1544 4255 1678 4313 Nam
1727 4261 1997 4330 quomodo
2030 4261 2145 4331 ipse

548 4354 734 4416 posset
774 4347 936 4402 etiam
969 4347 1022 4401 in
1055 4347 1306 4417 paradiso
1351 4347 1541 4403 beatus
1583 4364 1722 4413 esse,
1768 4351 1900 4420 (imo
1929 4351 2001 4405 ibi
2034 4366 2140 4406 non

549 4450 710 4506 esset,
739 4441 828 4495 ubi
859 4455 981 4497 esse
1007 4443 1265 4497 miserum
1293 4458 1399 4498 non
1427 4443 1689 4517 deceret),
1712 4444 1759 4513 si
1787 4460 1909 4500 eum
1935 4447 2142 4502 sui'ca-

549 4549 642 4588 sus
689 4534 1028 4603 praescientia
1070 4544 1124 4590 et
1168 4536 1330 4592 timor
1356 4538 1489 4592 tanti
1527 4539 1653 4594 mali
1694 4539 1953 4594 miserum
1996 4539 2142 4597 face-

552 4625 668 4678 ret?
703 4643 720 4676 ›
759 4625 826 4679 Et
854 4625 982 4680 item
1009 4627 1196 4683 beatus
1225 4627 1517 4700 Gregorius
1546 4629 1600 4684 in
1631 4629 1768 4688 libro
1803 4641 1996 4687 octavo
2023 4631 2140 4688 Mo-

551 4713 859 4772 raliumlob
883 4717 1090 4791 (cap.6)
1117 4737 1129 4774 :
1166 4740 1183 4772 ι
1214 4720 1294 4775 Ad
1320 4721 1424 4776 hoc
1451 4737 1686 4792 namque
1700 4723 1862 4779 homo
1889 4725 2139 4782 conditus

549 4805 726 4863 fuerat
751 4849 767 4874 ,
807 4817 866 4864 ut
892 4812 1056 4866 stanti
1087 4820 1266 4867 mente
1292 4811 1346 4867 in
1374 4827 1557 4869 arcem
1584 4830 1641 4870 se
1668 4816 2138 4887 contemplationis

551 4902 806 4974 erigeret,
839 4914 894 4960 et
931 4905 1074 4960 nulla
1123 4907 1266 4962 hunc
1314 4907 1589 4978 corruptio
1641 4925 1670 4962 a
1701 4908 2011 4966 Conditoris
2055 4911 2138 4966 sui

550 5008 734 5048 amore
781 4993 1098 5050 declinaret.
1131 5016 1146 5050 ι
1176 4995 1307 5052 ltcm
1354 4997 1404 5052 in
1441 4998 1630 5053 eodem
1663 4999 1801 5070 (cap.
1829 4999 1957 5071 l0):
1999 5019 2016 5052 ι
2057 5001 2139 5056 Ad

550 5083 1023 5154 contemplandum
1072 5087 1271 5158 quippe
1319 5086 1633 5144 Creatorem
1682 5089 1845 5144 homo
1894 5091 2143 5147 conditus

549 5178 756 5247 fuerat,
787 5189 846 5236 ut
877 5181 992 5253 ejus
1035 5198 1250 5255 semper
1289 5184 1522 5256 speciem
1554 5194 1843 5257 qumrcret,
1889 5195 2051 5256 atque
2087 5187 2142 5242 in

547 5273 894 5332 solemnitate
920 5276 1062 5332 illius
1094 5279 1295 5333 amoris
1317 5277 1590 5334 habitaret
1617 5297 1631 5346 ;
1663 5279 1755 5352 sed
1782 5287 1937 5335 extra
1966 5263 2025 5335 se
2047 5294 2145 5350 per

551 5366 970 5424 inobedientiam
1021 5371 1249 5438 missus,
1290 5370 1487 5426 mentis
1515 5386 1625 5426 sua:
1654 5370 1831 5426 locum
1874 5372 2140 5440 perdidit,

550 5457 673 5527 quia
705 5460 1006 5517 tenebrosis
1036 5459 1321 5518 itineribus
1356 5475 1608 5536 Sparsus,
1651 5461 1718 5517 ab
1752 5461 2142 5541 inliahitatione

551 5551 665 5608 veri
690 5550 908 5610 luminis
930 5554 1221 5628 elongavit.
1247 5576 1270 5611 ι
1291 5556 1425 5612 ltem
1450 5555 1502 5610 in
1525 5554 1662 5610 libro
1682 5553 1891 5611 decimo
1907 5555 2140 5626 septimo

554 5653 692 5714 (cap.
725 5643 811 5719 l8)
838 5663 851 5702 :
886 5663 905 5699 ι
941 5647 1023 5703 Ad
1052 5648 1220 5704 vitam
1248 5664 1481 5720 namque
1507 5649 1670 5707 homo
1704 5648 1952 5706 conditus
1990 5649 2043 5704 in
2075 5648 2140 5704 li-

552 5738 760 5795 bertate
780 5740 1010 5812 propria?
1035 5740 1348 5807 voluntatis,
1379 5755 1572 5814 sponte
1597 5757 1691 5798 sua
1728 5739 1903 5798 iactus
1937 5750 2020 5798 est
2049 5741 2141 5798 de-

552 5832 692 5888 bitor
720 5836 923 5891 mortis.
959 5854 974 5885 ι
1003 5835 1134 5890 ltcm
1163 5838 1211 5888 in
1242 5837 1449 5890 decimo
1473 5852 1613 5892 nono
1637 5837 1770 5902 (cap.
1790 5833 1883 5903 24)
1912 5855 1920 5888 :
1955 5855 1971 5888 ι
1999 5834 2138 5892 Con-

2169 4593 2220 4653 D

2253 3317 2356 3374 hoc
2382 3330 2485 3384 est,
2513 3321 2656 3390 quod
2697 3323 2830 3378 dicit
2854 3322 3146 3394 Apostolus
3191 3335 3420 3393 natura,
3467 3335 3523 3384 et
3563 3342 3627 3384 se
3670 3327 3845 3386 fuisse

2250 3411 2392 3468 sicut
2430 3421 2488 3468 et
2537 3422 2792 3480 caeteros,
2847 3424 3042 3472 natura
3086 3417 3298 3476 scilicet
3321 3428 3381 3475 ut
3417 3430 3502 3476 est
3540 3420 3844 3493 depravata

2251 3517 2504 3576 peccato,
2555 3525 2661 3564 non
2711 3520 2771 3565 ut
2811 3520 2959 3567 recta
3005 3522 3189 3567 creata
3236 3520 3319 3569 est
3365 3513 3436 3568 ab
3485 3513 3658 3570 initio.
3707 3535 3728 3569 ι
3772 3515 3845 3574 Ει

2248 3598 2610 3672 Hieronymus
2637 3602 2689 3656 in
2731 3601 2938 3658 Michea
2969 3605 3232 3674 propheta
3277 3605 3332 3660 in
3371 3607 3609 3662 secundo
3645 3605 3790 3664 libro
3823 3627 3839 3663 :

2252 3718 2271 3744 ι
2302 3691 2444 3747 Deus
2464 3693 2609 3748 enim
2629 3694 2832 3748 creavit
2855 3695 3128 3750 hominem
3151 3712 3220 3751 ne
3241 3695 3507 3764 interiret,
3526 3707 3581 3752 et
3602 3708 3839 3754 mortem

2247 3800 2354 3840 non
2385 3785 2528 3840 fecit.
2565 3805 2584 3838 ι
2620 3785 2688 3840 Ει
2709 3787 2902 3842 beatus
2926 3773 3310 3860 Gregorius'in
3341 3789 3480 3845 libro
3501 3799 3698 3858 quarto
3722 3789 3841 3846 Ilo—

2248 3876 2439 3932 ralium
2469 3879 2608 3948 (cap.
2636 3877 2726 3950 28)
2753 3891 2768 3931 :
2807 3896 2826 3930 ι
2865 3879 3002 3947 Quia
3039 3880 3184 3935 enim
3211 3881 3258 3935 si
3285 3888 3566 3951 parentem
3595 3880 3838 3949 primum

2247 3967 2390 4024 nulla
2419 3970 2628 4038 peccati
2661 3970 2890 4040 putredo
2931 3980 3340 4042 corrumperet,
3383 3985 3728 4042 nequaquam
3767 3987 3838 4028 ex

2247 4076 2307 4116 se
2339 4061 2477 4118 filios
2507 4063 2766 4132 gehennae
2795 4071 3116 4134 generaret,
3144 4063 3238 4118 sed
3269 4063 3362 4132 qui
3408 4076 3553 4119 nunc
3597 4078 3696 4134 per
3751 4079 3839 4118 re-

2247 4153 2612 4223 demptionem
2645 4153 2889 4208 salvandi
2925 4163 3072 4222 sunt,
3095 4153 3196 4210 soli
3230 4155 3298 4210 ab
3337 4154 3426 4210 illo
3451 4155 3611 4211 electi
3641 4169 3836 4212 nasce-

2248 4253 2456 4299 rentur.
2493 4265 2511 4298 ι
2547 4245 2613 4299 Et
2644 4254 2864 4300 sanctus
2887 4247 3209 4302 Ambrosius
3243 4261 3368 4302 cum
3400 4255 3704 4313 tractaret,
3745 4245 3839 4302 In-

2248 4336 2507 4391 tellectum
2524 4339 2593 4391 da
2621 4339 2750 4392 mihi
2769 4349 2817 4393 et
2849 4340 3014 4394 vivam
3042 4337 3382 4409 (Isa.cxvnt,
3408 4339 3555 4411 ut),
3579 4339 3656 4396 ait
3681 4353 3696 4393 :
3735 4358 3754 4390 ι
3778 4338 3840 4395 Si

2245 4432 2470 4502 petisset
2505 4436 2673 4488 Adam
2707 4435 2848 4489 sicut
2880 4434 3071 4505 petivit
3102 4433 3293 4499 David,
3339 4449 3678 4504 nequaquam
3712 4433 3838 4488 illos

2248 4525 2651 4581 inextricabiles
2681 4526 2883 4581 erroris
2915 4526 3136 4597 laqueos
3165 4526 3473 4589 incidisset,
3497 4526 3695 4594 quibus
3718 4540 3837 4581 om—

2246 4617 2330 4673 nis
2355 4617 2472 4687 ejus
2494 4617 2780 4674 hmreditas
2800 4619 3188 4691 strangulatur.
3211 4619 3443 4689 ideoque
3465 4626 3711 4673 mortuus
3728 4625 3838 4682 est,

2245 4718 2301 4765 et
2325 4712 2466 4780 quod
2487 4713 2703 4782 gravius
2725 4719 2810 4767 est
2837 4721 3012 4767 morte
3037 4712 3262 4783 peccati,
3291 4713 3419 4782 quia
3453 4719 3580 4766 ante
3608 4725 3843 4780 usurpa-

2246 4804 2325 4858 vit
2349 4804 2525 4872 scire,
2554 4820 2716 4875 quam
2764 4803 3097 4860 intellectum
3142 4819 3250 4875 quo
3290 4804 3660 4859 vivillcaretur
3693 4803 3841 4859 acci-

2247 4906 2419 4969 peret.
2453 4919 2472 4953 ι

2321 4993 2524 5048 Deinde
2550 4991 2948 5061 subjunximus,
2984 5010 3003 5045 ι
3037 4990 3209 5047 Homo
3242 4989 3413 5046 libero
3442 4989 3668 5045 arbitrio
3699 4987 3845 5043 male

2248 5093 2408 5140 utens
2435 5085 2682 5155 peccavit
2706 5092 2760 5138 et
2785 5085 3002 5150 cecidit,
3039 5093 3096 5139 et
3121 5083 3300 5141 factus
3339 5093 3423 5140 est
3450 5097 3630 5138 massa
3653 5082 3842 5152 perdi-

2247 5177 2410 5232 tionis
2461 5177 2625 5232 totius
2692 5177 2914 5231 humani
2984 5176 3220 5247 generis.
3293 5171 3448 5232 Unde
3507 5171 3839 5244 Apostolus:

2249 5268 2358 5326 Per
2394 5286 2576 5337 unum,
2604 5270 2798 5340 inquit,
2829 5269 3092 5324 hominem
3139 5269 3196 5322 in
3233 5267 3373 5322 hunc
3416 5265 3676 5320 mundum
3713 5281 3841 5335 pec-

2248 5374 2423 5420 catum
2452 5364 2685 5428 intravit,
2717 5371 2764 5417 et
2786 5379 2880 5434 per
2899 5370 3170 5434 peccatum
3189 5376 3351 5426 mors,
3383 5370 3433 5416 et
3459 5361 3532 5414 ita
3563 5358 3620 5412 in
3661 5371 3844 5412 omnes

2251 5457 2486 5512 homines
2547 5455 2888 5528 pertransiit,
2959 5456 3014 5508 in
3079 5469 3183 5525 quo
3246 5468 3426 5508 omnes
3494 5459 3838 5524 peccauerunt

2251 5549 2435 5623 (Rom.
2482 5566 2548 5615 v,
2596 5549 2706 5622 12).
2744 5549 2868 5605 ι-Ει
2907 5549 3082 5604 item:
3135 5565 3156 5599 ι
3195 5547 3472 5604 Iudicium
3508 5561 3572 5601 ea:
3620 5559 3726 5598 uno
3782 5544 3843 5598 in

2249 5648 2774 5713 condemnationem,
2829 5656 2878 5702 et
2949 5646 3085 5701 sicut
3126 5662 3218 5719 per
3281 5645 3440 5699 unius
3495 5641 3742 5696 delictum
3783 5640 3844 5692 in

2251 5755 2427 5795 omnes
2495 5739 2727 5794 homines
2773 5737 2828 5792 in
2879 5738 3364 5793 condemnationem
3411 5733 3601 5805 (Ibid.,
3646 5731 3754 5801 16).
3822 5749 3841 5781 ι

2251 5831 2384 5888 Hinc
2441 5840 2660 5889 sanctus
2722 5831 3037 5887 Ambrosius
3097 5831 3150 5886 in
3208 5828 3547 5900 expositione
3611 5824 3770 5880 Lucae
3827 5841 3840 5876 :
