4052 6334
275 406 372 464 153

1017 407 1105 462 DE
1142 404 1819 462 PRAEDESTINATIONE
1859 403 2316 461 DlSSERTATlO
2353 393 2768 462 POSTERIOR.

3418 397 3520 457 134

275 538 294 572 ι
339 518 460 575 Fuit
506 517 719 584 Adam,
772 526 826 572 et
873 519 926 573 in
983 518 1074 572 illo
1127 519 1326 574 fuimus
1371 534 1560 575 omnes
1613 532 1627 571 :
1677 517 1839 588 periit
1868 515 2472 586 Aprtedestinationem
2523 517 2728 572 scilicet
2751 521 2812 572 et
2837 511 3286 586 praeparationem
3316 510 3522 584 "gratiae

268 610 462 675 Adam,
512 617 569 664 et
596 609 649 665 in
682 608 772 666 illo
802 625 991 666 omnes
1035 611 1331 682 perierunt.
1367 631 1385 662 ›
1415 611 1479 665 Et
1512 611 1702 666 beatus
1730 609 1838 664 Au-

264 704 546 775 gustinus:
581 720 602 756 ι
644 701 781 770 Quia
809 718 971 768 vero,
1022 703 1235 774 inquit,
1281 719 1375 774 per
1415 701 1646 758 liberum
1695 701 1835 756 arbi-

261 800 417 854 trium
451 799 620 856 homo
670 800 838 856 Deum
891 802 1156 868 deseruit,
1179 799 1388 871 justum
1428 800 1691 871 judicium
1741 799 1836 856 Dei

257 900 513 961 expertus
537 899 644 958 est,
683 901 740 946 ut
785 907 905 946 cum
953 901 1060 946 tota
1110 909 1208 948 sua
1253 892 1442 962 stirpe,
1486 908 1606 962 quae
1643 891 1696 946 in
1747 889 1838 945 illo

255 981 430 1038 adhuc
451 981 632 1052 posita
662 989 772 1038 tota
798 998 919 1038 cum
951 983 1044 1039 illo
1065 994 1401 1054 peccaverat,
1419 984 1784 1040 damnaretur.
1813 1002 1832 1035 ι

322 1071 718 1142 Subjunximus
769 1073 1041 1144 denique:
1081 1094 1098 1127 ‹
1146 1075 1289 1132 Deus
1333 1084 1512 1131 autem
1563 1076 1736 1131 bonus
1785 1083 1840 1130 et

247 1162 425 1233 justus
443 1164 609 1238 elegit
637 1181 706 1222 ex
734 1167 922 1221 eadem
963 1183 1141 1223 massa
1172 1167 1511 1240 perditionis,
1537 1168 1834 1224 secundum

249 1259 651 1329 praescientiam
680 1275 856 1326 suam,
876 1275 1010 1330 quos
1047 1262 1404 1333 per-gratiam
1432 1260 1836 1332 przedestinavit

251 1349 315 1404 ad
332 1349 596 1417 vitam,et
617 1351 783 1406 vitam
813 1351 918 1406 illis
941 1353 1342 1423 praedestinavit
1358 1351 1838 1424 aeternam.'rHinc

247 1436 618 1512 apostolorum
645 1443 926 1514 princeps:
955 1442 1141 1498 Petrus
1171 1441 1436 1514 apostolus
1465 1441 1591 1497 Jesu
1621 1441 1833 1506 Christi,

244 1531 423 1588 electis
479 1532 694 1588 aduenis
742 1533 1027 1589 secundum
1075 1535 1457 1606 prwscientiam
1517 1533 1611 1589 Dei
1657 1530 1838 1588 Patris

247 1622 304 1692 (ι
345 1623 578 1692 Putat,
634 1625 720 1696 1).
761 1626 828 1682 Et
878 1627 1077 1684 Paulus
1124 1627 1397 1700 apostolus
1447 1648 1460 1683 :
1516 1627 1656 1682 Nam
1707 1645 1837 1701 quos

243 1713 511 1782 prmscivit
549 1723 602 1770 et
653 1715 1042 1787 pmdestinavit
1091 1717 1383 1787 conformes
1435 1717 1552 1787 ﬁeri
1592 1718 1838 1790 imaginis

243 1805 348 1873 ﬁlii
374 1807 463 1860 sui
493 1805 667 1878 (Rom.
701 1823 822 1873 vm,
854 1808 964 1880 29).
1001 1809 1067 1864 Ει
1108 1808 1443 1880 Augustinus
1492 1810 1545 1864 in
1587 1809 1725 1864 libro
1773 1810 1838 1866 de

1943 611 2180 682 Dei,qua
2213 611 2512 667 certissime
2538 609 2837 666 liberantur
2863 605 3171 679 quicunque
3195 605 3517 673 liberantur;
3602 633 3610 639 -

1942 711 2169 759 caeteros
2213 709 2424 766 autem,
2456 713 2592 770 quos
2619 713 2650 754 a
2677 697 2916 771 generali
2951 697 3256 769 perditione
3298 695 3519 755 humani

1941 795 2155 865 generis
2183 793 2355 865 gratia
2405 807 2510 848 non
2553 791 2779 857 exemit,
2812 789 2958 860 justo
2987 786 3521 860 noverimusjudicio

1941 903 2046 944 non
2093 893 2392 957 exemptos,
2435 893 2492 942 et
2519 885 2651 956 quid
2688 884 2845 941 nobis
2872 883 3160 940 remissum
3201 883 3276 940 sit
3332 882 3388 938 in
3441 881 3524 939 eis

1941 979 2229 1045 discamus,
2261 978 2328 1033 de
2365 992 2595 1049 quorum
2623 974 2779 1046 queri
2811 973 3158 1032 damnatione
3185 988 3295 1032 non
3333 987 3523 1045 possu-

1940 1088 2078 1128 mus.
2121 1091 2141 1126 ›
2176 1073 2243 1128 Et
2261 1071 2555 1144 Gregorius
2600 1071 2656 1127 in
2679 1070 2818 1127 libro
2853 1070 3114 1142 vigesimo
3159 1068 3350 1140 quinto
3377 1068 3517 1141 (cap.

1939 1164 2004 1236 7)
2041 1163 2351 1220 Moralium:
2389 1182 2409 1216 ‹
2458 1162 2682 1220 Cunctis
2702 1163 2873 1233 liquet
2893 1162 3040 1232 quod
3070 1161 3126 1217 in
3161 1159 3252 1217 illa
3275 1167 3520 1216 extrema

1940 1257 2291 1328 requisitione
2319 1272 2547 1312 examen
2578 1255 2851 1329 publicum
2880 1253 3125 1312 factum
3145 1263 3234 1311 est
3275 1253 3526 1324 omnipo-

1941 1357 2060 1404 tens
2089 1349 2265 1414 Dens,
2307 1356 2368 1404 ut
2412 1347 2545 1405 alios
2577 1350 2645 1404 ad
2695 1355 2965 1404 tormenta
3015 1348 3253 1414 deserat,
3277 1345 3416 1402 alios
3451 1344 3522 1400 ad

1938 1440 2406 1512 participationem
2441 1440 2591 1512 regni
2627 1440 2863 1496 etelestis
2900 1438 3168 1495 admittat.
3199 1435 3311 1494 Sed
3335 1443 3395 1492 et
3420 1437 3524 1493 hoc

1940 1545 2082 1586 nunc
2130 1540 2339 1588 secreto
2379 1531 2584 1601 judicio
2627 1532 2867 1602 quotidie
2914 1533 3128 1604 agitur,
3187 1529 3334 1602 quod
3393 1535 3524 1584 tunc

1941 1623 1995 1679 in
2041 1623 2257 1694 publico
2307 1623 2782 1680 demonstrabitur.
2834 1623 2969 1680 Nam
2995 1623 3156 1694 (justo
3201 1633 3272 1678 ac
3308 1619 3525 1678 miseri-

1940 1714 2178 1770 corditer
2206 1714 2538 1786 singulorum
2582 1717 2746 1772 corda
2782 1715 2866 1771 vel
2916 1715 3239 1772 examinans
3280 1712 3369 1768 vel
3411 1710 3524 1768 dis-

1941 1822 2168 1878 ponens,
2224 1807 2359 1864 alios
2432 1808 2486 1863 in
2541 1809 2814 1864 exteriora
2862 1809 3106 1880 respuit,
3154 1806 3290 1863 alios
3334 1806 3404 1862 ad
3456 1819 3522 1860 ea

242 1895 730 1957 Pradestinatione
767 1910 1106 1969 sanctorum,
1137 1912 1191 1958 et
1221 1903 1452 1972 Prosper
1491 1915 1557 1957 ex
1588 1901 1831 1973 ejusdem
1861 1885 1908 1944 Β
1935 1911 2056 1968 qua
2099 1905 2224 1953 sunt
2260 1897 2586 1954 intrinsecus
2609 1899 2810 1965 trahit,
2859 1899 2958 1954 hos
3008 1898 3258 1956 accendit
3303 1897 3520 1954 interna

243 1994 454 2061 verbis,
503 2005 695 2052 contra
750 1994 1080 2068 obiectiones
1124 1996 1362 2067 querula:
1412 1995 1697 2066 imperitiae
1737 2009 1831 2050 seu

243 2083 461 2142 fallacis
489 2086 708 2144 invidiae
733 2088 1049 2144 aemulorum
1077 2089 1223 2145 beati
1271 2088 1556 2161 Augustini
1591 2107 1603 2143 :
1635 2105 1653 2140 ι
1690 2087 1833 2144 Prae-

241 2178 542 2235 destinatio
564 2189 669 2246 est,
693 2180 960 2253 inquiunt,
983 2183 1169 2254 gratiae
1195 2182 1516 2253 praeparatio
1540 2198 1554 2248 ;
1588 2197 1694 2254 qua
1716 2181 1832 2237 sine

239 2273 588 2342 praescientia
625 2288 744 2329 esse
777 2289 882 2328 non
911 2283 1107 2346 potest,
1141 2283 1319 2345 potest
1344 2284 1522 2328 autem
1553 2288 1672 2329 esse
1716 2273 1832 2328 sine

240 2364 720 2432 prasdestinatione
735 2365 1093 2437 prmscientia.
1112 2365 1242 2434 Quae
1256 2365 1398 2420 enim
1416 2380 1482 2420 ex
1502 2365 1593 2420 Dei
1610 2379 1832 2420 munere

243 2451 530 2523 habemus,
547 2466 602 2512 et
629 2474 747 2529 quae
767 2459 1016 2530 praescita
1039 2458 1312 2524 dicuntur,
1331 2474 1435 2513 non
1474 2467 1700 2529 possunt
1725 2474 1831 2514 non

243 2558 365 2598 esse
386 2546 791 2615 prtedestinata,
815 2560 870 2605 et
895 2564 1016 2622 qua:
1036 2548 1422 2620 praedestinata
1467 2548 1828 2619 appellantur,

241 2650 350 2689 non
381 2644 614 2706 possunt
635 2653 741 2692 non
770 2653 890 2695 esse
919 2640 1188 2710 przescita.
1206 2638 1272 2693 Et
1290 2635 1550 2694 Dominus
1581 2639 1634 2692 in
1658 2637 1831 2693 Evan-

241 2726 417 2796 gelia:
455 2725 656 2794 Venite,
678 2727 928 2784 benedicti
974 2727 1153 2786 Patris
1196 2732 1316 2795 mei,
1345 2731 1592 2802 percipite
1618 2746 1832 2802 regnum

239 2817 384 2888 quod
404 2804 547 2874 nobis
558 2831 804 2892 paratum
822 2863 838 2890 ,
864 2822 914 2878 id
938 2832 1021 2879 est
1045 2823 1509 2894 praedestinatum,
1528 2833 1602 2878 est
1634 2823 1697 2877 ab
1726 2822 1832 2876 ori-

239 2913 358 2983 gine
391 2913 580 2967 mundi
609 2913 824 2986 (Matth.
852 2931 980 2983 xxv,
1003 2915 1114 2987 54).
1143 2915 1210 2970 Et
1232 2916 1361 2971 item
1383 2915 1582 2970 Paulus
1607 2931 1620 2970 :
1645 2912 1832 2969 Gratia

242 3012 421 3057 autem
469 3002 570 3058 Dei
620 3005 725 3059 uita
762 3014 957 3061 aeterna
989 3004 1167 3080 (liam.
1196 3022 1265 3072 vr,
1315 3007 1430 3079 23).
1471 3026 1489 3057 ι
1531 3005 1668 3062 Hinc
1721 3005 1833 3060 Au-

242 3096 498 3166 gustinus
541 3096 597 3150 in
643 3095 873 3167 praefato
902 3091 1040 3153 libro
1070 3100 1136 3154 de
1183 3098 1664 3155 Prtedestinatione
1705 3113 1828 3154 san-

241 3197 457 3245 ctorum
497 3209 512 3244 :
545 3209 564 3242 ι
597 3188 783 3248 Gratia
807 3206 936 3247 vero
966 3202 1049 3248 est
1073 3192 1185 3264 jam
1214 3193 1326 3263 ipsa
1357 3193 1481 3248 vitae
1527 3192 1764 3249 donatio.
1802 3212 1821 3245 ι

241 3277 308 3332 Et
331 3279 502 3334 item:
536 3298 554 3332 ι
584 3279 700 3348 Quo
725 3281 869 3337 circa
899 3257 1301 3352 praidestinaiio
1332 3282 1428 3338 Dei
1458 3299 1576 3354 quae
1605 3283 1659 3338 in
1685 3284 1830 3338 bono
1857 3257 1902 3321 C

241 3379 348 3434 est,
384 3369 578 3442 gratiae
601 3380 704 3436 est,
739 3380 797 3425 ut
831 3371 959 3435 dixi,
992 3373 1343 3444 praeparatio,
1374 3373 1482 3446 70
1502 3372 1679 3444 gratia
1700 3389 1832 3430 vero

243 3461 415 3534 ipsius
443 3463 928 3533 prazdestinationis
961 3465 1206 3521 ellectus.
1241 3486 1259 3519 ι

323 3553 530 3609 Deinde
580 3553 995 3626 conjunximus:
1049 3575 1068 3608 ‹
1127 3558 1364 3614 Caeteros
1425 3567 1642 3625 autem,
1696 3573 1831 3628 quos

238 3646 469 3718 iustitia:
492 3646 699 3718 judicio
726 3647 780 3703 in
808 3664 987 3705 massa
1013 3651 1332 3720 perditionis
1361 3651 1598 3722 reliquit,
1626 3651 1831 3722 peritu-

241 3755 336 3797 ros
391 3741 689 3816 praescivit,
725 3742 822 3802 sed
872 3759 980 3799 non
1022 3755 1083 3798 ut
1136 3745 1376 3815 perirent
1400 3743 1827 3816 praedestinavit,

240 3849 466 3904 pinnam
502 3845 680 3894 autem
738 3838 844 3893 illis
889 3838 1016 3909 quia
1057 3838 1240 3911 justus
1284 3849 1368 3896 est
1427 3840 1831 3911 praedestinavit

242 3936 526 3983 aeternam.
559 3949 580 3986 ι
617 3930 685 3984 Ει
712 3929 966 4002 Prosper,
1015 3931 1229 3986 actione
1278 3931 1436 3986 tertia
1469 3941 1657 3987 contra
1710 3929 1832 3984 Vin-

243 4017 570 4075 eentianos:
599 4038 618 4072 ι
655 4018 908 4079 Omnium
938 4021 1155 4093 quidem
1184 4021 1464 4077 hominum
1498 4032 1712 4077 creator
1749 4029 1832 4077 est

244 4110 412 4178 Deus,
440 4111 535 4168 sed
568 4127 727 4172 nemo
751 4113 819 4169 ab
849 4130 914 4171 eo
943 4114 1065 4170 ideo
1091 4124 1310 4172 creatus
1344 4121 1508 4172 estut
1544 4115 1764 4184 periret.
1805 4134 1823 4167 ι

241 4200 315 4258 Et
353 4201 550 4261 beatus
594 4204 929 4277 Augustinus
976 4207 1030 4263 in
1072 4207 1212 4263 libro
1267 4207 1334 4264 de
1383 4205 1529 4264 Bono
1558 4208 1642 4264 vel
1681 4207 1830 4262 Dono

241 4297 686 4364 perseverantiae,
729 4301 797 4356 ad
839 4299 1018 4356 locum
1067 4303 1141 4357 ita
1172 4303 1301 4359 dicit
1344 4303 1480 4375 (cap.
1521 4301 1610 4375 l4)
1644 4321 1656 4356 :
1695 4323 1712 4353 ι
1748 4304 1830 4358 An

241 4387 536 4458 quisquam
564 4390 746 4447 dicere
771 4392 1009 4460 audebit,
1059 4393 1228 4450 Deum
1262 4410 1364 4450 non
1393 4395 1675 4467 praescisse
1713 4396 1829 4464 qui-

241 4475 350 4531 bus
372 4485 516 4532 esset
554 4477 780 4536 daturus
822 4490 882 4536 ut
925 4483 1243 4551 crederent,
1303 4495 1393 4539 aut
1431 4500 1567 4556 quos
1603 4484 1828 4540 daturus

241 4578 394 4624 esset
425 4568 561 4626 Filio
586 4588 708 4640 suo,
732 4582 791 4628 ut
815 4589 884 4630 ex
925 4575 1007 4632 eis
1031 4592 1134 4632 non
1165 4578 1416 4647 perderet
1456 4592 1779 4647 quemquam
1804 4578 1826 4631 ‘i

243 4659 379 4727 Quae
408 4662 593 4733 utique
633 4665 676 4720 si
704 4667 1006 4736 prmscivit,
1033 4667 1274 4738 profecto
1302 4669 1561 4724 beneﬁcia
1589 4685 1685 4724 sua
1712 4669 1828 4740 qui-

245 4752 349 4809 bus
377 4771 479 4811 nos
524 4757 776 4830 dignatur
806 4759 1040 4816 liberare
1089 4762 1377 4833 praescivit.
1413 4762 1537 4818 llaec
1563 4772 1645 4817 est
1687 4778 1825 4833 prae-

245 4842 542 4900 destinatio
587 4857 920 4917 sanctorum,
963 4851 1100 4906 nihil
1131 4851 1276 4906 aliud
1304 4870 1316 4906 :
1347 4853 1687 4923 praescienlia
1719 4853 1825 4907 sci-

243 4934 373 4990 licet
401 4946 453 4991 et
480 4943 802 5012 prasparatio
829 4943 1218 4999 beneﬁciorum
1255 4943 1370 5011 Dei,
1413 4945 1608 5014 quibus
1635 4945 1827 5000 certis-

243 5027 384 5082 sime
413 5027 708 5086 liberantur
736 5034 1043 5104 quicunque
1073 5034 1389 5090 liberantur.
1425 5035 1617 5092 Caiteri
1646 5047 1826 5093 autem

242 5117 334 5172 ubi
367 5119 472 5175 nisi
504 5120 556 5175 in
586 5138 766 5178 massa
796 5125 1280 5195 perditionisjusto
1309 5125 1489 5180 divino
1514 5124 1716 5194 judicio
1744 5143 1830 5182 re-

241 5208 599 5280 linquuntur?
631 5235 650 5268 ι
691 5215 843 5272 Unde
892 5225 947 5272 et
993 5225 1212 5272 sanctus
1239 5216 1471 5286 Prosper
1506 5218 1559 5272 in
1611 5216 1827 5271 absolu-

245 5303 396 5359 tione
423 5304 740 5375 objectionis
769 5317 956 5364 octava
978 5317 1166 5364 contra
1198 5307 1497 5364 Januenses
1528 5327 1540 5362 :
1589 5328 1606 5359 ι
1645 5309 1826 5380 Agno-

240 5409 464 5453 scamus
493 5397 676 5470 itaque
701 5401 994 5473 sapienter,
1024 5401 1219 5473 pieque
1243 5399 1508 5456 fateamur
1547 5401 1829 5471 praescisse

244 5484 764 5548 incommutabiliter
825 5491 995 5548 Deum
1041 5493 1238 5563 quibus
1297 5501 1440 5549 esset
1488 5493 1712 5547 daturus
1771 5500 1830 5546 ut

243 5577 556 5647 crederent,
586 5589 678 5635 aut
699 5597 834 5654 quos
861 5583 1086 5639 daturus
1105 5593 1250 5640 esset
1274 5583 1412 5639 Filio
1443 5600 1560 5647 suo,
1579 5593 1720 5638 utex
1750 5583 1829 5640 eis

243 5684 353 5724 non
381 5669 634 5740 perderet
670 5689 1014 5746 quemquam.
1042 5675 1110 5731 Et
1132 5674 1176 5731 si
1198 5675 1314 5730 hazc
1343 5676 1628 5746 praescivit,
1661 5676 1826 5732 bene-
1851 5734 1857 5739 _

239 5761 367 5838 licia
403 5779 501 5818 sua
544 5764 690 5821 illum
741 5767 937 5839 quibus
985 5784 1083 5825 nos
1135 5769 1388 5840 dignatur
1428 5769 1660 5824 liberare
1699 5787 1830 5840 pra:-

242 5853 453 5913 scisse;
494 5865 544 5912 et
587 5857 724 5914 hanc
769 5875 888 5916 esse
915 5859 1444 5922 nrwdcstinationem
1473 5869 1781 5915 sanctorum
1811 5877 1838 5914 ει

1856 4621 1906 4680 D

1937 1997 2210 2059 appetere,
2240 1989 2360 2046 illos
2406 2006 2505 2061 pro
2539 1991 2906 2063 voluptatibus
2954 1992 3068 2050 suis
3113 1991 3319 2047 deserit
3366 1998 3517 2046 exte-

1933 2081 2078 2136 riora
2111 2081 2372 2152 cogitare.
2406 2101 2424 2133 i
2457 2081 2524 2137 Et
2548 2083 2881 2154 Augustinus
2919 2082 2974 2138 in
3012 2079 3326 2154 supradicto
3373 2080 3516 2137 libro

1933 2173 2000 2229 de
2024 2172 2375 2244 Correptione
2411 2181 2467 2229 et
2493 2173 2664 2245 gratia
2708 2175 2848 2246 (cap.
2899 2173 3031 2247 10):
3068 2192 3088 2227 ε
3123 2173 3404 2245 Quotquot
3445 2188 3515 2228 ex

1933 2264 2036 2320 hac
2086 2266 2275 2337 stirpe,
2309 2265 2439 2336 quin
2491 2266 2650 2338 primi
2677 2266 2934 2332 hominis,
2958 2267 3133 2338 gratia
3158 2266 3250 2322 Dei
3275 2264 3513 2322 liberan-

1932 2364 2024 2411 tur
2043 2371 2074 2411 a
2105 2356 2448 2413 damnatione
2470 2357 2659 2427 utique
2696 2357 2996 2414 liberantur
3014 2400 3028 2425 ,
3057 2372 3164 2430 qua
3183 2357 3296 2428 jam
3327 2367 3514 2414 tenen-

1932 2455 2022 2503 tur
2049 2449 2319 2517 obstricti,
2340 2449 2482 2506 unde
2501 2450 2711 2508 etiamsi
2737 2451 2916 2508 nullus
2939 2451 3285 2519 liberaretur,
3307 2452 3513 2523 justum

1934 2539 2028 2594 Dei
2052 2541 2316 2612 judicium
2348 2555 2506 2597 nemo
2529 2543 2675 2614 juste
2728 2545 3172 2614 reprehenderet.
3201 2544 3356 2611 Quod
3387 2556 3518 2613 ergo

1931 2632 2089 2701 pauci
2117 2632 2173 2686 in
2204 2633 2610 2704 comparatione
2651 2635 3017 2704 pereuntium,
3051 2635 3106 2689 in
3135 2649 3236 2690 suo
3259 2648 3388 2689 vero
3417 2649 3519 2687 nu-

1933 2738 2086 2781 mero
2112 2725 2411 2783 liberantur
2440 2727 2616 2795 multi,
2643 2727 2811 2798 gratis
2833 2727 2913 2793 tit,
2934 2727 3121 2798 gratia
3142 2735 3269 2782 sunt
3292 2725 3518 2797 agenda

1933 2817 2060 2886 quia
2082 2815 2181 2872 ﬁt:
2220 2831 2289 2873 ne
2312 2819 2433 2890 quis
2465 2817 2614 2874 velut
2633 2820 2699 2874 de
2721 2819 2834 2874 suis
2855 2819 3062 2876 meritis
3078 2818 3391 2884 extollatur,
3419 2817 3515 2874 sed

1934 2921 2094 2963 omne
2123 2923 2186 2965 os
2209 2908 2543 2977 obstruatur,
2574 2919 2626 2968 et
2659 2912 2750 2982 qui
2775 2911 3038 2982 gloriatur
3065 2911 3122 2968 in
3151 2911 3380 2968 Domino
3402 2910 3516 2984 glo-

1932 2998 2121 3055 rietur.
2155 3019 2174 3054 ι

2004 3093 2071 3150 Ει
2127 3095 2185 3151 in
2233 3095 2371 3153 libro
2415 3097 2482 3152 de
2526 3097 2714 3154 Gratia
2759 3097 3000 3165 Christi’,
3046 3106 3103 3153 et
3145 3097 3316 3154 libero
3364 3097 3514 3153 arbi-

1935 3186 2072 3255 trio,
2113 3196 2277 3259 atque
2318 3189 2569 3262 originali
2620 3181 2880 3262 peccato,
2932 3205 3094 3262 quem
3133 3190 3517 3264 Hypomnesti-

1933 3293 2034 3334 con
2085 3279 2408 3350 appellavit,
2473 3281 2540 3336 ad
2594 3281 2771 3337 locum
2830 3283 2885 3336 in
2939 3282 3318 3352 explanatione
3361 3297 3516 3352 qua:-

1935 3370 2129 3426 stionis
2171 3381 2337 3429 sexta:
2382 3373 2450 3428 de
2495 3374 2973 3444 praedestinatione
3024 3376 3102 3430 ita
3128 3375 3258 3431 dicit
3309 3374 3422 3446 (tib.
3458 3391 3510 3430 vr

1934 3463 1991 3517 in
2039 3464 2294 3538 princ.):
2341 3482 2361 3516 ι
2413 3465 2824 3523 Prazdestinatio
2881 3469 3078 3539 quippe
3127 3483 3157 3522 a
3206 3466 3509 3538 praeviden-

1934 3557 2033 3636 do,
2075 3566 2130 3614 et
2175 3559 2592 3630 praeveniendo,
2655 3561 2740 3617 vel
2795 3561 3207 3632 prmordinando
3266 3559 3506 3614 futurum

1934 3649 2037 3721 71
2070 3649 2273 3722 aliquid
2301 3651 2517 3708 dicitur.
2561 3653 2629 3706 Et
2657 3652 2779 3708 ideo
2807 3654 2949 3709 Deus
2970 3693 2984 3720 ,
3040 3653 3128 3708 cui
3176 3649 3514 3723 praescientia

1935 3761 2041 3799 non
2069 3745 2340 3812 accidens,
2370 3749 2464 3802 sed
2494 3747 2731 3802 essentia
2759 3745 2861 3802 fuit
2901 3762 3116 3816 semper
3140 3754 3194 3801 et
3227 3756 3330 3811 est,
3361 3742 3519 3814 quid-

1936 3838 2064 3908 quid
2090 3847 2377 3910 antequam
2413 3841 2485 3895 sit
2513 3841 2730 3910 przeseit
2758 3839 3124 3910 praedestinat;
3155 3849 3210 3893 et
3235 3843 3516 3908 propterea

1934 3932 2304 4002 praedestinat,
2335 3934 2461 4004 quia
2488 3933 2649 4003 quale
2671 3934 2912 3988 futurum
2941 3933 3012 3987 sit
3037 3931 3273 4002 praeseit.
3311 3928 3434 3984 Ideo
3461 3933 3518 3981 et

1934 4024 2248 4096 Apostolus,
2280 4024 2422 4080 Nam
2451 4044 2580 4097 quos
2624 4027 2900 4096 pra’scivit,
2930 4027 3122 4096 inquit,
3164 4033 3213 4079 et
3244 4022 3519 4094 prwdesti-

1937 4117 2076 4170 navit
2101 4114 2278 4187 (Rom.
2311 4131 2428 4182 vm,
2457 4114 2571 4188 29).
2622 4117 2728 4171 Sed
2765 4132 2873 4171 non
2921 4132 3084 4172 omne
3129 4116 3274 4186 quod
3303 4113 3518 4184 praescit

1935 4207 2286 4280 praedestinat
2315 4226 2327 4262 :
2358 4207 2498 4263 mala
2525 4208 2668 4264 enim
2701 4217 2908 4264 tantum
2937 4208 3172 4278 praescit,
3209 4208 3349 4262 bona
3393 4218 3518 4258 vero

1935 4311 1988 4356 et
2033 4303 2252 4372 praescit
2280 4311 2334 4357 et
2380 4303 2748 4374 praedestinat.
2806 4303 2962 4370 Quod
3012 4316 3140 4372 ergo
3187 4300 3386 4354 bonum
3437 4304 3520 4350 est

1935 4394 2276 4464 praescientia
2307 4396 2676 4465 praedestinat,
2724 4395 2776 4450 id
2807 4405 2891 4451 est
2937 4396 3248 4466 priusquam
3276 4390 3348 4445 sit
3378 4390 3431 4444 in
3460 4405 3520 4445 re

1935 4487 2282 4556 praeordinat.
2333 4487 2446 4542 Hoc
2486 4504 2608 4543 cum
2657 4489 2774 4560 ipso
2832 4499 3054 4544 auctore
3098 4503 3220 4542 esse
3269 4483 3515 4553 coeperit,

1936 4587 2111 4644 vocat,
2145 4578 2382 4645 ordinat,
2412 4588 2465 4635 et
2491 4581 2748 4649 disponit.
2781 4579 2934 4635 Unde
2965 4589 3020 4634 et
3067 4578 3351 4646 sequitur:
3377 4573 3515 4627 Nunt

1932 4684 2060 4738 quos
2089 4669 2476 4739 prwdestinavit
2503 4671 2596 4724 Iros
2630 4680 2678 4723 et
2711 4671 2928 4735 vocavit,
2953 4674 3156 4741 et'quos
3186 4668 3378 4722 vocavi:
3404 4667 3520 4720 illos

1933 4767 1980 4810 et
2004 4758 2357 4828 justiﬁcarit;
2400 4777 2527 4830 quos
2558 4770 2731 4814 autem
2761 4761 3072 4831 justiﬁcavit
3104 4760 3223 4814 illos
3249 4769 3294 4812 et
3323 4758 3522 4829 gloriﬁ-

1933 4851 2064 4904 cavit
2119 4851 2314 4923 (ibid.).
2361 4849 2478 4905 Jam
2528 4853 2691 4922 igitur
2722 4855 2964 4924 apertius
3007 4855 3334 4908 disseramus
3378 4849 3519 4920 quod

1931 4940 2226 5010 loquimur,
2255 4943 2524 5012 quomodo
2554 4959 2679 5013 erga
2709 4945 3002 4999 humanum
3039 4959 3209 5014 genus
3232 4941 3520 5012 praescion-

1933 5033 2005 5086 tia
2037 5041 2090 5087 et
2140 5035 2616 5102 praedestinatione
2670 5051 2766 5090 sua
2801 5035 2974 5102 Deus,
3025 5036 3076 5089 in
3122 5051 3231 5104 quo
3262 5032 3517 5100 iniquitas

1939 5139 2044 5178 non
2076 5134 2175 5189 est,
2209 5133 2409 5181 utatur.
2445 5127 2632 5182 Massae
2657 5128 2841 5198 itaque
2868 5127 3088 5183 humani
3134 5124 3368 5196 generis,
3400 5137 3519 5191 qam

1940 5215 1992 5269 in
2021 5215 2191 5269 Adam
2235 5225 2291 5271 et
2329 5217 2436 5273 Eva
2485 5219 2931 5288 praevaricatione
2963 5217 3284 5272 damnabilis
3322 5225 3518 5268 morta-

1941 5307 2113 5378 lisque
2139 5309 2280 5363 l'acta
2323 5320 2428 5375 est,
2475 5327 2577 5365 non
2611 5312 2918 5366 conditione
2949 5311 3128 5366 divina
3174 5308 3516 5381 generaliter,

1939 5400 2032 5454 sed
2054 5415 2120 5454 ex
2148 5400 2347 5466 debito,
2387 5415 2547 5471 pcena
2575 5402 2952 5471 cruciatusque
2980 5400 3236 5471 gehennae
3261 5398 3515 5462 debetur;

1939 5494 2093 5550 venia
2127 5510 2257 5552 vero
2285 5512 2391 5552 non
2430 5497 2646 5562 merito,
2677 5497 2772 5552 sed
2803 5495 2895 5551 Dei
2915 5494 3047 5564 justi
3081 5492 3279 5562 judicis
3308 5491 3515 5547 miseri-

1936 5588 2132 5643 cordia:
2161 5587 2408 5659 largitate
2434 5589 2728 5645 confertur.
2763 5589 2899 5655 Quia
2944 5586 3281 5658 verogjustus
3320 5595 3375 5640 et
3413 5583 3515 5638 mi-

1934 5679 2168 5735 sericors
2197 5678 2360 5746 Deus,
2395 5681 2759 5750 praesciusque
2788 5679 3114 5747 futurorum,
3140 5694 3205 5736 ex
3237 5680 3338 5735 hae
3363 5677 3515 5734 dam-

1937 5774 2102 5828 nabili
2129 5790 2326 5839 massa,
2357 5788 2464 5828 non
2493 5789 2844 5846 personarum
2872 5774 3205 5846 acceptione,
3247 5773 3337 5827 sed
3369 5767 3513 5840 judi-

1935 5865 2020 5919 cio
2069 5865 2338 5933 aequitatis
2379 5883 2487 5922 sua:
2539 5866 3014 5937 irreprehensihili,
3069 5871 3174 5924 imo
3218 5868 3513 5934 incompre-
