4052 6334
539 431 646 490 135

1398 442 1403 447 ’
1448 419 1846 481 HINCMARUS
1880 414 2276 477 BHEMENSIS
2307 410 2919 473 ARCHIEPISCOPUS.

3698 406 3796 459 I36

538 543 795 603 henSibili
819 554 956 611 quos
978 537 1213 610 pncscit,
1239 535 1611 595 misericordia
1642 536 1878 607 gratuita
1915 548 2121 607 praepa-
2146 536 2197 597 Α
2225 538 2455 587 mortem
2487 526 2689 593 carnis,
2713 527 2785 581 ibi
2818 523 2972 581 nobis
2999 521 3254 579 Dominus
3295 521 3438 578 Deus
3458 528 3654 611 noster
3682 533 3799 577 nie-

520 645 646 702 ‘rat,
674 636 726 692 id
750 641 856 702 est,
882 628 1225 702 praedestinat
1252 629 1320 686 ad
1361 638 1619 686 aeternam
1649 628 1816 686 vitam
1843 645 1860 696 ;
1893 635 2121 686 czeteros

483 790 493 800 ,
541 735 719 785 autem
746 737 927 797 pmna,
960 732 1020 779 ut
1051 722 1308 795 praedixi,
1354 721 1536 779 debita
1574 721 1762 793 punit;
1817 736 1953 793 quos
1999 719 2122 779 ideo

542 818 716 890 punit,
743 814 872 888 quia
896 814 1026 887 quid
1054 821 1239 871 essent
1276 812 1445 873 futuri
1481 813 1771 885 praescivit,
1800 826 1908 868 non
1940 820 2120 868 tamen

540 909 844 983 puniendos
871 907 986 977 ipse
1023 905 1157 964 fecit
1182 904 1267 961 vel
1291 906 1717 976 praedestinavit.
1754 906 1849 964 sed
1889 913 2118 970 tantum,

541 1008 603 1057 ut
620 999 753 1067 dixi,
776 998 831 1055 in
864 995 1156 1055 damnabili
1191 1009 1369 1055 massa
1394 997 1687 1069 praescivit.
1713 996 1866 1066 Quod
1892 996 1937 1054 si
1966 1010 1998 1053 a
2035 1011 2122 1051 me

542 1090 741 1165 quieris
762 1090 925 1155 scire,
951 1102 1051 1145 cur
1074 1089 1181 1146 duo
1220 1088 1325 1146 ista
1359 1087 1669 1147 diil‘erenter
1701 1087 1844 1145 Deus
1882 1088 2032 1153 facit,
2073 1087 2122 1144 si

540 1195 896 1257 personarum
940 1191 1193 1252 acceptor
1221 1196 1330 1238 non
1371 1190 1475 1246 est,
1504 1179 1992 1253 quiageneraliter
2028 1185 2122 1235 aut

540 1274 736 1347 punire
760 1274 920 1331 debet
939 1272 1174 1346 iustitia,
1201 1282 1296 1329 aut
1318 1272 1687 1331 misericordia
1713 1272 1966 1338 liberare,
1992 1286 2123 1328 con-

541 1365 703 1424 tende
733 1380 859 1424 cum
900 1365 1088 1434 Paulo,
1111 1366 1223 1424 imo
1249 1366 1297 1422 si
1335 1366 1522 1432 audes,
1565 1379 1730 1437 argue
1752 1363 1997 1430 Paulum,
2028 1358 2122 1434 qui

546 1457 700 1524 dixit,
728 1456 946 1517 Christo
968 1458 1024 1514 in
1051 1472 1113 1515 se
1136 1457 1409 1529 loquente,
1433 1456 1478 1514 ο
1499 1456 1672 1523 homo,
1698 1469 1754 1512 tu
1772 1457 1889 1530 quis
1913 1473 1991 1522 es,
2030 1457 2120 1528 qui

439 1551 459 1567 '
543 1549 855 1621 respondeas
890 1549 1003 1606 Deo
1037 1548 1218 1622 (Rom.
1241 1565 1321 1616 ιι,
1350 1549 1480 1622 10)?
1507 1568 1526 1601 ι
1568 1558 1627 1605 et
1663 1557 1857 1607 caetera
1892 1564 2011 1618 quac
2040 1548 2119 1605 le-

544 1647 664 1702 ctor
689 1639 763 1697 ibi
782 1638 1234 1699 suﬁcientissime
1251 1640 1454 1713 poterit
1474 1640 1736 1698 invenire.
1751 1632 1918 1696 Nobis
1939 1648 2122 1696 autem

547 1730 773 1788 interim
803 1732 1002 1789 sufﬁcit
1026 1732 1426 1799 demonstrare,
1464 1732 1695 1803 qualiter
1732 1747 1801 1788 ex
1847 1732 2025 1789 verbis
2069 1739 2126 1788 et
2164 1792 2171 1797 ,

545 1819 797 1879 sensibus
832 1821 1219 1880 catholicorum
1264 1837 1295 1878 a
1330 1821 1487 1879 nobis
1525 1821 1757 1895 capitula
1795 1823 1903 1879 sint
1932 1838 2123 1880 excer-

2222 620 2458 676 dicinam
2486 615 2883 675 emendationis
2939 612 3189 679 inseruit,
3221 625 3384 683 quam
3413 610 3504 668 ille
3550 625 3658 668 non
3687 625 3804 670 me-

2222 714 2353 779 ruit,
2378 710 2593 770 occulta
2620 718 2678 766 et
2702 708 2869 766 nimis
2896 720 3093 763 arcana
3130 704 3473 764 ordinatione
3501 703 3699 761 divinae
3723 703 3806 760 al-

2224 815 2401 876 tusque
2442 801 2690 873 justitiae.
2747 798 2818 857 Ut
2862 813 2992 872 ergo
3022 797 3165 855 sicut
3203 811 3303 869 per
3330 810 3495 853 unum
3526 792 3805 851 hominem

2218 911 2389 963 mors,
2440 896 2514 952 ita
2560 904 2616 951 et
2664 908 2763 968 per
2787 907 2954 950 unum
2982 890 3255 949 hominem
3284 888 3441 946 fieret
3474 886 3806 946 resurrectio

2220 997 2580 1053 mortuorum,
2608 986 2736 1058 quia
2764 985 2939 1056 magis
2978 983 3223 1039 vitabant
3248 981 3495 1040 homines
3518 977 3662 1051 quod
3684 976 3806 1034 evi-

2223 1091 2339 1139 tare
2361 1096 2466 1136 non
2489 1086 2758 1151 poterant,
2784 1087 3018 1136 mortem
3045 1075 3228 1133 carnis
3255 1087 3417 1147 quam
3438 1078 3669 1130 mortem
3694 1068 3808 1141 spi-

2222 1173 2381 1238 ritus,
2429 1171 2484 1226 id
2522 1176 2627 1237 est,
2663 1169 2835 1242 magis
2874 1181 3091 1242 pinnam
3132 1179 3295 1237 quam
3317 1162 3568 1220 meritum
3606 1171 3804 1233 poenae,

2223 1263 2371 1337 (nam
2397 1276 2509 1321 non
2529 1273 2758 1333 peccare
2781 1268 2877 1316 aut
2913 1273 3024 1317 non
3047 1264 3291 1324 curatur,
3321 1265 3416 1312 aut
3436 1268 3626 1327 parum
3649 1266 3812 1310 cura-

2222 1364 2341 1420 tur;
2365 1367 2472 1410 non
2492 1351 2632 1409 mori
2659 1359 2863 1419 autem,
2883 1350 3131 1422 quamvis
3152 1364 3261 1406 non
3284 1344 3614 1416 obtineatur,
3639 1345 3811 1403 vehe-

2223 1454 2433 1502 menter
2470 1441 2786 1517 satagitur,)
2829 1443 2958 1500 vita
3002 1439 3290 1508 mediator,
3329 1438 3620 1497 ostendens
3643 1450 3808 1509 quam

2222 1551 2333 1593 non
2381 1535 2454 1593 sit
2484 1550 2631 1594 mors
2662 1534 2919 1602 timenda,
2956 1548 3076 1606 quae
3101 1548 3202 1606 per
3226 1533 3518 1590 humanam
3540 1528 3809 1589 conditio-

2223 1643 2349 1685 nem
2372 1626 2485 1697 jam
2508 1626 2664 1684 evadi
2688 1640 2797 1684 non
2828 1632 3025 1698 potest,
3051 1626 3148 1684 sed
3184 1624 3367 1697 potius
3396 1624 3667 1696 impietas.
3688 1635 3817 1694 qua:

2222 1732 2322 1791 per
2364 1717 2526 1775 fidem
2547 1716 2730 1774 caveri
2765 1723 2968 1788 potest.
3002 1735 3023 1769 ο
3068 1715 3205 1772 item
3225 1713 3555 1786 Augustinus
3583 1712 3639 1769 in
3669 1710 3831 1768 libro

2223 1810 2439 1868 decimo
2476 1810 2640 1868 tertio
2667 1810 2807 1881 (cap.
2837 1809 2928 1880 Η)
2973 1810 3041 1865 de
3072 1805 3340 1864 Trinitate
3368 1823 3385 1862 :
3419 1822 3441 1857 ι
3471 1804 3636 1862 Pater
3680 1817 3816 1875 pro-

543 1918 658 1985 pta.
685 1911 754 1969 Et
790 1922 915 1984 post
937 1913 1191 1986 plurima,
1215 1914 1346 1971 item
1382 1915 1572 1971 beatus
1598 1894 1930 1987 Augustinus
1956 1915 2009 1971 in
2032 1931 2122 1973 eo-

2227 1910 2349 1975 pter
2368 1916 2469 1959 nos
2510 1900 2648 1959 Filio
2674 1915 2781 1957 non
2811 1899 3009 1973 parcit,
3036 1899 3152 1971 ipse
3179 1913 3280 1971 pro
3307 1897 3463 1955 nobis
3489 1910 3611 1954 eum
3643 1894 3815 1987 tradi-

546 2003 670 2063 dem
704 2005 844 2064 libro
864 2006 998 2064 dicit
1027 2021 1044 2063 :
1078 2026 1099 2062 ε
1133 2006 1358 2080 Oportet
1386 2007 1550 2080 igitur
1576 2016 1636 2064 ut
1675 2009 1745 2063 ad
1784 2023 1846 2064 ea
1883 2022 2003 2080 quae
2029 2023 2123 2064 su-

545 2095 728 2168 perius
786 2098 1063 2171 disputare
1132 2100 1397 2172 coepimus
1460 2107 1816 2157 revertamur.
1842 2110 1856 2133 ·
1882 2099 2125 2157 Diximus

545 2201 796 2260 namque,
831 2188 901 2247 de
931 2189 1225 2249 damnabili
1255 2191 1476 2248 humani
1502 2191 1719 2263 generis
1746 2206 1927 2249 massa
1958 2191 2126 2248 Deum

546 2280 847 2351 praecisae,
884 2279 1259 2340 misericordia
1284 2298 1393 2340 non
1431 2283 1664 2351 meritis,
1683 2297 1821 2355 quos
1863 2281 2128 2341 electione

546 2370 734 2441 gratias
758 2372 1163 2444 praedestinavit
1188 2374 1487 2442 ad-vitam;
1532 2385 1758 2433 caterua
1793 2383 1999 2444 autem,
2033 2376 2127 2446 qui

421 2505 423 2508 ‹
543 2462 749 2536 judicio
777 2461 1002 2534 justitiae
1023 2467 1143 2539 ejus
1169 2466 1240 2525 ab
1265 2466 1369 2525 hac
1394 2468 1569 2541 gratia
1597 2468 1907 2526 eiliciuntur
1928 2483 2127 2541 exper-

547 2562 650 2622 tes,
676 2558 959 2629 praeisse
998 2567 1209 2617 tantum
1252 2560 1384 2617 vitio
1421 2562 1641 2632 proprio
1681 2562 1974 2632 perituros,
2020 2578 2127 2621 non

546 2650 606 2702 ut
655 2646 897 2718 perirent
951 2649 1381 2721 pmdestinasse.
1438 2650 1577 2718 Sed,
1624 2664 1685 2709 ut
1727 2653 1864 2722 dixi,
1907 2668 2045 2725 quos
2072 2653 2129 2711 in

548 2749 711 2808 opera
741 2738 1036 2812 impietads
1066 2750 1124 2798 et
1161 2742 1351 2801 mortis
1396 2743 1692 2814 praescivit,
1737 2761 1845 2801 non
1872 2745 2130 2817 praeordi-

547 2829 719 2897 navit,
746 2845 850 2889 nec
886 2831 1119 2904 impulit,
1147 2833 1204 2889 in
1229 2832 1427 2904 quibus
1458 2835 1627 2893 Deum
1674 2837 1743 2892 ad
1788 2836 2128 2896 iracundiam

548 2929 926 2989 provocantes,
954 2921 1147 2979 salutis
1174 2923 1337 2980 ﬁdem
1363 2932 1458 2981 aut
1479 2926 1826 2997 praedicatam
1855 2928 1957 2987 sibi
1987 2928 2131 2986 acci-

546 3019 678 3081 pere
701 3010 912 3079 nolunt,
940 3023 1035 3069 aut
1056 3013 1169 3072 Deo
1184 3012 1369 3086 judice
1393 3033 1500 3077 non
1528 3030 1777 3091 possunt,
1799 3021 1884 3078 vel
1910 3031 2128 3094 accepta
2150 3090 2155 3095 1

550 3098 691 3159 male
722 3110 970 3172 utuntur,
1018 3113 1076 3161 et
1128 3105 1199 3164 ob
1247 3107 1352 3164 hoc
1398 3109 1686 3167 traduntur
1734 3110 1793 3166 in
1842 3111 2130 3183 reprobum

551 3206 791 3263 sensum,
826 3204 887 3252 ut
930 3196 1138 3254 faciant
1176 3212 1241 3255 ea
1285 3213 1408 3270 quae
1436 3215 1542 3258 non
1581 3202 1830 3259 convenit
1876 3202 2056 3277 (Rom.
2089 3218 2128 3270 ι,

2227 1992 2306 2048 dit
2333 1992 2404 2049 ad
2439 1999 2668 2048 mortem
2712 1989 2888 2064 (Rom.
2919 2004 3040 2058 vrn,
3082 1988 3198 2062 32).
3249 1987 3357 2046 Sed
3387 1987 3543 2047 video
3569 1985 3717 2060 quod
3757 1994 3817 2041 et

2227 2091 2389 2140 antea
2436 2082 2598 2139 Pater
2637 2082 2826 2139 dilexit
2881 2097 3002 2149 nos,
3034 2095 3145 2139 non
3170 2079 3346 2138 solum
3388 2087 3678 2152 antequam
3708 2092 3817 2150 pro

2228 2174 2386 2231 nobis
2401 2172 2572 2233 Filius
2591 2183 2915 2242 moreretur,
2946 2174 3043 2231 sed
3068 2175 3358 2245 antequam
3381 2172 3639 2230 conderet
3658 2187 3817 2228 mun-

2226 2265 2376 2334 dum,
2412 2266 2531 2337 ipso
2572 2273 2713 2324 teste
2752 2266 3010 2340 Apostolo
3039 2266 3130 2337 qui
3166 2264 3337 2323 dicit:
3359 2263 3510 2322 Sicut
3542 2261 3692 2336 elegit
3719 2278 3819 2319 nos

2226 2359 2284 2414 in
2326 2359 2437 2431 ipso
2484 2369 2607 2416 ante
2655 2360 3075 2418 constitutionem
3110 2358 3293 2417 mundi
3321 2357 3540 2431 (Ephes.
3574 2374 3618 2426 ι,
3648 2358 3731 2429 4).
3760 2375 3783 2411 ι

2298 2449 2368 2506 Et
2397 2446 2459 2505 S.
2488 2434 2794 2522 Cyprianus
2835 2451 2889 2507 in
2923 2449 3061 2507 libro
3096 2449 3166 2508 de
3209 2449 3423 2521 Lapsis,
3484 2449 3611 2521 quia
3646 2461 3813 2519 poena

2229 2539 2301 2594 sit
2328 2538 2622 2596 constituta
2654 2539 2899 2611 reprobis
2931 2539 3008 2597 ita
3033 2540 3202 2597 dicit:
3239 2559 3259 2594 ι
3290 2539 3351 2596 lu
3375 2539 3688 2611 Evangelio.
3719 2540 3814 2590 in-

2227 2628 2440 2699 quiens,
2470 2629 2734 2687 Dominus
2766 2632 2823 2686 in
2862 2629 3047 2688 verbis
3089 2630 3278 2688 doctor
3310 2637 3367 2687 et
3406 2632 3818 2686 consummatur

2228 2722 2286 2777 in
2324 2720 2508 2788 factis,
2535 2722 2737 2779 docens
2758 2722 2889 2794 quid
2916 2721 3095 2787 ﬂeret,
3126 2730 3185 2781 ot
3215 2721 3421 2779 faciens
3450 2718 3818 2789 quodcunque

2229 2812 2529 2881 docuisset,
2554 2812 2816 2885 quidquid
2859 2828 3007 2873 nunc
3046 2813 3255 2888 geritur
3281 2820 3339 2869 et
3362 2820 3602 2884 geretur,
3630 2823 3815 2868 nonne

2229 2916 2359 2965 ante
2384 2907 2755 2980 praemonuit?
2785 2907 2978 2966 Nonne
3002 2915 3059 2965 et
3084 2907 3406 2981 negantibus
3433 2914 3640 2963 aterna
3677 2919 3817 2979 sup-

2229 2998 2418 3068 plicia,
2445 3007 2502 3054 et
2530 2998 2792 3056 salutaria
2812 2999 3200 3057 conﬁtentibus
3222 2997 3444 3070 praemia
3464 3004 3592 3054 ante
3609 2988 3818 3055 consti-

2232 3092 2406 3148 luit?»
2438 3091 2506 3149 Et
2537 3093 2595 3150 in
2622 3092 2760 3152 libro
2788 3096 2858 3152 de
2876 3092 3206 3152 Mortalitate
3223 3093 3477 3162 ita.dicit,
3503 3111 3525 3146 σ
3542 3091 3714 3152 Nemo
3731 3093 3817 3149 fu-

2233 3197 2477 3246 turorum
2508 3198 2708 3247 metum
2731 3190 2955 3261 cogitat,
2982 3190 3124 3248 diem
3148 3188 3360 3249 Domini
3381 3197 3439 3246 et
3462 3189 3602 3246 iram
3632 3188 3751 3255 Dei,
3763 3196 3815 3245 et

544 3284 665 3358 ss),
693 3286 781 3344 his
810 3300 1028 3360 poenam
1054 3289 1492 3361 praedestinatam
1531 3306 1651 3350 esse
1687 3293 1791 3349 rite
1817 3293 2068 3351 fatemur.
2104 3313 2124 3348 ι
2155 3284 2203 3348 c
2234 3280 2528 3339 incredulis
2543 3291 2765 3340 ventura
2788 3280 3136 3355 ευρριίοίαιθι
3155 3288 3356 3340 statuta
3380 3280 3819 3354 perﬁdiam:

546 3375 617 3435 Et
646 3388 867 3439 sanctus
914 3380 1149 3455 Prosper
1200 3383 1255 3439 in
1306 3384 1483 3456 prima
1533 3385 1883 3457 responsione
1937 3385 2129 3456 prima

548 3468 865 3541 objectionis
894 3472 1170 3532 Gallorum
1197 3476 1265 3549 ad
1304 3475 1485 3534 locum
1521 3495 1535 3533 :
1574 3496 1593 3531 ι
1629 3475 2130 3535 Praedestinationis

548 3569 729 3619 autem
762 3563 896 3622 ﬁdes
919 3565 1088 3623 multa
1116 3577 1427 3626 sanctarum
1462 3570 1784 3627 auctoritate
1823 3569 2131 3641 Scriptura-

547 3672 669 3715 rum
694 3658 801 3731 72
827 3661 1035 3717 munita
1060 3670 1164 3728 est,
1203 3663 1288 3720 cui
1321 3663 1469 3720 nullo
1503 3664 1666 3721 modo
1689 3662 1773 3721 fas
1793 3671 1880 3721 est
1904 3678 1969 3720 ea
2007 3680 2128 3736 quae

546 3747 616 3806 ab
665 3748 971 3810 hominibus
1000 3751 1138 3809 inale
1184 3763 1419 3826 aguntur
1460 3753 1703 3823 ascribi;
1737 3755 1832 3812 sed
1870 3772 1938 3812 ex
1966 3756 2127 3828 primi

546 3840 720 3914 patris
739 3844 1182 3914 praevaricatione
1201 3856 1489 3915 venerunt,
1509 3850 1576 3905 de
1599 3846 1755 3919 cujus
1777 3861 1940 3919 pcnua
1968 3864 2128 3906 nemo

545 3929 826 4002 liberatur,
854 3934 959 3993 nisi
986 3951 1086 4009 per
1111 3937 1343 4009 gratiam
1374 3938 1585 3995 Domini
1612 3939 1783 3996 nostri
1814 3937 1942 3995 Iesu
1971 3938 2129 3997 Chri-

546 4021 620 4080 sti
643 4032 1002 4097 praaparatam
1027 4036 1085 4085 et
1111 4029 1552 4100 praedestinatum
1576 4030 1630 4087 in
1658 4038 1862 4088 aeterno
1895 4031 2127 4088 consilio

551 4113 649 4173 Dei
677 4119 805 4175 ante
830 4107 1275 4178 constitutionem
1296 4121 1501 4179 mundi.
1532 4140 1555 4176 ι

618 4206 702 4264 Et“
720 4208 1052 4284 Augustinus
1076 4212 1134 4269 in
1161 4211 1301 4271 libro
1351 4220 1546 4287 quarto
1593 4214 1661 4272 de
1689 4212 1955 4273 Trinitate
1984 4214 2125 4289 (cap.

547 4303 679 4378 ηγι
708 4324 728 4357 ‹
751 4304 858 4361 Per
894 4323 1057 4365 unum
1088 4308 1274 4383 quippe
1300 4308 1558 4365 hominem
1601 4319 1871 4381 peccatum
1910 4310 2127 4365 intravit

545 4395 603 4451 in
625 4397 902 4465 mundum,
930 4407 977 4454 et
1016 4414 1110 4470 per
1133 4408 1399 4470 peccatum
1443 4415 1606 4468 mors,
1642 4409 1692 4455 et
1740 4401 1815 4456 ita
1860 4402 1917 4456 in
1950 4416 2128 4457 omnes

542 4487 871 4557 pertransiit,
910 4490 968 4542 in
996 4505 1097 4560 quo
1125 4504 1303 4544 omnes
1342 4502 1684 4560 peccaverunt
1727 4490 1909 4563 (Rom.
1935 4507 1986 4556 v,
2012 4492 2125 4563 12).

546 4572 719 4646 Hujus
744 4574 843 4632 viae
863 4576 1129 4633 mediator
1154 4577 1397 4636 diabolus
1424 4576 1551 4647 fuit,
1568 4594 1865 4652 persuasor
1894 4584 2126 4655 peccati,

2232 3383 2502 3433 tormenta
2532 3389 2692 3434 nemo
2734 3376 3066 3434 considerat.
3099 3393 3118 3430 ι
3160 3376 3294 3433 Item
3322 3376 3380 3433 in
3424 3376 3563 3434 libro
3587 3377 3657 3434 de
3686 3375 3820 3433 ΖεΙο

2232 3474 2287 3522 et
2315 3465 2512 3524 Livore
2541 3485 2557 3525 :
2587 3485 2608 3521 ι
2637 3468 2743 3536 Qui
2764 3468 2898 3537 odit,
2924 3468 3122 3539 inquit,
3150 3467 3371 3526 fratrem
3399 3482 3555 3525 suum
3581 3468 3640 3525 in
3670 3477 3817 3525 tene-

2229 3559 2345 3617 bris
2390 3560 2497 3633 73
2541 3560 2812 3628 ambulat,
2853 3568 2909 3618 et
2954 3562 3131 3618 nescit
3176 3576 3285 3634 quo
3334 3570 3444 3618 eat.
3496 3561 3625 3619 Abit
3666 3563 3820 3620 enim

2232 3653 2445 3710 nescius
2473 3656 2528 3711 in
2555 3655 2879 3726 gehennam,
2911 3656 3132 3727 ignarus
3156 3663 3214 3712 et
3239 3669 3414 3714 caecus
3442 3654 3822 3728 praecipitatur

2231 3745 2285 3800 in
2319 3759 2560 3816 poenam,
2597 3747 2858 3828 recedens
2897 3746 3106 3805 scilicet
3142 3762 3174 3803 a
3209 3746 3409 3805 Christi
3454 3746 3659 3808 lumine
3700 3762 3823 3804 mo-

2230 3837 2410 3895 nentis
2453 3846 2509 3895 et
2553 3837 2784 3897 dicentis
2826 3852 2842 3893 :
2884 3838 2998 3912 Ego
3034 3855 3152 3896 sum
3200 3838 3296 3895 tua:
3332 3839 3537 3896 mundi.
3578 3836 3687 3907 Qui
3733 3855 3852 3925 me.

2230 3938 2437 3986 secutus
2463 3930 2619 4000 fuerit
2658 3946 2763 3986 non
2797 3929 3085 3988 ambulabit
3125 3933 3184 3987 in
3211 3931 3456 4000 tenebris,
3486 3931 3577 3989 sed
3610 3930 3820 3987 habebit

2229 4020 2404 4078 lumen
2443 4023 2560 4080 vita:
2598 4021 2781 4096 (Joan.
2807 4039 2929 4092 Vill,
2958 4026 3069 4096 12).
3098 4044 3118 4079 ι
3156 4025 3291 4083 item
3329 4026 3385 4083 in
3427 4025 3569 4081 libro
3604 4023 3675 4081 ad
3714 4023 3822 4081 De

2230 4112 2560 4171 metriannm
2587 4132 2601 4169 :
2636 4134 2655 4168 ι
2688 4113 2881 4173 Merito
2909 4131 3042 4189 ergo
3072 4117 3472 4176 incursantibus
3495 4115 3673 4191 plagis
3707 4132 3819 4175 non

2230 4205 2425 4264 desunt
2445 4206 2541 4264 Dei
2563 4205 2792 4280 ﬂagella,
2815 4221 2918 4267 nec
2940 4211 3167 4268 verbera
3190 4227 3206 4267 :
3228 4224 3349 4283 quae
3371 4223 3496 4267 cum
3524 4208 3661 4265 nihil
3693 4209 3820 4267 istic

2228 4310 2607 4369 promoveant,
2646 4316 2748 4359 nec
2782 4302 2853 4359 ad
2892 4301 3064 4360 Deum
3103 4303 3341 4376 singulos
3391 4311 3540 4362 tanto
3582 4301 3819 4360 cladium

2229 4398 2439 4448 terrore
2470 4402 2812 4463 convertant,
2838 4404 3021 4452 manet
3055 4396 3399 4468 postmodum
3431 4409 3622 4454 carcer
3653 4405 3817 4453 atter-

2230 4499 2351 4551 nus,
2381 4495 2438 4542 et
2460 4485 2605 4558 iugis
2634 4487 2872 4555 ﬂamma,
2896 4495 2953 4544 et
2988 4503 3147 4560 pinna
3185 4498 3465 4562 perpetua.
3490 4488 3605 4546 Nec
3634 4488 3821 4547 audie-

2234 4586 2320 4633 tur
2349 4577 2461 4636 illic
2491 4576 2792 4652 rogantium
2820 4580 3073 4653 gemitus,
3101 4582 3228 4653 quia
3256 4594 3357 4640 nec
3386 4580 3475 4640 hic
3504 4580 3601 4638 Dei
3633 4580 3820 4639 indul-

546 4673 602 4723 et
634 4666 997 4738 praecipitator
1021 4667 1076 4725 in
1107 4677 1358 4726 mortem.
1392 4668 1529 4727 Nam
1548 4680 1615 4728 tet
1658 4674 1776 4745 ipse
1800 4673 1868 4729 ad
1896 4653 2130 4745 operan-
2156 4653 2209 4715 θ
2232 4670 2407 4743 gentis
2453 4678 2630 4728 terror
2667 4670 2884 4729 auditus
2918 4680 3021 4729 est.
3059 4692 3080 4726 ι
3108 4672 3178 4729 Ει
3215 4673 3384 4731 item:
3417 4691 3437 4727 ι
3471 4672 3704 4733 Rectum
3743 4682 3818 4740 te,

547 4759 673 4816 dam
706 4759 922 4832 duplam
947 4770 1174 4819 mortem
1197 4765 1726 4837 nostram,simplam
1749 4766 1930 4823 attulit
1948 4783 2124 4825 suam.

549 4848 655 4908 Per
685 4850 1014 4923 impietatem
1053 4867 1286 4925 namque
1315 4864 1563 4914 mortuus
1614 4857 1668 4913 in
1716 4858 1933 4931 spiritu,
1963 4874 2130 4916 carne

547 4940 733 5012 utique
754 4949 1002 5001 mortuus
1023 4958 1130 5000 non
1151 4950 1236 5000 est
1265 4958 1281 4998 :
1306 4944 1463 5002 nobis
1494 4954 1676 5003 autem
1706 4958 1762 5004 et
1794 4947 2127 5020 impietatem

544 5033 835 5105 persuasit,
866 5042 922 5090 et
950 5049 1046 5107 per
1076 5035 1217 5092 hanc
1258 5044 1316 5090 ut
1345 5035 1402 5092 in
1444 5048 1673 5096 mortem
1722 5040 1904 5096 carnis
1940 5039 2127 5098 venire

547 5137 881 5182 mereremur
910 5118 1124 5182 effecit.
1164 5124 1344 5182 Unum
1377 5142 1509 5200 ergo
1541 5129 1898 5201 appetivimus
1940 5131 2125 5204 iniqua

544 5215 796 5272 suasione
818 5254 834 5282 ,
883 5214 1112 5272 alterum
1159 5230 1261 5274 nos
1309 5225 1555 5276 secutum
1591 5228 1678 5276 est
1721 5219 1870 5290 justa
1903 5221 2127 5278 damna-

546 5307 710 5364 tione.
744 5306 1037 5379 Propterea
1067 5308 1267 5381 quippe
1287 5310 1547 5380 scriptum
1579 5322 1682 5374 est,
1733 5312 1873 5369 Deus
1909 5324 2126 5371 mortem

547 5414 649 5454 non
678 5400 797 5470 fecit
829 5398 984 5473 (Sap.
1015 5417 1058 5468 ι,
1096 5402 1207 5471 15),
1237 5403 1364 5472 quia
1415 5416 1578 5459 causa
1625 5405 1816 5461 mortis
1858 5405 1973 5475 ipse
2017 5420 2124 5462 non

546 5486 688 5555 fuit;
734 5490 829 5551 sed
878 5499 1057 5547 tamen
1097 5505 1197 5562 per
1240 5492 1360 5564 ejus
1385 5492 1797 5551 retributionem
1822 5494 2123 5567 justissima

542 5593 693 5639 mors
720 5581 955 5655 irrogata
985 5592 1070 5640 est
1096 5584 1368 5656 peccaturi
1394 5601 1410 5651 ;
1438 5586 1582 5642 sicut
1616 5585 1934 5657 supplicium
1957 5587 2124 5659 judex

541 5669 751 5745 irrogat
791 5687 906 5740 rco,
949 5688 1117 5731 causa
1152 5682 1339 5731 tamen
1362 5674 1611 5749 supplicii
1642 5691 1748 5734 non
1794 5686 1880 5735 est
1914 5673 2125 5747 justitia

542 5757 759 5834 iudicis,
787 5763 883 5820 sed
908 5764 1159 5821 meritum
1198 5764 1465 5822 criminis.
1492 5765 1612 5834 Quo
1634 5779 1765 5841 ergo
1790 5783 1890 5826 nos
1924 5767 2127 5826 media-

542 5862 631 5914 tor
658 5855 849 5915 mortis
895 5856 1213 5925 transmisit,
1241 5866 1297 5914 et
1325 5856 1439 5930 ipse
1482 5871 1587 5915 non
1618 5861 1786 5929 venit,
1814 5860 1890 5919 -id
1938 5872 2021 5920 est
2055 5861 2123 5918 ad

2012 6025 2045 6043 *ις
2122 6037 2130 6044 .

2233 4762 2428 4834 inquit,
2456 4762 2600 4820 Deus
2628 4762 2788 4832 fecit;
2815 4772 3018 4822 etcum
3055 4775 3252 4822 caetera
3281 4767 3534 4823 animalia
3563 4781 3733 4839 prona
3764 4772 3822 4821 et

2231 4850 2297 4908 ad
2326 4862 2526 4911 terram
2561 4855 2670 4912 situ
2701 4866 2960 4930 vergente
2998 4859 3257 4930 depressa
3284 4859 3413 4927 sint,
3443 4856 3542 4915 tibi
3570 4858 3823 4927 sublimis

2198 4920 2437 5015 ‘status,
2475 4961 2532 5006 et
2569 4949 2637 5006 ad
2678 4920 2877 5009 ccelum
2928 4920 3090 5025 atque
3128 4955 3197 5011 ad
3235 4953 3407 5013 Deum
3450 4963 3601 5012 tuum
3637 4954 3821 5011 vultus

2231 5050 2443 5097 erectus
2466 5050 2571 5098 est.
2599 5040 2729 5100 illuc
2758 5043 2989 5113 intuere,
3023 5044 3148 5102 illuc
3178 5047 3365 5104 oculos
3395 5055 3516 5104 tuos
3544 5048 3724 5119 erige;
3764 5045 3819 5102 iu

2235 5132 2486 5203 supernis
2524 5132 2811 5193 Dominum
2837 5152 3042 5209 quaere,
3070 5142 3130 5194 'nt
3157 5129 3347 5197 carere
3383 5139 3572 5197 inferis
3595 5140 3816 5213 possis;

2233 5222 2621 5282 sublimitatem
2668 5238 2824 5284 scrva
2873 5244 2978 5301 qua
3020 5238 3182 5288 natus
3224 5246 3318 5298 es,
3358 5245 3645 5302 persevera
3696 5231 3823 5287 talis

2234 5313 2409 5384 qualis
2452 5329 2484 5371 a
2521 5314 2750 5375 Domino
2791 5317 2969 5377 factus
3006 5335 3089 5378 es.
3132 5336 3153 5375 ι
3198 5321 3269 5379 Et
3309 5322 3484 5379 item:
3519 5339 3540 5376 ι
3581 5320 3816 5386 Credite,

2233 5403 2430 5478 inquit,
2469 5406 2544 5462 illi
2586 5408 2680 5479 qui
2723 5408 3019 5469 incredulis
3054 5419 3258 5470 aeterna
3302 5413 3565 5487 supplicia
3611 5416 3679 5470 de
3725 5428 3820 5486 ge-

2232 5495 2426 5556 hennae
2476 5499 2763 5559 ardoribus
2809 5502 3088 5577 irrogabit.
3130 5524 3150 5559 ι
3191 5504 3326 5562 Item
3375 5506 3429 5562 in
3476 5501 3700 5579 epistola
3748 5504 3819 5563 ad

2230 5587 2540 5647 Romanos:
2577 5611 2597 5644 ί
2630 5591 2772 5651 Deus
2803 5597 2969 5663 enim,
3006 5588 3280 5668 inquiens,
3310 5607 3371 5655 ut
3396 5605 3484 5656 est
3508 5595 3816 5668 indulgens,

2229 5680 2306 5737 ita
2331 5688 2413 5739 est
2441 5691 2497 5739 et
2534 5697 2926 5757 praeceptorum
2969 5703 3191 5746 suorum
3228 5698 3468 5758 exactor,
3498 5697 3557 5745 et
3595 5688 3816 5761 quidem

2228 5769 2474 5845 diligens,
2517 5773 2660 5831 sicut
2713 5775 2781 5832 ad
2836 5775 3143 5834 convivium
3198 5786 3386 5848 vocat,
3433 5779 3513 5836 sic
3566 5776 3815 5835 habitum

2227 5861 2521 5933 nuptialem
2562 5879 2671 5922 non
2715 5862 3005 5925 habentem
3041 5869 3292 5927 manibus
3334 5876 3391 5927 et
3427 5865 3653 5941 pedibus
3679 5865 3816 5937 ligao
