4052 6334
192 358 288 416 137

886 350 1017 407 ιΒΕ
1051 344 1732 407 ΡΒᾹΞΒΕΞΤΙΝᾹΤΙΟΝΕ
1769 324 2233 404 ΒΙΞΒΕΒΤᾸΤΙΟ
2272 302 2705 405 εθετειιιοιιί

3344 344 3449 415 158

187 485 297 531 ιυιιι
340 477 495 526 extra
539 474 851 523 sanctorum
888 475 1088 522 emtum
1138 466 1284 523 foras
1318 465 1507 535 jactat.
1548 462 1766 518 Paravit
1793 466 1839 523 Α
1869 460 1961 516 sed
1991 476 2089 516 sua
2120 461 2404 532 iniquitate
2429 477 2675 526 consors,
2706 461 2814 516 imo
2841 459 3019 531 portio
3051 460 3247 516 diaboli
3278 460 3448 520 edici.

188 566 399 630 caelum,
425 562 523 618 sed
552 560 764 632 paravit
786 567 843 614 et
864 558 1151 614 Tartarum
1184 578 1197 613 :
1229 558 1441 629 paravit
1464 556 1768 626 refrigeria,

187 652 278 713 sed
301 654 509 727 paravit
536 652 701 708 etiam
729 659 931 707 aeterna
957 649 1219 720 supplicia
1246 667 1260 703 :
1291 648 1503 719 paravit
1528 648 1771 701 inacces-

187 744 388 803 sibilem
438 743 639 806 lucem,
673 741 770 795 sed
813 739 1024 809 paravit
1070 739 1235 793 etiam
1281 747 1557 809 perpetua:
1596 735 1772 791 noctis

186 844 390 890 vastam
412 842 787 900 aeternamque
816 829 1124 900 caliginem,
1159 850 1178 882 ι
1212 838 1267 885 ει
1293 838 1514 884 sanctus
1536 827 1773 883 Hilarius

185 926 238 981 in
271 922 604 994 expositione
632 934 796 975 cxvtn
840 919 1033 990 psalmi
1065 920 1229 990 (vers.
1265 917 1567 986 Concupivit
1594 918 1771 970 anima

184 1014 362 1083 mea):
397 1032 415 1064 ι
445 1013 533 1066 An
557 1026 680 1065 cum
713 1024 778 1064 ex
803 1008 953 1064 omni
991 1009 1164 1063 otioso
1198 1006 1362 1062 verbo
1403 1005 1668 1061 rationem
1699 1004 1772 1058 si-

183 1120 305 1160 mus
342 1100 674 1174 praestitu'ri,
722 1101 864 1155 diem
906 1097 1098 1167 judicii
1140 1097 1675 1167 concupisceremus,
1716 1093 1769 1147 in

182 1209 289 1264 quo
314 1192 470 1247 nobis
499 1200 586 1247 est
615 1191 710 1245 ille
739 1189 1039 1244 indefessus
1072 1187 1214 1258 ignis
1253 1186 1557 1250 obeundus,
1585 1185 1642 1259 in
1660 1198 1772 1255 quo

182 1285 463 1342 subeunda
513 1291 643 1338 sunt
687 1280 873 1352 gravia
904 1279 994 1335 illa
1035 1279 1316 1348 expiandae
1340 1293 1373 1331 a
1400 1276 1636 1347 peccatis
1660 1274 1776 1328 ani-

182 1391 284 1430 mm
307 1373 612 1444 supplicia?
642 1392 661 1423 ι
696 1371 835 1439 Quia
867 1385 1028 1426 nemo
1055 1369 1150 1424 Dei
1180 1366 1656 1440 praedestinatione
1683 1380 1776 1434 pe-

180 1465 273 1527 rit,
303 1475 358 1518 et
389 1462 664 1517 neminem
705 1463 850 1516 Deus
890 1458 1095 1515 deserit
1136 1466 1429 1528 antequam
1469 1455 1772 1517 deseratur,

180 1555 232 1610 in
258 1554 402 1608 libro
439 1555 507 1608 de
545 1551 740 1622 Lapsis
771 1569 786 1606 :
817 1571 835 1603 ι
872 1550 1045 1618 Quam
1075 1549 1207 1615 vim,
1240 1547 1434 1618 inquit,
1467 1553 1641 1616 potest
1679 1544 1777 1599 ob-

183 1644 405 1700 tendere
432 1658 540 1713 qua
572 1644 781 1697 crimen
816 1652 1031 1713 purget,
1069 1655 1194 1695 cum
1222 1639 1331 1693 vim
1359 1637 1532 1708 magis
1562 1637 1675 1706 ipse
1698 1633 1776 1689 fe-

180 1735 312 1790 cerit
359 1743 424 1789 ut
472 1733 715 1805 periret?
750 1751 770 1784 ι
805 1732 873 1787 Ει
918 1732 995 1786 ita
1037 1731 1104 1786 de
1147 1729 1285 1785 libro
1325 1727 1774 1798 Paralipomenon

1871 563 1980 612 tur.
2030 562 2270 608 tractans
2316 568 2534 607 versum
2587 551 2714 607 Feci
2754 552 3023 623 judicium
3078 564 3125 607 et
3179 554 3450 624 justitiam

1871 640 2046 715 (Psal.
2069 660 2257 708 cxvut,
2275 644 2419 713 121),
2446 645 2523 698 ait
2547 662 2559 697 :
2600 664 2618 695 ι
2648 644 2751 711 Qui
2778 644 2952 700 volunt
2980 645 3162 699 divites
3183 646 3302 713 ﬁeri
3327 647 3452 701 inci.

1870 734 2001 786 dunt
2030 735 2085 787 in
2107 735 2441 787 tentatiouem
2463 743 2509 786 et
2555 732 2799 803 laqueum
2823 733 3019 787 diaboli
3053 733 3104 804 (1
3135 732 3270 787 Tim.
3300 735 3395 805 vl).
3430 758 3449 786 ι

1871 823 1939 877 Ει
1967 824 2094 878 item
2120 840 2133 876 :
2177 843 2197 874 ‹
2230 823 2547 892 Mortiﬁcate
2566 840 2687 893 ergo
2719 824 2947 878 membra
2972 835 3139 879 vestra
3164 842 3282 895 qua:
3325 837 3449 881 sunt

1871 930 2029 983 super
2071 924 2299 978 terram,
2343 913 2771 983 fornicationem,
2815 913 3235 981 immunditiam,
3280 914 3458 970 libidi-

1874 1022 2011 1070 nem,
2051 1005 2519 1075 concupiscentiam
2560 1004 2777 1071 malam,
2813 1015 2861 1059 et
2902 1006 3180 1061 avaritiam
3224 1024 3340 1078 qua:
3378 1018 3459 1063 est

1873 1096 2179 1150 idololatria
2211 1095 2348 1169 (Col.
2375 1113 2456 1164 ιιι,
2489 1096 2564 1166 5).
2597 1096 2652 1151 In
2694 1098 2776 1152 IIIS
2804 1099 2946 1159 enim
2979 1098 3176 1155 diaboli
3205 1100 3455 1158 volunta-

1877 1194 1985 1239 tem
2032 1184 2290 1250 facimus,
2338 1195 2394 1240 et
2440 1186 2788 1255 exscquimur
2836 1195 3186 1257 potestatem,
3220 1190 3310 1259 qui
3361 1204 3458 1258 per

1876 1278 2058 1333 carnis
2084 1278 2240 1331 istius
2269 1276 2536 1331 desideria
2579 1278 2906 1332 incentivum
2949 1295 3060 1333 sua:
3091 1279 3296 1336 fraudis
3328 1295 3460 1350 ope-

1878 1378 2052 1422 ratur.
2079 1368 2465 1437 Quemcunque
2488 1383 2614 1439 ergo
2638 1369 2690 1422 in
2721 1368 2974 1423 vitiorum
3003 1384 3224 1424 suorum
3252 1386 3463 1441 posses.

1879 1458 2032 1513 sione
2066 1458 2352 1528 repererit,
2384 1467 2637 1527 tauquam
2665 1458 2958 1514 obnoxium
3002 1476 3101 1515 suo
3133 1460 3242 1531 juri
3288 1463 3462 1518 vindi-

1879 1556 1985 1602 cat.
2020 1547 2359 1607 Adulterium
2387 1549 2507 1617 quis
2540 1548 2689 1611 facit,
2721 1548 2988 1605 luxuriam
3014 1563 3253 1619 exercet,
3286 1554 3464 1612 aliena

1880 1641 2083 1712 diripit.
2112 1640 2289 1711 portio
2326 1641 2525 1696 diaboli
2562 1650 2685 1697 est:
2711 1644 2937 1713 pudicus
2973 1653 3153 1700 autem
3200 1655 3254 1701 et
3290 1646 3465 1703 conti-

1880 1748 2036 1798 nens,
2065 1741 2121 1787 et
2152 1733 2483 1798 misericors,
2509 1732 2708 1789 Christi
2746 1736 2924 1805 portio
2960 1747 3062 1792 est.
3095 1737 3298 1795 Christi
3334 1756 3467 1813 ergo

178 1823 629 1897 proponitwypr.
645 1821 710 1877 de
730 1823 932 1876 exhort.
952 1819 1221 1891 Martyrii,
1247 1820 1399 1888 epist.
1426 1817 1496 1870 ad
1524 1815 1775 1880 Formm.
1806 1817 1852 1876 Β
1881 1839 2098 1879 servum
2128 1825 2231 1879 sibi
2262 1840 2367 1879 non
2399 1834 2577 1894 potest
2603 1826 2900 1891 vindicare,
2931 1828 3033 1882 nisi
3074 1827 3215 1884 forte
3252 1829 3462 1899 lapsum

178 1931 293 1985 cap.
346 1914 407 1986 8)
452 1932 468 1969 :
513 1912 773 1967 Dominus
814 1911 1077 1966 vobiscum
1123 1917 1198 1963 est
1242 1908 1476 1980 quandiu
1520 1906 1642 1960 estis
1688 1921 1773 1959 vos

176 2024 291 2062 cum
334 2007 451 2076 ipso
484 2019 504 2057 :
539 2004 587 2058 si
623 2013 800 2058 autem
848 2000 1269 2071 derelinqueritis
1314 2014 1467 2063 eum,
1513 1995 1771 2065 relinquet

177 2114 264 2153 eos
312 2095 427 2165 (II
471 2094 606 2149 Par.
667 2109 756 2158 xv,
811 2092 907 2161 2).
945 2089 1353 2146 Pmscieutiam
1402 2101 1617 2158 quoque
1668 2102 1773 2140 non

177 2188 720 2261 predestinationem
755 2185 855 2240 Dei
901 2184 967 2239 ad
1012 2199 1228 2254 poenam
1279 2182 1499 2246 docens,
1529 2181 1596 2235 de
1637 2179 1776 2235 libro

178 2280 617 2336 Hachabaeorum
647 2277 722 2331 ita
753 2274 1060 2346 exemplum
1108 2274 1362 2345 proponit
1406 2272 1591 2328 dicens
1631 2273 1771 2341 (cap.

179 2369 264 2441 i‘o’)
297 2388 314 2427 :
353 2389 374 2422 ι
402 2369 658 2437 Quintus,
708 2365 914 2437 inquit,
959 2374 1157 2437 praeter
1207 2363 1350 2435 quod
1402 2361 1774 2419 carniﬁcinam

180 2463 342 2531 regis,
371 2470 430 2516 et
461 2459 629 2514 duros
651 2457 945 2526 variosque
974 2456 1250 2511 cruciatus
1288 2453 1413 2508 ﬁdei
1445 2453 1634 2522 vigore
1661 2451 1776 2508 cal-

181 2555 363 2620 cabat,
395 2553 465 2608 ad
510 2550 912 2623 praescientiam
943 2564 1159 2619 quoque
1187 2556 1242 2603 et
1272 2548 1522 2604 notitiam
1568 2548 1779 2602 futuro-

181 2659 322 2709 rum,
358 2642 561 2714 spiritu
598 2639 899 2696 divinitatis
948 2640 1236 2704 animatus,
1273 2640 1618 2709 prophetavit
1659 2637 1776 2709 regi

179 2732 613 2806 indignationem
644 2731 741 2786 Dei
763 2738 818 2785 et
845 2729 1107 2786 ultionem
1136 2730 1395 2785 velociter
1421 2741 1730 2785 secuturam
1760 2748 1773 2784 :

179 2824 543 2889 Potestatem,
587 2821 794 2892 inquit,
843 2821 981 2875 inter
1019 2821 1254 2874 homines
1306 2819 1464 2873 [tabes
1507 2819 1593 2891 (II
1626 2819 1770 2873 Mac.

177 2934 269 2985 vn,
298 2916 420 2988 16),
447 2924 505 2971 ει
549 2914 758 2984 reliqua
796 2927 917 2984 quae
950 2913 1314 2982 prosequitur.
1340 2931 1359 2964 ι
1396 2911 1463 2966 Et
1487 2921 1605 2982 post
1640 2927 1778 2982 pau-

178 3006 353 3063 lulum
384 3026 398 3063 :
436 3026 457 3058 ι
492 3005 605 3061 Nec
636 3003 772 3059 tanti
802 3003 977 3074 inquit
1016 3009 1137 3059 esSe
1178 3002 1377 3058 lucrari
1424 3004 1607 3057 brevia
1650 3004 1777 3057 vitae

178 3108 483 3164 momenta,
515 3104 576 3151 ut
602 3093 810 3151 offenso
851 3094 966 3150 Deo
1004 3094 1280 3149 incurrere
1328 3102 1532 3148 teterna
1573 3093 1775 3163 suppli-

182 3193 282 3246 cia.
316 3215 339 3243 ι
385 3189 509 3257 Quo
532 3187 783 3258 exemplo
809 3185 1131 3250 ostenditur,
1159 3185 1285 3255 quia
1311 3201 1417 3240 non
1442 3186 1605 3240 homo
1634 3200 1773 3255 prae-
1806 3174 1851 3236 C

183 3283 496 3338 destinatur
515 3295 545 3334 a
566 3279 680 3334 Deo
696 3278 762 3333 ad
783 3292 1026 3349 poenam,
1040 3277 1134 3332 sed
1155 3277 1269 3346 ipse
1288 3290 1384 3347 per
1394 3276 1666 3346 propriam
1684 3276 1784 3330 ini-

184 3373 454 3442 quitatem
480 3383 697 3440 pmnam
716 3368 965 3424 incurrit.
989 3366 1196 3423 Etalibi
1220 3365 1307 3439 (de
1323 3366 1471 3421 Bono
1492 3365 1781 3437 patientire)

182 3479 469 3536 exponens
490 3461 1171 3532 Apostolum,thesaurizas
1196 3461 1291 3514 tibi
1310 3461 1443 3515 iram
1470 3457 1647 3531 (Rom.
1679 3461 1780 3525 ιιι),

182 3563 239 3610 ει
282 3554 534 3625 reliqua,
588 3554 793 3624 justum
834 3553 1094 3626 judicium
1140 3552 1236 3608 Dei
1283 3568 1404 3609 esse
1449 3553 1605 3617 dixit,
1653 3554 1783 3618 quia

185 3644 509 3711 Serunrcst,
541 3646 669 3715 quia
698 3647 789 3700 diu
819 3644 1156 3716 multumque
1189 3642 1457 3706 diliertur,
1486 3652 1548 3697 ut
1575 3642 1782 3698 homini

185 3739 253 3792 ad
286 3739 458 3793 vitam
485 3738 642 3807 longa
667 3737 760 3793 Dei
781 3736 1042 3806 patientia
1068 3734 1496 3792 consulatur.'Et
1519 3732 1628 3806 74
1656 3744 1785 3788 tunc
1820 3760 1823 3763 ι

187 3838 621 3901 ιἐιπεεεεηιειιιτ
641 3844 801 3899 paena
843 3828 1010 3899 impio
1034 3837 1088 3882 et
1112 3827 1405 3896 peccatori,
1431 3827 1651 3897 quando
1666 3824 1782 3895 jam

186 3937 295 3978 non
321 3930 506 3991 potest
552 3921 872 3992 poenitentia
912 3921 1171 3992 prodesse
1205 3920 1478 3991 peccauti.

260 4012 329 4067 Et
362 4021 592 4067 sanctus
627 4012 967 4077 Ambrosius,
995 4026 1119 4067 cum
1151 4007 1446 4081 exponeret
1474 4010 1539 4065 de
1570 4009 1784 4065 Psalmo

188 4118 393 4167 cxvlu,
442 4100 573 4157 Fiat
617 4102 982 4157 misericordia
1026 4110 1119 4156 tua
1188 4110 1247 4155 ut
1313 4100 1611 4155 consoletur
1666 4118 1782 4167 me,

189 4194 586 4249 commendans
643 4194 873 4265 gratiam
922 4193 1039 4257 Dei,
1078 4212 1097 4245 ‹
1143 4192 1312 4264 Moysi
1355 4192 1533 4257 enim,
1573 4192 1782 4262 inquit,

190 4284 325 4340 dicit
354 4282 520 4349 Deus,
562 4282 857 4338 Miserebar‘
888 4283 1042 4353 cujus
1073 4283 1315 4336 misertus
1350 4298 1459 4347 ero,
1491 4291 1538 4335 et
1580 4283 1787 4336 miseri-

186 4377 435 4432 cordiam
456 4375 713 4446 prwstabo
735 4378 819 4431 cui
840 4377 1253 4431 misericordiam
1274 4376 1565 4447 prwstitero
1581 4374 1788 4447 (Exod.

189 4484 391 4533 xxxm,
426 4468 538 4540 19).
571 4466 745 4539 Igitur
784 4485 890 4523 non
934 4478 1009 4523 est
1052 4468 1266 4523 uolentis
1306 4483 1470 4539 neque
1503 4469 1783 4533 currentis,

186 4562 284 4615 sed
317 4562 612 4615 miserentis
640 4560 737 4615 Dei
764 4560 943 4631 (Rom.
969 4578 1046 4625 ix,
1074 4561 1186 4632 16).
1215 4561 1356 4631 Ergo
1385 4576 1494 4615 non
1526 4562 1787 4617 debemus

188 4654 335 4709 velle
373 4654 459 4708 vel
494 4655 749 4710 currere?
788 4654 949 4724 Atqui
992 4655 1322 4727 negligentes
1362 4655 1504 4709 Deus
1530 4657 1786 4711 deserere

190 4747 502 4803 consuevit.
544 4745 659 4801 Non
702 4762 834 4818 ergo
871 4749 973 4802 hoc
1003 4748 1154 4812 dicit,
1184 4749 1280 4803 sed
1320 4748 1448 4817 quid
1478 4748 1623 4803 dicat
1651 4766 1784 4804 con-

192 4841 524 4897 sideremus.
562 4838 677 4896 Non
728 4840 959 4896 volentis
1009 4856 1187 4910 neque
1234 4842 1507 4896 currentis
1551 4841 1785 4898 hominis

192 4934 605 5006 perseverantia
648 4940 753 4987 est.
789 4931 906 4987 Non
956 4941 1041 4989 est
1084 4934 1229 4988 enim
1283 4933 1336 4987 in
1393 4932 1629 4988 hominis
1690 4950 1786 5003 po-

195 5034 434 5090 testate,
486 5024 580 5079 sed
636 5024 947 5080 miserentis
993 5024 1087 5080 Dei
1130 5033 1242 5090 est,
1295 5033 1357 5079 ut
1406 5026 1580 5095 pessis
1632 5042 1786 5081 com-

195 5116 349 5185 plere
390 5130 513 5185 qua:
556 5115 809 5186 cceperis.
852 5113 1091 5185 Denique
1132 5116 1326 5174 iterum
1367 5116 1518 5181 dicit,
1551 5116 1690 5183 Quia
1732 5119 1787 5173 in

197 5210 298 5262 hoc
340 5208 515 5278 ipsum
560 5217 612 5262 te
651 5207 929 5272 suscitari,
970 5218 1025 5261 ut
1060 5208 1330 5262 ostendam
1373 5209 1428 5263 in
1464 5220 1513 5264 te
1547 5211 1787 5265 virtutem

195 5316 373 5377 meam
398 5298 596 5368 (Exod.
623 5314 700 5381 rx,
728 5299 838 5367 16).
862 5298 1146 5370 Colligitur
1170 5316 1321 5371 ergo,
1354 5301 1786 5357 adhortationem

199 5390 403 5444 divinae
450 5390 835 5445 misericordia:
878 5390 1262 5460 deputandam.
1315 5391 1470 5447 Unde
1521 5394 1787 5463 sequitur,

197 5481 347 5553 Ergo
378 5482 466 5535 cui
504 5481 613 5536 vult
642 5483 941 5544 miseretur,
966 5492 1014 5536 et
1049 5499 1199 5553 quem
1227 5482 1333 5537 vult
1365 5483 1578 5537 indurat
1608 5484 1787 5556 (Rom.

200 5590 280 5637 Ix,
322 5574 414 5637 17,
464 5574 551 5645 18)
599 5592 612 5627 :
657 5574 803 5629 hunc
849 5574 1136 5629 miseratus
1180 5573 1448 5638 hortatur,
1495 5574 1641 5628 illum
1683 5592 1788 5632 non

203 5673 433 5720 revocat
461 5675 796 5722 exsecratus.
836 5687 853 5719 ι
888 5666 1022 5721 item
1053 5664 1180 5734 quia
1211 5679 1320 5719 non
1348 5666 1621 5721 hominem
1648 5667 1790 5724 Deus

201 5756 612 5825 praedestinavit
651 5758 719 5813 ad
755 5756 955 5828 ignem.
986 5765 1043 5811 et
1078 5755 1277 5813 diaboli
1314 5755 1429 5812 ﬁeri
1459 5768 1786 5827 consortem,

571 5851 844 5912 Ρηιιοι..
892 5849 1146 5914 CXXV.

1880 1913 1935 1968 in
1964 1913 2093 1968 vitia
2115 1914 2553 1984 deprehenderit.
2580 1914 2657 1969 Ne
2690 1924 2802 1970 tum
2827 1917 3043 1987 quidem
3081 1918 3339 1985 vindicat,
3367 1921 3467 1977 sed

1882 2013 2137 2072 tanquam
2164 2019 2319 2058 suum
2347 2004 2448 2059 sibi
2486 2004 2623 2059 tradi
2661 2005 2919 2075 postulat.
2958 2027 2976 2057 ι
3024 2006 3268 2078 Etpaulo
3293 2019 3462 2079 post:

1884 2111 1903 2143 ι
1932 2091 2092 2147 Ponit
2121 2094 2374 2148 thronum
2405 2110 2559 2148 suum
2588 2095 2836 2151 diabolus
2875 2112 3039 2168 super
3070 2099 3273 2165 sidera,
3300 2115 3470 2171 quan-

1880 2182 1949 2238 do
1975 2182 2203 2239 electum
2236 2184 2455 2254 decipit,
2482 2186 2698 2256 quando
2723 2185 2925 2255 justum
2957 2188 3334 2257 circumvenit,
3365 2207 3466 2247 cu-

1873 2275 1964 2347 jus
1984 2290 2148 2346 opera
2174 2275 2356 2332 lucent
2383 2277 2524 2332 sicut
2544 2278 2711 2333 stella:
2737 2279 2789 2333 in
2818 2279 3196 2337 caelo-Nonne
3223 2291 3280 2338 et
3301 2280 3471 2342 Judas

1877 2366 2125 2436 proditor
2146 2366 2285 2420 inter
2305 2376 2532 2423 caeteros
2554 2370 2823 2433 audiebat,
2862 2369 2960 2426 Vos
2981 2373 3106 2426 estis
3128 2373 3222 2428 lux
3246 2374 3471 2431 mundi?

1879 2455 2099 2528 (Matth.
2131 2474 2186 2523 v,
2213 2458 2302 2528 14)
2332 2474 2509 2513 nonne
2544 2461 2789 2517 diabolus
2818 2462 2998 2518 lumen
3028 2463 3146 2532 ejus
3170 2466 3472 2522 exstinxit?

1880 2545 2021 2614 Quin
2052 2546 2240 2612 etiam,
2270 2563 2404 2617 quos
2427 2564 2533 2602 non
2563 2551 2799 2619 potuerit
2825 2552 3239 2620 circumvenire,
3259 2554 3471 2609 calum-

1880 2638 2061 2693 niatur
2087 2638 2333 2693 invidens
2367 2642 2514 2710 regni
2548 2640 2790 2696 cmlestis
2819 2641 3073 2710 gloriam:
3100 2652 3160 2698 ut
3191 2659 3325 2714 quos
3352 2636 3473 2701 ille-

1880 2730 2060 2784 cebris
2080 2730 2194 2784 suis
2222 2746 2250 2783 a
2271 2729 2489 2785 Christo
2520 2746 2624 2786 non
2651 2733 2827 2802 potuit
2853 2749 3126 2804 separare,
3149 2752 3243 2792 eos
3264 2738 3471 2794 calum-

1880 2821 1989 2876 niis
2012 2822 2124 2876 suis
2152 2822 2318 2877 dehiti
2344 2823 2565 2879 honoris
2588 2824 2763 2881 fructu
2792 2827 3046 2884 fraudare
3068 2838 3316 2887 conetur.
3349 2851 3370 2884 ι

1954 2909 2035 2965 Et
2063 2918 2282 2966 sanctus
2318 2909 2558 2969 Joannes
2596 2913 3227 2987 Constantiuopolitanus
3259 2921 3472 2992 episco-

1882 3018 2003 3073 pus,
2028 3002 2182 3071 cujus
2212 3004 2477 3075 exemplis
2516 3006 2672 3063 sedes
2716 3009 3012 3078 apostolica
3062 3028 3184 3067 cum
3236 3012 3469 3070 aliorum

1886 3097 2071 3151 mundi
2105 3097 2389 3161 luminum,
2425 3106 2481 3152 et
2506 3098 2695 3153 beatus
2726 3099 3058 3170 Augustinus
3087 3113 3277 3159 contra
3302 3104 3471 3162 Julia-

1887 3204 2015 3243 uum
2055 3203 2444 3259 saepenumero,
2484 3197 2541 3243 et
2585 3190 2636 3245 in
2671 3190 2792 3247 aliis
2837 3194 3107 3263 opusculis
3144 3195 3275 3260 suis,
3323 3197 3473 3253 velut

1885 3278 2082 3333 malleo
2135 3279 2431 3334 fortissimo
2486 3280 2553 3334 ad
2605 3284 3014 3351 conquassanda
3065 3285 3246 3355 capita
3298 3296 3480 3343 lucrm

1886 3370 2150 3435 ticorum,
2206 3379 2262 3425 et
2316 3371 2575 3427 verticem
2630 3372 2809 3442 capilli
2868 3374 3357 3442 pcrambulantium
3415 3375 3478 3433 in

1888 3461 2109 3517 delectis
2164 3463 2312 3528 suis,
2372 3464 2754 3519 auctoritative
2816 3474 3059 3519 utuntur.
3111 3464 3169 3520 In
3221 3465 3362 3522 libro
3408 3466 3480 3524 de

1887 3549 2250 3621 Reparatione
2298 3552 2433 3623 lapsi
2482 3553 2555 3606 ita
2603 3553 2733 3607 dicit
2772 3554 2839 3609 ad
2883 3553 3098 3609 locum:
3132 3573 3151 3607 ι
3182 3553 3479 3627 Propterea

1886 3641 2055 3705 enim,
2093 3641 2360 3715 inquiens,
2405 3643 2611 3697 creavit
2647 3659 2746 3698 nos
2783 3645 2943 3711 Deus,
2979 3656 3035 3700 et
3074 3661 3195 3702 esse
3225 3646 3355 3702 fecit
3382 3649 3480 3718 qui

1888 3744 1995 3784 non
2040 3745 2293 3796 eramus,
2352 3740 2412 3786 ut
2461 3741 2666 3788 aeterna
2723 3735 2776 3788 in
2834 3751 2933 3790 nos
2995 3735 3239 3792 conferat
3294 3738 3473 3804 bona,

1884 3830 1941 3876 et
2001 3832 2225 3893 praestet
2286 3839 2449 3891 regna
2510 3826 2792 3881 cmlorum.
2848 3826 2964 3882 Non
3032 3829 3176 3884 enim
3239 3845 3338 3886 nos
3403 3830 3476 3886 ad

1884 3913 1995 3985 75
2028 3914 2132 3969 hoc
2166 3913 2295 3970 fecit
2321 3926 2379 3969 ut
2407 3918 2666 3987 gehennae
2696 3935 2794 3973 nos
2835 3919 3012 3975 tradat
3034 3921 3252 3993 ignique
3282 3938 3476 3994 perpe-

1888 4014 1999 4059 tuo.
2051 4005 2296 4075 Regnum
2347 4008 2609 4061 cmlorum
2650 4018 2870 4078 prepter
2898 4026 3025 4074 nos,
3054 4012 3298 4083 gehenna
3347 4028 3476 4084 pro-

1885 4109 2008 4169 pter
2039 4099 2312 4154 diabolmn
2340 4100 2487 4155 facta
2514 4109 2617 4155 εει.
2647 4101 2714 4155 Et
2742 4103 2844 4157 hoc
2879 4103 2953 4156 ita
2982 4120 3103 4159 esse
3127 4121 3195 4161 ex
3227 4106 3476 4177 Evange-

1887 4187 1974 4244 liis
2021 4189 2266 4244 doceam.
2297 4190 2415 4260 ipse
2457 4190 2657 4245 etenim
2705 4190 2963 4245 Dominus
3004 4192 3136 4247 dicit
3177 4194 3261 4249 his
3289 4196 3380 4265 qui
3434 4211 3469 4249 a

1889 4281 2094 4336 dextris
2140 4288 2288 4344 sunt,
2329 4279 2526 4346 Venite,
2559 4280 2811 4335 benedicti
2840 4280 3018 4336 l’atrts
3048 4299 3150 4337 met
3176 4300 3194 4338 :
3219 4286 3473 4356 percipite

1889 4390 2104 4444 regnum
2125 4379 2263 4444 quod
2292 4383 2538 4443 paratum
2569 4384 2642 4427 est
2671 4373 2810 4428 vobis
2834 4391 2865 4427 a
2892 4376 3259 4431 constitutione
3286 4378 3472 4436 mundi

1891 4468 2108 4535 (Matth.
2155 4485 2282 4534 xxv,
2312 4468 2426 4540 54).
2460 4468 2569 4523 Illis
2618 4477 2799 4524 autem
2852 4468 2943 4540 qui
2992 4486 3022 4524 a
3080 4471 3317 4528 sinistris
3345 4483 3474 4531 sunt

1892 4559 2044 4620 dicit,
2080 4558 2343 4613 Discedite
2383 4576 2416 4612 a
2452 4576 2554 4623 me,
2583 4558 2869 4623 maledicti,
2895 4559 2950 4613 in
2988 4560 3161 4631 ignem
3193 4572 3477 4629 teternum,

1889 4652 1979 4722 qui
2024 4658 2243 4719 paratus
2300 4660 2419 4712 est,
2457 4665 2563 4705 non
2614 4649 2751 4704 dixit
2789 4650 2961 4714 vobis,
3009 4652 3104 4707 sed
3159 4634 3370 4709 diabolo
3421 4668 3475 4711 et

1889 4739 2088 4809 angelis
2129 4739 2243 4809 ejus
2288 4738 2466 4807 (ibid.,
2508 4737 2620 4809 4|).
2669 4737 2725 4793 Si
2764 4754 2892 4809 ergo
2937 4748 3159 4809 propter
3197 4743 3472 4800 diabolum

1852 4830 2131 4940 fallentia
2155 4829 2311 4900 ignis,
2344 4837 2565 4898 propter
2593 4829 2867 4884 hominem
2889 4845 3116 4901 regnum
3146 4832 3407 4889 caelorum
3439 4851 3471 4888 a

1889 4922 2277 4978 constitutione
2301 4922 2481 4978 smculi
2527 4931 2887 4992 praeparatum
2911 4930 3015 4988 est,
3055 4932 3263 4979 tantum
3293 4934 3377 4980 est
3404 4942 3475 4984 ne

1894 5016 2253 5085 nosmetipsos
2308 5014 2378 5070 ab
2429 5015 2672 5085 ingressu
2722 5015 2984 5070 bonorum
3032 5017 3369 5086 persistendo
3417 5019 3474 5074 in

1896 5109 2052 5162 malis
2083 5108 2432 5178 pertinaciter
2469 5105 2837 5162 excludamus.
2873 5107 3053 5163 Donec
3097 5109 3240 5164 enim
3284 5126 3472 5168 sumus

1897 5200 1951 5254 in
1977 5201 2079 5254 hac
2105 5199 2212 5253 vita
2253 5210 2671 5270 quantacunque
2712 5196 2866 5254 nobis
2902 5198 3198 5254 acciderint
3227 5212 3472 5267 peccata.

1895 5292 2149 5364 possibile
2175 5300 2258 5346 cst
2286 5291 2489 5346 absolvi
2537 5292 2719 5347 omnia
2763 5307 2861 5362 per
2887 5292 3284 5361 pmnitenttam.
3333 5294 3468 5350 Cum

1900 5397 2081 5443 autem
2106 5388 2320 5443 abducti
2348 5386 2609 5443 fuerimus
2631 5389 2695 5442 de
2714 5389 2816 5442 hoc
2838 5386 3054 5451 smculo,
3079 5388 3149 5441 ihi
3167 5387 3279 5456 jam
3309 5393 3475 5448 etiam

1898 5482 2306 5552 pmnitehit’nos
2337 5497 2350 5534 :
2384 5479 2535 5534 valde
2562 5480 2705 5535 enim
2734 5479 3031 5549 pmuitebit,
3064 5479 3160 5535 sed
3187 5482 3331 5537 rutila
3374 5486 3480 5542 erit

1897 5575 2101 5629 utilitas
2120 5572 2470 5644 pmuiteutite.
2499 5571 2563 5624 Et
2585 5571 2712 5626 licet
2737 5573 2808 5625 sit
2833 5571 3033 5625 stridor
3058 5571 3319 5641 dentium,
3352 5575 3480 5635 licet

1896 5664 2134 5719 ululatus
2183 5674 2239 5718 et
2287 5662 2476 5728 ﬂetus,
2516 5681 2534 5714 ι
2569 5670 2624 5717 ει
2675 5661 2876 5731 reliqua
2930 5679 3050 5734 quae
3102 5668 3470 5738 prosequitur.

1897 5758 2051 5827 Quod
2079 5756 2382 5828 exemplum
2414 5754 2819 5812 catholicissimi
2868 5756 2993 5821 viri,
3026 5756 3168 5813 sicut
3197 5769 3250 5814 et
3282 5759 3469 5829 cujus.

3006 5851 3042 5911 5
