4052 6334
571 426 678 482 159

1537 402 1866 464 IIINCMARI
1905 389 2296 454 RIIEMENSIS
2333 385 2847 445 ARCIIIEPISCOI‘!

3732 369 3837 426 HO

572 542 706 596 libet
731 537 958 593 aliorum
998 544 1134 602 quos
1160 525 1450 600 .posuimus
1495 538 1558 577 ac
1600 531 1881 592 ponemus,
1906 511 2148 569 suthcere
2176 509 2225 568 Λ
2253 503 2488 560 hominis
2535 503 2855 564 amittimus,
2903 496 2997 568 qui
3036 490 3266 567 gratiam
3288 484 3526 546 hominis
3541 500 3652 541 non
3676 493 3835 540 tene-

2135 598 2145 602 -
2480 594 2522 602 ..
2728 600 2732 602 .
2845 589 2860 602 .
3210 582 3258 602 ._
3297 576 3546 602 “mm
3577 576 3641 602 ,Α
3691 589 3809 602 nm

571 636 788 700 poterat
811 626 878 680 ad
913 598 1114 679 rectam
1146 598 1556 686 intelligentiam
1580 619 1634 664 et
1660 605 2061 663 auctoritatem,
2105 598 2151 652 si

577 691 630 775 in
662 710 1157 773 contradicentibus
1187 706 1424 777 majores
1449 711 1633 774 partes
1657 696 1922 769 potuisset
1950 691 2153 747 habere

573 803 711 865 recti
727 804 1032 868 consensio,
1047 815 1208 872 quam
1222 811 1387 869 prava
1402 791 1697 850 contentio.
1714 787 1885 855 Quem
1900 794 2154 853 magnum

574 901 752 955 virum
776 898 830 952 in
854 868 1084 966 synodo,
1105 898 1159 944 et
1178 888 1342 944 etiam
1370 885 1424 938 iu
1449 881 1561 938 suis
1582 877 1817 947 scriptis,
1841 868 2156 943 Gothescal-

562 1002 676 1043 -cus
698 955 962 1056 reprobus
983 955 1346 1048 reprehendit.
1374 970 1482 1026 Sed
1495 967 1845 1039 Augustinus,
1864 960 2063 1032 probus
2087 955 2157 1010 ad

565 1091 707 1133 suas
727 1047 1123 1131 conﬁrmandas
1136 1063 1453 1127 sententias,
1467 1057 1761 1130 saepissime
1776 1047 2157 1125 apprehendit:

570 1182 745 1238 ~quem
775 1173 833 1220 et
872 1176 972 1218 nos
1001 1165 1288 1230 sequentes
1328 1151 1726 1224 amplectimur,
1756 1144 1847 1216 qui
1870 1141 2043 1215 gratia
2064 1136 2161 1191 Dei

580 1233 823 1316 divinam
847 1253 1129 1312 scientiam
1146 1249 1371 1305 etﬁdem
1395 1244 1712 1302 catholicam
1730 1233 2160 1308 comprehendit.

653 1351 722 1406 Et
746 1364 813 1405 ne
839 1347 1063 1418 quilibet
1106 1342 1444 1413 pertinaces,
1476 1335 1611 1391 ﬁdes
1640 1332 1836 1386 ﬁdibus
1862 1323 2163 1383 contentio-

567 1459 713 1499 νῐιιιιιι
751 1416 1038 1513 augentes,
1083 1435 1281 1506 quibus
1329 1431 1397 1486 ad
1449 1429 1530 1484 sui
1579 1423 1875 1498 perniciem
1933 1416 2165 1488 amplius

573 1508 1051 1603 ~c011stringantur,
1071 1524 1326 1598 iactitent
1356 1519 1485 1591 quia
1516 1516 1751 1572 diximus
1779 1508 2028 1583 reprobis
2050 1520 2166 1577 p03-

582 1641 714 1691 nam
743 1601 1201 1695 praedestinatam,
1237 1624 1292 1671 ct
1322 1629 1387 1669 cx
1418 1611 1576 1682 hujus
1605 1604 1913 1663 testimonio
1946 1601 2166 1657 demon-

585 1725 845 1780 stramus,
878 1728 982 1768 non
1016 1706 1342 1769 hominibus,
1375 1703 1469 1758 sed
1499 1698 1711 1755 diabolo
1752 1696 1930 1768 ignem
1958 1702 2167 1762 prmpa-

587 1815 767 1860 ratum
793 1810 1078 1864 aeternum,
1103 1795 1362 1852 attentius
1404 1791 1626 1847 audiant
1653 1801 1774 1858 qum
1805 1784 1894 1839 hic
1920 1782 2005 1837 vir
2040 1795 2166 1836 san-

582 1906 709 1951 ctus
755 1890 1102 1963 prosequitur
1133 1901 1148 1941 :
1187 1905 1207 1939 ι
1246 1885 1478 1940 Tantum
1507 1889 1613 1945 est,
1644 1877 1912 1948 inquiens,
1946 1889 2014 1928 ne
2042 1887 2165 1927 nos-
2194 1858 2240 1917 Β

580 1986 845 2055 metipsos
872 1982 940 2037 ab
973 1982 1217 2051 ingressu
1242 1977 1509 2032 bonorum
1537 1967 1874 2042 pcrsistendo
1912 1967 1967 2020 in
2012 1963 2169 2019 malis

582 2074 940 2149 pertinaciter
986 2071 1341 2128 excludamus
1373 2086 1387 2121 :
1423 2056 1734 2121 desinen'tes
1787 2059 1998 2117 scilicet
2048 2070 2171 2111 esse

592 2168 737 2240 quod
764 2165 891 2222 facti
921 2177 1131 2225 sumus,
1155 2160 1476 2231 incipiamus
1502 2169 1623 2210 csse
1653 2153 1784 2208 vitio
1812 2159 1999 2205 nostro
2027 2147 2171 2218 quod

587 2259 707 2316 ﬁeri
735 2257 1099 2329 prohibemur,
1123 2252 1336 2307 dicente
1356 2249 1538 2304 divino
1563 2258 1832 2308 sermone,
1860 2241 2031 2296 Homo
2053 2254 2172 2294 cum

578 2352 652 2408 .in
677 2353 875 2407 honore
903 2356 1035 2403 esset
1063 2362 1167 2400 non
1195 2341 1448 2398 intellexit
1473 2354 1490 2393 :
1518 2346 1847 2409 comparatus
1875 2342 1949 2388 est
1964 2331 2173 2403 jumen-

586 2446 658 2499 tis
680 2440 1061 2514 insipientibus,
1077 2447 1126 2492 et
1146 2434 1333 2491 similis
1357 2433 1528 2503 factus
1551 2439 1626 2485 est
1650 2428 1755 2483 illis
1778 2424 1952 2500 (Psal.
1981 2438 2170 2489 xum,

596 2535 711 2605 i5).
741 2552 760 2587 1
788 2532 942 2590 Unde
961 2516 1181 2586 sanctus
1197 2523 1517 2584 Ambrosius
1537 2536 1660 2577 cum
1684 2524 2173 2574 tractaretversum

581 2624 794 2682 Ῥωιωί
817 2638 1003 2687 cxvm,
1022 2619 1215 2675 Manus
1235 2627 1340 2672 tum
1360 2615 1590 2686 fecerunt
1608 2628 1709 2676 me,
1723 2619 1770 2665 et
1785 2608 2173 2681 plasmaverunt

593 2733 697 2783 me,
731 2716 808 2771 ita
838 2712 970 2769 dicit
997 2726 1013 2765 :
1048 2730 1066 2762 ι
1103 2707 1382 2779 Scriptura
1411 2705 1590 2769 enim,
1619 2700 1887 2771 inquiens,
1918 2712 2045 2753 eum
2071 2697 2172 2751 ho-

586 2809 804 2864 Tminem
833 2804 984 2868 dicit,
1017 2801 1110 2873 qui
1138 2809 1224 2857 est
1255 2798 1324 2854 ad
1368 2795 1657 2868 imaginem
1686 2802 1741 2847 et
1767 2789 2175 2847 similitudinem

585 2899 693 2955 Dei
721 2903 1072 2968 :peccantem
1110 2901 1293 2948 autem
1314 2930 1331 2955 ,
1358 2906 1464 2945 non
1499 2887 1804 2950 hominem,
1826 2891 1920 2938 aut
1955 2893 2176 2950 serpen-

595 3001 731 3054 tem,
754 2994 848 3043 aut
867 2999 1064 3056 equum
1100 2982 1504 3039 adhinnientem
1534 2977 1771 3041 feminis,
1807 2982 1900 3029 aut
1925 2972 2180 3043 vulpecu-

584 3080 707 3135 iam
728 3086 823 3134 aut
843 3076 1149 3148 iumentum
1169 3087 1363 3129 vocare
1386 3069 1685 3128 consuevit.
1714 3066 1895 3121 Nolite
1905 3065 2021 3135 ﬁeri
2043 3063 2178 3116 sicut

592 3186 760 3244 equus
802 3179 851 3225 et
880 3165 1057 3224 mulus
1096 3165 1281 3237 quibus
1324 3180 1428 3219 non
1466 3173 1539 3217 est
1575 3157 1890 3214 intellectus.
1930 3154 1999 3210 1η
2027 3155 2176 3224 freno

596 3274 646 3318 et
662 3278 811 3317 como
832 3259 1079 3317 maxillas
1100 3273 1280 3314 eorum
1297 3252 1704 3324 constringe,qui
1719 3250 1788 3305 ad
1804 3260 1853 3303 te
1870 3264 1973 3302 non
1994 3262 2179 3317 appro-

588 3356 851 3427 pinquant
891 3351 1067 3426 (Psal.
1105 3366 1261 3415 xxxt,
1284 3348 1342 3414 9,
1374 3348 1486 3417 Ill).
1531 3345 1598 3400 Et
1629 3361 1642 3398 :
1679 3343 1837 3397 dicite
1875 3340 1998 3394 huic
2040 3335 2183 3408 vulpi

600 3447 755 3520 (Luc.
791 3462 912 3510 x111,
945 3444 1035 3517 52)
1080 3442 1145 3498 de
1176 3439 1387 3496 Ilerode
1431 3439 1525 3491 ait.
1572 3432 1850 3488 Generatio
1886 3431 2182 3499 viperarum

600 3540 754 3610 (Luc.
812 3538 972 3610 111,7)
1022 3544 1252 3592 vocatur
1304 3534 1373 3587 ab
1419 3530 1624 3587 Joanne
1673 3527 1824 3598 plebs
1879 3524 2181 3581 hominum.

595 3633 847 3703 Magnum
875 3645 1004 3702 ergo
1032 3643 1168 3700 opus
1194 3625 1288 3680 Dei
1325 3640 1405 3690 es,
1429 3624 1617 3686 homo,
1645 3634 1900 3691 magnum
1927 3626 2013 3672 est
2040 3614 2185 3686 quod

600 3724 750 3780 dedit
806 3721 901 3778 tibi
946 3723 1110 3777 Deus.
1160 3717 1295 3774 Vide
1342 3731 1411 3770 ne
1456 3714 1601 3783 quod
1651 3711 1749 3767 tibi
1798 3711 1939 3766 Deus
1994 3706 2185 3764 tribuit

588 3815 858 3871 amittas:
890 3812 1106 3867 amittas
1137 3821 1392 3878 magnum
1433 3805 1562 3862 illud
1608 3819 1803 3859 munus
1848 3801 1990 3873 quod
2016 3816 2076 3859 es
2118 3798 2184 3854 ad

592 3904 891 3975 imaginem
925 3901 1043 3966 Dei,
1073 3900 1260 3955 ethoc
1306 3898 1360 3952 in
1392 3905 1443 3950 te
1491 3894 1748 3967 puniatur
1794 3893 1987 3966 magis.
2040 3893 2187 3948 Deus

600 3996 752 4051 enim
786 4008 892 4049 non
934 3993 1043 4065 76
1086 3991 1239 4061 punit
1281 3987 1690 4045 similitudinem
1732 4001 1903 4051 suam,
1934 3984 2028 4040 sed
2060 3999 2186 4039 eum

590 4086 798 4156 ,punit,
828 4083 920 4155 qui
968 4083 1037 4137 ad
1077 4079 1482 4137 similitudinem
1524 4077 1620 4132 Dei
1667 4075 1864 4141 factus,
1891 4076 1998 4131 hoc
2041 4072 2187 4145 quod

601 4174 821 4244 accepit
850 4186 1069 4228 scrvare
1116 4186 1222 4225 non
1270 4167 1465 4239 potuit.
1511 4164 1675 4222 Punit
1702 4179 1832 4237 ergo
1864 4163 1997 4219 illud
2040 4163 2184 4234 quod

607 4265 679 4322 ad
703 4262 1107 4321 similitudinem
1132 4261 1222 4316 Dei
1254 4276 1376 4316 esse
1400 4258 1632 4323 desistit,
1663 4259 1768 4314 hoc
1792 4267 1876 4313 est
1902 4265 2187 4328 peccatum

604 4354 790 4414 tuum.
825 4354 959 4411 Nam
1005 4369 1160 4410 suam
1194 4353 1337 4407 Deus
1358 4367 1464 4406 non
1497 4351 1719 4404 damnat
1745 4348 2058 4420 imaginem,
2086 4361 2189 4401 nec

616 4448 674 4503 in
721 4444 852 4501 illud
881 4444 1188 4499 incendium
1230 4441 1398 4496 mittit
1425 4449 1686 4495 aeternum
1719 4457 1732 4493 :
1758 4440 1852 4495 sed
1879 4439 2051 4508 magis
2077 4438 2189 4492 vin-

600 4536 756 4591 .dicat
781 4533 1072 4605 imaginem
1096 4532 1161 4587 de
1178 4547 1261 4595 eo,
1288 4530 1381 4601 qui
1406 4529 1625 4601 imagini
1649 4528 1721 4584 illi
1743 4527 1877 4585 fecit
1901 4527 2181 4598 iniuriam,
2213 4567 2269 4628 Β

618 4635 683 4682 ut
708 4639 807 4697 per
834 4623 1095 4679 malitiam
1146 4622 1290 4693 quod
1319 4636 1443 4677 eras
1467 4636 1589 4677 esse
1616 4620 1912 4687 desineres,
1940 4628 1996 4675 et
2032 4620 2190 4676 ﬁeres

604 4716 793 4773 mulus
821 4730 890 4772 ex
914 4715 1153 4771 homine.
1187 4711 1506 4768 Vindicatur
1528 4726 1659 4782 ergo
1693 4712 1894 4784 imago,
1929 4726 2034 4767 non
2058 4726 2194 4767 con~

614 4808 906 4865 demnatur
938 4824 951 4862 :
988 4805 1292 4862 vindicatur
1320 4805 1478 4876 quasi
1507 4803 1729 4876 expulsa
1752 4845 1769 4869 ,
1796 4819 1907 4859 non
1943 4804 2198 4859 eundem-

604 4909 778 4958 matur
802 4898 958 4971 quasi
981 4913 1094 4954 rea.
1116 4896 1409 4966 Postquam
1433 4896 1578 4953 enim
1607 4896 1867 4966 peccasti,
1893 4894 2039 4950 aliud
2073 4910 2229 4957 essu

606 4990 873 5064 Coepisti,
912 4990 1041 5047 illud
1089 4990 1231 5060 quod
1278 5004 1402 5045 eras
1453 4989 1657 5044 desisti.
1703 4987 1984 5055 Quomodo
2030 4987 2197 5059 igitur

610 5081 845 5154 punitur
889 5080 944 5135 in
973 5089 1028 5136 te
1074 5079 1218 5149 quod
1262 5079 1317 5133 in
1363 5088 1417 5133 te
1460 5094 1568 5134 non
1617 5078 1924 5134 invenitur?
1967 5078 2103 5134 Nam
2147 5080 2195 5134 si

616 5175 928 5233 inveniatur
956 5173 1009 5228 in
1051 5180 1102 5227 te
1128 5174 1304 5244 imago
1330 5171 1424 5227 Dei
1460 5181 1515 5226 ct
1563 5171 1886 5235 similitudo,
1922 5187 2030 5227 non
2071 5186 2197 5241 sup-

618 5266 781 5337 plicio
811 5264 1006 5334 incipis
1050 5263 1241 5332 dignus
1279 5278 1434 5330 esse,
1469 5263 1564 5318 sed
1609 5264 1851 5333 praemio.
1898 5263 1974 5318 lta
2018 5264 2198 5334 imago

626 5355 745 5423 illa,
785 5370 906 5426 qua:
932 5354 1000 5409 ad
1030 5353 1318 5424 imaginem
1347 5362 1404 5409 et
1440 5354 1847 5410 similitudinem
1876 5356 1972 5411 Dei
2018 5355 2198 5411 factus

620 5461 717 5512 es,
749 5462 855 5502 non
895 5444 1288 5501 condemnatur
1316 5446 1411 5501 sed
1451 5454 1764 5501 coronatur.
1809 5446 2199 5503 Condemnaris

622 5546 806 5593 autem
842 5538 896 5593 in
924 5552 988 5594 eo
1018 5538 1162 5608 quod
1203 5538 1317 5607 ipse
1349 5547 1587 5594 mutatus
1622 5553 1704 5603 cs,
1735 5548 1794 5593 ut
1825 5538 1982 5594 ﬁeres
2007 5556 2073 5593 ex
2106 5540 2203 5595 Ιιο-

616 5628 773 5681 «πιὶιιθ
816 5643 1074 5697 serpens,
1120 5628 1296 5685 mulus
1320 5670 1336 5695 ,
1373 5644 1541 5699 equus
1566 5670 1582 5696 ,
1613 5629 1913 5700 vulpecula.
1959 5629 2054 5685 His
2103 5647 2204 5687 nos

625 5720 771 5775 enim
815 5720 1120 5776 nominibus
1155 5720 1267 5790 iam
1310 5720 1588 5792 Scriptura
1637 5722 2019 5778 condemnavit
2054 5740 2067 5777 :
2110 5723 2203 5792 qui

626 5812 777 5867 exuti
828 5811 1065 5868 cmlestis
1114 5813 1364 5880 imaginis
1411 5824 1761 5881 ornamento,
1791 5812 1954 5868 etiam
2007 5830 2203 5869 nomen

2202 3208 2250 3272 C

2255 611 2393 650 mus.
2426 614 2446 647 1
2480 594 2547 649 Et
2586 600 2805 648 sanctus
2832 586 3166 660 Augustinus
3209 582 3263 636 in
3294 576 3549 635 sermone
3575 576 3643 632 de
3689 589 3838 660 syra:

2254 688 2379 745 bolo
2409 687 2476 741 ad
2502 683 2833 754 Neophytos,
2861 699 2879 732 ι
2914 642 3242 733 Κίθιῐιθιιιοιθ
3281 672 3356 727 ita
3393 669 3618 725 credere
3653 642 3838 724 omni:

2256 789 2528 854 potentem
2578 778 2780 841 Deum,
2810 780 2871 829 ut
2899 770 3044 826 nulla
3088 766 3310 826 omnino
3346 773 3540 819 natura
3569 761 3642 817 sit
3671 774 3836 831 quam

2257 849 2372 947 ipse
2392 888 2501 929 non
2528 866 2769 926 condidit
2806 883 2819 920 :
2846 872 2902 919 et
2925 860 3046 917 ideo
3074 866 3356 932 peccatum
3381 853 3537 926 punit
3556 850 3701 923 quod
3724 849 3843 919 ipse

2258 944 2363 1025 non
2385 965 2535 1030 fecit,
2572 961 2700 1033 quia
2725 973 2790 1015 eo
2815 954 3052 1013 {cedatur
3076 960 3269 1007 natura
3298 962 3462 1021 quam
3489 944 3636 1000 fecit.
3674 963 3694 996 1

2332 1059 2467 1113 llinc
2488 1051 2840 1111 solertissime
2861 1042 3298 1121 perpendendum
3313 1046 3584 1110 est,quam
3597 1048 3846 1091 consona

2263 1152 2351 1207 isti
2381 1134 2554 1206 sancti
2582 1146 2856 1208 doctores,
2879 1154 2988 1196 uno
3018 1134 3208 1208 repleti
3229 1131 3444 1204 spiritu,
3475 1130 3585 1184 sint
3609 1124 3847 1181 diversis

2261 1242 2449 1301 oribus
2472 1238 2638 1294 variis
2663 1233 2829 1291 locuti
2854 1229 3126 1303 gentibus.
3159 1224 3315 1281 Unde
3346 1230 3401 1277 et
3421 1217 3716 1289 apostolica
3748 1214 3850 1269 do-

2263 1335 2438 1391 ctrina
2470 1331 2540 1386 ad
2573 1327 2863 1397 imaginem
2908 1322 3027 1388 Dei,
3051 1319 3125 1375 ad
3156 1331 3316 1388 quam
3358 1312 3526 1370 creati
3552 1324 3762 1373 sumus,
3792 1314 3852 1361 et

2263 1425 2571 1489 reformari,
2602 1430 2659 1479 et
2685 1416 2934 1476 renovari
2966 1413 3156 1489 spiritu
3194 1408 3389 1464 mentis
3430 1413 3631 1461 nostra:
3662 1399 3846 1471 (Rom.

2265 1537 2366 1585 x11,
2385 1518 2451 1582 2;
2485 1487 2681 1586 Ephes.
2710 1525 2787 1576 1v,
2815 1508 2935 1578 25),
2957 1487 3013 1561 et
3047 1500 3409 1579 nosmetipsos
3436 1492 3727 1552 salubriter
3747 1487 3853 1586 ad;

2266 1617 2450 1667 monet
2494 1605 2822 1678 diiudicare,
2853 1606 2915 1653 ut
2948 1612 3054 1652 non
3094 1591 3423 1665 iudicemur,
3462 1599 3531 1641 ne
3575 1597 3699 1638 cum
3747 1578 3854 1634 hoc

2264 1701 2467 1758 mundo
2482 1671 2798 1754 dalnnemur
2827 1710 2842 1747 :
2867 1691 2936 1746 Et
2960 1694 3178 1745 sanctus
3201 1678 3493 1753 Gregorius
3522 1676 3575 1730 in
3598 1674 3736 1728 libro
3768 1671 3861 1726 de-

2267 1795 2411 1850 cimo
2444 1797 2639 1861 quarto
2664 1784 2945 1843 Moralium
2967 1781 3068 1838 Job
3085 1779 3224 1851 (cap.
3250 1774 3363 1846 il),
3392 1770 3517 1843 quia
3546 1783 3654 1824 non
3677 1765 3856 1821 homi-

2272 1902 2368 1944 nes
2393 1899 2426 1939 a
2596 1881 2702 1937 sint
2730 1873 3097 1951 praedestinati
3142 1870 3210 1926 ad
3232 1880 3473 1941 poenam,
3499 1861 3593 1918 sed
3637 1857 3858 1914 diabolo

2271 1992 2395 2033 cum
2420 1985 2649 2042 corpore
2675 1984 2774 2024 suo
2809 1981 2877 2023 ex
2906 1960 3262 2019 retributione
3280 1955 3509 2029 iustitia:
3539 1951 3611 2007 sit
3644 1960 3857 2020 pmnaa

2272 2069 2381 2122 Deo
2423 2037 2834 2135 praidestinata,
2865 2056 2939 2111 ita
2982 2052 3117 2108 dicit
3154 2067 3167 2106 :
3208 2068 3227 2100 ι
3260 2047 3329 2103 Et
3364 2058 3556 2100 omnes
3604 2037 3863 2109 inquiens

2271 2156 2364 2228 qui
2388 2127 2454 2210 de
2481 2150 2617 2221 ejus,
2649 2150 2703 2205 id
2730 2156 2814 2204 est
2838 2141 3187 2205 Antichristi,
3208 2150 3465 2209 perversa
3499 2127 3860 2204 persuasione

2272 2224 2327 2307 in
2361 2248 2542 2320 pravis
2572 2243 2876 2302 actionibus
2900 2237 3014 2295 nati
3036 2244 3184 2301 sunt,
3212 2227 3575 2287 illustratione
3596 2224 3866 2278 adventus

2275 2311 2488 2400 Domini
2518 2346 2724 2393 aeterno
2758 2330 2982 2388 interitu
3025 2341 3149 2383 cum
3191 2322 3382 2379 eodem
3415 2332 3514 2373 suo
3556 2314 3739 2385 capite
3778 2311 3859 2366 fe-

2274 2436 2500 2490 rientur.
2554 2448 2574 2482 1
2609 2428 2742 2483 Item
2776 2441 2792 2478 :
2844 2441 2864 2475 ι
2901 2421 3029 2476 Ilaec
3073 2425 3198 2473 sunt
3239 2404 3589 2468 tabernacula
3638 2400 3809 2473 iniqui
3844 2415 3862 2452 :

2273 2523 2525 2579 videlicet
2545 2517 2810 2580 indicans,
2844 2512 2972 2583 quia
2998 2510 3045 2566 is
3069 2507 3161 2579 qui
3189 2518 3334 2560 nunc
3357 2496 3656 2572 ignorando
3680 2491 3865 2548 extol-

2232 2604 2237 2607 ’
2274 2617 2427 2680 litur,
2451 2623 2580 2668 tunc
2613 2609 2680 2664 ad
2705 2606 2925 2680 propria
2949 2595 3295 2658 tabernacula
3321 2589 3620 2666 perveniet,
3643 2584 3867 2656 quando

2277 2675 2535 2764 eum—sua
2562 2675 2822 2771 iniquitas
2848 2695 2918 2752 ad
2970 2689 3235 2764 supplicia
3262 2687 3558 2756 demerget.
3594 2700 3613 2733 1
3647 2677 3784 2733 Item
3810 2675 3867 2749 in

2276 2763 2416 2856 libro
2434 2794 2647 2851 decimo
2658 2763 3004 2863 quinto(cap.
3032 2763 3088 2855 Β)
3122 2799 3137 2836 :
3175 2798 3194 2832 ι
3218 2777 3409 2833 Manus
3437 2775 3620 2863 itaque
3649 2767 3795 2863 illius
3815 2763 3868 2863 ei

2279 2853 2523 2947 dolorem
2558 2853 2811 2945 reddunt,
2832 2853 2962 2948 quia
2985 2853 3391 2929 damnationem
3432 2862 3630 2934 iustam
3658 2871 3726 2912 ex
3758 2853 3868 2910 ini-

2279 2993 2385 3049 qua
2428 2972 2654 3044 recipiet
2705 2946 3041 3040 operatione.
3073 2961 3220 3017 Bene
3263 2965 3445 3013 autem
3480 2966 3589 3008 non
3634 2946 3868 3009 dabunt,

2281 3040 2377 3126 sed
2413 3040 2642 3122 reddent
2680 3061 2884 3118 dicitur
2926 3075 2941 3112 :
2979 3053 3106 3128 quia
3147 3062 3419 3124 perversae
3458 3043 3575 3116 eius
3622 3040 3873 3128 actiones

2282 3170 2544 3216 aeternum
2571 3155 2623 3211 ci
2647 3151 2969 3225 supplicium
2997 3126 3153 3218 quasi
3185 3139 3457 3214 quoddam
3488 3133 3729 3192 debitum
3759 3126 3874 3184 sol-

2282 3258 2426 3305 vent.
2457 3268 2477 3301 1
2511 3247 2645 3302 Item
2671 3223 2810 3315 (cap.
2830 3223 2918 3313 I7)
2950 3258 2964 3294 :
2995 3259 3013 3291 ι
3038 3233 3317 3293 Deuorabit
3344 3246 3463 3286 eum
3491 3226 3627 3301 ignis
3649 3223 3740 3295 qui
3765 3236 3874 3315 non

2281 3339 2616 3399 succenditur
2657 3310 2779 3409 (.loli
2825 3310 2921 3399 xx,
2950 3330 3064 3403 26).
3112 3327 3247 3383 Miro
3283 3323 3443 3380 valde
3481 3319 3640 3375 modo
3682 3310 3875 3386 paucis

2284 3433 2465 3490 verbis
2512 3441 2803 3501 expressus
2856 3432 2942 3480 est
2995 3422 3134 3495 ignis
3182 3419 3465 3493 gehennae.
3509 3412 3655 3485 Ignis
3716 3422 3876 3464 nam-

2284 3538 2393 3594 que
2435 3499 2757 3591 corporeus,
2788 3526 2850 3570 ut
2891 3528 3012 3571 esse
3059 3511 3197 3584 ignis
3236 3507 3447 3573 valeat,
3473 3502 3748 3577 corporeis
3784 3499 3875 3553 in-

2285 3617 2433 3687 diget
2459 3610 2713 3669 fomentis
2754 3627 2770 3664 :
2805 3607 2909 3676 Qui
2945 3622 3069 3662 cum
3111 3618 3334 3659 necesse
3379 3608 3464 3657 est
3498 3606 3559 3653 ut
3599 3603 3875 3659 servetur,

2286 3685 2385 3779 per
2410 3710 2665 3775 congesta
2702 3699 2847 3772 ligna
2876 3696 3067 3769 procul
3097 3695 3262 3752 dubio
3291 3692 3564 3756 nutritur,
3594 3702 3695 3744 nec
3733 3685 3881 3741 valet

2288 3796 2395 3852 nisi
2452 3808 2749 3851 succensus
2796 3806 2917 3848 esse
2944 3830 2961 3858 ,
3011 3797 3068 3844 et
3122 3787 3230 3844 nisi
3292 3784 3498 3840 refotus
3554 3781 3879 3838 subsistere.

2288 3892 2359 3947 At
2410 3897 2599 3946 contra
2626 3887 2887 3961 gehennae
2938 3882 3114 3954 ignis,
3165 3894 3289 3937 cum
3353 3878 3426 3934 sit
3475 3876 3834 3946 incorporeus
3863 3912 3881 3938 ,

2291 3992 2347 4040 et
2398 3983 2452 4039 in
2512 3996 2573 4037 se
2639 3978 2836 4035 missos
2897 3975 3160 4047 reprobus
3221 3968 3581 4041 corporaliter
3635 3973 3880 4028 exurat,

2290 4090 2395 4133 nec
2451 4089 2520 4129 ex
2569 4071 2748 4128 studio
2799 4070 3038 4125 humano
3091 4061 3482 4125 succenditur,
3545 4072 3649 4113 nec
3711 4055 3878 4124 lignis

2292 4167 2399 4239 '77
2438 4163 2717 4220 nutritur:
2758 4161 2851 4216 sed
2877 4167 3093 4215 creatus
3125 4152 3294 4213 semel
3329 4153 3489 4209 durat
3517 4145 3882 4218 inexstingui—

2290 4237 2438 4324 bilis,
2480 4262 2536 4310 et
2579 4251 2933 4309 succensione
2983 4263 3090 4303 non
3138 4244 3362 4315 indiget,
3414 4248 3472 4296 et
3523 4237 3720 4293 ardore
3773 4248 3886 4289 non

2293 4354 2461 4403 caret.
2491 4345 2635 4400 Bene
2668 4357 2797 4413 ergo
2819 4339 2890 4395 de
2911 4339 3017 4394 hoc
3038 4337 3222 4406 iniquo
3260 4333 3413 4398 dicit,
3445 4326 3884 4409 Devorabiteum

2294 4439 2430 4509 ignis
2452 4436 2542 4508 qui
2566 4451 2669 4489 non
2692 4402 3047 4493 succenditur,
3074 4402 3201 4499 quia
3231 4420 3619 4495 omnipotentis
3643 4402 3884 4490 iustitia,

2296 4529 2599 4585 futurorum
2634 4524 2880 4596 praescia,
2913 4521 2982 4577 ab
3008 4521 3125 4591 ipsa
3166 4517 3352 4574 mundi
3378 4514 3586 4587 origine
3622 4511 3888 4583 gehennae

2296 4622 2474 4693 ignem
2510 4618 2735 4683 creavit,
2767 4616 2860 4687 qui
2886 4615 2940 4669 in
2976 4628 3139 4684 poena
3164 4609 3519 4682 reproborum
3566 4620 3689 4662 esse
3715 4601 3888 4660 semel

2296 4715 2580 4786 inciperet,
2622 4710 2717 4767 sed
2756 4709 3004 4764 ardorem
3031 4721 3188 4762 suum
3211 4703 3376 4760 etiam
3403 4701 3520 4758 sine
3552 4699 3715 4770 lignis
3741 4712 3886 4752 nun-

2295 4820 2457 4877 quam
2498 4802 2695 4858 ﬁniret.
2736 4819 2755 4853 1
2795 4796 2863 4853 Et
2890 4805 3110 4853 sanctus
3140 4793 3501 4865 Hieronymus
3529 4790 3583 4845 in
3619 4788 3760 4843 libro
3786 4787 3887 4841 de-

2299 4898 2440 4952 cimo
2465 4890 2859 4965 explanationis
2883 4888 3031 4944 Isaiae
3056 4886 3364 4958 prophetae:
3393 4902 3413 4935 ‹
3433 4881 3515 4937 Ab
3542 4879 3660 4936 heri
3686 4878 3890 4950 quippe

2299 4998 2355 5045 ct
2380 5003 2409 5042 a
2437 4988 2709 5057 praeterito
2738 4992 2978 5055 tempore
2999 4988 3303 5054 praeparata
3333 4986 3417 5033 est
3439 4992 3471 5031 a
3501 4989 3628 5047 rege
3657 4973 3891 5027 Domino

2304 5080 2536 5136 'I‘hol'eth
2563 5079 2699 5152 (Isa.
2719 5094 2852 5143 xxx,
2884 5075 2996 5148 55),
3028 5073 3080 5129 id
3122 5082 3204 5130 est
3245 5072 3355 5128 lata
3386 5079 3442 5127 et
3493 5068 3735 5140 spatiosa
3788 5083 3891 5137 ge-

2302 5175 2503 5238 henna,
2534 5188 2653 5243 qua:
2672 5187 2789 5233 eos.
2820 5171 2873 5226 id
2905 5177 2988 5225 est
3019 5166 3302 5238 reprobus,
3335 5162 3551 5219 aeternis
3575 5169 3697 5216 urat
3728 5157 3894 5215 ardo-

2303 5266 2474 5322 ribus.
2509 5283 2528 5316 1
2559 5262 2691 5318 Item
2719 5262 2860 5318 idem
2886 5261 2942 5316 in
2972 5260 3112 5315 libro
3151 5257 3313 5313 tertio
3349 5270 3514 5326 super
3565 5251 3894 5326 prophetam

2302 5359 2488 5423 Amos,
2526 5375 2545 5408 ι
2581 5353 2964 5410 Paenitentiam
3012 5360 3191 5407 autem
3244 5348 3340 5405 Dei
3382 5348 3437 5402 in
3468 5344 3767 5416 Scripturis
3809 5344 3896 5399 sic

2303 5450 2564 5505 debemus
2595 5445 2858 5516 accipere,
2902 5440 3172 5513 quomodo
3198 5453 3447 5495 somnum
3473 5445 3527 5492 et
3552 5436 3687 5490 iram
3715 5452 3729 5488 :
3781 5449 3893 5489 non

2303 5554 2412 5609 quo
2443 5537 2609 5592 Deum
2645 5535 2927 5606 paeniteat,
2954 5542 3009 5588 et
3031 5540 3202 5587 mutet
3227 5530 3573 5592 sententiam,
3600 5527 3690 5598 qui
3716 5525 3897 5595 loqui-

2308 5639 2397 5685 tur
2417 5645 2514 5700 per
2533 5628 2870 5699 prophetam,
2908 5623 3018 5695 Ego
3042 5622 3182 5677 Dens
3207 5632 3252 5676 et
3280 5637 3385 5675 non
3416 5629 3587 5673 mutor
3616 5615 3775 5689 (Mal.
3809 5631 3896 5680 111,

2307 5722 2381 5792 6),
2412 5730 2469 5777 et
2491 5720 2577 5775 cui
2608 5735 2706 5775 nos
2731 5719 2981 5783 dicimus,
3013 5715 3091 5770 Tu
3107 5724 3281 5770 autem
3312 5714 3449 5768 idem
3472 5713 3578 5783 ipse
3592 5727 3663 5773 es,
3696 5719 3745 5763 et
3767 5707 3899 5763 anni

2305 5813 2381 5866 tui
2416 5829 2519 5866 non
2553 5810 2792 5881 deﬁcient
2820 5807 2993 5883 (Psal.
3020 5825 3094 5877 c1,
3128 5807 3252 5878 28);
3306 5806 3402 5864 sed
3451 5820 3560 5876 quo
3606 5800 3764 5860 nobis
3824 5797 3897 5858 ad
