4052 6334
236 376 333 438 ω

1023 376 1112 432 DE
1145 373 1822 432 PREDESTINATIONE
1863 374 2318 434 DlSSERTATlO
2356 357 2766 438 POSTERIOR.

3413 383 3514 437 ΗΞ

232 495 456 554 meliora
485 491 783 556 conversis,
826 492 1000 562 ipsum
1031 492 1294 562 paeniteat
1338 491 1619 546 sententia:
1661 505 1772 544 sum
1806 505 1818 540 :
1849 493 1899 550 Α
1927 503 2070 550 rum,
2095 487 2272 556 justus
2299 491 2352 544 in
2385 492 2648 562 supplicio
2671 501 2975 560 certorum;
3024 505 3077 549 et
3105 496 3277 550 bonus
3317 498 3368 550 in
3397 516 3512 552 Olli-

229 596 288 663 ut
311 602 415 642 nec
435 585 589 658 justo
609 585 800 640 reddat
825 585 1043 654 praemia
1081 599 1202 654 quae
1243 583 1514 652 promisit,
1564 583 1610 637 si
1658 579 1822 636 decli-

229 677 439 736 naverit
483 677 554 732 ad
583 677 945 747 iniquitatem,
994 691 1096 731 nec
1141 676 1412 746 peccaturi
1456 690 1643 746 punias
1686 687 1823 744 quas

225 768 595 825 comminatus
625 776 727 832 est,
756 766 800 822 si
824 779 1115 821 conversus
1147 765 1310 820 fuerit
1329 766 1396 819 ad
1426 765 1672 819 salutem.
1707 782 1727 814 ι
1756 762 1822 816 Et

226 858 386 915 item:
429 875 449 908 ‹
485 855 596 913 Vos
617 864 821 922 autem,
867 855 961 910 filii
1003 854 1188 920 lsrael,
1217 856 1372 925 quasi
1405 855 1459 908 in
1505 857 1686 910 cribro
1715 853 1822 924 agi-

227 957 368 1006 latos
413 957 584 1018 atque
630 961 922 1002 concussos
963 945 1236 1002 mundabo
1278 956 1333 1000 et
1375 945 1593 1017 eligam,
1641 953 1700 998 ut
1727 945 1820 1016 qui

223 1037 443 1110 lapillus
468 1036 660 1102 fuerit,
684 1044 740 1091 et
767 1051 864 1106 per
892 1035 1268 1107 paenitentiam
1285 1036 1592 1100 roboratus,
1622 1035 1689 1090 de
1712 1035 1820 1089 cri-

223 1127 322 1184 bro
349 1142 479 1183 meo
517 1142 624 1184 non
649 1127 863 1182 excidat
889 1143 904 1192 ;
938 1126 1031 1197 qui
1058 1135 1239 1181 autem
1261 1127 1436 1181 instar
1453 1124 1692 1196 pulveris
1722 1140 1818 1180 ce-

227 1219 429 1276 ciderit
475 1219 529 1274 in
567 1228 792 1283 terram,
837 1218 1176 1288 percutiatur
1205 1217 1382 1288 gladio
1409 1225 1466 1272 et
1508 1217 1814 1272 moriatur:

217 1320 523 1381 peccatores
567 1311 748 1380 populi
790 1308 925 1371 mei;
956 1322 1063 1362 non
1107 1306 1233 1377 quia
1281 1315 1406 1361 ante
1452 1306 1814 1375 peccaverint,

217 1401 314 1455 sed
347 1400 480 1470 quia
511 1416 682 1470 usque
710 1401 777 1454 ad
805 1407 1036 1454 mortem
1077 1399 1546 1468 perseveraverint
1587 1397 1641 1450 in
1686 1413 1814 1467 pee-

219 1488 378 1543 catis.
418 1507 439 1540 ι
474 1489 606 1544 Item
635 1488 724 1543 ubi
765 1487 984 1553 dicitur,
1031 1486 1168 1540 Ecce
1215 1503 1309 1556 ego
1357 1484 1640 1550 mandabo,
1690 1501 1813 1539 cum

215 1581 447 1649 exponit
485 1579 851 1634 testimonium
894 1577 1163 1643 Jeremizu,
1219 1577 1498 1632 Assumam
1534 1587 1583 1630 et
1628 1575 1814 1646 loquar

215 1686 377 1740 super
400 1681 631 1742 gentem,
659 1681 715 1726 et
742 1670 971 1740 reliqua,
1022 1687 1040 1720 c
1083 1668 1200 1723 Non
1246 1685 1375 1740 ergo
1405 1670 1568 1735 Deus,
1616 1668 1809 1738 inquit,

216 1772 490 1830 mutatur,
515 1764 608 1834 qui
642 1779 855 1833 semper
879 1772 965 1819 est
1009 1762 1400 1817 immutabilis:
1437 1763 1529 1817 sed
1560 1777 1658 1816 nos
1687 1776 1810 1816 eum

1927 577 2104 641 nibus,
2135 583 2387 648 quoniam
2431 580 2627 635 bonum
2659 591 2742 636 est
2769 599 2892 636 cum
2935 583 3174 638 debitum
3223 583 3508 639 redditur:

1924 675 1980 720 et
2027 666 2203 734 justus
2262 669 2313 722 in
2369 670 2637 734 omnibus,
2699 673 2952 740 quoniam
3001 670 3206 740 justqu
3245 682 3328 728 est
3384 690 3508 728 cum

1925 758 2219 814 indebitum
2267 761 2384 814 sine
2431 761 2748 830 cujusquam
2788 762 2976 817 fraude
3018 764 3266 818 donatur.
3305 783 3322 814 ι
3359 764 3426 817 Et
3455 765 3509 817 in

1923 851 2061 908 libro
2111 864 2298 909 contra
2353 855 2627 926 Pelagium
2685 865 2740 910 et
2784 857 3140 922 Cwlestium,
3195 860 3261 914 de
3319 860 3510 915 Gratia

1921 942 2144 1009 Christi,
2173 953 2228 999 et
2256 945 2450 1000 Libero
2480 946 2740 1011 Arbitrio,
2787 956 2843 1001 et
2885 948 3131 1019 originali
3179 949 3408 1006 Peccato
3437 953 3506 1005 ad

1921 1032 2098 1088 locum
2128 1033 2416 1106 (llypomn.
2441 1035 2530 1090 lib.
2561 1037 2635 1105 vr)
2669 1057 2681 1090 :
2725 1036 2770 1092 0
2793 1039 2944 1092 homo
2967 1048 3022 1092 tu
3043 1041 3158 1109 quis
3187 1058 3240 1096 es
3270 1045 3360 1112 qui
3404 1059 3510 1095 res-

1919 1124 2149 1191 pondeas
2177 1124 2328 1179 Deo?
2355 1123 2613 1198 Nunquid
2632 1127 2757 1182 dicit
2779 1127 3083 1198 ﬁgmentum
3105 1131 3150 1184 ei
3164 1132 3254 1201 qui
3278 1148 3332 1186 se
3355 1131 3500 1201 fecit,

1920 1211 2030 1268 Cur
2055 1231 2135 1270 me
2161 1218 2236 1270 sic
2266 1216 2474 1286 fecisti?
2508 1217 2587 1272 An
2620 1236 2723 1273 non
2768 1219 2920 1274 habet
2961 1230 3263 1290 potestatem
3306 1223 3502 1292 ﬁgulus

1919 1303 2016 1358 luti
2043 1321 2108 1358 ea:
2140 1306 2322 1360 eadem
2369 1323 2543 1362 massa
2565 1307 2758 1376 facere,
2790 1309 2936 1363 aliud
2960 1310 3168 1380 quidem
3194 1327 3284 1364 vas
3319 1313 3374 1364 in
3409 1312 3503 1365 Ito-

1919 1411 2115 1460 norem,
2159 1395 2306 1450 aliud
2335 1414 2454 1452 vero
2493 1400 2549 1452 in
2585 1399 2952 1454 contumeliam
2995 1400 3174 1471 (Rom.
3231 1417 3308 1467 Ix,
3362 1403 3454 1467 2|)
3481 1405 3506 1455 ?

1918 1482 2030 1554 Ego
2056 1493 2234 1540 autem
2265 1488 2366 1542 hoc
2411 1486 2534 1544 dico
2563 1490 2706 1558 quod
2737 1490 2871 1556 dixi,
2911 1491 3037 1561 quia
3068 1493 3329 1562 quidquid
3358 1493 3502 1550 Deus

1915 1576 2046 1646 agit,
2099 1577 2542 1647 misericorditer,
2601 1581 2780 1650 justc,
2831 1595 3124 1654 sancteque
3170 1585 3319 1650 facit,
3371 1589 3501 1656 quia

1915 1668 2064 1724 solus
2095 1669 2209 1740 ipse
2262 1673 2595 1741 praesciendo
2647 1676 2750 1730 scit
2803 1677 2944 1746 quod
2995 1679 3158 1733 homo
3211 1680 3501 1735 nesciendo

1915 1763 2110 1818 nescit.
2162 1785 2181 1816 ‹
2219 1765 2351 1832 Quis
2402 1769 2546 1821 enim
2592 1769 2844 1838 cognovit
2883 1783 3100 1824 sensum
3132 1770 3378 1836 Domini,
3409 1774 3502 1841 qui

213 1864 464 1910 nostram
503 1855 970 1910 conversationem
1017 1860 1305 1917 mutamus,
1337 1854 1510 1918 smvit,
1538 1852 1810 1914 irascitur,
1843 1862 1890 1922 Β
1920 1853 2156 1909 instruat
2183 1857 2342 1909 eum?
2388 1867 2481 1911 aut
2523 1857 2644 1928 quis
2687 1859 3028 1913 consiliarius
3073 1859 3189 1928 ejus
3223 1861 3355 1914 fuit?
3409 1873 3504 1916 aut

211 1945 608 2008 comminatur,
639 1952 693 1999 et
714 1943 846 1999 dicit
882 1959 942 1999 se
970 1943 1245 1998 illaturum
1271 1958 1393 1998 esse
1421 1941 1682 2013 supplicia
1709 1960 1721 1995 :
1764 1942 1810 1997 si

208 2052 445 2109 agamus
473 2037 874 2107 paenitentiam,
924 2036 1099 2106 ipsum
1136 2050 1351 2105 quoque
1381 2049 1492 2091 sua:
1527 2034 1814 2105 paenitebit

209 2129 524 2184 sententiae.
564 2147 583 2180 ι
635 2128 706 2183 Εῑ
746 2137 965 2183 sanctus
992 2127 1326 2198 Augustinus
1375 2127 1428 2181 in
1459 2126 1673 2182 Psalmo
1695 2142 1808 2181 vn:

214 2237 234 2270 ι
270 2217 391 2274 Nec
433 2227 687 2288 putemus
731 2217 878 2272 illam
931 2216 1376 2288 tranquillitatem
1427 2225 1483 2270 et
1544 2214 1812 2270 ineffabile

209 2308 398 2364 lumen
429 2308 533 2368 Dei
578 2310 646 2364 de
673 2323 732 2364 se
759 2306 1027 2378 proferre,
1058 2308 1198 2362 unde
1227 2315 1450 2376 peccata
1473 2308 1805 2376 puniantur:

208 2399 304 2456 sed
334 2400 456 2470 ipsa
487 2410 710 2472 peccata
738 2401 818 2455 sic
844 2400 1324 2468 ordinare,utquaz
1343 2398 1811 2454 fueruntdelecta-

208 2502 397 2548 menta
428 2491 636 2547 homini
682 2491 962 2562 peccanti;
1019 2491 1129 2546 sint
1171 2491 1531 2545 instrumenta
1582 2488 1810 2545 Domino

207 2583 482 2654 punienti.
522 2601 541 2634 ι
575 2582 644 2636 Ει
673 2582 727 2636 in
753 2580 967 2636 Psalmo
998 2596 1170 2635 xxviii
1198 2597 1211 2634 :
1248 2599 1266 2632 ‹
1303 2579 1436 2635 Cum
1465 2580 1674 2633 venerit
1699 2578 1808 2632 Do-

207 2671 392 2726 minus
413 2670 601 2726 ferens
627 2669 682 2725 in
710 2686 874 2726 manu
900 2670 1272 2726 retributionis
1301 2670 1676 2725 damnationes
1704 2669 1806 2723 im-

207 2761 333 2831 piis,
363 2775 597 2831 regnum
619 2758 782 2828 justis
805 2801 820 2826 ,
853 2761 1166 2816 societatem
1194 2777 1316 2815 cum
1346 2759 1558 2814 diabolo
1587 2761 1804 2830 iniquis,

205 2851 532 2906 societatem
559 2866 683 2905 cum
708 2850 928 2906 Christo
959 2849 1225 2906 fidelibus.
1253 2871 1271 2903 ι
1292 2850 1357 2904 Ει
1379 2850 1431 2904 in
1460 2849 1675 2904 Psalmo
1700 2865 1802 2903 χιε

210 2959 232 2994 ι
262 2941 403 2995 Nam
434 2950 494 2997 et
521 2940 758 2998 Zabulus
794 2940 1070 2997 Christum
1098 2941 1446 3011 exstinguere
1472 2939 1803 3010 concupivit,

205 3041 262 3088 et
291 3033 470 3088 Judas
509 3033 784 3089 Christum
824 3033 1073 3089 occidere
1117 3032 1330 3088 voluit:
1383 3033 1568 3090 occiso
1623 3032 1805 3087 autem

204 3123 429 3182 Christo
453 3136 510 3180 et
536 3134 855 3198 resurgente
897 3141 996 3182 nos
1020 3125 1278 3182 viviticati
1321 3141 1528 3182 sumus.
1579 3125 1804 3181 Diabolo

1917 1946 2038 2016 quis
2065 1948 2215 2018 prior
2236 1948 2382 2004 dedit
2411 1950 2483 2004 illi
2523 1961 2578 2005 et
2619 1951 2944 2006 retribuetur
2976 1953 3065 2008 ei?
3098 1961 3188 2008 aut
3215 1954 3338 2024 quis
3371 1954 3504 2009 dicit

1917 2038 2150 2106 ei:Quid
2181 2055 2267 2096 me
2293 2040 2465 2097 fecisti
2492 2044 2603 2098 sic?
2633 2042 2746 2098 Non
2775 2053 2950 2114 potest
2968 2054 3174 2100 tantum
3197 2047 3300 2102 dici
3318 2045 3497 2116 justus

1917 2128 2079 2196 Deus,
2097 2140 2189 2186 aut
2209 2133 2381 2188 solum
2413 2135 2746 2200 misericors,
2771 2141 2862 2193 sed
2885 2138 3062 2209 justus
3083 2149 3138 2194 et
3161 2141 3491 2198 misericors.

1915 2222 2007 2277 Sic
2065 2223 2313 2293 legimus,
2363 2226 2443 2281 sic
2493 2228 2786 2284 credimus.
2842 2229 3134 2300 Propterea
3175 2233 3393 2303 quando
3424 2233 3502 2289 illi

1913 2330 2037 2371 cum
2088 2317 2256 2372 David
2306 2319 2732 2375 misericordiam
2771 2332 2828 2376 et
2873 2321 3137 2392 judicium
3193 2334 3498 2392 cantamus,

1913 2415 2218 2462 metuentes
2243 2424 2350 2463 non
2381 2409 2776 2481 interrogamus
2811 2428 2932 2483 quae
2958 2413 3028 2467 sit
3068 2415 3314 2470 voluntas
3356 2415 3495 2486 ejus.

1911 2496 1979 2553 de
1999 2495 2204 2565 judicio
2235 2507 2290 2554 et
2327 2501 2698 2556 misericordia
2733 2504 3130 2572 cunquirentes.
3178 2525 3197 2557 ι
3254 2504 3322 2558 Et
3379 2515 3503 2575 post

1910 2589 2226 2660 paululum:
2267 2609 2284 2642 ι
2322 2592 2460 2660 Quia
2510 2594 2555 2648 si
2604 2596 2833 2649 scrutari
2865 2596 3193 2650 voluerimus
3227 2606 3497 2651 secretum

1910 2680 2030 2748 Dei,
2064 2685 2449 2755 quodjustitiaa
2489 2685 2660 2754 ipsius
2685 2685 2851 2740 solius
2879 2696 3064 2740 notum
3113 2699 3216 2751 est,
3250 2702 3500 2757 compre-

1909 2775 2146 2832 bendere
2177 2793 2281 2831 non
2317 2778 2581 2843 valemus,
2625 2787 2680 2832 et
2731 2779 2984 2848 impletur
3020 2778 3074 2831 in
3137 2777 3292 2833 nobis
3347 2778 3497 2849 quod

1907 2865 2170 2936 scriptum
2221 2874 2344 2931 est,
2399 2865 2714 2936 Defecerunt
2763 2876 3056 2921 scrutantes
3117 2867 3494 2922 scrutationem

1909 2955 2080 3028 (Psal.
2108 2974 2262 3025 um,
2292 2959 2368 3028 7).
2410 2958 2623 3027 Quare?
2663 2959 2789 3029 quia
2833 2960 3066 3023 accessit,
3101 2958 3294 3029 inquit,
3337 2958 3493 3013 homo

1906 3047 1977 3101 ad
2018 3064 2109 3102 cor
2152 3048 2340 3114 altum,
2391 3060 2438 3102 et
2485 3048 2806 3104 exaltabitur
2849 3049 2990 3105 Deus
3046 3050 3223 3122 (ibid.,
3272 3051 3349 3123 8).
3383 3051 3495 3108 Sed

1908 3138 2069 3207 forte,
2093 3155 2218 3196 cum
2242 3142 2361 3197 sitis
2392 3141 2864 3212 repreliensibiles,
2886 3142 3214 3212 iudiciorum
3240 3141 3338 3198 Dei
3365 3157 3491 3200 esse
3559 3186 3577 3191 -

207 3223 392 3272 tamen
424 3223 484 3271 et
513 3214 668 3270 Iuda:
712 3230 923 3272 merces
971 3216 1127 3271 mala:
1187 3216 1477 3273 voluntatis
1538 3218 1799 3284 redditur,

1910 3247 2004 3288 vos
2049 3233 2562 3304 comprehensibiles
2605 3232 2864 3303 jactatis:
2914 3233 3106 3290 melius
3135 3234 3344 3291 scilicet
3374 3233 3490 3291 Deo

205 3321 316 3362 non
347 3316 556 3362 nostra:
599 3306 810 3362 salutis.
859 3305 1130 3362 Noveritis
1158 3323 1226 3363 ex
1264 3308 1446 3363 animo
1473 3324 1801 3379 quemquam

205 3401 578 3472 pendendum,
596 3399 665 3455 ad
687 3400 1100 3456 retributionem
1123 3400 1207 3456 vel
1233 3403 1440 3472 praemii
1456 3401 1537 3457 vel
1557 3415 1751 3472 ptente.
1778 3421 1796 3454 ι

276 3493 590 3565 Capitulum
624 3508 838 3564 quoque
882 3494 956 3548 ita
1000 3494 1372 3566 subiungendo
1417 3495 1798 3560 conclusimus,

210 3599 234 3635 ‹
268 3583 356 3639 ’Ac
384 3598 490 3654 per
522 3585 628 3640 hoc
664 3600 828 3640 unam
862 3583 957 3640 Dei
993 3586 1520 3655 przedeslinationem
1551 3586 1797 3650 dicimus,

208 3695 329 3751 quae
352 3688 451 3735 aut
477 3679 548 3736 ad
579 3681 777 3736 donum
802 3680 1041 3752 pertinet
1085 3681 1297 3754 gratiae,
1327 3690 1424 3737 aut
1464 3681 1534 3737 ad
1563 3679 1798 3737 retribu-

211 3773 414 3828 tionem
437 3771 686 3841 justitiaa.
721 3792 740 3825 ι
791 3771 860 3829 Et
899 3773 1089 3829 beatus
1115 3774 1452 3845 Augustinus
1486 3774 1540 3829 in
1571 3773 1710 3828 libro
1733 3771 1802 3827 de

208 3858 358 3918 Bono
379 3863 468 3918 vel
491 3863 644 3918 Dono
668 3865 1084 3934 perseverantia:
1111 3862 1250 3934 (cap.
1269 3863 1389 3935 14):
1425 3883 1444 3915 ι
1474 3861 1609 3930 Quia
1625 3860 1800 3926 vobis,

211 3952 408 4024 inquit,
433 3955 620 4010 datum
645 3963 729 4011 est
771 3971 932 4011 nosse
975 3955 1295 4026 mysterium
1323 3955 1475 4026 regni
1515 3954 1800 4018 malorum,

211 4045 317 4102 illis
344 4055 532 4101 autem
561 4063 669 4102 non
716 4055 799 4103 est
832 4047 1039 4113 datum,
1075 4062 1305 4117 quorum
1337 4046 1566 4102 alterum
1596 4045 1665 4100 ad
1696 4044 1801 4099 mi-

209 4138 588 4203 sericordiam,
620 4137 730 4209 78
755 4137 982 4194 alterum
1005 4138 1070 4194 ad
1087 4137 1348 4209 judicium
1374 4139 1609 4209 pertinet
1634 4137 1800 4201 illius,

207 4230 298 4286 (tui
324 4229 462 4285 dicit
507 4230 686 4285 anima
732 4241 943 4295 nostra,
992 4229 1412 4286 Hiscricordiam
1449 4241 1498 4287 et
1535 4231 1802 4302 judicium

206 4324 437 4378 cantabo
462 4324 574 4388 tibi,
599 4323 822 4379 Domine
849 4321 1022 4396 Psal.
1049 4341 1100 4391 c,
1125 4325 1200 4396 1).
1239 4345 1259 4380 ι
1291 4326 1359 4380 Εῑ
1384 4325 1542 4397 longe
1557 4325 1804 4397 superius

209 4417 351 4484 (cap.
407 4413 496 4485 1‘2)
537 4432 550 4468 :
600 4433 620 4466 ι
661 4415 720 4470 In
752 4431 818 4471 eo
871 4432 1002 4488 ergo
1051 4418 1195 4487 quod
1248 4417 1367 4474 aliis
1404 4419 1632 4489 gratiam
1687 4418 1799 4484 dat,

206 4507 333 4562 aliis
365 4523 475 4562 non
510 4505 622 4573 dat,
648 4524 746 4563 cur
779 4507 966 4563 nolunt
991 4517 1213 4563 cantare
1241 4507 1466 4564 Domino
1494 4509 1800 4564 misericor-

1900 3321 2198 3392 placentes,
2223 3337 2387 3394 quam
2411 3323 2612 3379 Paulus
2638 3322 2934 3393 apostolus,
2982 3325 3075 3394 qui
3111 3339 3235 3380 esse
3274 3325 3490 3381 incom-

1901 3414 2285 3484 prehensibilia
2311 3429 2408 3486 per
2433 3423 2680 3470 sanctum
2710 3413 2970 3484 Spiritum
3000 3415 3335 3486 praedicavit.
3363 3435 3382 3467 ι
3417 3415 3490 3470 Et

1902 3512 2020 3573 post
2045 3503 2350 3573 aliquanta:
2373 3523 2390 3555 ι
2409 3503 2549 3559 Ecce
2576 3504 2630 3558 in
2659 3504 2910 3559 omnibus
2932 3517 3052 3574 qua:
3075 3518 3142 3560 ex
3165 3504 3490 3560 auctoritate

1902 3595 2081 3649 divina
2103 3595 2439 3665 protulimus,
2458 3595 2626 3650 habes
2645 3594 3070 3650 misericordiam
3093 3603 3148 3651 et
3162 3595 3484 3665 judicium.»

1971 3684 2041 3740 Et
2091 3695 2310 3741 sanctus
2354 3685 2588 3757 Prosper
2643 3686 2698 3741 in
2757 3688 3109 3757 responsione
3163 3676 3485 3756 objectionis

1902 3775 2178 3832 Gallorum
2218 3778 2424 3833 decima
2479 3788 2672 3848 quarta
2722 3787 2797 3833 ita
2841 3778 3018 3834 dicit:
3066 3777 3511 3836 Prtedcsti'natio

1903 3868 2066 3938 igitur
2088 3868 2179 3923 Dei
2203 3884 2416 3940 semper
2442 3868 2495 3924 in
2528 3869 2670 3925 bono
2691 3877 2796 3936 est,
2823 3885 2943 3940 quae
2970 3869 3038 3924 ad
3066 3870 3485 3927 retributionem

1896 3959 2143 4028 justitize,
2191 3970 2283 4016 aut
2312 3962 2379 4016 ad
2417 3961 2764 4019 donationem
2817 3964 3050 4033 pertinet
3079 3963 3266 4036 gratia:
3298 3981 3312 4019 :
3362 3965 3486 4019 uni-

1902 4067 2066 4106 versa:
2090 4051 2236 4106 enim
2259 4052 2355 4106 via:
2380 4052 2595 4107 Domini
2628 4053 2989 4109 misericordia
3012 4065 3060 4110 et
3092 4056 3280 4110 veritas
3305 4054 3481 4128 (Psal.

1905 4142 2180 4214 xxrv,10).
2198 4141 2266 4195 Et
2282 4151 2504 4198 sanctus
2531 4142 2888 4214 Hieronymus
2905 4145 2957 4199 in
2978 4146 3316 4216 expositione
3329 4147 3486 4202 Osca:

1905 4234 2180 4304 propheta:
2205 4252 2217 4288 :
2255 4254 2274 4285 ε
2296 4234 2589 4305 Argentum
2609 4250 2765 4289 suum
2793 4244 2848 4289 et
2874 4251 3065 4290 aurum
3091 4236 3349 4306 quidquid
3377 4238 3482 4292 ha-

1904 4329 2036 4383 bere
2066 4326 2176 4398 79
2198 4334 2452 4397 poterant
2488 4326 2807 4381 naturaliter
2843 4330 3111 4383 sermonis
3157 4343 3221 4384 ac
3265 4343 3484 4394 sensus,-

1905 4427 2186 4474 verterunt
2223 4419 2274 4472 in
2316 4417 2454 4473 idola
2484 4434 2603 4489 qua:
2634 4419 2698 4474 de
2733 4433 2831 4475 suo
2869 4419 3033 4474 corde
3065 4407 3377 4485 finxerunt,
3430 4429 3488 4473 et

1905 4518 2186 4565 verterunt
2213 4525 2318 4564 non
2349 4519 2408 4565 ut
2436 4509 2750 4573 interirent,
2783 4510 2877 4566 sed
2908 4511 3032 4580 quia
3060 4519 3339 4566 verterunt
3365 4508 3488 4565 ideo

207 4597 356 4652 diam
386 4608 444 4652 et
466 4595 766 4666 judicium?
790 4597 900 4652 Cur
928 4608 1105 4654 autem
1148 4599 1252 4654 illis
1296 4599 1472 4670 potius
1499 4615 1660 4669 quam
1692 4597 1797 4652 illis
1823 4579 1878 4638 Ῑ)
1905 4603 2243 4657 interierunt.
2297 4601 2481 4674 Neque
2519 4603 2664 4658 enim
2706 4603 2810 4659 hac
2849 4579 3060 4658 ratione
3088 4601 3374 4670 fecerunt,
3425 4613 3488 4658 ut

204 4691 391 4758 detur,
418 4691 539 4763 quis
552 4693 808 4765 cOgnovit
838 4709 1055 4749 sensum
1085 4694 1330 4750 Domini?
1366 4695 1488 4764 quis
1530 4694 1800 4748 inscruta.

207 4784 335 4839 biiia
366 4785 604 4840 scrutari
646 4785 854 4840 valeat?
893 4787 1016 4856 quis
1063 4785 1452 4857 investigabilia
1495 4783 1800 4854 vestigare?

205 4874 510 4932 Conﬁcitur
532 4876 736 4946 itaque,
762 4877 992 4948 gratiam
1023 4877 1116 4932 Dei
1143 4892 1252 4932 non
1282 4877 1580 4932 secundum
1606 4876 1800 4931 merita

205 4967 575 5038 accipientium
603 4967 742 5033 dari,
774 4967 868 5023 sed
896 4967 1193 5023 secundum
1223 4965 1479 5038 placitum
1507 4966 1801 5022 voluntatis

205 5054 325 5124 ejus
348 5057 405 5110 in
436 5056 651 5112 laudem
688 5065 746 5111 et
782 5056 1007 5128 gloriam
1037 5056 1203 5128 ipsius
1232 5057 1441 5125 gratim,
1470 5064 1529 5109 ut
1565 5055 1656 5126 qui
1683 5055 1798 5127 glo-

205 5149 387 5204 riatur
415 5147 726 5205 nullomodo
757 5148 810 5216 in
839 5147 1016 5218 seipso
1045 5148 1138 5202 sed
1175 5147 1226 5202 in
1261 5147 1488 5201 Domino
1516 5145 1798 5216 glorietur,

205 5240 299 5309 qui
334 5238 650 5294 hominibus
679 5239 767 5294 dat
795 5239 992 5308 quibus
1041 5238 1151 5292 vult
1191 5238 1447 5308 quoniam
1491 5237 1802 5292 misericors

205 5339 322 5397 est;
350 5330 494 5399 quod
517 5338 575 5385 et
600 5330 645 5386 si
675 5346 779 5386 non
805 5329 917 5394 det,
937 5327 1114 5398 justus
1128 5339 1242 5384 est:
1272 5338 1326 5384 et
1354 5345 1459 5384 non
1487 5329 1579 5382 dat
1609 5327 1803 5398 quibus

207 5439 316 5478 non
342 5421 482 5487 vult,
515 5429 574 5475 ut
600 5414 756 5478 notas
783 5421 949 5477 faciat
976 5422 1194 5477 divitias
1219 5421 1401 5492 glorim
1431 5436 1544 5476 sua:
1588 5420 1641 5474 in
1674 5434 1803 5473 vasa

207 5515 626 5570 misericordizn.
687 5515 874 5572 Dando
921 5516 1068 5571 enim
1123 5515 1446 5586 quibusdam
1495 5513 1639 5585 quod
1696 5526 1806 5566 non

209 5615 520 5670 merentur,
551 5604 794 5675 profecto
830 5607 1146 5678 gratuitam,
1195 5616 1252 5661 et
1297 5623 1392 5677 per
1437 5607 1540 5660 hoc
1599 5619 1806 5668 veram,

207 5714 364 5752 suam
392 5697 627 5768 gratiam
656 5712 775 5752 esse
800 5697 982 5753 voluit.
1013 5697 1128 5752 Non
1159 5697 1414 5767 omnibus
1447 5697 1644 5764 dando,
1679 5697 1808 5768 quid

206 5805 409 5846 omnes
437 5797 717 5842 merentur
743 5792 999 5857 ostendit,
1037 5792 1210 5846 bonus
1257 5791 1308 5844 in
1337 5790 1600 5844 beneficio
1627 5798 1805 5844 certo-

1901 4693 2178 4764 perirent;
2225 4692 2316 4747 sed
2346 4693 2472 4761 quia
2522 4686 2788 4758 fecerunt,
2833 4693 3034 4748 idcirco
3074 4694 3374 4763 perierunt.
3423 4693 3492 4748 Et

1904 4798 2003 4839 nos
2033 4782 2211 4837 verbis
2253 4781 2398 4837 beati
2441 4782 2752 4853 Hieronymi
2796 4783 3189 4838 concordantes
3227 4783 3482 4848 dicimus,

1906 4889 2010 4927 non
2043 4873 2162 4928 ideo
2192 4872 2488 4942 perierunt,
2521 4873 2646 4942 quia
2677 4887 2707 4926 a
2736 4873 2846 4929 Deo
2876 4875 3243 4943 przedestinati
3275 4883 3402 4929 sunt
3429 4886 3490 4928 ut

1906 4963 2172 5036 perirent,
2217 4965 2310 5019 sed
2341 4963 2461 5020 ideo
2491 4981 2522 5019 a
2552 4964 2663 5019 Deo
2698 4979 2804 5019 non
2848 4974 2974 5020 sunt
3013 4965 3380 5035 praedestinati
3424 4977 3488 5018 ut

1906 5058 2038 5114 salvi
2075 5057 2298 5121 fierent,
2329 5055 2454 5126 quia
2485 5053 2718 5125 prresciti
2749 5062 2874 5110 sunt
2903 5055 2970 5110 ab
2997 5055 3114 5125 ipso
3142 5054 3360 5124 proprio
3388 5070 3490 5109 suo

1908 5150 2040 5204 vitio
2067 5147 2316 5219 perituri,
2339 5147 2536 5217 quibus
2555 5162 2621 5202 ex
2644 5147 2999 5202 retributione
3021 5145 3244 5215 iustitia:
3268 5158 3488 5215 pmnam
3511 5135 3520 5174 ³

1907 5239 2310 5311 praedestinavit
2335 5245 2613 5292 :eternam.
2646 5257 2663 5287 ι
2719 5236 2786 5292 Ει
2807 5237 3040 5308 Prosper
3065 5237 3119 5291 in
3146 5235 3486 5292 absolutione

1910 5329 2234 5401 objectionis
2260 5328 2433 5384 tertia:
2454 5327 2727 5382 Gallorum
2749 5347 2760 5380 :
2783 5347 2799 5377 ‹
2823 5326 2977 5394 Quod
3002 5341 3129 5397 ergo
3155 5324 3487 5394 hujusmodi,

1912 5420 2106 5490 inquit,
2134 5419 2188 5473 in
2214 5420 2331 5474 lucc
2355 5417 2590 5489 prolapsi
2621 5417 2782 5482 mala,
2808 5417 2924 5472 sine
2948 5415 3290 5486 correptione
3315 5415 3488 5485 poeni-

1913 5511 2096 5566 tentize
2119 5509 2466 5574 defecerunt,
2498 5523 2602 5564 non
2635 5524 2700 5563 ex
2730 5523 2795 5561 eo
2818 5507 3200 5562 necessitatem
3229 5504 3492 5576 pereundi

1914 5603 2256 5667 habuerunt,
2301 5603 2428 5673 quia
2469 5600 2830 5671 praedestinati
2875 5613 2980 5653 non
3019 5609 3184 5654 sunt:
3229 5597 3325 5653 sed
3372 5597 3493 5652 ideo

1913 5694 2278 5766 praedestinati
2306 5709 2411 5747 non
2438 5701 2585 5754 sunt,
2605 5690 2731 5760 quia
2757 5689 2889 5745 tales
2913 5689 3076 5744 futuri
3101 5706 3164 5746 ex
3188 5689 3492 5744 voluntaria

1914 5785 2357 5858 przevaricalione
2384 5783 2617 5854 prtesciti
2648 5792 2788 5838 sunt.
2820 5804 2834 5832 ι
2877 5783 2942 5841 Et
2969 5784 3092 5839 item
3117 5799 3129 5837 :
3159 5803 3176 5833 ι
3207 5781 3320 5836 Non
3349 5781 3490 5835 enim
