4052 6334
564 337 674 393 1143

1552 335 1880 392 HINCMARI
1920 333 2311 391 RIIEIIENSIS
2352 335 2866 392 ARCIIIEPISCOPI

3730 332 3831 395 ιιι

568 451 741 525 relicti
773 458 897 504 sunt
924 466 953 504 a
988 449 1096 503 Deo
1139 458 1198 503 ut
1239 449 1608 519 relinquerent
1639 451 1839 515 Deum,
1889 452 1982 505 sed
2023 450 2149 504 reli—
2181 453 2227 511 Α
2257 452 2455 513 cautis,
2487 453 2556 505 ita
2590 452 2765 505 nullus
2793 451 2979 505 obviat
3000 448 3221 519 justitiac
3249 450 3625 521 relinquentis.
3659 455 3834 511 Inclu-

558 551 800 612 qt'erunt
823 550 879 597 et
908 541 1077 596 relicti
1108 551 1253 603 sunt,
1280 551 1331 595 et
1354 557 1421 597 ex
1449 542 1591 596 bono
1620 543 1672 595 in
1701 542 1901 596 malum
1931 541 2147 611 propria

567 632 846 687 voluntate
886 632 1078 685 mutati
1121 640 1487 700 sunt,-atque
1525 632 1594 686 ab
1630 646 1695 686 eo
1731 632 1822 701 qui
1864 631 1984 685 illos
2016 632 2153 685 tales

565 723 858 793 prwscivit,
886 737 994 777 non
1024 732 1153 778 sunt
1179 723 1571 793 przcdestinati.
1603 742 1622 775 ι
1657 723 1725 777 Et
1756 724 1883 777 item
1916 724 1969 776 in
1996 724 2153 777 abso-

550 816 770 871 .lutione
796 814 1119 881 objectionis
1145 813 1516 870 duodecimae:
1549 834 1568 864 σ
1602 814 1759 871 Vires
1800 815 1981 883 itaque
2015 814 2152 868 obe-

560 906 781 961 dientize
810 921 917 960 non
955 906 1075 961 ideo
1101 907 1355 976 cuiquam
1381 906 1673 970 subtraxit,
1714 908 1842 977 quia
1879 922 2001 962 eum
2044 922 2153 962 non

560 998 972 1068 praedestinavit
997 999 1026 1050 τ’
1063 997 1159 1052 sed
1212 998 1336 1052 ideo
1377 1012 1485 1051 non
1527 997 1976 1067 praedestinavit,
2025 997 2153 1067 quia

558 1106 908 1146 recessurum
937 1089 1007 1145 ab
1033 1090 1149 1160 ipsa
1176 1090 1484 1145 obedientia
1508 1106 1629 1146 esse
1654 1092 1920 1161 praevidit.
1944 1110 1965 1143 ι
2005 1091 2071 1158 Et
2096 1091 2152 1147 in

566 1182 911 1239 absolutione
954 1180 1279 1250 objectionis
1321 1180 1545 1237 decima:
1570 1172 1761 1236 tertiac
1803 1189 1989 1237 contra
2024 1179 2156 1234 Vin-

560 1273 890 1330 centianos:
925 1292 946 1326 ι
978 1272 1134 1341 Quod
1178 1273 1283 1328 etsi
1330 1288 1396 1328 ex
1443 1280 1645 1329 mterna
1691 1274 1918 1329 scientia
1952 1288 2154 1343 praeco—

563 1365 773 1432 gnitum
818 1365 1019 1429 habet,
1069 1364 1277 1420 scilicet
1328 1364 1501 1427 Deus,
1552 1364 1682 1435 quid
1729 1363 2154 1433 uniuscujusque

560 1458 774 1515 meritis
805 1457 1166 1512 retribbturus
1192 1458 1283 1521 sit,
1311 1456 1511 1511 nemini
1543 1464 1719 1510 tamen
1747 1470 1845 1525 per
1874 1455 1979 1510 hoc
2007 1454 2154 1524 quod

560 1548 671 1602 falli
719 1564 826 1602 non
871 1555 1083 1617 potest,
1132 1555 1229 1602 aut
1270 1546 1655 1602 necessitatem
1695 1554 1789 1600 aut
1817 1544 2151 1599 voluntatem

524 1637 743 1693 .intulit
789 1637 1158 1707 delinquendi.
1192 1657 1215 1691 ι
1278 1636 1414 1692 Item
1466 1635 1830 1708 Hieronymus
1881 1637 1932 1690 iit
1984 1637 2152 1691 Amos

562 1731 877 1801 prophetam
904 1747 918 1784 :
956 1748 973 1779 ι
1004 1730 1105 1797 Qtti
1129 1729 1354 1784 veniunt
1388 1729 1443 1783 in
1478 1728 1621 1782 diem
1645 1727 1867 1790 malum,
1895 1735 2151 1796 parantes

562 1824 662 1879 sibi
691 1822 822 1878 vitio
851 1838 950 1877 suo
975 1822 1115 1878 diem
1145 1820 1348 1876 malum
1376 1837 1391 1886 ;
1441 1835 1552 1874 non
1580 1819 1722 1889 quod
1758 1819 1874 1874 dies
1908 1818 2047 1872 ullus
2081 1819 2151 1872 sit
2182 1801 2224 1860 Β

560 1914 756 1980 malus,
773 1914 870 1969 sed
890 1913 1031 1983 quod
1050 1911 1423 1982 unusquisque
1445 1919 1601 1980 paret
1625 1909 1729 1965 sibi
1756 1908 1979 1973 malum,
1996 1910 2151 1979 juxta

562 2004 690 2060 illud
731 2005 873 2074 quod
915 2004 967 2058 in
1009 2002 1337 2059 Ecclesiaste
1376 2000 1646 2069 legimus:
1689 1998 1766 2054 Ne
1793 1999 1996 2053 dixeris
2033 1998 2150 2052 dies

564 2095 776 2164 priores
805 2093 1055 2148 meliores
1083 2099 1240 2145 erant
1265 2089 1398 2144 mihi
1428 2104 1589 2159 quam
1620 2087 1734 2153 isti,
1762 2087 2016 2157 quoniam
2044 2103 2151 2141 non

562 2189 626 2241 in
674 2184 938 2256 sapientia
969 2183 1273 2252 interrogas
1320 2195 1483 2251 super
1529 2180 1633 2234 hoc
1663 2178 1863 2251 (Eccle.
1894 2194 2003 2244 vu,
2039 2178 2149 2249 11).

560 2276 800 2331 Stultum
827 2283 911 2331 est
937 2274 1083 2330 enim
1113 2273 1316 2327 referre
1341 2272 1406 2325 ad
1434 2280 1700 2340 tempora,
1727 2286 1849 2325 cum
1882 2271 1933 2325 in
1962 2279 2150 2327 nostra

566 2368 641 2421 sit
674 2374 962 2437 potestate,
997 2366 1083 2420 vel
1112 2366 1310 2419 bonum
1338 2363 1478 2419 diem
1510 2363 1667 2418 nobis
1694 2361 1894 2429 facere,
1922 2364 2007 2417 vel
2035 2379 2150 2417 ma-

549 2460 699 2513 .lum.
731 2459 860 2513 Item
894 2458 946 2512 in
974 2457 1185 2512 Nahum
1216 2456 1535 2526 prophetam
1581 2454 1635 2509 in
1681 2454 1858 2523 capite
1908 2455 2149 2527 capituli,

548 2546 669 2601 .Ubi
692 2558 768 2603 est
793 2545 1154 2600 habitaculum
1172 2546 1379 2599 leonum
1398 2543 1659 2613 (Na/runt,
1676 2560 1735 2606 ll,
1754 2544 1840 2614 II)
1859 2560 1873 2609 ;
1889 2544 2152 2600 Jeremias

562 2655 779 2710 quoque
826 2640 893 2695 de
939 2638 1314 2708 peccatoribus
1360 2636 1618 2705 loquitur,
1665 2632 1928 2689 Percussit
1955 2652 2041 2689 eos
2069 2636 2150 2689 leo

562 2736 628 2787 de
652 2734 783 2788 silva
809 2733 1106 2804 (Jer.v,5).
1132 2751 1150 2784 ι
1190 2731 1257 2786 Et
1284 2739 1406 2801 post
1436 2730 1711 2801 paululum
1740 2748 1751 2782 :
1786 2748 1805 2780 ι
1840 2714 2043 2783 Omnes.
2059 2731 2151 2800 qui

560 2823 891 2892 egredientur
920 2839 985 2877 ea:
1014 2823 1110 2886 eis,
1158 2822 1212 2876 id
1251 2832 1335 2875 est
1365 2819 1697 2883 civitatibus,
1744 2819 2035 2888 capientur.
2092 2817 2148 2873 In

560 2930 673 2984 quo
701 2914 1071 2967 animadverte
1100 2913 1242 2982 quod
1277 2926 1441 2966 nemo
1479 2911 1745 2980 capiatur,
1797 2909 1899 2963 nisi
1948 2908 2039 2978 qui
2084 2908 2151 2962 de

546 3004 875 3067 civitatibus
921 3003 1014 3059 Dei
1060 3002 1221 3058 fuerit
1260 3016 1535 3073 egressus.
1590 3000 1831 3070 Denique
1873 2998 2040 3055 .Iudas
2084 3000 2151 3054 de

554 3094 692 3151 ovili
722 3093 923 3149 Christi
953 3093 1085 3160 fuit,
1120 3102 1178 3147 et
1206 3103 1392 3163 raptus
1422 3108 1453 3146 a
1482 3090 1638 3147 leone
1660 3074 1959 3159 suspendio
1988 3074 2152 3143 sulfu-

560 3193 721 3247 catus
748 3192 851 3238 est.
899 3182 1004 3237 Sed
1033 3191 1086 3237 et
1116 3182 1205 3237 ille
1239 3183 1533 3253 propheta,
1568 3180 1653 3235 cui
1685 3188 2019 3248 praeceperat
2044 3178 2148 3232 Do-

568 3274 751 3328 minus
781 3287 851 3327 ne
879 3273 1193 3327 comederet
1221 3285 1390 3341 panes
1420 3285 1451 3324 e
1481 3266 1845 3340 regionerilla,
1877 3266 1967 3321 ubi
1995 3273 2153 3320 erant

560 3363 722 3418 vituli
753 3362 900 3417 aurei
930 3370 985 3416 et
1016 3360 1240 3417 mentita
1272 3358 1482 3430 religio,
1521 3358 1648 3428 quia
1673 3355 1909 3412 comedit
1937 3371 1966 3409 a
1996 3354 2153 3410 leone

560 3468 863 3529 percussus
893 3460 977 3507 est
1003 3449 1121 3518 (III
1154 3450 1283 3520 Reg.
1303 3447 1556 3518 xutﬂl).
1590 3445 1743 3514 Quod
1773 3454 1942 3500 totum
1972 3445 2039 3499 ad
2069 3458 2154 3498 re-

562 3546 918 3609 tributionem
948 3542 1142 3597 divinte
1166 3539 1388 3609 iustitia:
1412 3538 1666 3609 pertinet.
1700 3556 1719 3589 ι

639 3638 794 3693 Unde
819 3645 875 3692 et
903 3642 1128 3690 sanctus
1152 3631 1445 3702 Gregorius
1479 3630 1533 3684 in
1568 3629 1708 3684 libro
1738 3628 1951 3683 decimo
1977 3625 2154 3682 Mora-

566 3729 699 3791 lium
726 3727 830 3783 Job
857 3726 997 3796 (cap.
1024 3724 1101 3795 8),
1130 3722 1255 3791 quia
1283 3736 1389 3775 non
1420 3727 1479 3774 ut
1506 3719 1573 3773 ad
1600 3718 1826 3789 gloriam
1856 3717 2039 3784 electi,
2076 3716 2153 3772 ita

537 3819 677 3881 .sint
707 3815 919 3886 reprobi
952 3832 982 3868 a
1010 3814 1120 3867 Deo
1162 3812 1228 3867 ad
1270 3824 1485 3881 pinnam
1524 3807 1887 3879 prmdestinati
1907 3848 1923 3875 ,
1973 3807 2068 3863 sed
2099 3806 2154 3861 in

544 3925 756 3975 Amassa
785 3906 1103 3981 perditionis
1129 3904 1213 3959 vel
1256 3904 1309 3958 in
1352 3901 1730 3972 iniquitatibus
1758 3901 1872 3956 suis
1897 3915 1964 3956 ex
1996 3900 2155 3955 retri-

567 4004 792 4060 butione
812 4001 1037 4071 iustitia:
1054 3997 1203 4068 justo
1220 3995 1426 4066 judicio
1452 3995 1624 4051 relicti
1652 4014 1665 4050 :
1699 4012 1716 4045 ι
1740 3993 1797 4049 Si
1822 3994 2152 4061 subverterit,

535 4093 779 4163 -inquit,
827 4092 1038 4156 omnia,
1084 4089 1201 4161 quis
1251 4086 1568 4142 contradicet
1615 4087 1713 4141 ei?
1752 4084 1873 4157 (Job
1913 4101 1993 4149 XI,
2039 4085 2153 4156 l0.)

564 4186 725 4259 Sche
756 4199 989 4255 namque
1017 4184 1069 4238 in
1102 4182 1391 4238 elationem
1426 4195 1522 4235 cor
1548 4180 1833 4247 attollitur,
1862 4196 1988 4235 cum
2016 4179 2155 4234 laetis

562 4281 678 4354 80
703 4278 1047 4335 successibus
1078 4276 1131 4330 in
1160 4275 1362 4329 virtute
1402 4274 1727 4328 roboratur:
1777 4272 1870 4327 sed
1911 4274 2036 4327 dum
2070 4272 2151 4325 la-

554 4380 749 4429 .tentes
788 4378 968 4426 motus
1010 4365 1248 4421 atidacize
1288 4364 1342 4416 in
1385 4363 1713 4431 cogitatione
1751 4362 2000 4417 conditor
2024 4377 2154 4416 con-

564 4462 750 4533 spicit,
782 4476 839 4514 se
869 4458 971 4513 sibi
1001 4455 1275 4509 hominem
1304 4451 1645 4506 ostendendo
1677 4451 2041 4521 derelinquit;
2096 4460 2155 4505 ut

554 4554 690 4624 ejus
718 4567 872 4606 mens
902 4545 1157 4603 derelicta
1186 4543 1313 4613 quid
1343 4544 1413 4597 sit
1439 4543 1701 4608 inveniat,
1723 4558 1843 4611 qua:
1869 4544 2007 4598 male
2035 4546 2152 4614 ipsa

568 4657 758 4698 secura
786 4638 1073 4710 gaudebat.
1104 4655 1123 4687 ι
1159 4634 1289 4688 Item
1323 4649 1375 4685 tu
1402 4632 1540 4687 libro
1570 4632 1856 4688 undecimo
1888 4634 2025 4706 (cap.
2051 4638 2107 4709 2)
2135 4656 2150 4695 ε

572 4755 594 4785 ι
629 4731 921 4787 Sciendum
967 4738 1086 4792 est,
1136 4726 1261 4795 quia
1311 4724 1456 4777 aliud
1499 4732 1583 4777 est
1625 4726 1767 4793 quod
1808 4727 2153 4795 omnipotens

555 4826 715 4881 .Deus
746 4819 1171 4877 misericorditer
1203 4814 1426 4879 tribuit,
1480 4814 1625 4869 aliud
1669 4815 1811 4885 quod
1850 4816 2025 4872 iratus
2054 4818 2155 4872 ba-

552 4919 702 4972 .berc
732 4913 879 4969 sinit.
932 4910 1065 4965 Nam
1095 4908 1237 4979 qttod
1277 4921 1532 4977 perverse
1578 4907 1858 4976 praedones
1905 4908 2152 4974 faciunt,

557 5010 677 5062 Jtoc
697 5007 1035 5072 dispensator
1052 4998 1390 5068 mquissimus
1413 5013 1517 5049 non
1542 4997 1641 5050 nisi
1661 4994 1806 5064 iuste
1828 4999 2114 5066 permittit.
2131 5019 2148 5050 ι

558 5094 852 5169 .Item(.lob
880 5108 986 5157 xu,
1013 5088 1141 5158 Ib):
1186 5107 1204 5138 ‹
1240 5087 1297 5142 Si
1344 5087 1693 5151 destruxerit,
1744 5104 1892 5141 nemo
1943 5098 2019 5141 est
2064 5090 2154 5156 qui

564 5188 833 5259 wdiﬁcet:
870 5182 916 5236 si
946 5179 1214 5235 incluserit
1243 5176 1527 5237 hominem,
1560 5191 1709 5229 nemo
1735 5186 1811 5229 est
1837 5178 1926 5248 qui
1951 5178 2154 5248 aperiat

566 5297 690 5351 mp,
719 5280 798 5349 5).
847 5275 1207 5345 Omnipotens
1243 5270 1382 5323 Deus
1417 5270 1712 5323 humanum
1754 5283 1848 5322 cor
1876 5270 2149 5334 destruit,

568 5389 697 5429 cum
726 5369 1021 5440 relinquit:
1063 5364 1326 5428 azdilicat,
1372 5365 1499 5416 dum
1544 5359 1733 5430 replet.
1787 5359 1968 5429 Neque
2005 5361 2151 5415 enim

571 5464 867 5519 humanam
910 5467 1147 5514 mentem
1185 5453 1501 5509 (Iebellando
1541 5450 1812 5515 destruit,
1862 5451 1957 5505 scd
2005 5467 2154 5507 rece~

554 5549 788 5625 ,dendo:
821 5550 951 5618 quia
986 5547 1056 5619 ad
1092 5547 1449 5617 perditionem
1489 5559 1641 5599 suam
1683 5542 1881 5598 sutiicit
1925 5544 2028 5599 sibi
2073 5545 2154 5599 di—

801 5659 820 5690 ι
853 5625 1161 5717 Item
1192 5635 1469 5690 incluserit
1497 5633 1803 5697 hominem,
1848 5634 2026 5690 nullus
2070 5645 2153 5691 est

554 5712 665 5809 Atti
694 5712 902 5801 aperiat
930 5746 942 5782 :
968 5712 1115 5819 .qttia.
1149 5712 1289 5785 Sicut
1329 5740 1489 5779 nemo
1530 5723 1743 5779 obsistit
1791 5725 2027 5795 largitati
2059 5745 2150 5783 vo-

2256 545 2385 597 dcre
2416 546 2597 613 itaque
2624 543 2719 596 Dei
2745 551 2856 604 est,
2900 541 3099 595 clausis
3139 557 3245 595 non
3276 544 3487 611 aperire
3516 561 3529 596 :
3579 545 3723 599 unde
3768 546 3832 599 ac'

2255 638 2495 710 lloysetu
2547 638 2743 692 dicitur
2785 635 2851 690 de
2895 634 3221 689 Pharaone:
3270 633 3383 703 Ego
3428 634 3697 689 obdurabo
3746 652 3838 689 cor

2254 729 2367 798 ejus
2396 727 2592 801 (Exod.
2619 743 2692 791 tv,
2716 726 2829 797 2i).
2879 724 3161 779 Obdurare
3198 722 3395 792 quippe
3434 737 3533 792 per
3564 720 3835 790 justitiam

2255 819 2487 881 dicitur,
2540 816 2758 886 quando
2808 830 2907 869 cor
2958 813 3245 882 reprobum
3298 826 3396 881 per
3448 813 3677 881 gratiam
3728 828 3839 867 non

2254 911 2479 967 emollit.
2529 908 2759 963 Includit
2789 908 2971 975 itaque
3000 904 3307 968 hominem,
3337 919 3495 972 quem
3528 904 3580 959 in
3610 919 3838 960 suorum

2255 1016 2479 1072 operum
2510 1000 2750 1054 tenebris
2781 997 3056 1066 relinquit.
3094 1013 3114 1048 ι
3171 995 3303 1049 Item
3332 998 3468 1066 (cap.
3495 995 3551 1068 7)
3579 1016 3591 1050 :
3626 988 3651 1047 «θ
3676 996 3842 1051 Novit

2252 1096 2637 1166 decipientem,
2658 1092 2784 1163 quia
2808 1092 2861 1145 in
2886 1104 3043 1144 manu
3069 1103 3286 1143 suorum
3307 1104 3529 1159 operum
3549 1089 3839 1145 dimissum

2256 1189 2400 1244 hunc
2434 1195 2489 1241 ut
2531 1186 2597 1240 ad
2633 1182 2813 1254 pejora
2844 1189 3068 1252 proruat
3098 1179 3336 1243 deserit,
3387 1179 3525 1233 sicut
3572 1178 3837 1247 scriptum

2255 1287 2339 1335 est
2382 1296 2394 1331 :
2442 1276 2547 1343 Qui
2586 1284 2753 1337 nocet,
2800 1282 2980 1326 noceat
3021 1271 3193 1324 adhuc
3234 1283 3252 1321 :
3286 1260 3338 1323 et
3373 1269 3464 1340 qui
3503 1270 3558 1322 in
3589 1264 3836 1323 sordibus

2255 1380 2351 1436 est,
2391 1369 2652 1424 sordescat
2684 1366 2856 1419 adhuc
2884 1364 3065 1433 (Apoc.
3099 1376 3233 1426 xxu,
3264 1360 3374 1429 11).
3426 1358 3583 1414 Novit
3617 1374 3838 1429 quoque

2254 1470 2310 1517 et
2337 1476 2460 1515 eum
2494 1460 2584 1529 qui
2616 1458 2922 1526 decipitur:
2954 1455 3081 1524 quia
3118 1469 3259 1523 sepe
3288 1454 3635 1508 committunt
3661 1454 3839 1507 homi-

2252 1566 2354 1605 nes
2381 1548 2520 1602 mala
2544 1564 2665 1617 qua:
2690 1547 2891 1610 sciunt,
2912 1553 2969 1600 et
2994 1544 3199 1599 idcirco
3226 1543 3612 1613 permittuntur
3635 1543 3836 1614 decipi,

2216 1652 2227 1669 ·
2254 1649 2313 1695 ut
2343 1640 2539 1695 cadant
2564 1639 2729 1693 etiam
2761 1638 2815 1691 in
2843 1635 2983 1691 mala
3011 1650 3131 1705 qua:
3162 1634 3407 1688 nesciunt
3432 1650 3447 1688 :
3478 1633 3624 1703 quod
3654 1642 3840 1690 tamen

2254 1733 2492 1803 deceptis
2522 1729 2810 1801 aliquando
2840 1728 2907 1782 ad
2945 1726 3351 1797 purgationem,
3384 1724 3675 1794 aliquando
3707 1739 3839 1780 vero

2256 1823 2323 1876 ad
2353 1821 2569 1875 ultionis
2599 1819 2807 1873 initium
2840 1817 2956 1872 lieri
2983 1816 3139 1870 solet.
3171 1832 3190 1865 ι
3232 1813 3375 1869 Ecce
3400 1813 3670 1883 quomodo
3696 1828 3841 1883 pra:-

2256 1912 2546 1967 destinatio
2585 1911 2709 1975 Dei,
2758 1917 2854 1964 aut
2893 1907 2963 1961 ad
3001 1906 3201 1961 donum
3234 1905 3465 1975 pertinet
3492 1904 3709 1975 gratim,
3740 1914 3841 1960 aut

2255 2002 2322 2057 ad
2353 2002 2767 2057 retributionem
2792 1998 3036 2068 justitice.
3078 1996 3211 2050 Item
3240 1996 3379 2050 idem
3410 1994 3462 2048 in
3493 1994 3683 2049 eodem
3712 1992 3839 2066 (Job

2254 2092 2462 2162 xu,18)
2488 2110 2500 2144 :
2534 2112 2552 2144 ‹
2584 2090 2826 2145 Balleum
2860 2104 3040 2159 regunt
3067 2084 3301 2161 dissolvit
3331 2088 3467 2155 (cap.
3492 2085 3573 2162 8).
3605 2084 3741 2139 Cum
3770 2085 3841 2140 de

2256 2184 2369 2255 ipsa
2396 2160 2726 2255 continentia
2760 2178 2995 2234 elatione
3026 2191 3180 2231 mens
3210 2160 3472 2246 tangitur,
3492 2160 3841 2245 plerumque

2252 2277 2594 2347 omnipotens
2626 2272 2766 2327 Deus
2807 2270 2925 2341 ejus
2971 2268 3281 2338 superbiam
3311 2267 3564 2321 deserens
3602 2265 3744 2320 hanc
3781 2265 3844 2322 in

2254 2367 2649 2424 immunditiam
2675 2364 2855 2435 operis
2877 2363 3071 2417 cadere
3096 2348 3386 2429 permittit.
3424 2358 3629 2429 Regum
3655 2359 3842 2428 itaque

2252 2459 2491 2514 balteum
2529 2455 2810 2517 dissolvit,
2856 2452 3073 2525 quando
3120 2451 3172 2505 in
3217 2450 3301 2504 bis
3344 2450 3436 2520 qui
3476 2450 3615 2505 bene
3645 2464 3842 2519 regere

2252 2564 2351 2604 sua
2396 2548 2638 2603 membra
2682 2545 3023 2607 videbantur,
3060 2550 3280 2611 propter
3326 2540 3573 2595 elationis
3619 2539 3841 2611 culpam

2251 2637 2520 2694 castitatis
2566 2634 2839 2703 cingulum
2885 2633 3133 2687 destruit.
3169 2650 3187 2682 ι
3246 2630 3375 2685 Item
3411 2632 3552 2700 (cap.
3581 2630 3677 2702 9):
3713 2650 3732 2682 ι
3764 2628 3842 2686 Et

2252 2731 2522 2801 optimates
2552 2725 2851 2795 supplantat
2877 2722 2997 2791 (Job
3021 2738 3121 2787 xu,
3142 2721 3249 2788 I9).
3283 2720 3419 2788 Quia
3445 2736 3567 2775 cum
3596 2729 3843 2777 mentem

2252 2820 2553 2891 regentium
2596 2815 2744 2884 justo
2784 2813 2987 2883 judicio
3034 2812 3269 2877 deserit,
3314 2810 3429 2865 haec
3474 2810 3527 2863 in
3571 2819 3843 2866 aeternum

2252 2905 2928 2979 retributionigprzemium
2960 2918 3065 2958 non
3097 2902 3345 2972 requirit.
3368 2920 3386 2952 ι
3440 2900 3571 2956 Item
3608 2901 3662 2955 in
3699 2902 3843 2961 libro

2251 3002 2462 3058 decimo
2491 2999 2651 3055 tertio
2680 3000 2818 3069 (cap.
2850 2996 2938 3067 Il)
2966 3014 2979 3048 :
3013 3014 3031 3046 ι
3064 2993 3248 3064 Neque
3283 2994 3355 3048 ita
3388 2994 3490 3048 hoc
3518 2993 3743 3058 dicitur,
3772 3007 3844 3049 ac

2254 3093 2299 3149 si
2328 3091 2668 3161 omnipotens
2700 3097 2754 3143 et
2780 3086 3091 3142 misericors
3123 3086 3263 3140 Deus
3294 3083 3450 3156 longe
3477 3098 3573 3139 cor
3599 3083 3845 3139 hominis

2253 3200 2285 3237 a
2314 3181 2599 3252 disciplina
2645 3179 2847 3234 faciat:
2888 3178 2981 3232 sed
3024 3177 3167 3246 quod
3209 3185 3400 3245 sponte
3437 3175 3716 3247 delapsum
3760 3173 3842 3233 ibi

2255 3286 2534 3330 remanere
2575 3271 2666 3327 ubi
2707 3269 2900 3349 cecidit
2938 3266 3233 3349 iudicando
3253 3267 3563 3349 permittit:
3602 3267 3750 3322 sicut
3778 3266 3842 3325 in

2253 3367 2498 3423 oratione
2523 3379 2738 3435 quoque
2767 3343 3033 3418 dicimus:
3077 3343 3140 3412 Et
3178 3343 3369 3415 aenos
3397 3360 3618 3414 inducas
3645 3361 3699 3413 in
3726 3369 3846 3413 ten-

2254 3462 2499 3513 tationem
2532 3456 2747 3530 (Matth.
2774 3472 2850 3520 vt,
2879 3454 2990 3524 15),
3038 3453 3091 3507 id
3135 3461 3218 3507 est
3253 3438 3432 3507 induci
3462 3451 3686 3506 minime
3711 3464 3845 3521 per-

2256 3552 2458 3605 mittas.
2491 3568 2509 3600 »
2571 3548 2702 3603 Itetn
2747 3547 2800 3601 in
2849 3544 2988 3600 libro
3028 3544 3237 3599 decimo
3278 3543 3509 3613 quinto:
3543 3560 3562 3591 ι
3597 3540 3846 3596 Tradidit

2253 3642 2373 3696 illos
2425 3641 2563 3694 Deus
2619 3639 2673 3692 in
2732 3635 3005 3702 reprobum
3062 3651 3305 3698 sensum,
3364 3643 3421 3687 ut
3468 3631 3669 3702 faciant
3722 3622 3845 3701 quae

2256 3748 2358 3786 non
2388 3729 2694 3784 conveniunt
2730 3725 2909 3798 (Rom.
2938 3741 2977 3789 1,
3001 3723 3118 3793 28).
3168 3722 3304 3790 Quia
3346 3722 3491 3777 enim
3533 3720 3847 3792 gloriﬁcare

2255 3823 2544 3879 noluerunt
2578 3834 2738 3889 quem
2779 3824 3185 3888 cognoverunt,
3234 3814 3467 3885 reprobo
3508 3812 3692 3870 sensui
3723 3821 3845 3868 tra-

2255 3916 2353 3972 diti
2401 3914 2470 3969 ad
2520 3913 2621 3967 hoc
2664 3910 2838 3966 relicti
2883 3917 3049 3975 sunt,
3113 3917 3175 3962 ut
3228 3906 3502 3961 nescirent
3540 3904 3655 3975 jam
3699 3919 3846 3974 pen-

2255 4021 2378 4065 sare
2423 4004 2562 4060 mala
2605 4018 2726 4076 qua:
2762 3992 3107 4057 faciebant.)
3152 3992 3284 4054 Item
3318 3996 3547 4075 inlibro
3576 3996 3847 4068 vigesimo

2257 4100 2395 4173 (cap.
2438 4098 2527 4169 I6)
2569 4114 2582 4151 :
2642 4113 2660 4148 ι
2706 4093 3012 4149 Humanum
3059 4091 3223 4163 igitur
3265 4080 3473 4160 genus,
3540 4098 3689 4143 recto
3744 4087 3845 4143 Dei

2249 4189 2455 4262 judicio
2504 4188 2559 4242 in
2602 4182 2971 4255 voluptatibus
3013 4182 3126 4236 suis
3167 4179 3270 4235 sibi
3310 4179 3627 4242 dimissum,
3675 4187 3847 4248 atque

2252 4298 2351 4357 per
2395 4281 2611 4336 easdem
2660 4276 2962 4346 voluptates
3025 4272 3340 4344 spontaneis
3402 4270 3847 4327 tribulationibus

2257 4373 2547 4437 traditum,
2587 4368 2862 4424 absinthio
2890 4374 2974 4421 est
3007 4365 3242 4420 ebrium.
3278 4382 3296 4415 ι
3355 4362 3422 4418 Et
3467 4370 3688 4416 sanctus
3731 4361 3849 4416 Au-

2183 4453 2507 4557 D'gustinus
2545 4462 2598 4516 in
2636 4456 3096 4531 propositionibus
3133 4454 3376 4526 epistola:
3415 4454 3483 4508 ad
3522 4453 3845 4510 Romanos:

2265 4576 2284 4609 ι
2327 4555 2480 4624 Quod
2536 4561 2717 4607 autem
2771 4549 2904 4604 dicit
2957 4547 3209 4612 tradidit,
3266 4544 3584 4616 intelligitur
3633 4544 3849 4601 dimisit

2256 4648 2364 4720 81
2407 4646 2459 4700 in
2491 4641 2756 4699 desideria
2789 4639 2967 4694 cordis
2995 4637 3225 4691 illorum.
3260 4656 3278 4689 ι
3300 4636 3368 4690 Et
3403 4635 3758 4691 Cassiodorus
3790 4637 3849 4694 in

2259 4736 2474 4793 Psalmo
2510 4748 2716 4788 Lxxxu.
2762 4749 2779 4781 ι
2819 4730 3107 4799 Sequitur,
3151 4739 3487 4783 revereantur
3517 4737 3565 4782 et
3603 4737 3845 4797 pereant.

2258 4829 2376 4899 Ipse
2405 4840 2594 4882 sensus
2620 4831 2724 4888 est,
2758 4835 2917 4892 quem
2959 4820 3205 4889 superius
3236 4820 3394 4885 dixit,
3425 4820 3548 4889 quia
3577 4820 3650 4874 ibi
3682 4834 3845 4875 reve-

2261 4918 2429 4974 rendo
2464 4932 2567 4970 non
2612 4912 2892 4983 proficiunt
2915 4952 2930 4975 ,
2971 4912 3065 4966 sed
3105 4918 3332 4981 pereunt
3358 4912 3448 4980 qui
3478 4911 3545 4966 ad
3575 4918 3845 4967 :eternum

2249 4990 2582 5081 supplicium
2627 5005 2988 5069 destinantur,
3042 5004 3251 5060 scilicet
3292 5004 3347 5058 in
3390 5003 3549 5063 malis
3604 5002 3850 5059 obstina-

2262 5102 2409 5156 tione
2435 5114 2554 5163 sua,
2572 5112 2676 5151 non
2695 5094 3164 5167 praedestinatioue
3177 5094 3376 5159 divina,
3396 5094 3535 5149 sicut
3563 5109 3687 5148 mox
3716 5093 3849 5148 sub-

2254 5189 2457 5260 junxit,
2508 5201 2556 5244 et
2606 5196 2915 5257 cognoscant
2943 5186 3067 5256 quia
3109 5201 3296 5240 nomen
3339 5185 3453 5248 tibi,
3501 5183 3743 5244 Domine.
3788 5193 3848 5236 tu

2258 5281 2407 5337 solus
2441 5278 2741 5333 Altissimus
2789 5276 2845 5329 in
2883 5276 3025 5328 omni
3074 5283 3215 5327 terra
3253 5271 3426 5345 (Psal.
3468 5288 3688 5335 Lxxxu,
3726 5271 3846 5342 19).

2259 5376 2600 5446 Cognoscant
2657 5370 2725 5425 ad
2780 5383 2951 5440 genus
2994 5367 3217 5436 respicit
3274 5375 3563 5435 utrumque
3611 5380 3849 5435 peccano

2261 5466 2393 5521 tium
2424 5504 2455 5538 ,θ
2496 5464 2608 5516 sive
2676 5459 2767 5528 qui
2824 5459 3188 5514 obstinatione
3243 5472 3341 5512 sua
3407 5456 3629 5525 perituri
3682 5464 3845 5520 sunt,

2261 5553 2374 5608 sive
2398 5550 2487 5620 qui
2512 5549 2693 5604 habita
2723 5546 3091 5602 satisfactione
3114 5546 3434 5602 liberantur.
3467 5544 3668 5602 Omnes
3698 5546 3847 5600 enim

2242 5636 2587 5710 cognoscent
2624 5638 3069 5707 omnipotentiam
3106 5637 3348 5699 Domini,
3380 5636 3508 5705 quia
3552 5635 3666 5706 ipse
3700 5634 3848 5689 solus

2263 5745 2346 5788 est
2392 5731 2723 5797 Altissimus,
2775 5745 2897 5784 cum
2932 5729 3031 5799 ipsi
3063 5727 3435 5801 cognoverint,
3479 5734 3536 5782 et
3564 5725 3845 5780 conversis

3885 5414 3903 5454 ι
