4052 6334
245 340 343 400 "3

1012 339 1101 397 DE
1133 339 1801 431 PREDESTINATIONE
1835 340 2293 401 DISSERTATIO
2334 343 2737 403 POSTERIOR.

3390 340 3507 393 HG-

241 468 476 526 parcere,
498 460 555 508 et
577 452 874 539 obduratos
901 461 1102 509 πίει-ιιι
1143 454 1347 511 ultione
1371 454 1650 510 damnare.
1683 471 1702 505 ι
1747 452 1815 506 Et
1840 457 1884 514 Λ
1917 455 2412 523 pradestinationis
2449 456 2694 514 eﬂectus.
2727 478 2745 509 ι
2790 456 2859 512 Et
2892 456 3021 512 item
3051 456 3104 511 in
3131 455 3321 510 eodem
3354 452 3509 509 librat

237 550 289 602 in
331 545 545 601 Psalmo
576 559 819 599 usum
862 563 877 598 :
914 564 934 596 ι
967 544 1266 600 Discoloisti
1309 563 1428 600 etim
1466 546 1530 600 ab
1560 545 1813 600 munda.

235 643 382 702 tione,
427 651 475 693 ct
520 639 696 692 sedem
744 638 857 707 ejus
896 639 951 693 in
990 648 1130 692 terra
1173 638 1429 693 collisisti.
1481 637 1815 708 Frequenter.

233 729 483 785 emundat
515 727 775 781 divinitas
811 742 949 797 quos
980 726 1230 799 ﬂagellat,
1260 736 1321 781 ut
1349 736 1636 799 purgatum
1676 727 1814 782 reci-

229 820 332 888 piat
369 832 535 889 quem
563 818 804 887 peccatis
838 818 1114 873 sordidum
1149 817 1457 887 respuebat,
1506 832 1642 887 quos
1682 830 1815 871 vero

228 910 290 965 ab
316 907 709 963 emundatione
738 906 1007 971 dissolvit,
1036 907 1089 963 id
1116 916 1200 965 εει
1224 908 1474 972 removit,
1502 908 1601 961 hos
1622 907 1734 976 jam
1758 915 1817 962 et

227 998 483 1053 damnare
531 997 796 1052 decrevit.
854 995 1196 1067 Quapropter
1241 996 1361 1052 illos
1413 997 1501 1052 hic
1544 996 1816 1067 signiﬁcat

224 1092 455 1156 latinos,
481 1092 576 1161 qui
614 1091 982 1147 obstinatione
1007 1092 1204 1146 mentis
1237 1090 1513 1147 Christum
1553 1105 1814 1160 spernere

223 1183 552 1243 maluerunt.
585 1182 756 1239 Sedes
786 1199 1002 1255 quoque
1026 1199 1217 1240 eorum
1246 1184 1299 1238 in
1326 1192 1471 1239 terra
1500 1182 1685 1237 collisa
1705 1190 1815 1247 est,

222 1277 438 1346 quando
464 1282 782 1345 respuentes
810 1289 992 1345 regem
1024 1274 1313 1330 Dominum
1339 1273 1685 1339 salvatorem,
1713 1287 1813 1327 ne-

219 1379 491 1436 quaquam
539 1364 610 1419 de
655 1374 815 1436 gente
862 1381 959 1421 sua
1008 1366 1304 1436 principem
1354 1365 1581 1421 ulterius
1610 1364 1813 1419 habere

218 1467 558 1512 meruerunt.
620 1456 791 1514 Sedes
825 1459 971 1514 enim
1007 1474 1109 1529 pro
1137 1473 1304 1530 regno
1329 1458 1503 1528 posita
1531 1465 1632 1512 est.
1675 1476 1694 1508 ι
1745 1456 1813 1510 Et

216 1547 340 1602 item
379 1548 441 1602 in
472 1548 663 1603 eodem
694 1566 709 1602 :
755 1567 774 1600 ι
807 1548 927 1619 Ipsa
950 1557 1036 1603 est
1059 1548 1416 1604 commutatio
1437 1545 1664 1610 Christi,
1690 1558 1812 1615 quae

215 1635 523 1693 obstinatos
551 1638 812 1704 deseruit,
839 1648 897 1694 et
925 1638 1112 1694 ﬁdeles
1134 1642 1278 1693 dono
1300 1653 1412 1694 sua:
1435 1637 1651 1708 pietatis
1671 1635 1812 1690 asci-

212 1725 307 1779 vit.
343 1745 367 1779 ι
404 1725 474 1780 Et
498 1727 554 1781 in
581 1727 797 1783 Psalmo
825 1743 956 1783 cvm
990 1746 1004 1782 :
1037 1727 1165 1783 Sive
1193 1729 1365 1797 magis
1394 1742 1500 1781 una
1531 1723 1808 1796 generatio

1916 550 2054 617 (cap.
2081 549 2135 618 8)
2175 567 2192 605 :
2237 568 2255 600 ι
2277 550 2387 606 Cur
2413 566 2543 622 ergo
2571 568 2677 606 non
2706 565 2897 607 omnes
2919 551 3077 606 docet
3104 558 3160 603 ut
3180 548 3399 605 veniant
3424 543 3510 603 ad.

1913 636 2187 694 Christum
2211 678 2226 704 ,
2272 641 2372 695 nisi
2405 642 2532 711 quia
2560 657 2747 698 omnes
2772 656 2908 711 quos
2937 640 3095 695 docet
3120 636 3492 693 misericordia

1914 725 2093 792 docet,
2136 743 2272 797 quos
2307 737 2487 784 autem
2524 745 2631 785 non
2670 730 2845 795 docet,
2885 729 3091 800 judicio
3139 742 3245 783 non
3297 725 3491 783 docet?

1913 818 2168 886 quoniam
2196 817 2349 888 cujus
2381 820 2494 875 vult
2521 820 2840 886 miseretur,
2881 830 2936 876 et
2965 835 3126 890 quem
3157 818 3272 873 vult
3317 818 3495 872 obdu-

1913 916 2023 973 rat;
2056 910 2150 965 sed
2173 910 2462 967 miseretur
2490 912 2627 968 bona
2655 912 2895 968 tribuens
2917 952 2937 977 ,
2962 912 3192 967 obdurat
3216 910 3375 980 digna
3406 923 3491 962 rc-

1915 1000 2175 1057 tribuens.
2190 1002 2285 1057 »Ει
2306 1004 2433 1059 item
2459 1014 2679 1060 sanctus
2698 1004 3099 1077 Augustinusiu
3114 1005 3254 1059 libro
3268 1004 3335 1059 de
3349 1002 3509 1065 Pr.e-.

1913 1091 2279 1146 destinatione
2305 1095 2492 1164 gratia:
2515 1094 2653 1166 (cap.
2683 1094 2811 1165 4,5)
2839 1114 2854 1152 :
2887 1112 2905 1145 ι
2937 1094 3078 1165 Ergo
3097 1092 3355 1163 quidquid
3372 1099 3499 1164 post

1914 1181 2059 1236 illam
2093 1183 2592 1251 przevaricationem
2619 1193 2779 1240 natus
2799 1182 3051 1253 supplicii.
3079 1182 3240 1238 homo
3266 1181 3492 1252 patitur,

1909 1269 2056 1340 iuste
2084 1271 2232 1327 reddi
2248 1273 2553 1343 meritoque
2567 1273 2822 1330 fateatur.
2839 1273 3098 1328 indurare
3119 1272 3276 1328 enim
3295 1271 3491 1327 dicitur

1915 1361 2056 1416 Deus
2074 1375 2224 1426 eum,
2237 1376 2397 1431 quem
2413 1363 2621 1419 mollire
2638 1364 2892 1420 noluerit.
2913 1362 3006 1420 Sic
3029 1364 3194 1419 etiam
3217 1376 3495 1418 excmcare

1911 1450 2168 1508 dicendus
2189 1462 2409 1509 esteum
2432 1470 2591 1525 quem
2610 1454 2918 1510 illuminare
2939 1453 3193 1510 noluerit.
3217 1451 3308 1509 Sic
3326 1451 3492 1506 etiam

1912 1541 2176 1612 repellere
2222 1558 2370 1608 eum,
2414 1558 2575 1613 quem
2612 1560 2809 1601 vocare
2857 1544 3108 1600 noluerit.
3161 1543 3305 1610 Quos
3355 1542 3509 1615 enim,

1908 1631 2318 1699 prwdestiuavit,
2369 1631 2488 1689 illos
2536 1643 2586 1688 et
2634 1636 2853 1701 vocavit,
2901 1634 3021 1689 illos
3071 1642 3120 1688 et
3163 1631 3507 1703 justiﬁcavit.‘

1909 1721 2029 1793 Ipse
2055 1722 2198 1777 enim
2223 1723 2369 1779 dedit
2392 1734 2452 1779 ut
2474 1726 2668 1791 simus,
2693 1726 2809 1795 ipse
2831 1734 2891 1780 ut
2908 1726 3037 1782 boni
3055 1739 3176 1780 esse
3196 1724 3491 1795 possimus.

213 1817 299 1873 illa
336 1818 577 1874 dicenda
610 1827 725 1885 est,
762 1819 980 1891 quando
1015 1819 1072 1874 in
1101 1819 1341 1890 peccatis
1370 1818 1646 1873 nascimur
1690 1834 1703 1870 :
1749 1823 1805 1870 et
1835 1800 1883 1860 Β
1914 1810 2192 1868 Praescivit
2223 1828 2325 1869 nos
2357 1814 2474 1885 ejus
2499 1814 2786 1879 divinitas,
2825 1814 3090 1885 sapientia
3114 1814 3376 1879 condidit,
3407 1814 3495 1884 ju-

212 1908 334 1969 ideo
357 1912 502 1981 petit
519 1920 579 1967 ut
594 1912 659 1967 ad
679 1912 993 1976 secundam,
1016 1912 1069 1968 id
1089 1922 1173 1968 est
1193 1911 1679 1982 regenerationem,
1698 1925 1807 1964 non

210 2003 557 2074 perveniant.
602 2002 704 2071 Qui
752 2014 933 2060 tamen
978 2005 1034 2060 in
1086 2005 1561 2075 praedestinatione
1607 2005 1807 2074 repulsi

211 2101 371 2156 sunt,
405 2101 466 2146 ut
512 2093 566 2148 in
596 2094 769 2162 prima
798 2105 1148 2164 peccatorum
1190 2112 1411 2153 suorum
1457 2096 1587 2153 fasce
1634 2098 1809 2168 dispe-

212 2190 390 2247 reant,
410 2197 516 2245 nec
527 2185 776 2239 secunda:
794 2186 1088 2242 nativitatis
1106 2187 1370 2244 beneﬂcio
1394 2188 1641 2257 laqueum
1666 2206 1809 2244 mor-

210 2275 283 2329 tis
315 2265 578 2329 evadant.
620 2274 726 2330 Sed
764 2278 881 2333 hmc
924 2286 980 2332 et
1028 2278 1114 2333 his
1152 2279 1347 2334 similia
1386 2280 1493 2336 illis
1528 2280 1809 2345 dicuntur,

210 2365 302 2436 qui
333 2367 389 2419 in
419 2366 636 2421 Domini
653 2366 988 2435 judicatione
1007 2371 1299 2426 damnandi
1325 2380 1471 2427 sunt.

280 2457 351 2512 Et
371 2457 504 2526 quia
534 2473 638 2513 una
665 2467 748 2514 est
775 2462 1197 2530 praedestinatio,
1228 2472 1447 2519 sanctus
1473 2464 1808 2539 Augustinus

212 2547 267 2600 in
296 2562 444 2616 saepe
474 2558 777 2603 memorato
814 2549 952 2606 libro
980 2550 1437 2622 Hypomnesticon
1479 2565 1667 2610 contra
1700 2556 1805 2612 Pe-

212 2639 415 2710 lagium
452 2648 513 2693 et
548 2638 884 2704 leestium,
926 2644 992 2699 de
1026 2643 1212 2699 Gratia
1244 2644 1480 2711 Christi,
1512 2656 1567 2701 et
1610 2647 1806 2704 Libero

209 2730 482 2797 Arbitrio,
506 2748 572 2787 ac
596 2734 841 2803 originali
869 2734 1119 2800 Peccato,
1151 2748 1212 2792 ut
1237 2739 1803 2803 commemoravimus,

211 2824 283 2881 ita
308 2825 449 2880 dicit
472 2825 589 2895 (lib.
620 2828 753 2880 vr-in
784 2829 985 2900 princ.)
1015 2847 1027 2883 :
1061 2848 1079 2881 ι
1110 2828 1518 2886 Prmdestiuatio
1546 2832 1746 2901 quippe
1772 2847 1805 2886 a

207 2917 565 2988 pravidendo
594 2926 649 2973 et
667 2921 1065 2989 prmvenieudo,
1096 2922 1182 2977 vel
1210 2923 1622 2991 przeordinaudo
1650 2923 1804 2979 l'utu-

211 3024 332 3064 rum
368 3009 583 3079 aliquid
622 3010 823 3066 dicitur
845 3051 861 3077 ,
888 3023 944 3067 et
983 3013 1105 3070 ideo
1134 3013 1276 3070 Deus
1296 3056 1310 3079 ,
1347 3016 1436 3071 cui
1463 3018 1805 3087 praescientia

211 3113 316 3153 non
367 3099 636 3156 accidens
655 3110 760 3166 est,
807 3103 902 3158 sed
947 3105 1182 3159 essentia
1224 3105 1324 3160 fuit
1366 3122 1581 3178 semper
1607 3118 1662 3164 et
1696 3119 1801 3175 est,

211 3194 479 3263 quidquid
510 3203 802 3264 antequam
830 3197 903 3251 sit
931 3199 1170 3267 przescit,
1193 3200 1565 3268 praedestinat,
1594 3213 1650 3257 et
1672 3218 1803 3273 pro-

212 3292 395 3353 pterea
426 3284 801 3352 prazdestinat,
827 3286 953 3355 quia
979 3287 1141 3357 quale
1181 3286 1421 3344 futurum
1455 3291 1526 3345 sit
1566 3293 1807 3362 prascit.

211 3375 335 3430 Ideo
374 3384 438 3430 et
483 3374 819 3446 Apostolus:
860 3376 995 3433 Nam
1038 3394 1168 3450 quos
1213 3381 1493 3451 prmscivit,
1534 3365 1725 3455 inquit,
1755 3395 1804 3438 et

211 3465 603 3533 praedestinavit
618 3465 796 3537 (Rom.
815 3484 933 3533 vm,
949 3469 1062 3539 29).
1089 3488 1107 3521 ι
1137 3470 1203 3525 Et
1220 3472 1271 3525 in
1286 3471 1425 3527 libro
1442 3473 1507 3527 de
1521 3473 1669 3529 Bono
1691 3491 1806 3544 per-

213 3555 536 3610 severantia:
552 3558 691 3628 (cap.
722 3558 841 3629 l4):
878 3579 894 3611 ο
918 3559 1042 3615 llaec
1063 3570 1146 3617 est
1170 3563 1572 3632 praedestinatio
1591 3576 1807 3622 saneto-

213 3659 330 3699 rum
358 3643 495 3699 nihil
520 3645 684 3710 aliud,
708 3649 1045 3717 przcscientia
1069 3652 1279 3708 scilicet
1297 3662 1350 3707 et
1370 3656 1693 3723 praeparatio
1718 3656 1806 3713 be-

214 3736 534 3792 neﬁciorum
564 3738 678 3801 Dei,
704 3743 902 3809 quibus
926 3743 1229 3797 certissime
1260 3743 1562 3800 liberantur
1580 3748 1805 3818 quicun-

213 3843 318 3897 que
344 3828 668 3883 liberantur.
692 3849 711 3882 ι
744 3831 811 3885 Ει
839 3833 890 3886 in
914 3832 1052 3889 libro
1074 3835 1140 3889 de
1163 3834 1644 3895 Praedestiuatioue
1674 3856 1801 3895 sau-

212 3926 429 3973 ctorum
458 3934 474 3973 :
511 3937 531 3968 ι
559 3901 681 3989 Ipsa
699 3930 804 3987 est,
834 3922 1442 3995 iuquit,pr.ezlestiuatio
1466 3940 1800 4001 sanctorum,

208 4026 332 4080 qua:
373 4012 430 4065 in
488 4011 692 4068 Sancto
730 4026 1041 4071 sanctorum
1089 4020 1324 4075 maxime
1359 4021 1594 4087 claruit,
1641 4041 1803 4095 quam

208 4117 419 4173 negare
442 4103 569 4171 quis
594 4113 769 4175 potest
797 4116 944 4163 recte
974 4108 1388 4180 intelligentiam
1429 4112 1640 4184 eloquia
1664 4117 1804 4171 veri-

212 4193 384 4246 tatis?
431 4191 567 4248 Nam
607 4203 661 4249 et
690 4196 865 4266 ipsum
894 4199 1180 4255 Do’minum
1215 4201 1421 4271 glorias,
1456 4204 1509 4259 in
1539 4216 1804 4277 quantum

206 4283 379 4339 homo
408 4283 586 4340 factus
627 4296 712 4341 est
742 4288 835 4343 Dei
864 4289 1060 4356 Filius,
1102 4294 1549 4361 praedestinatum
1577 4313 1698 4354 esse
1724 4300 1805 4354 di-

208 4374 469 4430 dicimus.
508 4396 528 4428 ι
562 4376 629 4431 Et
653 4380 783 4433 item
805 4380 860 4435 iu
886 4382 1080 4437 eodem
1117 4382 1256 4440 libro
1282 4384 1420 4457 (cap.
1447 4388 1536 4459 l0)
1568 4406 1580 4442 :
1615 4409 1634 4442 ι
1658 4389 1804 4446 Inter

208 4468 445 4537 gratiam
481 4484 645 4538 porro
671 4479 728 4525 et
769 4472 1302 4539 praedestinationem
1335 4479 1438 4534 hoc
1479 4490 1688 4536 tantum
1719 4484 1800 4539 in-

481 4484 645 4538 porro
671 4484 728 4525 et
769 4484 1302 4543 prmaesunationem
1336 4484 1438 4534 ιιοο
1479 4490 1688 4536 tantum
1719 4484 1800 4541 in-
1829 4509 1880 4570 υ
1906 4484 2184 4539 plenitudo
2242 4484 2438 4526 omna:
2497 4484 2851 4542 praescrentta:
2911 4488 2966 4527 ιιι
3039 4484 3175 4527 alios
3232 4484 3481 4527 manante

481 4559 566 4614 Iod
585 4561 695 4631 82
718 4564 1118 4632 praedestinatio
1139 4576 1224 4622 est
1247 4570 1434 4639 gratia;
1450 4575 1796 4642 ιιι-ωιχιιιειιίο,
1860 4640 1869 4655 ν
1904 4563 2015 4635 83
2034 4563 2265 4633 iustitia,
2289 4565 2344 4619 in
2375 4565 2510 4619 alios
2553 4567 2725 4637 gratia
2752 4565 3053 4636 proﬂuente
3080 4566 3346 4637 completa
3372 4575 3481 4631 est,

209 4566 403 4619 terest,
421 4559 566 4628 quod
585 4561 695 4631 82
718 4564 1118 4632 praedestinatio
1139 4576 1224 4622 est
1247 4570 1434 4639 gratia:
1450 4575 1796 4642 praeparatio,

206 4648 386 4719 gratia
414 4664 545 4704 vero
579 4650 692 4720 jam
733 4651 849 4721 ipsa
886 4652 1126 4709 donatio.
1160 4677 1179 4708 ι
1224 4657 1293 4711 Et
1328 4668 1449 4729 post
1479 4661 1796 4731 paululum:

211 4758 233 4790 ι
264 4737 682 4797 Ρτωύεειίηθιίο
705 4751 791 4798 est
821 4760 944 4814 quae
976 4746 1093 4801 sine
1118 4750 1454 4818 praescientia
1484 4768 1591 4806 non
1622 4763 1801 4824 potest

206 4844 333 4884 esse
361 4847 376 4882 :
406 4839 587 4899 patest
622 4841 803 4888 autem
834 4849 955 4892 esse
994 4837 1112 4892 sine
1149 4839 1622 4908 prazdestinatione
1663 4861 1801 4916 pra)-

205 4920 461 4977 scientia.
511 4921 993 4983 Praadestinatione
1039 4930 1237 5000 quippe
1288 4931 1435 4988 Deus
1474 4950 1536 4989 ea
1582 4939 1801 5006 praescit

205 5028 331 5082 qua:
352 5013 537 5068 fuerat
559 5014 674 5085 ipse
700 5016 1120 5085 facturus,uude
1136 5021 1438 5079 dictumest
1463 5042 1477 5079 :
1503 5025 1656 5081 Fecit
1680 5046 1800 5100 qua:

206 5103 395 5170 futura
426 5113 592 5169 sunt;
623 5108 891 5175 praescire-
917 5118 1099 5165 autem
1134 5122 1329 5181 potens
1362 5123 1448 5169 est
1475 5116 1638 5172 etiam
1678 5134 1801 5189 quae

207 5193 327 5263 ipse
355 5192 511 5260 facit,
536 5195 677 5251 sicut
703 5213 1039 5270 quaecunque
1081 5211 1307 5271 peccata
1341 5222 1355 5259 :
1390 5206 1642 5277 quiaretsi
1672 5219 1801 5266 sunt

206 5285 458 5354 quaedam
499 5302 620 5357 quae
662 5290 739 5344 ita
783 5302 1005 5361 peccata
1039 5302 1185 5362 sunt,
1212 5305 1271 5352 ut
1296 5312 1471 5367 paenae
1497 5301 1608 5356 sint
1631 5303 1796 5360 etiam

202 5386 559 5446 peccatorum
587 5379 749 5451 (unde
775 5383 978 5440 dictum
1007 5395 1091 5441 est
1115 5404 1133 5441 :
1164 5386 1404 5444 Tradidit
1428 5390 1545 5447 illos
1573 5392 1713 5449 Deus
1741 5396 1798 5465 in

206 5468 485 5537 ceprobam
515 5482 759 5539 utentem,
803 5484 858 5529 ut
901 5476 1100 5547 faciant
1146 5495 1266 5549 qua:
1310 5495 1413 5536 non
1442 5484 1794 5556 conveniunt),

206 5560 393 5629 (Rom.
420 5577 461 5628 ι,
512 5562 633 5636 28),
665 5582 772 5622 non
814 5568 885 5623 ibi
920 5580 1204 5639 peccatum
1246 5571 1339 5628 Dei
1369 5583 1473 5639 est,
1514 5576 1607 5630 sed
1646 5575 1789 5645 judi-

205 5652 437 5708 dicium.
465 5653 728 5722 Quocirca
756 5662 1165 5730 praedestinatio
1192 5665 1286 5720 Dei
1309 5681 1428 5736 qua:
1452 5667 1503 5721 in
1525 5668 1667 5726 bono
1689 5680 1793 5736 est,

207 5743 401 5813 gratia:
428 5754 545 5812 cst,
577 5756 635 5803 ut
666 5747 799 5818 dixi,
849 5756 1174 5823 praeparatio
1204 5770 1219 5811 :
1254 5758 1425 5823 gratia
1459 5775 1585 5817 vero
1626 5761 1794 5825 ipsius

1828 3155 1877 3219 C

1911 1903 2060 1960 stitia
2080 1904 2375 1971 damnavit,
2395 1906 2568 1977 gratia
2589 1905 2855 1961 liberavit.
2883 1903 3110 1960 Mundus
3130 1904 3274 1959 enim
3299 1919 3503 1973 quam-

1911 1995 1995 2049 vis
2021 2010 2121 2065 pro
2147 2003 2387 2066 tempore
2408 2012 2471 2052 ex
2496 2012 2605 2068 quo
2634 1996 2808 2052 factus
2829 2005 2913 2052 est
2937 1996 3183 2067 ceperit,
3211 1997 3263 2050 in
3297 1995 3385 2051 illa
3405 1997 3491 2051 di-

1909 2087 2051 2142 vina;
2097 2088 2453 2159 praescientite
2489 2089 2610 2145 luce
2644 2088 2923 2145 faciendus
2956 2087 3159 2144 nullum
3196 2088 3370 2158 potuit
3399 2088 3496 2142 ha-

1911 2178 2042 2235 bere
2088 2180 2411 2252 principium
2455 2199 2468 2236 :
2528 2190 2585 2237 et
2622 2182 3028 2252 quanticunque
3075 2179 3161 2236 vel
3209 2195 3273 2236 ex
3321 2178 3502 2233 Adam

1910 2288 2081 2346 usque
2132 2273 2188 2330 in
2238 2274 2558 2331 hodiernum
2603 2275 2850 2333 homines
2893 2275 3007 2331 nati
3046 2282 3201 2341 sunt,
3247 2273 3333 2329 vel
3370 2283 3497 2346 post

1910 2375 2122 2422 aetatem
2169 2376 2413 2424 nostram
2444 2370 2810 2439 generationis
2836 2378 2965 2425 sunt
2988 2368 3282 2440 propagine
3310 2363 3493 2421 nasci-

1911 2461 2043 2525 turi,
2071 2462 2212 2531 apud
2238 2461 2407 2517 Deum
2437 2471 2493 2517 et
2509 2462 2623 2533 jam
2659 2465 2770 2519 nati
2797 2474 2957 2528 sunt,
2976 2473 3034 2519 et
3060 2463 3294 2518 decurso
3327 2461 3495 2516 totius

1910 2549 2035 2606 vitae
2067 2561 2308 2622 tempore
2337 2554 2690 2619 transierunt,
2724 2555 2778 2609 in
2818 2554 2912 2609 illo
2942 2552 3295 2608 nihilominus
3322 2549 3499 2623 divini

1909 2641 2130 2697 obtutus
2177 2640 2378 2697 lumine
2406 2651 2807 2713 permanentes.
2851 2642 2995 2698 Deus
3029 2642 3196 2706 enim,
3257 2640 3349 2712 qui
3392 2654 3493 2694 nec

1908 2734 2028 2789 loco
2066 2734 2356 2800 clauditur,
2394 2750 2495 2789 nec
2545 2744 2786 2804 tempore
2840 2734 3191 2804 praevenitur,
3246 2731 3498 2787 omnium

1910 2838 2093 2878 rerum
2126 2832 2235 2878 tam
2273 2824 2671 2892 praeteritarum
2701 2823 2983 2889 memoria,
3013 2838 3174 2893 quam
3207 2822 3491 2878 imminen-

1909 2914 2044 2969 tium
2071 2914 2295 2969 scientia
2322 2914 2513 2985 plenus
2541 2923 2620 2971 est
2654 2932 2668 2970 :
2711 2930 2813 2970 nec
2849 2914 3210 2973 reminiscens
3256 2912 3493 2967 volvitur

1908 3005 1962 3060 in
1992 3005 2347 3075 praeteritum,
2380 3021 2481 3060 nec
2512 3022 2739 3077 sperans
2768 3006 3003 3061 tenditur
3032 3006 3086 3061 in
3115 3005 3378 3060 futurum.
3419 3003 3497 3059 Et

1908 3113 2245 3170 quaecunque
2286 3102 2508 3156 omnino
2557 3111 2717 3168 sunt,
2749 3117 2871 3172 quae
2911 3111 3214 3175 temporum
3253 3103 3499 3160 motibus

1910 3192 2203 3260 agitantur,
2247 3193 2315 3246 ab
2343 3208 2410 3248 eo
2438 3193 2707 3264 principio
2752 3194 2803 3247 in
2836 3209 2944 3263 quo
2973 3201 3094 3250 erat
3138 3192 3402 3259 Verbum,
3436 3203 3495 3251 et

1908 3281 2143 3338 Verbum
2195 3291 2315 3338 erat
2348 3284 2489 3353 apud
2539 3283 2705 3338 Deum
2729 3324 2745 3348 ,
2794 3291 2849 3338 et
2887 3283 3035 3339 Deus
3062 3291 3180 3338 erat
3225 3281 3495 3347 Verbum,

1906 3386 2077 3443 usque
2107 3372 2162 3427 in
2192 3372 2352 3428 ﬂuem
2374 3374 2614 3428 omnium
2641 3372 2957 3429 seculorum
2986 3373 3075 3445 (de
3101 3389 3209 3444 quo
3230 3372 3338 3426 line
3362 3388 3491 3427 cum

1907 3464 2113 3521 diceret
2142 3465 2334 3520 beatus
2367 3463 2576 3537 Moyses
2607 3482 2621 3519 :
2652 3465 2906 3530 Domine,
2936 3465 3139 3536 inquit,
3174 3465 3264 3536 qui
3302 3481 3499 3535 regnas.
3570 3488 3573 3489 ν

1906 3559 1963 3615 in
1986 3557 2235 3612 swculum
2264 3569 2312 3613 et
2344 3560 2401 3613 in
2425 3557 2697 3623 swculum,
2726 3569 2774 3613 et
2814 3558 3045 3630 adhuc),
3074 3573 3175 3615 nec
3199 3566 3493 3629 sperantur

1907 3647 2108 3712 futura,
2155 3664 2254 3704 nec
2289 3650 2560 3719 praeterita
2599 3650 2953 3716 transierunt,
2987 3650 3167 3706 sedviu
3201 3650 3491 3721 praesentia

1905 3736 2202 3793 divinitatis
2219 3740 2472 3808 praesenti
2491 3755 2704 3810 semper
2724 3740 2841 3795 lucc
2863 3749 3178 3796 cernuntur.
3210 3759 3228 3792 ι
3264 3739 3332 3801 Ει
3360 3741 3505 3795 item.

1904 3837 2026 3899 post
2054 3828 2328 3899 aliquanta
2356 3832 2494 3901 (cap.
2532 3832 2617 3903 l5)
2644 3849 2657 3885 :
2686 3852 2704 3883 ι
2734 3832 2809 3887 De
2832 3833 2914 3887 his
2934 3833 3129 3902 quibus
3152 3846 3367 3901 poenam
3396 3846 3489 3887 se~

1906 3919 2107 3975 veritas
2128 3919 2272 3989 juste
2300 3922 2652 3989 decreverat,
2682 3925 2979 3980 secundum
3012 3923 3339 3987 iueﬂ'abilem
3371 3922 3483 3977 dis-

1906 4011 2191 4081 positionis
2228 4013 2453 4069 occulta:
2488 4014 2916 4070 misericordiam
2938 4056 2954 4079 ,
2992 4015 3159 4086 elegit
3188 4030 3315 4070 vasa
3367 4029 3493 4083 qua:

1907 4101 2115 4157 faceret
2160 4103 2214 4157 in
2271 4104 2557 4170 honorent,
2605 4114 2661 4160 et
2698 4106 2831 4159 alios
2875 4123 2903 4160 a
2943 4116 3171 4163 ventura
3221 4106 3298 4162 ira
3347 4106 3489 4161 dono

1905 4196 2154 4265 gratuita)
2212 4195 2514 4252 vocationis
2583 4198 3056 4262 absolvit,-alios
3105 4199 3501 4268 derelinquem

1903 4288 1972 4342 ad
2019 4288 2344 4357 aequalitatis
2388 4287 2650 4357 judicium
2698 4290 2999 4345 reservavit
3051 4305 3066 4343 :
3117 4289 3251 4343 nulli
3304 4298 3489 4344 tamen

1904 4382 2261 4450 agnosceudze
2326 4381 2574 4437 veritatis
2627 4380 2850 4437 abstulit
2897 4380 3234 4436 facultatem.
3288 4380 3356 4435 Et
3409 4379 3486 4439 ita

1906 4470 2184 4539 plenitudo
2242 4470 2438 4526 divina:
2497 4472 2851 4542 praescientia:
2911 4473 2966 4527 iu
3039 4472 3175 4527 alios
3232 4478 3513 4527 manante~

1903 4666 1963 4708 ut
1986 4655 2337 4724 pereuntibus
2357 4670 2492 4724 quos
2512 4656 2831 4724 prmscierat
2863 4655 3007 4712 Deus
3041 4672 3161 4712 esse
3188 4657 3489 4726 perituros.

1902 4756 1958 4800 et
1986 4746 2206 4801 salvatis
2231 4761 2367 4816 quos
2398 4747 2449 4801 in
2481 4747 2569 4801 illa
2596 4756 2805 4815 secreta
2826 4764 2922 4815 sua
2944 4749 3207 4803 electione
3229 4748 3484 4819 praescie-

1903 4844 1991 4890 rat
2018 4851 2139 4892 esse
2166 4836 2474 4901 salvandos,
2503 4846 2616 4891 toto
2652 4838 2784 4894 orbe
2809 4838 3000 4894 diﬂ‘usa
3033 4839 3484 4910 umltiplicaretur

1904 4924 2167 4980 Ecclesia.
2208 4945 2227 4979 ι
2261 4927 2329 4981 Ει
2355 4936 2475 4995 post
2504 4928 2777 4998 paululum
2805 4930 2942 4999 (cap.
2976 4929 3064 4995 ll,
3095 4931 3185 5000 15)
3216 4948 3230 4984 :
3264 4951 3282 4982 ι
3318 4929 3375 4985 Si
3397 4932 3486 5000 pie

1904 5017 1970 5073 de
2000 5018 2107 5073 Deo
2145 5019 2287 5073 sicut
2324 5021 2541 5090 expedit
2579 5021 2866 5088 sentimus,
2893 5024 3057 5078 etiam
3089 5023 3356 5078 Pharaoni
3388 5024 3483 5078 da-

1905 5120 2014 5164 tam
2061 5110 2491 5166 misericordiam
2540 5114 2861 5182 reperimus.
2895 5114 3158 5170 Patientia
3199 5114 3345 5168 enim
3386 5112 3484 5168 Dei

1902 5201 2083 5258 valere
2107 5202 2157 5257 ei
2202 5202 2387 5259 debuit
2416 5202 2482 5258 ad
2524 5203 2750 5260 salutem
2782 5223 2794 5259 :
2831 5206 2956 5275 quia
2995 5204 3248 5261 diﬂ'erens
3266 5204 3481 5274 justum

1902 5296 2265 5367 meritumque
2286 5297 2607 5369 supplicium
2632 5299 3016 5355 miraculorum
3038 5300 3262 5355 verbera
3287 5299 3481 5356 crebra

1902 5388 2185 5443 densahat.
2214 5387 2470 5461 Nunquid
2497 5407 2602 5445 non
2636 5392 2843 5461 potuit,
2866 5391 3008 5446 sicut
3031 5390 3256 5459 ﬂagellis
3284 5394 3485 5449 cedens

1901 5480 2108 5551 expulit
2128 5481 2405 5552 p0pulum,
2439 5483 2510 5537 ita
2540 5484 2816 5538 miraculis
2850 5483 3077 5541 credens
3113 5484 3279 5540 Deum
3317 5493 3493 5542 tanta:-

1901 5577 2117 5634 virtutis
2138 5578 2468 5649 agnoscere?
2505 5577 2610 5633 Sed
2641 5578 2839 5634 dicitur
2864 5576 2977 5646 jam
3006 5577 3507 5635 Pharaonemnom

1898 5669 2141 5740 potuisse
2166 5669 2385 5736 mutari,
2418 5669 2542 5740 quia
2568 5686 2690 5725 eum
2720 5670 3024 5740 prmscicrat
3052 5670 3194 5725 Deus
3224 5688 3329 5727 nou
3354 5687 3481 5728 esse

1903 5760 2215 5816 mutandum
2243 5777 2258 5814 :
2286 5760 2644 5843 respondetur
2684 5761 2776 5818 Dei
2827 5763 3219 5819 unescieutiatu
3250 5781 3482 5821 nouco-
3516 5824 3523 5829 ,
