4052 6334
565 327 666 383 ΗἸ

1522 320 1862 378 ῙΠΝΟΜΑΒΙ·
1894 315 2289 374 RHEMENSIS
2328 318 2850 378 ARCHIEPISCOPI

3734 324 3840 385 με

563 455 695 512 gere
715 440 990 497 hominem
1026 444 1087 492 ut
1116 436 1238 491 talis
1269 437 1341 492 sit
1367 435 1582 507 qualem
1626 433 1900 506 przescivit
1947 432 2088 487 Deus
2128 447 2141 484 :
2173 430 2227 490 A
2251 432 2376 500 quia
2403 434 2572 489 verba
2609 451 2730 505 quae
2767 437 2906 492 dixit
2926 438 3091 493 etiam
3130 455 3229 511 per
3277 439 3558 496 doctorum
3601 443 3840 499 studium

562 535 661 589 sed
686 533 942 604 praescire
964 530 1127 587 talem
1155 528 1396 584 futurum
1415 528 1593 599 qualis
1615 527 1828 582 futurus
1847 533 1954 591 est,
1967 538 2158 592 quam-

563 628 651 682 vis
678 642 800 681 eum
830 641 936 681 non
965 625 1044 680 sic
1085 623 1277 679 fecerit
1313 623 1476 678 Deus.
1531 619 1797 688 Quoniam
1837 617 1882 672 si
1936 623 2156 684 cogeret

562 732 703 782 esse,
731 718 835 772 hoc
857 716 1043 786 utique
1065 723 1287 785 cogeret
1311 716 1454 784 quod
1493 727 1600 766 non
1634 721 1740 765 est.
1781 709 1953 763 Porro
1981 707 2027 761 si
2053 707 2156 762 hoc

560 809 880 878 praescierat
910 810 1150 864 futurum
1179 820 1299 863 esse
1335 805 1480 876 quod
1524 819 1633 859 non
1667 810 1771 868 est,
1802 799 2152 872 prmscientia

559 917 670 957 non
698 911 783 958 est
813 920 825 955 :
859 902 1002 972 quod
1039 901 1105 956 de
1139 901 1250 954 Deo
1273 913 1436 968 quam
1468 897 1632 967 impie
1658 895 1893 956 dicatur,
1920 891 2155 947 advertit

559 991 812 1062 quisque,
837 991 928 1061 qui
959 989 1202 1060 peccatis
1231 988 1356 1042 inde
1380 986 1680 1049 blanditur,
1698 983 1842 1054 quod
1865 983 2010 1038 Deus
2028 995 2153 1037 eum

559 1088 906 1151 peccator-em
937 1078 1176 1132 futurum
1202 1091 1322 1132 esse
1345 1073 1664 1146 praescierit.
1693 1093 1712 1126 ι

630 1172 772 1228 Ecce
812 1171 880 1226 de
907 1184 1136 1239 quorum
1165 1169 1347 1224 verbis
1372 1167 1667 1239 capitulum
1704 1166 1844 1222 istud
1872 1166 2152 1236 excerpsi-

559 1277 706 1317 mus.
732 1259 1009 1316 Accedaut
1045 1259 1466 1330 reprehensores
1513 1267 1569 1313 et
1610 1265 2012 1328 oppugnatores
2059 1270 2154 1310 no-

564 1353 687 1418 stri,
721 1354 830 1409 imo
857 1353 1258 1424 impugnatores
1288 1351 1382 1407 sed
1419 1365 1525 1406 non
1565 1358 1965 1421 expugnatores
1991 1358 2153 1405 rectm

565 1443 714 1509 tidei,
732 1453 788 1498 et
806 1441 1036 1497 afferant
1049 1455 1254 1512 ungues
1268 1441 1615 1497 acutissimos
1637 1455 1761 1496 cum
1783 1440 2152 1496 subtilissimis

559 1536 770 1591 acubus
798 1575 816 1597 ,
864 1543 921 1591 et
969 1534 1022 1589 in
1073 1543 1280 1588 morem
1332 1531 1655 1587 feminarum
1711 1533 2150 1603 acupingentium

2259 527 2421 581 scribi
2463 527 2687 599 largitus
2724 537 2846 595 est,
2878 529 2930 584 in
2976 546 3141 586 manu
3185 531 3452 586 calamum
3500 533 3694 588 tenuit.
3738 534 3843 602 Qui

2259 619 2502 675 calamus
2525 636 2792 677 mensurae
2813 622 3031 688 dicitur,
3053 624 3178 693 quia
3207 625 3323 695 ipsa
3348 627 3638 682 Doctorum
3662 631 3844 687 studia

2260 715 2362 768 sub
2384 714 2616 782 quadam
2642 714 2840 770 occulti
2860 715 3054 785 judicit
3074 719 3487 788 dispensatione
3512 721 3843 789 retinentur,

2259 812 2319 855 ut
2346 809 2400 856 et
2422 801 2543 857 aliis
2572 803 2876 872 legentibus
2903 807 3138 874 prosint,
3165 818 3222 865 et
3242 809 3362 864 aliis
3387 810 3692 881 legentibus
3714 827 3847 882 pro-

2258 891 2412 948 desse
2442 909 2548 948 non
2602 896 2832 965 possint.
2886 896 3043 954 Unde
3086 908 3142 954 et
3183 900 3356 956 sancti
3413 902 3664 972 apostoli,
3713 919 3844 959 cum

2257 983 2572 1054 magistram
2603 987 2892 1042 veritatem
2929 989 3031 1044 sibi
3053 991 3294 1061 apertius
3324 991 3632 1061 loquentem
3660 996 3846 1064 requi-

2255 1082 2441 1129 rerent
2467 1089 2568 1129 cur
2596 1077 2770 1132 turbis
2792 1077 2845 1131 in
2879 1079 3151 1148 parabolis
3172 1079 3506 1150 loqueretur,
3527 1081 3843 1137 audierunt.

2258 1166 2396 1232 Quia
2419 1168 2560 1221 vobis
2581 1167 2764 1222 datum
2786 1179 2862 1223 est
2888 1186 3040 1225 nosse
3059 1173 3366 1243 mysterium
3395 1173 3538 1243 regni
3565 1173 3844 1240 caelorum,

2253 1256 2362 1311 illis
2382 1267 2558 1311 autem
2587 1275 2691 1312 non
2709 1260 2925 1330 (Matth.
2960 1276 3081 1328 xm,
3114 1264 3226 1332 11).
3251 1261 3349 1328 Ve]
3397 1271 3547 1319 certe
3595 1263 3845 1320 calamus

2256 1362 2526 1404 mensurae
2551 1359 2657 1414 est,
2690 1350 2818 1420 quia
2846 1352 2900 1406 in
2928 1353 3046 1422 ipso
3065 1367 3225 1409 sacro
3261 1352 3379 1423 ejus
3419 1353 3655 1424 eloquio,
3693 1355 3844 1424 quod

2254 1439 2413 1495 nobis
2442 1441 2812 1511 conscriptum
2847 1451 2953 1507 est,
2975 1443 3219 1500 occultas
3245 1457 3367 1499 esse
3405 1444 3847 1515 dispensationes

2254 1529 2373 1597 ejus
2402 1532 2770 1602 agnoscimus.
2811 1531 2946 1586 Nam
2990 1548 3090 1604 per
3133 1533 3682 1605 incomprehensibile
3723 1533 3847 1603 ejus

559 1625 888 1691 extendant,
919 1631 976 1680 et
999 1623 1226 1679 diversis
1254 1622 1526 1679 coloribus
1553 1637 1846 1693 pravorum
1891 1636 2147 1677 sensuum
2242 1618 2535 1688 judicium,
2565 1621 2705 1677 alter
2726 1622 2868 1676 intra
2900 1637 3214 1679 mensuram
3255 1625 3552 1681 electorum
3592 1625 3843 1693 metitur,

557 1732 780 1772 suorum
813 1715 1082 1772 divariare
1105 1724 1269 1785 atque
1313 1715 1624 1771 decolorare
1665 1714 1958 1784 capitulum
2003 1715 2146 1770 istud

2251 1719 2307 1765 et
2345 1711 2484 1765 alter
2533 1711 2680 1767 foras
2710 1713 3056 1784 relinquitur,
3086 1724 3148 1770 ut
3173 1715 3322 1772 nullo
3350 1719 3512 1773 modo
3539 1717 3608 1772 ad
3633 1717 3846 1773 electo-

558 1814 830 1861 attentent
868 1824 882 1859 :
923 1813 979 1860 et
1007 1781 1316 1875 ubicunque
1346 1805 1430 1858 vel
1462 1805 1514 1859 in
1544 1804 1661 1859 solo
1704 1781 1903 1868 verbo,
1945 1812 2150 1873 quanto
2180 1781 2225 1840 Β
2259 1820 2380 1860 rum
2410 1820 2696 1860 numerum
2727 1781 3005 1876 pertinere
3028 1817 3324 1864 mereatur.
3353 1809 3526 1865 Habet
3547 1825 3678 1881 ergo
3699 1809 3848 1866 funi-

561 1896 735 1966 magis
778 1895 832 1950 in
884 1908 1080 1960 sensu,
1111 1895 1426 1950 orthodoxae
1469 1895 1594 1950 fidei
1646 1909 1710 1949 ac
1761 1894 2152 1950 catholicorum

556 1985 784 2041 Patrum
809 1985 1072 2042 doctrinae
1095 1986 1382 2041 adversum
1405 1986 1492 2040 vel
1521 1985 1797 2040 diversum
1827 1983 2152 2050 invenerint,

563 2077 876 2132 minutatim
915 2086 1329 2148 transpungant.
1362 2077 1516 2144 Quod
1545 2077 1587 2132 si
1612 2076 1860 2132 invenire
1895 2075 2152 2145 nequive-

562 2170 700 2237 rint,
743 2171 960 2228 malitiae
1009 2187 1120 2228 sute
1167 2185 1431 2226 mucrone
1484 2168 1784 2240 perfossos,
1825 2176 1880 2222 et
1923 2167 2152 2221 victoria

567 2264 815 2320 veritatis
840 2262 1115 2326 confusos,
1147 2271 1309 2332 atque
1357 2260 1740 2332 redargutione
1787 2259 1957 2330 ipsius
2003 2257 2150 2313 beati

561 2357 849 2427 Augustini
879 2364 1043 2426 atque
1079 2355 1330 2426 Prosperi
1351 2395 1366 2419 ,
1387 2368 1621 2424 quorum
1652 2367 1711 2408 se
1736 2353 1896 2409 dictis
1921 2351 2155 2406 victores

557 2448 862 2518 iactabant,
887 2447 1226 2503 verecundize
1260 2447 1458 2501 rubore
1483 2443 1733 2514 perfusos
1761 2442 2151 2512 intelligentes,

562 2557 665 2597 nos
684 2555 908 2612 carpere
921 2541 1251 2603 desinant,et
1264 2554 1396 2593 sano
1416 2537 1713 2593 intellectui
1727 2551 1917 2590 manus
1931 2535 2150 2589 donent.

635 2631 790 2700 Quod
820 2633 868 2687 si
895 2643 950 2688 et
978 2631 1154 2686 adhuc
1182 2645 1339 2700 agere
1369 2630 1698 2691 detractant,
1725 2627 1910 2680 veniat
1933 2633 2155 2680 sanctus

495 2737 500 2748 ‘
563 2725 878 2796 Gregorius.
903 2734 959 2780 et
988 2724 1254 2793 percutiat
1277 2737 1393 2787 eos,
1427 2736 1534 2776 non
1568 2720 1721 2774 clava
1753 2717 2151 2780 Herculea,sed

566 2817 894 2872 auctoritate
929 2815 1320 2878 ecclesiastica,
1365 2814 1527 2868 beato
1573 2811 1736 2866 Petro
1784 2808 2152 2880 apostolorum

563 2908 744 2976 primo
775 2922 804 2961 a
833 2908 1078 2961 vivorum
1121 2913 1177 2960 et
1231 2912 1567 2960 mortuorum
1607 2902 1790 2972 judice
1839 2900 2058 2964 tradita,
2093 2906 2154 2953 ut

565 3005 918 3052 convertatur
947 2995 1100 3051 dolor
1128 3011 1316 3051 eorum
1341 2997 1394 3050 in
1428 3002 1589 3064 caput
1613 2995 1876 3064 ipsorum,
1907 3001 1960 3047 et
1989 3006 2150 3047 arcus

2259 1898 2464 1961 Culum,
2499 1897 2662 1952 habet
2691 1900 2746 1953 in
2776 1914 2936 1954 manu
2961 1915 3230 1957 mensurae
3251 1901 3540 1957 calamum.
3563 1901 3666 1970 Qui
3692 1903 3846 1958 enim

2257 1989 2498 2047 funiculo
2549 1991 2724 2047 locum
2775 1994 3038 2059 metitur,
3099 1994 3230 2050 alibi
3283 1995 3582 2050 funiculum
3631 1996 3846 2063 trahit,

2255 2083 2474 2138 aliunde
2502 2084 2754 2150 retrahit,
2779 2094 2834 2140 et
2859 2085 2966 2140 huc
2990 2086 3139 2140 ducit
3168 2101 3330 2156 quem
3378 2085 3594 2141 aliunde
3639 2085 3851 2142 subdu-

2255 2175 2351 2230 cit.
2407 2174 2499 2229 Sic
2541 2175 2797 2232 nimirum
2845 2177 2924 2233 sic
2955 2177 3288 2248 Redemptor
3333 2188 3520 2235 noster
3567 2179 3621 2234 in
3676 2180 3849 2237 colle-

2256 2267 2437 2321 ctione
2464 2267 2740 2322 hominum
2771 2267 2926 2334 facit,
2955 2269 3083 2323 dum
3117 2268 3252 2324 alios
3277 2283 3306 2322 a
3333 2269 3446 2324 suis
3467 2269 3850 2340 iniquitatibus

2259 2359 2548 2425 abstrahit,
2575 2369 2632 2415 et
2663 2361 2800 2416 alios
2822 2361 2877 2415 in
2905 2377 3003 2417 sua
3047 2362 3336 2432 iniquitate
3382 2361 3733 2420 derelinouit.
3781 2365 3847 2422 In

2258 2450 2342 2505 his
2371 2451 2513 2505 enim
2550 2466 2686 2521 quos
2723 2453 2977 2525 colligere
3017 2453 3273 2524 dignatus
3295 2461 3398 2518 est,
3426 2455 3655 2510 occultae
3681 2471 3847 2510 men-

2257 2558 2398 2598 sum
2427 2543 2723 2599 funiculum
2758 2547 2944 2609 traxit,
2969 2555 3025 2602 et
3051 2549 3121 2603 ab
3149 2546 3236 2602 his
3279 2562 3415 2616 quos
3459 2548 3855 2617 relinquendos-

2257 2648 2378 2689 esse
2406 2633 2703 2706 judicavit,
2727 2637 2855 2705 quid
2897 2636 3040 2692 aliud
3075 2637 3181 2692 nisi
3227 2636 3523 2692 funiculum
3569 2637 3852 2692 retraxit?

2259 2733 2399 2778 utet
2440 2724 2565 2778 boni
2607 2725 2747 2778 intra
2777 2740 3087 2780 mensuram
3113 2725 3349 2781 etelestis
3371 2724 3592 2781 fabricze
3620 2735 3851 2782 tenean-

2260 2825 2366 2882 tur,
2399 2827 2454 2874 et
2498 2817 2624 2872 mali
2670 2826 2823 2871 extra
2869 2817 3168 2884 fabricam,
3198 2819 3252 2874 in
3299 2819 3496 2889 quibus
3538 2820 3676 2874 bona
3721 2833 3849 2890 quae

2257 2911 2594 2965 aestimantur
2622 2925 2727 2964 non
2752 2918 2896 2975 sunt,
2914 2910 3066 2979 quasi
3087 2910 3204 2965 sine
3226 2925 3480 2965 mensura
3503 2917 3846 2965 remaneant.

2257 3000 2413 3056 Hunc
2447 3000 2744 3055 funiculum
2776 3010 2831 3055 et
2859 3016 3126 3056 mensura:
3164 3001 3432 3056 calamum
3457 3001 3508 3055 in
3550 3016 3713 3055 manu
3746 3015 3849 3056 sua

565 3106 756 3147 eorum
799 3091 1195 3162 confringatur,
1225 3100 1280 3145 et
1307 3091 1360 3145 in
1387 3091 1647 3146 verticem
1675 3091 1916 3160 ipsorum
1950 3089 2148 3158 iniqui-
2175 3125 2220 3187 ο
2258 3091 2587 3161 Redemptor
2608 3099 2795 3146 noster
2817 3091 3006 3152 tenuit,
3026 3105 3147 3146 cum
3169 3089 3398 3146 Paulum
3420 3090 3722 3161 apostolum
3747 3107 3850 3162 per

564 3194 654 3240 tas
679 3199 867 3239 eorum
902 3182 1197 3238 descendat
1228 3198 1242 3236 :
1274 3197 1373 3237 nos
1419 3190 1600 3237 autem
1646 3179 2003 3236 confiteamur
2044 3180 2148 3234 Do-

566 3276 717 3330 mino
743 3275 796 3329 in
819 3273 936 3342 ejus
960 3272 1194 3342 justitia.
1226 3273 1316 3327 Ait
1337 3273 1482 3327 enim
1511 3273 1565 3327 in
1595 3269 1824 3326 Homilia
1871 3269 2150 3340 Evangelii

566 3369 776 3424 decima
829 3366 1056 3437 septima
1090 3384 1102 3418 :
1144 3384 1161 3413 ι
1204 3364 1271 3419 In
1304 3382 1666 3437 quamcunque
1693 3365 1927 3427 domum,
1952 3363 2148 3432 inquit,

565 3459 1149 3529 intraverilt's,primum
1176 3459 1332 3512 dicite
1359 3477 1376 3513 :
1408 3458 1528 3512 Pax
1554 3459 1677 3511 huic
1703 3457 1903 3521 domui,
1931 3466 1979 3509 et
2007 3457 2054 3510 si
2081 3456 2154 3509 ibi

569 3550 728 3616 fuerit
755 3549 900 3618 filius
926 3551 1094 3619 pacis,
1119 3550 1400 3620 requiescet
1425 3565 1582 3618 super
1613 3547 1762 3601 illam
1795 3563 1900 3616 pax
1934 3557 2104 3602 vestra
2133 3563 2153 3600 .'

567 3641 652 3693 sin
681 3649 875 3702 autem,
902 3639 971 3692 ad
1001 3655 1088 3692 vos
1110 3648 1394 3692 revertetur
1416 3637 1567 3708 (Luc.
1595 3653 1651 3703 x,
1673 3637 1751 3707 5).
1783 3636 1894 3690 Pax
1933 3651 2052 3706 qute
2087 3638 2154 3689 ab

569 3744 666 3785 ore
697 3731 1073 3800 praedicatoris
1097 3729 1345 3795 affertur,
1368 3739 1462 3784 aut
1491 3731 1784 3800 requiescit
1813 3731 1867 3784 in
1897 3730 2076 3794 domo,
2109 3730 2155 3784 si

569 3825 626 3879 in
653 3838 716 3878 ea
743 3824 884 3878 filius
904 3823 1057 3894 pacis
1085 3822 1274 3889 fuerit,
1300 3831 1394 3877 aut
1424 3823 1491 3877 ad
1533 3823 1784 3878 eumdem
1829 3822 2154 3892 praedicato-

572 3928 688 3969 rem
713 3913 1044 3969 revertitur:
1071 3913 1196 3984 quia
1237 3921 1332 3966 aut
1360 3912 1466 3967 erit
1490 3912 1722 3983 quisque
1744 3910 2159 3982 prtedestinatus

573 4004 641 4060 ad
670 4006 836 4060 vitam
855 4047 870 4067 ,
899 4014 955 4061 et
985 4005 1209 4061 cmleste
1243 4005 1469 4060 verbum
1513 4005 1761 4074 sequitur
1785 4003 1929 4073 quod
1963 4001 2154 4058 audit:

572 4106 671 4153 aut
698 4098 742 4153 si
772 4097 953 4153 nullus
997 4096 1188 4152 audire
1229 4097 1482 4162 voluerit,
1513 4097 1628 4166 ipse
1672 4096 2000 4166 praedicator
2043 4094 2160 4150 sine

561 4180 752 4245 fructu
784 4204 892 4244 non
922 4188 1048 4255 erit,
1079 4188 1204 4258 quib
1233 4189 1301 4242 ad
1331 4203 1454 4243 eum
1500 4203 1606 4259 pax
1649 4193 1993 4243 revertetur:
2026 4199 2159 4255 quo-

570 4278 722 4335 niam
750 4278 800 4335 ei
837 4293 868 4332 a
905 4278 1138 4334 Domino
1178 4291 1277 4347 pro
1307 4277 1492 4333 labore
1519 4278 1600 4332 sui
1626 4275 1807 4346 operis
1835 4288 2046 4330 merces
2075 4288 2161 4329 re-

570 4377 978 4439 compensatur.
1018 4387 1037 4420 θ
1069 4366 1184 4439 84
1216 4367 1512 4422 Attendant
1540 4374 1596 4421 et
1634 4363 1943 4435 appendant
1970 4377 2160 4433 repre-

2257 3188 2606 3252 apparentem
2631 3179 2807 3233 virum
2853 3177 3200 3234 Macedonem
3254 3181 3551 3235 admonere
3592 3180 3854 3250 dignatus

2253 3281 2339 3328 cst
2369 3290 2383 3325 :
2418 3271 2492 3327 ita
2516 3279 2576 3325 ut
2599 3271 2770 3326 isdem
2799 3269 3022 3324 Macedo
3044 3271 3129 3324 vir
3176 3271 3402 3326 diceret.
3435 3269 3723 3327 Transiens
3745 3273 3849 3326 ad-

2256 3365 2377 3433 iuva
2408 3379 2503 3417 nos
2533 3362 2671 3433 (Act.
2691 3377 2804 3423 xvr,
2831 3361 2910 3432 9),
2937 3370 2991 3415 et
3020 3370 3199 3416 tamen
3241 3362 3548 3418 volentibus
3588 3364 3853 3433 apostolis

2258 3458 2325 3512 ad
2363 3455 2768 3527 prtedicandum
2807 3456 2888 3508 ire
2915 3454 2969 3509 in
2996 3454 3183 3510 Asiam
3209 3471 3315 3511 non
3343 3456 3594 3525 permisit
3619 3457 3853 3526 spiritus

2257 3549 2406 3604 Jesu.
2439 3547 2580 3615 Quid
2607 3557 2692 3602 est
2718 3547 2860 3617 quod
2883 3547 3057 3602 sancti
3079 3547 3309 3616 apostoli
3335 3556 3608 3602 vocantur
3628 3548 3732 3611 ire,
3755 3548 3853 3603 ubi

2259 3639 2490 3694 fortasse
2521 3639 2600 3692 ire
2631 3652 2736 3692 non
2763 3635 3171 3708 cogitabant,et
3196 3635 3325 3692 illuc
3351 3637 3440 3692 ubi
3463 3637 3856 3692 desiderabant

2258 3743 2503 3798 pergere,
2533 3728 2613 3783 ire
2639 3727 3032 3798 perhibentur,
3075 3726 3178 3781 nisi
3231 3726 3358 3796 quia
3409 3725 3607 3781 occulti
3655 3724 3855 3794 judicii

2262 3820 2539 3876 funiculus
2559 3828 2616 3875 et
2647 3832 2920 3874 mensurae
2951 3817 3198 3872 calamus
3224 3825 3442 3870 tenetur
3477 3817 3532 3870 in
3576 3831 3766 3880 manu,
3790 3824 3859 3870 ut

2261 3925 2318 3970 et
2345 3913 2434 3968 alii
2465 3913 2630 3968 verba
2658 3912 2781 3966 vitae
2809 3910 3056 3974 audiant,
3087 3917 3144 3964 et
3187 3909 3278 3963 alii
3327 3909 3637 3963 nullatenus
3663 3907 3857 3964 audire

2262 4003 2610 4060 mereantur?
2639 3999 2935 4055 Funicnlus
2953 4014 3084 4070 ergo
3104 4013 3376 4054 mensura:
3391 4007 3494 4063 est,
3513 3997 3604 4066 qui
3632 3997 3863 4053 aliunde

2265 4105 2471 4152 tractus
2496 4092 2854 4160 est,-aliunde
2879 4098 3170 4146 retractus.
3197 4090 3404 4146 Sancto
3431 4105 3648 4160 quoque
3675 4089 3858 4144 Evan-

2263 4186 2404 4257 gelio
2436 4193 2573 4240 teste
2603 4182 2914 4244 didicimus,
2947 4181 3091 4251 quod
3127 4181 3279 4236 venit
3318 4181 3409 4249 qui
3461 4180 3702 4245 diceret,
3728 4177 3862 4234 lfa-

2263 4278 2442 4347 gister,
2459 4290 2651 4345 sequar
2677 4283 2724 4327 te
2749 4287 3058 4344 quocunque
3084 4271 3208 4324 ieris
3234 4282 3255 4322 .°
3281 4271 3366 4324 cui
3399 4283 3717 4338 responsum
3747 4276 3862 4335 est,

2224 4367 2374 4438 οδε
2410 4365 2597 4437 Vulpes
2647 4365 2823 4435 foveas
2871 4364 3084 4428 habent,
3136 4372 3183 4416 et
3237 4362 3471 4416 volucres
3510 4360 3624 4414 caeli
3655 4359 3860 4426 nidos;

572 4461 839 4515 hensores
865 4459 1023 4513 istius
1048 4456 1289 4526 capituli,
1316 4456 1408 4525 qui
1439 4455 1626 4509 volunt
1651 4457 1731 4509 sic
1757 4469 1788 4507 a
1812 4453 1924 4509 Deo
1950 4453 2165 4523 praede-
2188 4479 2243 4541 1)
2275 4457 2445 4511 Filius
2469 4467 2644 4510 autem
2676 4455 2904 4509 hominis
2933 4470 3037 4508 non
3063 4453 3216 4507 habet
3250 4453 3340 4506 ubi
3376 4461 3533 4523 caput
3584 4467 3740 4505 suum
3769 4468 3858 4506 re-

581 4552 811 4607 stinatos
823 4549 972 4606 credi
993 4559 1048 4604 et
1064 4549 1168 4603 dici
1190 4547 1257 4602 ad
1275 4548 1571 4611 interitum,
1586 4546 1858 4617 quomodo
1869 4545 2166 4602 creduntur

577 4651 635 4697 et
662 4642 920 4697 dicuntur
958 4656 987 4694 a
1030 4639 1276 4695 fidelibus
1327 4639 1696 4710 przedestinati
1740 4641 1834 4695 sed
1879 4640 1947 4694 ad
1993 4640 2162 4694 vitam

579 4732 762 4799 electi,
790 4741 847 4788 et
891 4731 1106 4803 reprobi
1155 4745 1264 4788 non
1311 4730 1679 4801 praedestinati
1723 4731 1818 4786 sed
1863 4731 2038 4786 relicti
2096 4731 2165 4784 ad

580 4828 1086 4897 interitum,quare
1126 4840 1232 4880 non
1280 4825 1416 4878 dixit
1467 4833 1688 4880 sanctus
1732 4824 2046 4895 Gregorius.
2098 4823 2166 4877 Et

581 4919 938 4990 eritquisque
967 4917 1385 4988 praedestinatus
1413 4917 1480 4972 ad
1511 4917 1811 4983 interitum,
1840 4926 1895 4972 et
1926 4932 2030 4972 non
2075 4932 2162 4972 se-

580 5019 779 5082 quetur
807 5009 1032 5064 verbum
1063 5009 1204 5079 quod
1241 5008 1496 5073 audierit,
1529 5009 1673 5063 sicut
1716 5007 1873 5072 dixit,
1919 5017 2013 5062 aut
2060 5009 2166 5062 erit

581 5104 812 5174 quisque
838 5104 1253 5174 praedestinatus
1276 5103 1343 5158 ad
1371 5105 1561 5169 vitam,
1577 5112 1632 5159 et
1656 5112 1912 5174 sequetur
1938 5105 2164 5159 verbum

589 5197 810 5254 cmleste
833 5198 976 5268 (ιιιοά
1008 5199 1176 5254 audit.
1209 5203 1290 5251 Ad
1319 5198 1759 5268 praedestinatum
1788 5197 1933 5253 enim
1983 5197 2049 5251 ad
2089 5197 2168 5250 vi-

583 5301 696 5344 tam
723 5290 880 5356 dixit,
911 5297 1168 5360 sequetur
1192 5288 1416 5344 verbum
1451 5307 1462 5343 :
1497 5291 1564 5344 ad
1602 5304 1708 5344 non
1753 5289 2168 5358 praedestinatos

587 5393 807 5448 autem,
836 5383 929 5439 sed
969 5385 1020 5438 in
1072 5398 1248 5437 massa
1298 5383 1620 5452 perditionis
1664 5381 1881 5438 relictos
1922 5381 2167 5446 veniens,

587 5482 640 5534 si
670 5477 847 5532 nullus
885 5477 1072 5530 audire
1101 5475 1332 5530 voluerit
1355 5476 1508 5530 dixit.

662 5568 815 5636 Quod
843 5570 886 5624 si
929 5570 1056 5624 hinc
1101 5569 1387 5624 veritatem
1437 5586 1541 5623 non
1590 5578 1814 5640 possunt
1868 5569 2168 5639 percipere,

593 5666 813 5718 audiant
838 5665 966 5734 quid
1017 5665 1068 5718 in
1119 5665 1328 5719 decima
1381 5665 1540 5719 tertia
1592 5663 1821 5719 Homilia
1872 5663 2171 5718 Ezechielis

599 5761 871 5830 propheta:
903 5759 1030 5813 dicit
1069 5779 1077 5811 :
1113 5779 1128 5810 ι
1161 5758 1673 5830 Redemptorigitur
1720 5767 1921 5818 noster,
1975 5757 2169 5827 inquit,

2269 4547 2422 4603 clinet
2452 4547 2670 4619 (Matth.
2694 4563 2815 4609 vnt,
2847 4546 2935 4608 19,
2962 4545 3075 4612 20).
3108 4544 3270 4599 Venit
3302 4543 3439 4598 alter
3484 4543 3576 4612 qui
3626 4543 3858 4606 diceret,

2269 4638 2562 4709 Magister,
2613 4638 2726 4691 sine
2771 4652 2852 4690 me
2899 4636 3127 4705 primum
3179 4635 3256 4688 ire
3291 4643 3340 4688 et
3385 4632 3602 4703 sepelire
3652 4643 3863 4702 patrem

2270 4749 2440 4788 meum
2469 4748 2486 4786 :
2515 4731 2601 4784 cui
2633 4729 2855 4792 dicitur,
2888 4727 3014 4782 Sine
3038 4738 3276 4782 mortuos
3294 4766 3309 4784 .
3339 4725 3592 4795 sepeliant
3619 4734 3858 4778 mortuos

2270 4841 2392 4882 suos
2424 4839 2442 4876 :
2482 4833 2537 4875 tu
2567 4832 2741 4874 autem
2772 4836 2852 4874 me
2879 4835 3120 4888 sequere,
3151 4828 3199 4872 et
3227 4818 3485 4871 annuntia
3513 4832 3732 4886 regnum
3761 4812 3860 4868 Dei

2279 4919 2495 4987 (Matth.
2537 4931 2654 4978 vni,
2680 4914 2768 4976 Ἃ,
2798 4911 2912 4984 22).
2943 4911 3080 4978 Quid
3105 4910 3349 4979 estquod
3390 4909 3479 4964 ille
3506 4907 3770 4979 promittit
3803 4919 3862 4962 se

2276 5011 2355 5064 ire
2376 5016 2431 5062 ct
2455 5005 2739 5065 deseritur,
2769 5003 2872 5058 iste
2898 5002 3116 5056 domum
3136 5000 3250 5054 vult
3280 5001 3476 5064 redire,
3515 5007 3571 5053 et
3597 5006 3780 5052 tamen
3802 5007 3862 5054 ut

2275 5102 2427 5171 sequi
2458 5100 2651 5154 debeat
2669 5095 2930 5165 iubetur?
2954 5093 3042 5148 ille
3065 5108 3170 5147 non
3203 5092 3516 5162 suscipitur,
3538 5091 3643 5146 iste
3665 5105 3767 5145 nec
3793 5088 3861 5143 ad

2276 5197 2423 5250 horae
2445 5199 2776 5247 momentum
2799 5186 2869 5240 ab
2891 5184 3150 5256 obsequio
3166 5183 3474 5240 relaxatur?
3493 5181 3713 5236 lnterno
3731 5193 3862 5252 ergo

2275 5288 2487 5345 occulto
2499 5287 2702 5358 judicio
2725 5287 2996 5342 funiculus
3016 5295 3070 5342 et
3084 5298 3351 5340 mensurae
3368 5281 3608 5336 calamus
3622 5277 3860 5340 ducitur,

2278 5386 2331 5440 in
2350 5400 2458 5454 quo
2488 5391 2544 5436 et
2567 5383 2668 5436 iste
2698 5380 2952 5446 trahitur,
2970 5391 3025 5435 et
3055 5379 3142 5434 ille
3169 5375 3516 5447 relinquitur,
3542 5381 3602 5426 ut
3622 5370 3863 5426 caelestis

2281 5475 2480 5531 fabrica
2509 5491 2612 5529 non
2642 5473 2759 5528 sine
2780 5473 2869 5542 pio
2891 5470 3100 5540 etjustt.
3130 5469 3382 5524 examine
3410 5473 3775 5521 construatur.
3806 5483 3826 5516 ι

2353 5568 2419 5622 Et
2449 5568 2574 5622 item
2608 5573 2827 5620 sanctus
2861 5561 3155 5632 Gregorius
3193 5560 3246 5613 in
3283 5559 3423 5614 libro
3459 5555 3741 5611 Moralium
3789 5552 3862 5608 vi-

2280 5663 2486 5732 gesimo
2510 5660 2696 5731 quinto
2719 5660 2856 5728 (cap.
2881 5657 2935 5723 8)
2965 5675 2976 5710 :
3009 5675 3026 5707 ι
3054 5655 3240 5710 Potnm
3264 5670 3433 5708 meum
3448 5667 3566 5705 cum
3587 5651 3716 5719 ﬂetu
3738 5658 3860 5701 tent-

2279 5754 2520 5821 perabam
2555 5750 2724 5822 (Psal.
2758 5759 2832 5814 tzt,
2868 5749 2970 5819 ill).
3006 5748 3166 5803 Polus
3195 5745 3389 5815 quippe
3413 5743 3479 5797 ab
3505 5740 3868 5797 exterioribus
