4052 6334
260 276 371 337 ης

1037 269 1128 330 DE
1167 267 1838 339 PRAZDESTINATIONE
1875 266 2337 325 DlSSERTATlO
2375 265 2795 326 POSTERIOR.

3419 264 3519 321 150

248 387 475 449 interius
528 386 808 453 trahitur,
881 385 1041 448 fletus
1101 396 1283 443 autem
1350 387 1419 444 ab
1469 383 1834 458 interioribus
1860 382 1908 444 Α
1936 393 2037 436 nec
2092 395 2307 435 rursum
2359 379 2602 449 reprobis
2649 376 2918 449 justitiam
2984 377 3101 433 sine
3148 376 3522 434 misericordia

247 481 488 538 exterius
515 488 759 537 emanat.
792 478 985 534 Potum
1024 493 1155 550 ergo
1197 477 1489 535 Dominum
1531 494 1657 534 cum
1705 478 1831 533 fletu

250 581 555 641 temperare
578 581 689 637 est,
713 568 854 626 alios
879 571 949 625 ab
992 569 1359 626 exterioribus
1404 569 1676 626 introrsus
1722 577 1835 625 tra-

247 660 392 724 here,
425 658 571 714 alios
609 660 679 715 ab
718 659 1069 717 interioribus
1115 659 1169 715 in
1199 660 1475 715 exteriora
1521 658 1834 731 reprobare.

246 753 482 807 Conteret
512 753 656 807 enim
683 752 878 807 multos
899 761 949 806 et
970 752 1402 818 innumerabiles,
1429 763 1478 807 et
1505 762 1646 808 stare
1678 751 1835 821 faciet

245 842 373 897 alios
406 858 508 912 pro
537 857 614 897 eis
637 842 762 913 (Job
778 857 965 908 xxxzv,
988 841 1106 914 24).
1147 861 1166 894 ι
1200 842 1268 897 Ει
1294 850 1415 913 post
1438 857 1609 911 pauca
1634 842 1787 914 (ibid)
1817 859 1835 897 τ

251 951 277 987 ι
301 932 462 999 Quod
490 942 678 988 autem
702 932 841 988 dixit
864 940 1093 988 conteret
1117 932 1403 999 multos,et
1423 932 1567 987 illico
1589 931 1839 1001 adjunxit

242 1021 681 1088 innumerabiles,
708 1020 796 1079 vel
833 1022 1236 1079 multitudinem
1275 1024 1582 1094 exprimere
1630 1023 1840 1080 studuit

242 1112 629 1184 reproborum,
653 1127 774 1183 qua:
799 1113 1051 1170 humana:
1079 1111 1308 1169 rationis
1336 1127 1626 1169 numerum
1654 1122 1838 1170 trans-

241 1207 283 1264 it
309 1224 325 1262 :
353 1206 450 1263 vel
467 1216 621 1263 certe
642 1206 882 1263 indicare
916 1206 1089 1263 voluit
1113 1206 1259 1279 quod
1274 1221 1465 1264 omnes
1490 1207 1582 1278 qui
1609 1214 1841 1277 pereunt

240 1299 384 1355 intra
412 1298 719 1356 electorum
748 1314 1035 1356 numerum
1066 1314 1173 1356 non
1202 1299 1494 1366 habentur,
1521 1305 1581 1355 ut
1618 1312 1684 1354 eo
1729 1298 1841 1355 sint

239 1391 712 1456 mnumerabiles,
758 1406 869 1461 quo
909 1399 1065 1446 extra
1108 1405 1396 1447 numerum
1447 1398 1693 1446 currunt.
1719 1407 1740 1444 ι
1772 1388 1840 1444 Ει

238 1482 402 1551 paulo
426 1492 557 1553 post
581 1482 720 1554 (cap.
744 1481 889 1543 eod.)
919 1497 936 1539 :
973 1500 993 1533 ε
1029 1480 1138 1537 Sed
1177 1480 1306 1551 quia
1353 1480 1404 1534 in
1448 1478 1688 1535 Ecclesia
1715 1493 1837 1535 cre-

237 1582 433 1628 scente
478 1572 826 1628 multitudine
855 1572 1019 1637 etiam
1073 1571 1290 1643 reprobi
1323 1571 1682 1642 colliguntur,
1714 1579 1841 1641 apte

236 1663 519 1728 subditur,
570 1663 805 1733 (dixerat
831 1663 1101 1733 siquidem
1132 1662 1295 1733 paulo
1330 1662 1582 1733 superius
1614 1677 1712 1732 per
1748 1661 1839 1717 Je-

1937 477 2175 533 exercet,
2205 469 2331 539 quia
2362 470 2449 524 hic
2477 468 2853 540 mquanimiter
2897 468 3090 524 tolerat
3119 482 3255 545 quos
3279 465 3522 539 quando-

1938 575 2044 630 que
2082 559 2135 614 in
2181 571 2495 631 perpetuum
2527 560 2763 614 damnat.
2803 557 2860 613 Si
2890 573 3018 630 ergo
3049 566 3102 614 et
3128 557 3282 613 electi
3312 572 3523 628 praeve-

1938 648 2176 707 nientem
2208 664 2267 706 se
2292 649 2520 720 gratiam
2543 657 2863 718 sequuntur,
2887 657 2942 703 et
2968 647 3180 716 reprobi
3198 646 3353 718 juxta
3377 646 3525 717 quod

1937 750 2221 798 merentur
2271 739 2589 810 accipiunt,
2629 747 2686 794 et
2718 738 2785 794 de
2830 737 3205 796 misericordia
3244 737 3526 793 inveniunt

1939 832 2094 887 electi
2115 831 2255 902 quod
2273 831 2514 897 laudant,
2538 839 2594 886 et
2618 829 2685 885 de
2700 829 2911 898 justitia
2940 846 3045 886 non
3078 830 3281 884 habent
3305 828 3525 899 reprobi

1939 925 2081 997 quod
2111 910 2387 981 accusent.
2419 924 2563 978 Bene
2593 922 2776 993 itaque
2809 921 3028 986 dicitur,
3062 920 3192 986 Quis
3230 929 3350 975 ante
3379 918 3524 974 dedit

1937 1018 2066 1072 mihi
2094 1025 2149 1070 ut
2174 1016 2389 1090 reddam
2419 1015 2504 1069 ei?
2529 1012 2609 1068 Ac
2638 1013 2682 1067 si
2712 1019 2899 1083 aperte
2934 1011 3209 1068 diceretur
3237 1027 3251 1064 :
3281 1008 3364 1064 Ad
3397 1022 3525 1080 par-

1938 1108 2167 1164 cendum
2203 1106 2450 1179 reprobis
2487 1104 2633 1159 nulla
2663 1103 2874 1158 ratione
2913 1100 3226 1174 compellor,
3274 1100 3399 1171 quia
3442 1099 3526 1156 eis

1938 1197 2151 1254 debitor
2176 1210 2242 1251 ex
2273 1212 2370 1252 sua
2397 1196 2608 1251 actione
2635 1210 2740 1249 non
2765 1202 2972 1249 teneor.
3001 1211 3023 1245 ι

2008 1289 2228 1357 Dicant,
2250 1289 2431 1345 dicant
2451 1289 2608 1344 istius
2633 1288 3054 1360 reprehensores
3079 1285 3326 1356 capituli,
3355 1299 3528 1356 quare

1920 1380 2130 1436 beatus
2159 1379 2495 1451 Augustinus
2526 1379 2579 1435 in
2610 1378 2748 1435 libro
2775 1381 2843 1433 de
2871 1378 3021 1435 Bono
3052 1377 3152 1438 vel,
3170 1378 3322 1433 Dono
3344 1392 3530 1449 perse-

1938 1470 2220 1536 verantiae,
2242 1485 2403 1540 quem
2426 1469 2546 1524 loco
2568 1467 2970 1523 retractationis
2991 1481 3114 1522 cum
3138 1465 3276 1522 libro
3301 1466 3368 1521 de
3390 1464 3533 1522 Prte-

1941 1561 2304 1618 destinatione
2359 1570 2674 1617 sanctorum
2726 1567 2915 1614 contra
2987 1557 3151 1628 hujus
3209 1557 3532 1630 objectionis

1941 1655 2241 1713 calumnias
2270 1654 2505 1728 scripsit,
2529 1653 2728 1709 dixerit
2754 1653 2894 1725 (cap.
2923 1651 3015 1723 l4)
3044 1666 3061 1708 :
3095 1671 3115 1703 ‹
3141 1651 3267 1708 Haec
3288 1659 3372 1706 est
3394 1665 3531 1722 pra:-

230 1754 474 1835 remiam
513 1731 835 1825 prophetam
879 1731 1000 1810 esse
1037 1731 1353 1825 praedictum
1382 1731 1415 1817 ξ
1452 1731 1837 1824 .Edi/icabitur
1866 1731 1915 1794 Β
1945 1747 2232 1806 destinatio
2278 1755 2611 1811 sanctorum,
2644 1743 2788 1800 nihil
2805 1744 2972 1809 aliud,
3007 1742 3350 1815 praescientia
3382 1741 3532 1798 scili-

236 1846 428 1900 σίνηαι
447 1844 680 1900 Domino
707 1864 739 1901 α
765 1858 910 1902 turre
951 1847 1261 1904 Anuaneltel
1300 1863 1466 1919 usque
1511 1848 1581 1902 ad
1626 1857 1835 1919 portam

233 1936 429 2007 anguli
450 1978 468 2002 ,
498 1946 550 1991 et
578 1938 739 1992 exibit
769 1938 912 1994 ultra
944 1955 1185 1996 normam
1213 1956 1473 1996 mensurae
1514 1939 1649 2011 (Jer.
1679 1955 1834 2006 χχχι,

233 2025 388 2098 38).)
422 2026 613 2083 Exibit
642 2028 784 2083 ultra
826 2046 1067 2084 normam
1092 2045 1377 2096 mensum,
1412 2029 1538 2099 quia
1565 2044 1739 2101 usque
1767 2030 1836 2085 ad

232 2133 331 2173 eos
344 2133 570 2188 quoque
583 2120 915 2186 extenditur,
930 2120 1024 2190 qui
1041 2134 1288 2175 normam
1303 2118 1533 2188 justitia:
1556 2130 1837 2176 transeun-

235 2218 321 2264 tes
372 2209 524 2265 intra
575 2222 847 2266 mensura:
897 2209 1137 2267 cmlestis
1185 2224 1472 2265 numerum
1524 2226 1630 2266 non
1687 2219 1832 2266 sunt.

236 2298 397 2357 Unde
434 2315 540 2370 per
570 2300 763 2356 Isaiam
814 2315 1032 2371 quoque
1073 2300 1251 2356 eidem
1294 2300 1555 2357 Ecclesiae
1598 2300 1832 2367 dicitur,

232 2393 318 2447 Ad
339 2392 618 2447 dexteram
645 2393 785 2446 enim
812 2403 859 2447 et
893 2393 963 2446 ad
994 2392 1182 2449 (tenam
1209 2390 1517 2448 dilataberis
1537 2432 1554 2452 .
1583 2402 1631 2449 et
1660 2409 1836 2447 semen

234 2492 387 2537 suum
411 2493 598 2554 gentes
624 2484 952 2539 hwreditabit
978 2482 1113 2556 (Isa.
1130 2499 1243 2551 LIV,
1257 2482 1337 2557 3).
1367 2482 1608 2539 intrante
1638 2483 1837 2556 quippe

234 2562 592 2628 multitudine
638 2574 881 2643 gentium
910 2574 981 2629 ad
1009 2572 1291 2630 dexteram
1317 2574 1630 2629 extenditur
1648 2614 1665 2639 ,
1706 2574 1834 2630 dum

235 2661 507 2730 quosdam
531 2662 910 2733 justiflcandos
937 2662 1167 2732 suscipit
1208 2680 1223 2718 :
1267 2662 1337 2718 ad
1376 2662 1566 2719 laevam
1619 2678 1835 2733 quoque

237 2751 530 2818 dilatatur,
560 2752 689 2807 dum
717 2753 787 2807 ad
835 2768 896 2809 se
943 2753 1206 2824 quosdam
1242 2754 1405 2809 etiam
1456 2753 1511 2808 in
1551 2752 1835 2822 iniquitate

237 2857 635 2913 permansuros
662 2842 918 2898 admittit.
967 2842 1196 2914 Propter
1222 2843 1365 2899 hanc
1401 2843 1831 2908 multitudinem,

239 2948 361 3002 quae
390 2943 555 2990 extra
586 2934 886 2990 electorum
926 2950 1212 2990 numerum
1245 2935 1412 3007 jacet,
1456 2936 1511 2990 in
1542 2935 1834 3007 Evangelio

240 3027 507 3084 Dominus
557 3028 719 3094 dicit,
770 3028 929 3084 Multi
989 3029 1191 3094 vocati,
1253 3030 1412 3100 pauci
1445 3038 1620 3084 autent
1682 3029 1832 3085 electi

240 3116 464 3191 (Matth.
496 3118 728 3190 xx,16).
762 3117 870 3175 Sed
896 3120 1023 3191 quia
1054 3121 1160 3176 hoc
1187 3121 1330 3192 quod
1361 3120 1548 3177 electis
1591 3121 1712 3177 aliis
1741 3122 1832 3178 alii

238 3219 624 3275 conteruntur,
652 3211 723 3265 de
750 3211 946 3266 merito
983 3213 1241 3283 patientis
1272 3221 1377 3278 est,
1407 3227 1515 3269 non
1543 3214 1611 3269 de
1638 3213 1834 3284 iniqui-

235 3309 350 3357 tate
398 3301 698 3372 punientis.
743 3300 862 3358 Non
898 3302 1046 3359 enim
1082 3302 1301 3375 iniquus
1347 3301 1491 3359 Deus
1532 3303 1625 3374 qui
1667 3300 1835 3359 infert

234 3392 399 3449 iram.
436 3410 459 3443 ι
494 3392 561 3448 Ει
601 3393 762 3463 paulo
801 3402 925 3464 post
972 3392 1108 3465 (cap.
1142 3392 1262 3465 9.):
1299 3411 1318 3444 ε
1350 3391 1553 3465 Ligatis
1591 3395 1833 3450 manibus

235 3492 285 3537 et
310 3481 537 3559 pedibus
561 3483 748 3537 mittite
766 3483 823 3537 in
843 3482 1083 3538 tenebras
1127 3484 1409 3537 exteriores
1442 3482 1659 3553 (Matth.
1692 3499 1831 3551 xxii,

234 3571 352 3642 15).
383 3570 543 3627 Tunc
567 3571 709 3627 enim
739 3582 962 3628 coactus
1003 3573 1058 3627 in
1103 3572 1355 3629 tenebras
1385 3573 1687 3630 exteriores
1712 3576 1835 3630 mit-

236 3664 397 3730 titur,
428 3664 555 3733 quia
586 3679 729 3719 nunc
769 3665 821 3719 in
871 3663 1222 3719 interioribus
1251 3663 1557 3721 voluntarie
1589 3680 1832 3721 excazca-

238 3765 353 3811 tur.
386 3775 408 3808 ι
445 3756 513 3810 Ει
541 3756 669 3812 item
704 3765 928 3812 sanctus
969 3756 1267 3829 Gregorius
1306 3757 1359 3811 in
1391 3755 1532 3812 libro
1555 3758 1835 3828 trigesimo

237 3846 408 3899 tertio
437 3844 723 3900 Moralium
747 3844 848 3901 Job
872 3844 1012 3917 (cap.
1037 3845 1130 3917 20)
1162 3864 1176 3900 :
1207 3864 1226 3898 ι
1264 3844 1397 3914 Non
1424 3847 1578 3916 quasi
1604 3847 1833 3903 crudelis

235 3936 509 3990 suscitabo
540 3952 655 3990 eum
682 3934 803 4007 (Job
836 3952 948 4002 xu,
976 3935 1053 4005 1),
1082 3937 1211 4006 quin
1237 3936 1535 3992 chiathan
1563 3956 1577 3993 :
1606 3948 1663 3994 et
1688 3938 1837 3995 velut

234 4029 288 4084 si
316 4042 448 4081 mox
477 4043 508 4080 a
541 4028 696 4084 nobis
718 4028 945 4083 rationis
972 4044 1138 4084 causa
1166 4037 1520 4098 qnmreretur,
1561 4032 1835 4100 quomodo

236 4135 370 4174 eum
417 4135 527 4175 non
569 4121 724 4191 quasi
755 4120 989 4177 crudelis
1010 4122 1266 4188 suscitas,
1290 4136 1450 4193 quem
1478 4124 1682 4179 scimus
1707 4125 1833 4195 quia

234 4220 430 4273 tantos
480 4211 737 4268 invadere
765 4220 821 4267 et
849 4212 1111 4268 devorare
1139 4214 1462 4284 permittas?
1495 4214 1680 4268 statim
1707 4216 1836 4271 sub-

235 4302 382 4356 didit
411 4301 631 4368 dicens,
661 4304 793 4370 Quis
819 4305 960 4358 enim
989 4305 1227 4360 resistere
1270 4314 1436 4377 potest
1479 4306 1646 4361 vultui
1697 4323 1835 4373 meo,

234 4401 291 4459 et
312 4392 434 4464 quis
460 4403 584 4447 ante
617 4393 758 4449 dedit
784 4396 913 4450 mihi
958 4406 1017 4450 ut
1064 4397 1279 4452 reddam
1312 4399 1401 4453 ei?
1430 4399 1608 4470 (ibid.,
1654 4400 1706 4466 1,
1749 4399 1829 4471 2.)

242 4483 457 4551 Quibus
483 4484 692 4541 duobus
718 4488 1003 4555 versibus,
1034 4496 1090 4546 et
1124 4490 1378 4547 virtutem
1420 4507 1532 4548 suae
1561 4494 1835 4563 potentiae,

242 4587 305 4632 et
330 4593 499 4633 omne
535 4579 746 4648 pondus
778 4580 1005 4653 rationis
1039 4581 1293 4653 explevit.
1322 4581 1457 4638 Nam
1499 4594 1720 4655 propter
1744 4601 1841 4657 po-

232 4668 481 4725 ~teutiam
504 4670 619 4742 86
643 4671 797 4738 dixit,
846 4672 978 4738 Quis
1021 4674 1159 4728 enim
1204 4675 1442 4730 resistere
1477 4685 1645 4742 potest
1675 4675 1838 4731 vultui

245 4776 363 4814 meo
382 4761 409 4813 2’
433 4769 493 4815 et
520 4771 743 4832 propter
769 4763 1034 4821 rationem
1062 4763 1330 4832 subdidit,
1371 4765 1503 4832 Quis
1536 4757 1668 4821 ante
1694 4767 1839 4822 dedit

236 4853 380 4907 mihi
424 4863 482 4907 ut
522 4854 741 4911 reddam
769 4855 855 4910 ei?
887 4856 968 4912 Ae
1002 4856 1048 4912 si
1081 4857 1327 4913 diceret:
1362 4856 1478 4911 Non
1504 4858 1650 4913 enim
1681 4860 1837 4928 quasi

234 4943 495 4999 crudelis
523 4946 763 5011 suscito,
799 4947 924 5017 quia
959 4948 1028 5004 de
1066 4948 1183 5020 ejus
1215 4948 1534 5005 fortitudine
1556 4958 1613 5006 et
1636 4949 1841 5007 electos

249 5050 404 5092 meos
434 5044 685 5120 potenter
723 5039 899 5109 eripio
921 5078 938 5106 ,
988 5049 1044 5095 et
1086 5056 1301 5096 rursum
1331 5042 1594 5113 reprobos
1625 5058 1730 5099 non
1761 5043 1845 5099 in-

230 5130 415 5197 juste,
458 5131 557 5186 sed
598 5131 994 5189 rationabiliter
1025 5134 1252 5200 damno;
1281 5133 1334 5189 id
1363 5144 1483 5202 est,
1512 5146 1569 5192 et
1589 5151 1683 5193 eos
1707 5152 1843 5206 quos

230 5221 488 5291 benigne
509 5222 677 5294 eligo,
691 5223 905 5293 eripere
928 5225 1252 5282 mirabiliter
1263 5242 1506 5297 possum,
1525 5235 1580 5283 et
1600 5243 1695 5283 eos
1707 5244 1842 5298 quos

202 5328 453 5406 {respuo
497 5330 607 5371 non
658 5315 859 5387 injuste
914 5318 1250 5390 derelinquo.
1290 5339 1313 5372 ιη
1356 5320 1426 5375 Ει
1457 5321 1620 5391 paulo
1672 5332 1837 5394 post:

230 5424 279 5458 -ι
314 5405 455 5461 Miro
500 5408 663 5463 modo
691 5424 880 5479 aequus
906 5411 1158 5467 omnibus
1185 5412 1451 5480 conditor,
1486 5424 1543 5468 et
1579 5414 1840 5484 quosdam

236 5496 554 5569 praeelegit,
577 5506 634 5554 et
659 5501 921 5571 quosdam
948 5505 1001 5557 in
1031 5504 1145 5560 suis
1169 5504 1413 5575 reprobis
1437 5507 1679 5563 moribus
1696 5509 1842 5579 justc

238 5588 603 5662 .derelinquit.
630 5591 739 5651 Nec
765 5603 893 5651 tunc
921 5594 1108 5651 electis
1132 5596 1246 5652 suis
1267 5596 1520 5665 pietatem
1550 5597 1667 5653 sine
1683 5598 1842 5670 justi-

232 5678 752 5753 ,tiaexliibct,,quia
782 5684 871 5741 hic
899 5701 994 5742 eos
1022 5685 1171 5742 duris
1194 5683 1575 5743 afllictionibus
1601 5690 1835 5757 premit:

1939 1847 2028 1895 cet
2047 1846 2102 1894 et
2127 1838 2448 1909 praeparatio
2477 1835 2864 1892 beneficiorum
2899 1834 3015 1900 Dei,
3057 1833 3255 1906 quibus
3280 1832 3527 1890 certissi—

1939 1944 2028 1985 me
2072 1928 2375 1984 liberantur
2405 1927 2715 1999 quicunque
2744 1925 3045 1982 liberantur
3078 1943 3093 1980 :
3135 1925 3316 1981 cazteri
3346 1932 3535 1980 autem.

1937 2021 2033 2077 ubi
2080 2020 2183 2078 nisi
2234 2021 2289 2076 in
2340 2035 2522 2077 massa
2572 2019 2895 2091 perditionis
2915 2016 3063 2088 justo
3100 2018 3281 2074 divino
3325 2016 3533 2089 judicio

1938 2114 2361 2185 relinquuntur?
2395 2133 2414 2167 ι
2449 2113 2526 2168 De.
2551 2126 2677 2183 qua,
2707 2111 2848 2167 sicut
2895 2125 2963 2166 ex
3007 2110 3125 2181 ejus
3176 2108 3357 2165 verbis
3399 2122 3539 2179 prie.

1939 2206 2206 2271 misimus,
2240 2204 2286 2260 si
2312 2203 2490 2259 nullus
2514 2202 2862 2267 liberaretur,
2887 2197 3361 2271 irreprebensibile
3381 2203 3528 2253 esset

1939 2296 2179 2352 divinum
2221 2293 2339 2364 ejus
2377 2293 2664 2363 judicium.
2709 2290 2890 2360 Quare
2941 2306 3048 2345 non
3088 2287 3339 2345 diflinivit
3386 2302 3527 2359 pra:-

1939 2386 2356 2444 destinationem
2404 2384 2760 2455 reproborum
2789 2382 2855 2437 ad
2889 2381 3189 2447 interitum,
3219 2379 3362 2435 sicut
3388 2392 3529 2450 prae-

1939 2480 2356 2537 destinationem
2377 2488 2695 2536 sanctorum
2720 2478 2785 2533 ad
2812 2477 3186 2534 liberationem
3218 2491 3314 2547 per
3334 2473 3537 2530 divinae

1939 2575 2129 2649 gratiae
2178 2575 2559 2633 beneficium?
2606 2573 2755 2629 Dixit
2803 2573 2947 2629 enim
2979 2613 2996 2638 ,
3062 2589 3081 2623 ι
3117 2567 3541 2626 Praedestinatio

1937 2671 2282 2745 praescientia
2314 2680 2432 2737 est,
2484 2677 2540 2725 et
2586 2666 2914 2740 praeparatio
2950 2662 3338 2721 beneficiorum
3392 2658 3533 2725 Dei,

1938 2763 2137 2835 quibus
2165 2761 2472 2817 certissime
2503 2760 2806 2816 liberantur
2833 2757 3141 2828 quicunque
3178 2752 3485 2808 liberantur
3513 2768 3531 2803 :

1939 2852 2123 2909 caeteri
2150 2860 2331 2906 autem
2362 2836 2453 2907 ubi
2479 2850 2584 2905 nisi
2616 2850 2671 2905 in
2701 2862 2881 2904 massa
2917 2844 3240 2917 perditionis
3274 2842 3424 2913 justo
3447 2840 3540 2897 di-

1938 2944 2066 3000 vino
2089 2941 2292 3013 judicio
2322 2941 2739 3012 relinquuntur?
2772 2959 2790 2992 ι
2841 2939 3036 2995 Dicant
3088 2937 3167 2992 illi
3210 2935 3388 3008 arguti
3424 2933 3537 2989 viri

1939 3035 2031 3107 qui
2062 3044 2189 3091 sunt
2216 3034 2293 3090 illi
2323 3034 2526 3097 caeteri,
2555 3042 2612 3090 et
2637 3033 2681 3089 si
2714 3033 2953 3098 audent,
2999 3045 3121 3087 cum
3148 3027 3449 3100 Augustino
3472 3027 3544 3082 in.

1937 3127 2043 3184 hoc
2067 3128 2187 3183 loco
2214 3126 2633 3191 contendentes,
2688 3123 2875 3179 dicant
2926 3120 2996 3177 ad
3041 3119 3355 3182 interitum,
3388 3117 3532 3174 sicut

1936 3228 1994 3276 tu
2027 3259 2045 3285 ,
2097 3216 2396 3289 Augustine
2426 3256 2443 3283 ,
2492 3223 2618 3271 ante
2684 3215 2923 3280 dixeras,
2975 3210 3362 3283 praedestinati.
3417 3209 3531 3265 Nos

1937 3318 2120 3366 autem
2169 3324 2293 3365 cum
2336 3307 2512 3363 sancti
2545 3305 2833 3378 Augustini
2878 3302 3062 3359 verbis
3104 3298 3535 3357 correctioribus

1937 3404 2169 3461 dicimus
2195 3421 2208 3456 :
2240 3421 2259 3455 ι
2296 3401 2481 3457 Sancti
2502 3398 2767 3456 beneficio
2789 3396 2975 3470 gratiae
3003 3394 3098 3451 Dei
3118 3402 3243 3451 sunt
3262 3392 3332 3448 ad
3358 3390 3543 3447 vitam.

1934 3490 2300 3565 prazdestinati
2328 3507 2343 3556 ;
2373 3489 2548 3561 quiet
2577 3489 2749 3544 sancti
2791 3502 2899 3542 non
2941 3484 3183 3550 inventi,
3229 3482 3323 3539 sed
3352 3480 3538 3553 gratia

1936 3594 2070 3642 sunt.
2092 3574 2300 3650 effecti;
2327 3580 2509 3639 caeteri
2539 3588 2755 3645 autem,
2796 3579 2850 3633 id
2872 3585 2958 3633 est
2987 3575 3229 3646 reprobi,
3262 3574 3315 3628 in
3346 3585 3562 3627 massa.

1934 3675 2257 3749 perditionis
2283 3689 2350 3729 ex
2379 3672 2738 3728 retributione
2760 3668 2989 3740 justitiae
3012 3675 3139 3723 sunt
3162 3663 3357 3722 relicti.
3379 3683 3412 3717 .s

2008 3763 2217 3837 Legant
2256 3764 2424 3818 etiam
2472 3777 2592 3833 qua:
2647 3762 2929 3832 posuimus
2986 3774 3053 3814 ex
3111 3756 3250 3812 libro
3288 3754 3531 3827 Hypom-

1934 3856 2183 3914 nesticon
2213 3853 2327 3919 (lib.
2352 3852 2434 3925 vi)
2462 3852 2703 3924 ejusdem
2734 3851 2879 3909 beati
2900 3847 3187 3921 Augustini
3212 3854 3398 3903 contra
3430 3842 3529 3900 Pe-

1935 3950 2136 4020 lagium
2164 3956 2219 4004 et
2247 3945 2580 4009 C(elestium,
2607 3946 2676 4001 de
2704 3944 2891 4001 Gratia
2928 3941 3131 3999 Christi
3162 3981 3178 4009 ,
3224 3947 3280 3995 et
3328 3937 3528 3994 Libero
3554 3965 3564 3975 ~

1936 4040 2190 4106 arbitrio,
2222 4047 2385 4110 atque
2425 4036 2677 4107 originali
2701 4034 2953 4097 Peccato,
2982 4041 3037 4089 et
3064 4047 3170 4087 non
3201 4036 3386 4086 errent
3406 4028 3526 4101 pal-

1935 4143 2131 4204 pantes
2158 4131 2285 4187 (ιωοὶ
2333 4130 2388 4185 in
2442 4128 2670 4184 meridie
2689 4167 2704 4193 ,
2749 4127 2876 4197 quia
2906 4125 3019 4179 tunc
3042 4133 3152 4188 est,
3178 4132 3239 4178 ut
3263 4121 3561 4192 prophetae

1934 4223 2092 4289 dicit,
2134 4222 2336 4276 directa
2381 4221 2487 4281 via,
2533 4219 2607 4273 ita
2633 4229 2689 4272 ut
2717 4215 2867 4271 stulti
2912 4231 3017 4269 non
3060 4221 3232 4267 errent
3271 4226 3364 4281 per
3408 4222 3559 4264 coma

1936 4313 2073 4387 (Isa.
2102 4328 2274 4376 xxxu,
2298 4311 2380 4377 2).
2415 4330 2433 4363 ι
2469 4310 2661 4365 Massae
2688 4309 2873 4378 itaque
2896 4303 3119 4360 humani
3144 4301 3379 4373 generis,
3400 4314 3523 4370 qua:

1943 4405 1998 4476 in
2045 4405 2216 4460 Adam
2261 4412 2316 4458 et
2363 4403 2475 4458 Eva
2526 4398 2973 4473 prmvaricatione
3011 4393 3335 4451 damnabilis
3382 4406 3529 4447 mor-

1947 4497 2179 4569 talisque
2207 4496 2348 4552 facta
2374 4503 2476 4560 est,
2499 4510 2608 4549 non
2632 4491 2942 4549 conditione
2963 4487 3159 4544 divina
3178 4483 3526 4557 generaliter,

1947 4590 2040 4646 sed
2067 4605 2133 4644 cx
2161 4587 2343 4645 debito
2367 4602 2527 4659 poena
2565 4585 2946 4652 cruciatusque
2982 4579 3239 4649 gehennae
3278 4576 3525 4632 debetur.
3546 4622 3559 4629 -

1946 4682 2056 4753 87
2091 4680 2256 4736 Venia
2284 4694 2419 4735 vero
2448 4694 2553 4734 non
2588 4678 2785 4733 merito
2807 4672 3106 4737 confertur,
3138 4669 3247 4727 Sed
3276 4669 3369 4725 Dei
3389 4667 3528 4738 justi

1942 4772 2146 4843 judicis
2198 4770 2586 4827 misericordia:
2625 4767 2896 4839 largitate.
2931 4764 3066 4832 Quia
3096 4776 3226 4818 vero
3255 4760 3436 4831 justus
3476 4767 3537 4815 et

1948 4863 2257 4920 misericors
2272 4863 2414 4918 Deus
2433 4860 2796 4932 praesciusque
2822 4856 3146 4920 futurorum,
3170 4868 3237 4908 ex
3261 4852 3363 4908 hac
3381 4851 3531 4907 dam-

1948 4954 2112 5011 nabili
2151 4969 2333 5010 massa
2351 4994 2367 5020 ,
2398 4968 2503 5008 non
2528 4965 2884 5023 personarum
2909 4947 3242 5017 acceptione,
3270 4943 3365 5000 sed
3382 4941 3549 5012 judi-

1944 5048 2028 5102 cio
2048 5046 2321 5117 aequitatis
2342 5061 2452 5101 sua:
2475 5040 2957 5115 irreprehensibili,
2986 5040 3095 5096 imo
3121 5034 3536 5107 incomprehen-

1942 5136 2114 5213 sibili,
2156 5150 2293 5207 quos
2323 5135 2692 5192 misericordia
2722 5132 2954 5207 gratuita
2984 5129 3201 5202 pascit
3227 5134 3283 5182 ct
3319 5138 3534 5201 prfepa;

1938 5237 2053 5295 rat,
2099 5228 2150 5283 id
2194 5237 2278 5283 cst
2316 5227 2663 5299 praedestinat
2705 5227 2772 5281 ad
2817 5225 2987 5280 vitam
3025 5241 3038 5277 :
3073 5229 3304 5279 exteros
3347 5226 3529 5272 autem

1938 5335 2134 5393 poena,
2185 5328 2245 5375 ut
2286 5322 2530 5392 pnedixi,
2571 5320 2759 5376 debita
2781 5318 2935 5391 punit
2967 5334 2982 5384 ;
3018 5331 3155 5387 quos
3193 5314 3318 5370 ideo
3352 5311 3547 5384 punit,

1952 5414 2078 5483 quia
2123 5413 2267 5483 quod
2298 5420 2480 5468 essent
2524 5411 2688 5467 futuri
2717 5409 3032 5481 prmscivit;
3076 5422 3184 5463 non
3215 5412 3396 5460 tamen
3423 5418 3525 5474 pu-

1948 5504 2177 5560 niendos
2207 5504 2320 5576 ipse
2348 5502 2476 5560 fecit
2502 5502 2586 5557 vel
2609 5499 3042 5573 praedestinavit,
3075 5500 3168 5555 sed
3195 5507 3405 5556 tantum
3424 5537 3440 5559 ,
3470 5505 3548 5550 ut.

1949 5597 2091 5663 dixi,
2123 5597 2175 5652 in
2217 5595 2509 5652 damnabili
2551 5609 2729 5650 massa
2758 5592 3047 5665 przescivit.
3083 5612 3102 5645 ι
3134 5589 3272 5659 Quid
3305 5584 3545 5644 manife-u

1948 5691 2106 5750 stius.
2130 5689 2257 5760 quid
2273 5689 2472 5745 certius
2493 5688 2673 5744 dicere
2693 5684 2904 5757 potuit?
2923 5684 2989 5740 Et
3008 5684 3195 5740 beatus
3216 5680 3556 5754 Gregorius,
