4052 6334
569 292 667 350 lbi

564 412 627 458 ut
653 405 1086 477 praeseripsimus
1131 425 1142 460 :

563 506 749 553 noster
770 499 824 554 in
847 499 1163 556 collectione
1182 500 1458 558 hominum
1492 502 1643 571 facit,
1671 507 1796 563 dum
1826 504 1961 563 alios
1980 524 2009 562 a
2032 509 2144 565 suis

536 585 942 655 iniquitatibus
988 590 1278 656 abstrahit,
1329 603 1386 649 et
1431 592 1567 651 alios
1606 595 1661 651 in
1712 612 1809 653 sua
1858 599 2144 670 iniquitate

550 674 919 757 derelinquit._
942 699 961 732 ι
994 680 1132 747 Quid
1159 682 1392 750 clarius,
1425 686 1554 757 quid
1589 688 1807 757 aperius
1832 690 2015 747 dicere
2055 708 2146 747 va-

547 765 696 821 luit?
740 767 808 822 Et
837 755 967 824 item
1010 772 1065 826 in
1117 772 1348 829 Humilia
1392 755 1587 847 quarta
1624 755 1912 851 Evangelii
1959 783 2137 838 dicit:

553 875 572 904 ι
628 857 789 915 Prius
814 862 913 917 soli
943 860 1142 920 Judaete
1171 867 1366 933 voluit,
1404 871 1743 938 postmodum
1774 874 1987 928 cunctis
2015 888 2143 943 gen-

558 949 707 1005 tibus
733 951 992 1009 Dominus
1018 957 1304 1025 prmdicari
1340 973 1354 1012 :
1395 968 1453 1014 ut
1480 961 1606 1015 dum
1647 961 1736 1015 illa
1775 966 2019 1019 converti
2050 981 2143 1021 vu-

557 1051 680 1125 cata
721 1055 993 1112 renueret,
1040 1048 1421 1116 prmdieatores
1466 1053 1637 1106 sancti
1686 1053 1753 1107 ad
1802 1055 2139 1110 vocationem

555 1134 799 1205 gentium
828 1152 926 1209 per
953 1140 1198 1196 ordinem
1226 1143 1493 1209 venirent,
1513 1152 1568 1199 et
1589 1133 1733 1215 quod
1753 1143 1952 1203 Judzeae
1980 1148 2142 1205 ﬁebat

554 1228 616 1313 in
644 1230 1013 1288 testimonium
1028 1275 1043 1301 ,
1068 1235 1172 1290 hoc
1192 1236 1445 1306 gentibus
1467 1239 1809 1305 gratiaeesset
1835 1239 2140 1296 incremen—

552 1323 693 1374 tum.
723 1319 892 1376 Erant
911 1323 1074 1378 etiam
1101 1333 1249 1391 tunc,
1269 1325 1362 1396 qui
1387 1328 1454 1383 de
1479 1327 1662 1384 Iudaea
1689 1330 1917 1385 vocandi
1936 1340 2136 1397 essent,

552 1418 611 1465 et
638 1410 704 1467 de
727 1412 977 1482 gentibus
1005 1416 1227 1471 vocandi
1252 1432 1357 1472 non
1386 1427 1589 1473 essent.
1611 1419 1747 1474 Nam
1769 1428 1825 1475 et
1842 1421 1895 1474 in
1918 1431 2137 1490 aposto-

552 1501 732 1562 lorum
770 1507 995 1563 Actibus
1022 1509 1159 1582 (Act.
1192 1526 1262 1574 ιι,
1293 1526 1346 1564 ιν
1365 1552 1380 1577 ,
1409 1514 1524 1583 xw)
1549 1553 1565 1577 ,
1592 1513 1922 1583 praedicante
1950 1513 2134 1580 Petro,

549 1595 782 1667 legimus
809 1594 1059 1670 etprius
1085 1598 1437 1656 Hebraeorum
1474 1604 1574 1658 tria
1615 1604 1781 1658 millia
1803 1645 1818 1669 ,
1857 1612 1912 1660 et
1949 1614 2137 1674 postea

549 1687 791 1758 quinque
816 1689 980 1744 millia
1010 1690 1307 1748 credidisse
1331 1710 1342 1746 :
1369 1701 1564 1748 etcum
1589 1695 1885 1762 przedieare
1905 1694 2137 1765 apostoli

1522 297 1852 356 lilNCMARl
1901 298 2295 358 RHEMENSIS
2330 303 2855 365 ARCHIEPISCOPI

1192 427 1211 460 ι
1255 408 1347 465 Sic
1375 410 1629 465 nimirum
1647 453 1663 478 ,
1694 413 1774 468 sic
1815 413 2143 484 Redemptor
2168 417 2217 474 Α
2248 419 2558 487 sempiterna
2576 437 2780 490 quoque
2806 424 2920 492 ejus
2946 424 3110 478 virtus
3132 432 3181 479 et
3201 424 3448 481 divinitas
3483 436 3507 479 :‘
3534 427 3610 481 ita
3628 437 3687 483 ut
3713 429 3842 484 sint

3712 308 3853 371 ιέπ.

2194 527 2200 535 ’
2248 507 2626 565 inexcusabiles
2665 510 2835 582 (Rom.
2866 527 2906 577 ι,
2932 512 3046 585 20).
3083 514 3159 570 De
3194 515 3279 571 his
3305 527 3486 572 autem
3513 517 3605 587 qui
3634 518 3841 573 audie-

2246 604 2396 662 runt,
2426 605 2483 653 et
2509 614 2615 654 non
2638 601 3024 670 obaudierunt,
3053 605 3249 660 iterum
3271 606 3533 676 scriptum
3559 613 3644 662 est
3667 623 3683 660 :
3712 603 3841 662 Vo-

2245 687 2356 741 caei
2387 697 2435 741 et
2476 691 2721 745 renuiatis
2741 732 2757 756 ,
2784 693 3089 762 despexistis
3127 713 3277 751 omne
3310 698 3590 752 consilium
3622 712 3836 752 meum.

2246 774 2358 845 Ego
2383 792 2586 848 quoque
2605 779 2659 834 in
2684 781 2899 836 interitu
2916 792 3082 838 vestro
3102 786 3281 840 ridebo
3303 784 3486 858 (Prov.
3513 802 3555 852 ι,
3582 786 3673 853 Ἃ,
3700 784 3836 856 25).

2245 863 2350 920 Sed
2373 874 2428 921 et
2449 868 2517 923 de
2539 868 2626 924 his
2643 910 2659 935 ,
2684 871 2776 940 qui
2799 873 3082 929 audientes
3109 876 3333 932 verbum
3357 877 3741 941 crediderunt,
3773 884 3842 931 et

2244 957 2298 1010 in
2336 957 2441 1013 ﬁde
2470 969 2619 1015 recta
2658 977 2724 1016 ac
2753 963 2912 1020 bonis
2954 966 3212 1036 operibus
3248 982 3354 1022 non
3385 977 3849 1038 permanserunt,

2244 1047 2296 1101 in
2333 1047 2621 1121 Evangeliu
2650 1051 2850 1107 dicitur
2874 1071 2890 1108 :
2922 1052 3091 1110 Nemo
3120 1058 3328 1111 mittens
3355 1073 3569 1111 manum
3590 1072 3753 1111 suam
3776 1057 3840 1110 in

2241 1150 2501 1206 aratrum,
2523 1153 2570 1196 et
2593 1146 3058 1216 respiciensretro,
3088 1158 3241 1218 aptus
3263 1158 3339 1203 est
3360 1165 3517 1220 regno
3540 1149 3638 1204 Dei
3662 1147 3857 1220 (Luc;

2242 1252 2319 1299 1x,
2352 1237 2465 1307 6‘2).
2503 1238 2569 1309 Et
2599 1239 2666 1296 de
2693 1240 3053 1306 audientibus,
3076 1244 3454 1309 credentibus,
3481 1258 3548 1299 ac
3570 1255 3843 1313 perseve-

2242 1330 2489 1385 rantibus
2512 1330 2665 1395 dicit,
2688 1332 2813 1402 quia
2835 1349 3007 1388 semen
3029 1335 3212 1389 cecidit
3236 1335 3290 1388 in
3321 1344 3515 1393 terram
3535 1336 3754 1399 bonum,
3783 1342 3840 1387 et

2241 1420 2414 1474 attulit
2429 1422 2659 1491 fructum
2682 1422 2834 1493 (Luc.
2859 1440 2977 1489 vm,
2999 1424 3076 1495 8).
3098 1425 3166 1479 Et
3193 1442 3206 1478 :
3238 1424 3342 1490 Qui
3366 1424 3513 1478 audit
3533 1423 3685 1478 uerba
3708 1438 3841 1476 mea

2239 1523 2287 1566 et
2303 1524 2471 1569 servat
2487 1531 2547 1568 ea
2564 1555 2577 1577 ,
2601 1516 2790 1570 similis
2812 1524 2884 1570 est
2905 1517 3014 1571 viro
3027 1516 3117 1587 qui
3137 1516 3413 1585 aediﬁcavit
3435 1516 3649 1569 domum
3669 1530 3845 1568 suam

2239 1621 2398 1675 supra
2424 1615 2625 1675 petram
2657 1606 2874 1678 (Matth.
2907 1624 3001 1673 vn,
3032 1608 3143 1679 24).
3175 1627 3194 1661 ι
3223 1608 3290 1662 Et
3326 1608 3456 1664 item
3494 1626 3509 1663 :
3544 1607 3649 1673 Qui
3669 1606 3843 1662 habet

2241 1697 2396 1749 verba
2420 1712 2535 1749 mea
2562 1706 2609 1751 et
2631 1706 2799 1752 servat
2820 1715 2905 1764 ea,
2936 1698 3024 1752 ille
3047 1707 3124 1751 est
3147 1698 3238 1768 qui
3261 1697 3431 1768 diligit
3456 1713 3537 1750 me
3563 1711 3583 1749 :
3608 1696 3703 1767 qui
3732 1712 3843 1749 au-

549 1780 800 1849 gentibus
845 1780 900 1835 in
935 1781 1062 1837 Asia
1091 1782 1407 1850 voluissent,
1438 1801 1539 1853 per
1578 1784 1838 1854 Spiritum
1879 1787 2136 1858 prohibiti
2171 1779 2214 1838 Β
2243 1797 2344 1841 tem
2374 1789 2547 1859 diligit
2580 1806 2693 1854 me,
2720 1789 2968 1860 diligetur
2988 1807 3020 1844 a
3050 1787 3212 1844 Patre
3239 1805 3370 1852 meo,
3395 1798 3445 1843 et
3477 1804 3569 1859 ego
3598 1787 3840 1858 diligam

548 1888 670 1929 esse
692 1882 1065 1930 memorantur
1095 1892 1108 1929 :
1138 1882 1193 1930 et
1225 1885 1401 1933 tamen
1430 1878 1543 1947 ipse
1573 1876 1832 1948 Spiritus,
1865 1880 1955 1950 qui
1984 1881 2135 1949 prius

547 1966 988 2035 praedicationem
1020 1967 1328 2037 prohibuit,
1357 1970 1501 2024 hunc
1529 1969 1855 2025 Asianorum
1881 1971 2136 2027 cordibus

546 2059 890 2128 postmodum
913 2059 1128 2115 inludit.
1153 2060 1359 2117 ldcircu
1381 2077 1512 2134 ergo
1529 2063 1678 2134 prius
1698 2064 1972 2135 prohibuit
1990 2065 2135 2135 quod

544 2150 891 2219 postmodum
913 2151 1064 2218 fecit,
1085 2154 1209 2223 quia
1239 2163 1365 2210 tunc
1392 2155 1446 2208 in
1470 2156 1558 2210 illa
1579 2165 1753 2222 erant,
1780 2158 1869 2227 qui
1891 2158 2132 2213 salvandi

542 2255 654 2295 non
684 2250 841 2297 erant
868 2262 881 2297 :
916 2252 1046 2301 tunc
1072 2245 1128 2299 in
1162 2244 1248 2301 illa
1278 2254 1436 2302 erant
1463 2249 1556 2318 qui
1585 2249 1816 2304 necdum
1851 2250 1920 2305 ad
1968 2252 2135 2306 vitam

541 2334 789 2403 reparari
804 2347 1160 2403 mererentur,
1182 2355 1282 2393 nec
1311 2347 1487 2396 tamen
1503 2341 1721 2413 gravius
1739 2342 1806 2397 de
1827 2351 2135 2413 contempta

542 2424 1196 2499 praedicationejudicari.
1229 2430 1419 2486 Subtili
1441 2447 1570 2503 ergo
1590 2433 1909 2503 occultoque
1932 2435 2135 2505 judicio

545 2530 578 2569 a
606 2518 962 2585 quorumdam
985 2519 1206 2574 auribus
1236 2522 1544 2590 praedicatio
1560 2532 1746 2579 sancta
1775 2524 2132 2591 subtrahitur,

543 2608 671 2676 quia
696 2607 893 2664 salvari
927 2625 1025 2680 per
1047 2612 1272 2681 gratiam
1308 2628 1415 2667 nun
1447 2622 1744 2670 merentur.
1790 2614 1944 2670 Unde
1980 2615 2135 2671 Psal-

542 2700 703 2756 misla
753 2702 886 2757 dicit
921 2723 933 2756 :
980 2701 1154 2759 Venite
1184 2714 1232 2758 et
1279 2706 1442 2760 videte
1482 2723 1643 2775 opera
1681 2706 1895 2763 Domini
1930 2722 1950 2759 :
1977 2726 2136 2779 quam

540 2793 792 2848 terribilis
809 2794 862 2847 in
886 2784 1115 2849 etinsiliis
1139 2812 1294 2865 super
1313 2795 1452 2865 ﬁlios
1480 2798 1748 2851 hominum
1773 2796 1946 2869 (Psal.
1978 2814 2134 2865 LXIII,

543 2882 622 2952 5).
649 2882 792 2938 Vidit
834 2899 1066 2954 namque
1092 2886 1235 2955 quod
1263 2886 1400 2941 alius
1436 2887 1857 2945 misericorditer
1884 2899 2130 2954 vocatur,

544 2973 684 3034 allis
706 2973 915 3043 justitia
952 2975 1200 3044 exigente
1231 2977 1507 3046 repellitur
1540 2998 1552 3033 :
1587 2988 1643 3034 et
1681 2980 1805 3049 quia
1854 2980 1956 3034 alia
2004 2996 2133 3051 par-

541 3066 736 3130 cendo,
759 3065 860 3119 alia
885 3065 1145 3121 Dominus
1170 3065 1450 3122 irascendo
1472 3067 1730 3138 disponit,
1751 3070 1969 3137 expavit
1988 3069 2132 3138 quod

539 3166 826 3225 penetrare
854 3173 958 3212 non
985 3157 1190 3228 putuit;
1213 3168 1268 3212 et
1293 3173 1454 3228 quem
1488 3174 1595 3213 non
1635 3159 1809 3215 solum
1839 3159 2131 3229 investiga-

539 3249 703 3305 bilem
729 3251 781 3305 in
814 3251 1135 3322 quihusdam
1169 3252 1282 3306 suis
1310 3251 1617 3317 sententiis,
1645 3253 1740 3307 sed
1770 3251 1934 3305 etiam
1982 3251 2134 3305 inlic-

542 3341 764 3397 xibiiem
782 3343 936 3407 vidit,
964 3343 1259 3399 terribilem
1279 3344 1330 3398 in
1348 3343 1591 3399 consiliis
1611 3359 1731 3399 esse
1757 3341 2093 3397 memoravit.
2109 3362 2128 3394 ι

614 3433 682 3489 Et
710 3436 837 3491 item
860 3435 986 3490 alibi
1019 3436 1070 3490 in
1096 3435 1391 3507 Evangelia
1412 3436 1611 3507 legitur
1636 3435 1702 3489 de
1728 3435 1815 3490 his
1837 3434 1927 3504 qui
1955 3434 2132 3489 vocati

539 3526 607 3580 ad
634 3541 848 3581 caenam
882 3541 1066 3581 ventre
1109 3527 1426 3592 noluerunt,
1454 3527 1579 3597 quia
1607 3527 1697 3598 qui
1734 3526 1939 3580 invitati
1981 3534 2133 3579 erant

540 3631 647 3669 non
669 3615 880 3685 [uerunt
917 3615 1062 3686 digni
1087 3615 1301 3686 (Matth.
1336 3632 1471 3681 uti,
1502 3615 1589 3687 8),
1621 3616 1877 3685 quoniam
1911 3615 2130 3686 quidam

538 3705 706 3761 verbo
735 3706 1134 3777 prtedicatiouis
1164 3715 1423 3762 vocantur
1442 3748 1457 3773 ,
1481 3708 1576 3762 sed
1607 3707 1750 3778 digni
1784 3722 1889 3761 non
1922 3714 2050 3761 sum
2075 3716 2135 3760 ut

537 3797 892 3853 obaudientes
917 3797 1139 3852 veniant
1173 3817 1185 3851 :
1214 3799 1434 3868 quidam
1459 3809 1638 3853 autem
1664 3799 1904 3865 veniunt,
1935 3799 2029 3853 sed
2053 3799 2135 3852 di-

536 3886 629 3958 gni
670 3902 775 3943 non
813 3896 940 3943 sunt
971 3896 1030 3941 ut
1066 3888 1119 3942 in
1150 3889 1430 3946 vocatione
1463 3900 1812 3960 permaneant
1860 3909 1872 3943 :
1912 3890 2131 3961 quidam

537 3990 718 4035 autem
752 3996 852 4037 nec
890 3981 1056 4036 etiam
1100 3982 1245 4053 digni
1291 3992 1417 4039 sunt
1458 3992 1517 4037 ut
1557 3993 1837 4049 vocentur,
1891 3985 2032 4039 sicut
2076 3985 2131 4038 in

537 4072 764 4142 praefata
794 4074 1067 4147 Evangelii
1100 4076 1317 4131 humilia
1346 4077 1434 4132 hic
1463 4078 1655 4133 doctor
1684 4080 1937 4151 egregius
1971 4080 2127 4135 dixit.

539 4163 649 4222 Sed
674 4175 728 4221 et
749 4166 801 4222 in
825 4168 1100 4240 trigesima
1125 4169 1310 4239 quinta
1339 4169 1613 4240 Evangelii
1642 4170 1859 4225 humilia
1883 4174 1949 4226 de
1970 4185 2133 4226 voca-

539 4258 610 4315 tis
633 4267 690 4315 et
716 4259 901 4316 venire
935 4260 1239 4317 nolentibus
1268 4248 1418 4327 dicit,
1457 4262 1582 4330 quia
1618 4280 1636 4312 ι
1671 4262 1811 4317 sicut
1839 4261 1913 4316 illi
1938 4276 2131 4332 pecca-

538 4357 689 4405 tores
727 4349 978 4417 l'ucrunt,
1022 4351 1114 4421 qui
1149 4351 1325 4405 vocati
1365 4351 1551 4406 venire
1590 4350 1877 4405 noluerunt
1904 4368 1918 4404 :
1950 4350 2024 4404 ita
2073 4350 2129 4405 hi

2163 3126 2207 3186 C

2238 1893 2357 1931 eum
2378 1888 2426 1932 et
2452 1879 2802 1948 manifestabo
2831 1881 2879 1932 ei
2904 1880 3160 1949 meipsum
3190 1875 3375 1949 (Ioan.
3402 1893 3527 1942 XIV,
3555 1876 3668 1942 21).
3712 1876 3791 1930 Et
3820 1893 3838 1931 :

2242 1970 2346 2036 Qui
2360 1972 2760 2042 perseveraverit
2775 1989 2937 2043 usque
2950 1973 3002 2027 in
3015 1972 3194 2041 ﬁnem,
3210 1972 3293 2026 hic
3305 1970 3482 2026 salvus
3494 1971 3589 2025 erit
3605 1969 3838 2040 (Matth.

2240 2079 2389 2129 xstv,
2420 2063 2530 2134 l5).
2568 2082 2588 2115 ι
2620 2063 2687 2118 Et
2706 2063 2836 2119 item
2859 2064 2999 2118 idem
3025 2065 3220 2119 beatus
3239 2061 3533 2133 Gregorius
3547 2061 3615 2115 de
3636 2059 3847 2115 eiectis

2243 2165 2301 2210 et
2330 2155 2575 2225 reprobis
2597 2156 2837 2210 breviter
2868 2155 2920 2208 in
2957 2154 3176 2209 humilia
3205 2162 3396 2208 octava
3430 2152 3562 2207 dicit
3602 2168 3616 2204 :
3654 2170 3673 2203 ι
3718 2149 3840 2204 Na-

2239 2248 2441 2301 seituro
2472 2247 2699 2302 Domino
2738 2246 2970 2300 mundus
2999 2244 3355 2309 describitur,
3386 2244 3511 2313 quia
3542 2241 3630 2296 ille
3658 2256 3844 2311 appa-

2239 2342 2391 2396 rebat
2416 2340 2469 2394 in
2492 2354 2676 2403 carne,
2706 2338 2797 2408 qui
2824 2338 3027 2393 electos
3049 2351 3177 2392 suos
3197 2335 3497 2391 ascriberet
3528 2333 3582 2388 in
3606 2332 3843 2388 aeterni-

2238 2426 2372 2490 tat'e.
2396 2434 2514 2501 Quo
2540 2440 2727 2488 contra
2754 2431 2819 2487 de
2850 2429 3095 2501 reprobis
3117 2443 3216 2500 per
3234 2426 3562 2496 Pruphetam
3580 2425 3795 2480 dicitur
3814 2440 3839 2479 :

2239 2525 2529 2580 Deleantur
2553 2525 2618 2578 de
2648 2523 2781 2578 libro
2808 2523 3087 2577 uiuentium
3105 2561 3120 2586 ,
3147 2528 3195 2574 et
3221 2533 3342 2573 cum
3368 2517 3535 2585 justis
3561 2532 3667 2571 non
3688 2515 3839 2571 scri-

2238 2616 2428 2669 bantur
2450 2613 2621 2687 (Psal.
2653 2629 2845 2678 vam,
2871 2612 2983 2682 29).
3023 2630 3042 2663 ›

2311 2705 2417 2761 Sed
2464 2706 2509 2761 si
2550 2705 2727 2760 adhuc
2765 2706 2831 2759 de
2856 2704 3019 2759 beato
3046 2700 3353 2772 Augustino
3394 2698 3539 2769 quod
3581 2699 3837 2754 nondum

2238 2802 2516 2871 posuimus
2556 2798 2739 2866 volunt
2770 2797 2992 2862 audire,
3033 2795 3307 2865 accipiant
3329 2792 3458 2863 quid
3500 2792 3556 2845 in
3597 2790 3838 2861 praefato

2239 2897 2375 2950 libro
2405 2896 2471 2949 de
2510 2894 2661 2948 Bono
2694 2891 2777 2946 vel
2822 2891 2974 2946 Dono
3003 2887 3450 2959 perseverantiae,
3492 2884 3730 2954 loquens
3767 2884 3834 2938 de

2239 2988 2420 3060 Tyriis
2440 2995 2493 3041 et
2519 2984 2776 3048 Sidoniis;
2806 2982 2860 3036 in
2892 2995 3066 3035 massa
3090 2977 3407 3049 perditionis
3438 2975 3643 3030 relictis
3673 2973 3835 3029 dixe-

2243 3082 2311 3134 rit
2354 3080 2506 3148 (cap.
2560 3076 2659 3144 M)
2700 3093 2713 3129 :
2764 3092 2782 3125 ι
2828 3074 2908 3128 Ex
2937 3088 3068 3144 quo,
3117 3071 3312 3141 inquit,
3354 3076 3581 3139 apparet
3623 3066 3836 3121 habere

2241 3173 2499 3243 quosdam
2544 3170 2595 3224 in
2628 3170 2742 3238 ipso
2764 3168 2981 3238 ingenio
3007 3165 3247 3221 divinum
3272 3162 3594 3217 naturaliter
3623 3171 3832 3214 munus

2241 3261 2631 3331 intelligentiae,
2662 3273 2771 3328 quo
2811 3262 3134 3311 moveantur
3168 3254 3235 3307 ad
3273 3252 3458 3317 iidem,
3497 3251 3543 3305 si
3582 3262 3831 3320 congrua

2239 3354 2353 3407 suis
2387 3352 2657 3407 mentibus
2702 3348 2785 3402 vel
2823 3346 3046 3401 audiant
3076 3344 3276 3407 verba,
3315 3340 3401 3397 vel
3429 3340 3580 3411 signa
3608 3338 3835 3407 conspi-

2239 3445 2387 3501 ciant
2418 3460 2431 3496 :
2462 3452 2517 3496 ct
2549 3451 2728 3496 tamen
2750 3480 2765 3505 ,
2809 3438 2852 3492 si
2882 3438 2975 3492 Dei
3000 3435 3193 3489 altiore
3213 3431 3418 3504 judicio
3445 3444 3476 3484 a
3503 3426 3833 3499 perditionis

2240 3550 2415 3590 massa
2453 3549 2560 3588 non
2591 3540 2718 3586 sunt
2748 3530 2936 3601 gratia:
2952 3525 3430 3598 praedestinatione
3455 3519 3702 3584 discreti,
3729 3532 3832 3575 nec

2238 3626 2349 3695 ipsa
2384 3626 2463 3679 eis
2510 3623 2834 3677 adhibentur
2865 3619 2950 3673 vel
2988 3617 3132 3672 dicta
3171 3616 3352 3671 divina
3380 3612 3467 3668 vel
3513 3611 3674 3673 facta,
3730 3622 3834 3680 per

2238 3730 2357 3785 quas
2383 3714 2587 3785 possint
2610 3712 2853 3765 credere.
2890 3730 2907 3761 ι
2943 3709 3009 3763 Et
3031 3714 3155 3777 post
3174 3705 3448 3777 paululum
3480 3721 3494 3755 :
3530 3720 3550 3753 ι
3584 3700 3694 3756 Sed
3726 3714 3831 3755 nec

2239 3808 2341 3862 illis
2361 3806 2564 3877 profuit
2589 3805 2729 3872 quod
2753 3809 3004 3873 poterant
3024 3800 3269 3863 credere,
3293 3799 3417 3868 quia
3443 3793 3830 3866 praedestinati

2238 3915 2345 3955 non
2378 3908 2539 3952 erant
2571 3897 2638 3950 ab
2665 3911 2729 3950 co
2750 3936 2764 3959 ,
2793 3893 2947 3962 cujus
2986 3890 3356 3947 inscrutabilia
3389 3894 3515 3943 sunt
3533 3886 3741 3954 judicia
3772 3892 3830 3939 et

2238 3988 2637 4060 investigahiles
2664 3988 2766 4040 vizc
2790 4001 2804 4040 :
2836 4001 2937 4041 nec
2968 3985 3087 4039 istis
3115 3981 3378 4038 obl'uisset
3406 3978 3551 4049 quod
3592 3993 3702 4032 non
3730 3990 3828 4047 po-

2236 4091 2415 4138 terant
2441 4080 2683 4144 credere,
2719 4076 2872 4149 (quin
2898 4076 2965 4130 de
2996 4074 3190 4144 quibus
3225 4072 3428 4126 dictum
3456 4077 3540 4124 est
3566 4083 3665 4137 per
3690 4066 3829 4122 Pro-

2233 4176 2452 4246 phetam
2483 4190 2497 4227 :
2534 4171 2829 4225 Excrrcavit
2852 4167 3031 4222 oculos
3051 4180 3250 4228 eorum,
3276 4172 3322 4217 et
3347 4161 3619 4217 induravit
3642 4176 3738 4213 cor
3763 4158 3831 4212 il-

2234 4265 2403 4318 lorum
2434 4261 2569 4333 (lsa.
2596 4276 2687 4325 v1;
2711 4258 2873 4313 Joan.
2899 4255 3031 4327 xu),
3057 4256 3101 4310 si
3127 4255 3198 4308 ita
3220 4251 3592 4324 prmdestinati
3614 4257 3824 4314 essent,

2236 4366 2294 4410 ut
2323 4372 2418 4411 eos
2455 4369 2627 4409 caecus
2653 4352 2795 4407 Deus
2818 4350 3183 4411 illuminaret,
3218 4355 3273 4402 et
3310 4344 3579 4399 induratis
3618 4358 3720 4397 cur
3749 4343 3826 4396 la-

539 4455 758 4511 quoque
798 4449 1116 4509 peccatores
1149 4447 1300 4503 sunt,
1335 4440 1424 4509 qui
1456 4440 1754 4495 invitantur
1791 4450 1848 4496 et
1883 4441 2124 4495 veniunt.
2155 4476 2207 4535 Ι)
2236 4447 2451 4517 pideum
2480 4444 2641 4498 vellet
2669 4442 2904 4497 auferre.
2946 4461 2964 4494 ι
3004 4439 3158 4495 Unde
3186 4445 3307 4510 post
3336 4434 3610 4506 paululum
3642 4432 3826 4503 sequi-

536 4530 647 4586 Sed
692 4539 1010 4601 peccatores
1055 4530 1271 4601 superbi
1322 4539 1668 4599 respuuntur,
1721 4540 1781 4585 ut
1816 4540 2130 4601 peccatores

536 4621 772 4677 humiles
813 4622 1103 4691 eligantur.
1127 4621 1243 4693 88
1276 4623 1352 4677 De
1380 4622 1467 4678 his
1501 4621 1666 4676 etiam
1702 4622 1793 4693 qui
1825 4625 1999 4678 vocati
2033 4639 2127 4678 ve-

540 4716 721 4780 niunt,
765 4712 859 4769 sed
890 4714 942 4769 in
975 4716 1258 4769 vocatione
1294 4730 1399 4770 non
1432 4725 1787 4786 permanent,
1821 4715 1949 4771 item
1991 4715 2130 4771 scri-

536 4814 687 4876 ptum
733 4813 835 4871 est,
867 4806 992 4875 quia
1041 4806 1108 4859 ad
1155 4813 1365 4875 tempus
1392 4806 1645 4870 credunt,
1689 4813 1745 4860 et
1785 4805 1839 4860 in
1885 4816 2129 4877 tempore

472 4938 475 4945 -
536 4899 855 4956 tentationis
881 4899 1157 4954 recedunt.
1191 4897 1344 4966 Quod
1370 4897 1630 4953 Dominus
1659 4897 1711 4952 in
1743 4897 2035 4969 Evangeliu
2058 4898 2125 4953 de

534 4994 883 5050 audientibus
905 5001 962 5048 et
988 5008 1093 5047 non
1114 4991 1567 5048 fructificantibus
1589 4992 1811 5046 verbum
1835 4991 2125 5046 manifeste

535 5090 907 5153 demonstrat,
954 5086 1181 5157 loquens
1209 5087 1277 5141 de
1317 5087 1526 5141 semine
1564 5088 1708 5156 quod
1749 5086 1944 5142 cecidit
1969 5099 2125 5141 secus

465 5159 477 5179 ’
534 5184 701 5249 viam,
729 5192 785 5239 et
817 5199 980 5254 super
1019 5191 1242 5246 terram,
1289 5190 1345 5236 et
1388 5181 1528 5237 inter
1573 5181 1758 5251 spinas
1798 5178 1949 5249 (Luc.
1978 5178 2119 5246 vm).

538 5278 709 5334 Nemo
732 5287 913 5334 tamen
942 5293 1129 5333 eorum
1176 5276 1371 5331 evadet
1406 5275 1667 5347 judicium
1712 5273 1953 5338 ultionis,
1995 5273 2122 5344 quia

535 5385 639 5425 nec
657 5386 778 5427 esse
808 5371 1008 5440 poterit
1033 5369 1380 5425 excusabilis.
1406 5368 1481 5423 De
1508 5368 1594 5423 his
1623 5367 1848 5437 quippe,
1880 5366 1969 5434 qui
1995 5380 2121 5420 ver-

533 5463 663 5517 hum
696 5462 1099 5533 praedicationis
1120 5463 1310 5518 audire
1342 5477 1448 5517 nun
1477 5460 1696 5517 fuerunt
1724 5459 1893 5530 digni,
1921 5457 2124 5513 Paulus

538 5552 669 5607 dicit
700 5571 711 5605 :
744 5551 1052 5624 Quicunque
1077 5554 1214 5607 enim
1237 5554 1349 5606 sine
1364 5552 1475 5622 lege
1494 5561 1852 5622 peccaverunt,
1877 5551 1989 5604 sine
2014 5549 2124 5619 lege

536 5643 777 5712 peribunt
802 5642 974 5715 (Rom.
1007 5660 1066 5709 ii,
1094 5644 1202 5713 12).
1222 5643 1519 5704 Invisibilia
1544 5644 1685 5696 enim
1710 5641 1804 5694 Dei
1821 5659 1853 5693 a
1879 5650 2122 5694 creatura

538 5737 721 5792 mundi
747 5754 841 5806 per
868 5756 928 5793 ea
962 5754 1077 5806 gnte
1105 5738 1245 5805 facta
1268 5747 1388 5792 sunt
1419 5735 1677 5792 intellecta
1709 5727 2120 5798 conspiciuntur,

2239 4549 2325 4593 tur
2345 4536 2486 4607 quod
2513 4534 2895 4606 praemisimus,
2920 4546 3150 4601 quorum
3169 4528 3398 4581 alterum
3424 4525 3490 4579 ad
3513 4522 3826 4578 misericor-

2237 4629 2381 4682 diam
2403 4668 2417 4691 ,
2447 4626 2676 4680 alterum
2713 4623 2778 4677 ad
2817 4621 3080 4691 judicium
3109 4618 3345 4689 pertinet
3376 4615 3539 4678 illius,
3572 4613 3662 4667 cui
3690 4611 3823 4667 dicit

2235 4720 2417 4773 anima
2462 4725 2644 4773 nostra
2689 4729 2703 4768 ε
2747 4711 3169 4767 Misericordiam
3203 4717 3250 4762 et
3283 4707 3551 4775 judicium
3597 4702 3825 4759 cantabo

2233 4810 2345 4872 tibi,
2377 4808 2599 4862 Domine
2630 4803 2801 4878 (Psal.
2829 4819 2878 4866 ε.
2910 4802 2985 4873 1).

2304 4904 2418 4977 89
2434 4903 2507 4957 De
2532 4901 2637 4956 huc
2660 4898 2824 4953 etiam
2847 4896 2989 4967 quod
3019 4895 3071 4950 in
3094 4893 3199 4948 hoc
3222 4890 3459 4962 capitulo
3482 4889 3629 4943 circa
3655 4886 3819 4940 linem

2233 4996 2534 5067 posuimus,
2569 5010 2587 5041 ι
2617 4990 2841 5044 Ρωιιιιιιι
2869 4996 3047 5041 autem
3077 4985 3200 5046 illis,
3235 5001 3254 5034 ι
3280 4980 3531 5036 videlicet
3560 4979 3614 5032 in
3639 4990 3820 5031 massa

2232 5085 2553 5158 perditionis
2584 5083 2817 5145 relictis,
2868 5099 2885 5131 ι
2922 5078 3047 5149 quia
3070 5076 3250 5145 justus
3275 5082 3378 5137 est,
3409 5068 3819 5143 praedestinavit

2232 5189 2510 5242 mternam,
2547 5196 2564 5228 ι
2608 5175 2832 5229 audiant
2865 5171 2994 5242 quid
3032 5172 3085 5224 in
3124 5182 3264 5237 saepe
3294 5169 3721 5222 commemorato
3750 5162 3818 5215 de

2231 5270 2381 5326 liuno
2432 5268 2517 5323 vel
2563 5267 2714 5321 Dunu
2765 5263 3182 5335 perseverantim
3246 5259 3383 5314 libro
3430 5256 3576 5311 dicat
3626 5253 3815 5308 bentus

2230 5364 2564 5434 Augustinus
2593 5366 2732 5432 (cap.
2760 5360 2846 5429 12)
2877 5376 2889 5412 :
2924 5376 2942 5408 ι
2964 5357 3229 5425 Quoniam
3257 5354 3399 5423 quod
3427 5351 3687 5421 scriptum
3708 5356 3809 5410 est,

2227 5458 2419 5528 inquit,
2450 5454 2554 5510 Per
2573 5470 2733 5508 unum
2762 5453 3019 5507 hominem
3048 5459 3317 5522 peccatum
3343 5447 3557 5501 intravit
3579 5446 3633 5497 in
3663 5454 3812 5497 mun—

2227 5549 2377 5611 dum,
2396 5558 2443 5600 et
2460 5562 2552 5617 per
2569 5554 2836 5615 peccatum
2856 5558 3017 5605 mors,
3034 5552 3080 5594 et
3094 5543 3167 5595 ita
3189 5540 3243 5593 in
3260 5553 3437 5591 omnes
3451 5534 3685 5590 homines
3703 5544 3813 5602 per-

2225 5641 2433 5693 transiit
2463 5636 2634 5710 (Rom.
2653 5652 2707 5701 v,
2732 5634 3016 5705 i‘2),aliter
3043 5640 3192 5687 recte
3221 5630 3438 5700 intelligi
3471 5643 3575 5682 non
3602 5633 3804 5696 potest:

2227 5749 2325 5788 nec
2368 5749 2393 5786 τι
2428 5741 2601 5787 morte
2640 5738 2919 5798 perpetua,
2952 5742 3069 5796 quae
3102 5724 3399 5795 justissimc
3424 5730 3509 5778 est
3548 5718 3807 5774 retrihnta
