  <div class='ocr_page' id='page_1' title='image "/cluster/home/n/w/nwhite01/storage/ocr_20150623/125/hvd.32044015471667/082.png"; bbox 0 0 4052 6334; ppageno 0'>
   <div class='ocr_carea' id='block_1_1' title="bbox 226 335 325 392">
    <p class='ocr_par' dir='ltr' id='par_1_1' title="bbox 226 335 325 392">
     <span class='ocr_line' id='line_1_1' title="bbox 226 335 325 392; baseline 0 0"><span class='ocrx_word' id='word_1_1' title='bbox 226 335 325 392; x_wconf 64' lang='grc' dir='ltr'><strong>επ</strong></span> 
     </span>
    </p>
   </div>
   <div class='ocr_carea' id='block_1_2' title="bbox 995 325 2735 399">
    <p class='ocr_par' dir='ltr' id='par_1_2' title="bbox 995 325 2735 399">
     <span class='ocr_line' id='line_1_2' title="bbox 995 325 2735 399; baseline 0.001 -12"><span class='ocrx_word' id='word_1_2' title='bbox 995 330 1085 387; x_wconf 84' lang='lat' dir='ltr'><strong>DE</strong></span> <span class='ocrx_word' id='word_1_3' title='bbox 1120 325 1791 399; x_wconf 63' lang='lat' dir='ltr'><strong>PREDESTINATIONE</strong></span> <span class='ocrx_word' id='word_1_4' title='bbox 1824 326 2285 390; x_wconf 75' lang='lat' dir='ltr'><strong>DlSSERTATlO</strong></span> <span class='ocrx_word' id='word_1_5' title='bbox 2322 331 2735 391; x_wconf 72' lang='lat' dir='ltr'><strong>POSTERIOR.</strong></span> 
     </span>
    </p>
   </div>
   <div class='ocr_carea' id='block_1_3' title="bbox 3370 335 3475 392">
    <p class='ocr_par' dir='ltr' id='par_1_3' title="bbox 3370 335 3475 392">
     <span class='ocr_line' id='line_1_3' title="bbox 3370 335 3475 392; baseline -0.01 0"><span class='ocrx_word' id='word_1_6' title='bbox 3370 335 3475 392; x_wconf 68' lang='lat'><strong>154</strong></span> 
     </span>
    </p>
   </div>
   <div class='ocr_carea' id='block_1_4' title="bbox 220 438 3478 518">
    <p class='ocr_par' dir='ltr' id='par_1_4' title="bbox 220 438 3478 518">
     <span class='ocr_line' id='line_1_4' title="bbox 220 438 3478 518; baseline -0.001 -18"><span class='ocrx_word' id='word_1_7' title='bbox 220 452 458 518; x_wconf 83' lang='lat' dir='ltr'><strong>peccato,</strong></span> <span class='ocrx_word' id='word_1_8' title='bbox 500 444 702 501; x_wconf 75' lang='lat' dir='ltr'><strong>liberat</strong></span> <span class='ocrx_word' id='word_1_9' title='bbox 742 456 1069 514; x_wconf 85' lang='lat' dir='ltr'><strong>quemquam</strong></span> <span class='ocrx_word' id='word_1_10' title='bbox 1114 445 1429 516; x_wconf 83' lang='lat' dir='ltr'><strong>pusillorum</strong></span> <span class='ocrx_word' id='word_1_11' title='bbox 1472 453 1635 514; x_wconf 87' lang='lat' dir='ltr'><strong>atque</strong></span> <span class='ocrx_word' id='word_1_12' title='bbox 1680 459 1792 498; x_wconf 89' lang='lat' dir='ltr'><strong>ma—</strong></span> <span class='ocrx_word' id='word_1_13' title='bbox 1821 448 1867 504; x_wconf 80' lang='grc' dir='ltr'>Α</span> <span class='ocrx_word' id='word_1_14' title='bbox 1897 450 2024 499; x_wconf 88' lang='lat' dir='ltr'><strong>ante</strong></span> <span class='ocrx_word' id='word_1_15' title='bbox 2076 445 2514 499; x_wconf 86' lang='lat' dir='ltr'><strong>constitutionem</strong></span> <span class='ocrx_word' id='word_1_16' title='bbox 2551 438 2712 513; x_wconf 67' lang='lat' dir='ltr'><strong>elegit</strong></span> <span class='ocrx_word' id='word_1_17' title='bbox 2760 444 2814 497; x_wconf 91' lang='lat' dir='ltr'><strong>in</strong></span> <span class='ocrx_word' id='word_1_18' title='bbox 2844 441 3078 507; x_wconf 76' lang='lat' dir='ltr'><strong>Christo,</strong></span> <span class='ocrx_word' id='word_1_19' title='bbox 3131 442 3357 500; x_wconf 85' lang='lat' dir='ltr'><strong>damrus</strong></span> <span class='ocrx_word' id='word_1_20' title='bbox 3394 447 3478 503; x_wconf 79' lang='lat' dir='ltr'><strong>eis</strong></span> 
     </span>
    </p>
   </div>
   <div class='ocr_carea' id='block_1_5' title="bbox 220 535 1794 607">
    <p class='ocr_par' dir='ltr' id='par_1_5' title="bbox 220 535 1794 607">
     <span class='ocr_line' id='line_1_5' title="bbox 220 535 1794 607; baseline -0.001 -17"><span class='ocrx_word' id='word_1_21' title='bbox 220 542 458 607; x_wconf 80' lang='lat' dir='ltr'><strong>&#39;gnorum,</strong></span> <span class='ocrx_word' id='word_1_22' title='bbox 488 536 590 590; x_wconf 82' lang='lat' dir='ltr'><strong>nisi</strong></span> <span class='ocrx_word' id='word_1_23' title='bbox 616 535 703 588; x_wconf 92' lang='lat' dir='ltr'><strong>ille</strong></span> <span class='ocrx_word' id='word_1_24' title='bbox 726 536 817 605; x_wconf 92' lang='lat' dir='ltr'><strong>qui</strong></span> <span class='ocrx_word' id='word_1_25' title='bbox 840 543 1061 605; x_wconf 91' lang='lat' dir='ltr'><strong>propter</strong></span> <span class='ocrx_word' id='word_1_26' title='bbox 1083 537 1403 591; x_wconf 89' lang='lat' dir='ltr'><strong>remittenda</strong></span> <span class='ocrx_word' id='word_1_27' title='bbox 1432 545 1488 591; x_wconf 90' lang='lat' dir='ltr'><strong>et</strong></span> <span class='ocrx_word' id='word_1_28' title='bbox 1511 535 1794 603; x_wconf 85' lang='lat' dir='ltr'><strong>originalia</strong></span> 
     </span>
    </p>
   </div>
   <div class='ocr_carea' id='block_1_6' title="bbox 182 625 1796 697">
    <p class='ocr_par' dir='ltr' id='par_1_6' title="bbox 182 625 1796 697">
     <span class='ocr_line' id='line_1_6' title="bbox 182 625 1796 697; baseline -0.001 -15"><span class='ocrx_word' id='word_1_29' title='bbox 182 648 191 657; x_wconf 70' lang='grc' dir='ltr'><em>ο</em></span> <span class='ocrx_word' id='word_1_30' title='bbox 221 637 274 682; x_wconf 91' lang='lat' dir='ltr'><strong>ct</strong></span> <span class='ocrx_word' id='word_1_31' title='bbox 300 625 511 697; x_wconf 85' lang='lat' dir='ltr'><strong>propria</strong></span> <span class='ocrx_word' id='word_1_32' title='bbox 549 632 733 680; x_wconf 88' lang='lat' dir='ltr'><strong>nostra</strong></span> <span class='ocrx_word' id='word_1_33' title='bbox 761 634 982 695; x_wconf 85' lang='lat' dir='ltr'><strong>peccata</strong></span> <span class='ocrx_word' id='word_1_34' title='bbox 1016 635 1263 683; x_wconf 89' lang='lat' dir='ltr'><strong>mortuus</strong></span> <span class='ocrx_word' id='word_1_35' title='bbox 1287 636 1389 690; x_wconf 90' lang='lat' dir='ltr'><strong>est,</strong></span> <span class='ocrx_word' id='word_1_36' title='bbox 1415 628 1533 681; x_wconf 84' lang='lat' dir='ltr'><strong>sine</strong></span> <span class='ocrx_word' id='word_1_37' title='bbox 1561 627 1669 680; x_wconf 90' lang='lat' dir='ltr'><strong>ullo</strong></span> <span class='ocrx_word' id='word_1_38' title='bbox 1697 642 1796 682; x_wconf 90' lang='lat' dir='ltr'><strong>suo</strong></span> 
     </span>
    </p>
   </div>
   <div class='ocr_carea' id='block_1_7' title="bbox 221 718 1809 789">
    <p class='ocr_par' dir='ltr' id='par_1_7' title="bbox 221 718 1809 789">
     <span class='ocr_line' id='line_1_7' title="bbox 221 718 1809 789; baseline -0.001 -15"><span class='ocrx_word' id='word_1_39' title='bbox 221 718 460 785; x_wconf 78' lang='lat' dir='ltr'><strong>originali</strong></span> <span class='ocrx_word' id='word_1_40' title='bbox 492 719 824 789; x_wconf 90' lang='lat' dir='ltr'><strong>proprioque</strong></span> <span class='ocrx_word' id='word_1_41' title='bbox 850 727 1095 788; x_wconf 87' lang='lat' dir='ltr'><strong>peccato.</strong></span> <span class='ocrx_word' id='word_1_42' title='bbox 1133 718 1239 774; x_wconf 87' lang='lat' dir='ltr'><strong>Sed</strong></span> <span class='ocrx_word' id='word_1_43' title='bbox 1268 733 1437 789; x_wconf 87' lang='lat' dir='ltr'><strong>quare</strong></span> <span class='ocrx_word' id='word_1_44' title='bbox 1474 719 1593 774; x_wconf 89' lang='lat' dir='ltr'><strong>illos</strong></span> <span class='ocrx_word' id='word_1_45' title='bbox 1617 720 1809 789; x_wconf 80' lang='lat' dir='ltr'><strong>potius</strong></span> 
     </span>
    </p>
   </div>
   <div class='ocr_carea' id='block_1_8' title="bbox 218 808 1811 880">
    <p class='ocr_par' dir='ltr' id='par_1_8' title="bbox 218 808 1811 880">
     <span class='ocr_line' id='line_1_8' title="bbox 218 808 1811 880; baseline 0.003 -19"><span class='ocrx_word' id='word_1_46' title='bbox 218 823 371 878; x_wconf 82' lang='lat' dir='ltr'><strong>quam</strong></span> <span class='ocrx_word' id='word_1_47' title='bbox 416 808 573 863; x_wconf 87' lang='lat' dir='ltr'><strong>illos?</strong></span> <span class='ocrx_word' id='word_1_48' title='bbox 610 808 809 863; x_wconf 89' lang='lat' dir='ltr'><strong>lterum</strong></span> <span class='ocrx_word' id='word_1_49' title='bbox 851 817 1017 880; x_wconf 89' lang='lat' dir='ltr'><strong>atque</strong></span> <span class='ocrx_word' id='word_1_50' title='bbox 1051 811 1249 864; x_wconf 90' lang='lat' dir='ltr'><strong>iterum</strong></span> <span class='ocrx_word' id='word_1_51' title='bbox 1286 810 1539 874; x_wconf 87' lang='lat' dir='ltr'><strong>dicimus,</strong></span> <span class='ocrx_word' id='word_1_52' title='bbox 1570 824 1670 865; x_wconf 90' lang='lat' dir='ltr'><strong>nec</strong></span> <span class='ocrx_word' id='word_1_53' title='bbox 1698 822 1811 866; x_wconf 87' lang='lat' dir='ltr'><strong>nos</strong></span> 
     </span>
    </p>
   </div>
   <div class='ocr_carea' id='block_1_9' title="bbox 219 899 1794 972">
    <p class='ocr_par' dir='ltr' id='par_1_9' title="bbox 219 899 1794 972">
     <span class='ocr_line' id='line_1_9' title="bbox 219 899 1794 972; baseline 0.002 -19"><span class='ocrx_word' id='word_1_54' title='bbox 219 901 374 971; x_wconf 81' lang='lat' dir='ltr'><strong>piget,</strong></span> <span class='ocrx_word' id='word_1_55' title='bbox 399 899 448 954; x_wconf 88' lang='grc'><strong>0</strong></span> <span class='ocrx_word' id='word_1_56' title='bbox 477 901 656 964; x_wconf 81' lang='lat' dir='ltr'><strong>homo,</strong></span> <span class='ocrx_word' id='word_1_57' title='bbox 685 909 742 954; x_wconf 85' lang='lat' dir='ltr'><strong>tu</strong></span> <span class='ocrx_word' id='word_1_58' title='bbox 776 902 895 970; x_wconf 78' lang='lat' dir='ltr'><strong>quis</strong></span> <span class='ocrx_word' id='word_1_59' title='bbox 928 917 984 956; x_wconf 90' lang='lat' dir='ltr'><strong>es</strong></span> <span class='ocrx_word' id='word_1_60' title='bbox 1011 902 1113 972; x_wconf 23' lang='lat' dir='ltr'><strong>qui.</strong></span> <span class='ocrx_word' id='word_1_61' title='bbox 1133 901 1446 971; x_wconf 84' lang='lat' dir='ltr'><strong>respondeas</strong></span> <span class='ocrx_word' id='word_1_62' title='bbox 1475 899 1596 956; x_wconf 83' lang='lat' dir='ltr'><strong>Dea</strong></span> <span class='ocrx_word' id='word_1_63' title='bbox 1614 900 1794 972; x_wconf 84' lang='lat' dir='ltr'><strong>(Rom.</strong></span> 
     </span>
    </p>
   </div>
   <div class='ocr_carea' id='block_1_10' title="bbox 218 987 1799 1061">
    <p class='ocr_par' dir='ltr' id='par_1_10' title="bbox 218 987 1799 1061">
     <span class='ocr_line' id='line_1_10' title="bbox 218 987 1799 1061; baseline 0.002 -18"><span class='ocrx_word' id='word_1_64' title='bbox 218 1004 293 1047; x_wconf 81' lang='lat' dir='ltr'><strong>lx.</strong></span> <span class='ocrx_word' id='word_1_65' title='bbox 312 987 451 1057; x_wconf 72' lang='lat'><strong>20)?</strong></span> <span class='ocrx_word' id='word_1_66' title='bbox 479 987 860 1043; x_wconf 85' lang='lat' dir='ltr'><strong>lnscrutabilia</strong></span> <span class='ocrx_word' id='word_1_67' title='bbox 887 1000 1009 1045; x_wconf 84' lang='lat' dir='ltr'><strong>sunt</strong></span> <span class='ocrx_word' id='word_1_68' title='bbox 1037 991 1246 1060; x_wconf 88' lang='lat' dir='ltr'><strong>judicia</strong></span> <span class='ocrx_word' id='word_1_69' title='bbox 1273 991 1409 1061; x_wconf 86' lang='lat' dir='ltr'><strong>ejus,</strong></span> <span class='ocrx_word' id='word_1_70' title='bbox 1434 1000 1486 1045; x_wconf 85' lang='lat' dir='ltr'><strong>et</strong></span> <span class='ocrx_word' id='word_1_71' title='bbox 1518 992 1799 1061; x_wconf 82' lang='lat' dir='ltr'><strong>investiga-</strong></span> 
     </span>
    </p>
   </div>
   <div class='ocr_carea' id='block_1_11' title="bbox 218 1069 1795 1151">
    <p class='ocr_par' dir='ltr' id='par_1_11' title="bbox 218 1069 1795 1151">
     <span class='ocr_line' id='line_1_11' title="bbox 218 1069 1795 1151; baseline 0.003 -21"><span class='ocrx_word' id='word_1_72' title='bbox 218 1077 337 1131; x_wconf 68' lang='grc' dir='ltr'><strong>ωιεε</strong></span> <span class='ocrx_word' id='word_1_73' title='bbox 373 1081 477 1132; x_wconf 75' lang='lat' dir='ltr'><strong>uite</strong></span> <span class='ocrx_word' id='word_1_74' title='bbox 519 1080 635 1149; x_wconf 83' lang='lat' dir='ltr'><strong>ejus</strong></span> <span class='ocrx_word' id='word_1_75' title='bbox 680 1081 774 1149; x_wconf 87' lang='lat' dir='ltr'><strong>(id.</strong></span> <span class='ocrx_word' id='word_1_76' title='bbox 804 1080 1032 1150; x_wconf 60' lang='lat' dir='ltr'><strong>mss).</strong></span> <span class='ocrx_word' id='word_1_77' title='bbox 1069 1082 1138 1136; x_wconf 88' lang='lat' dir='ltr'><strong>Et</strong></span> <span class='ocrx_word' id='word_1_78' title='bbox 1178 1083 1281 1137; x_wconf 90' lang='lat' dir='ltr'><strong>hoc</strong></span> <span class='ocrx_word' id='word_1_79' title='bbox 1310 1069 1795 1151; x_wconf 35' lang='lat' dir='ltr'><strong>adjiciamusz&#39;At-</strong></span> 
     </span>
    </p>
   </div>
   <div class='ocr_carea' id='block_1_12' title="bbox 216 1168 1797 1244">
    <p class='ocr_par' dir='ltr' id='par_1_12' title="bbox 216 1168 1797 1244">
     <span class='ocr_line' id='line_1_12' title="bbox 216 1168 1797 1244; baseline 0.005 -23"><span class='ocrx_word' id='word_1_80' title='bbox 216 1168 344 1222; x_wconf 87' lang='lat' dir='ltr'><strong>tiara</strong></span> <span class='ocrx_word' id='word_1_81' title='bbox 373 1179 429 1224; x_wconf 84' lang='lat' dir='ltr'><strong>te</strong></span> <span class='ocrx_word' id='word_1_82' title='bbox 461 1187 527 1224; x_wconf 89' lang='lat' dir='ltr'><strong>ne</strong></span> <span class='ocrx_word' id='word_1_83' title='bbox 550 1172 840 1240; x_wconf 64' lang='lat' dir='ltr'><strong>quaesieris,</strong></span> <span class='ocrx_word' id='word_1_84' title='bbox 864 1182 911 1226; x_wconf 88' lang='lat' dir='ltr'><strong>et</strong></span> <span class='ocrx_word' id='word_1_85' title='bbox 937 1172 1158 1241; x_wconf 80' lang='lat' dir='ltr'><strong>fortiora</strong></span> <span class='ocrx_word' id='word_1_86' title='bbox 1188 1183 1237 1228; x_wconf 89' lang='lat' dir='ltr'><strong>te</strong></span> <span class='ocrx_word' id='word_1_87' title='bbox 1262 1190 1326 1228; x_wconf 84' lang='lat' dir='ltr'><strong>ne</strong></span> <span class='ocrx_word' id='word_1_88' title='bbox 1345 1183 1609 1228; x_wconf 71' lang='lat' dir='ltr'><strong>scrutatus</strong></span> <span class='ocrx_word' id='word_1_89' title='bbox 1633 1175 1797 1244; x_wconf 83' lang='lat' dir='ltr'><strong>fueris</strong></span> 
     </span>
    </p>
   </div>
   <div class='ocr_carea' id='block_1_13' title="bbox 214 1256 1799 1333">
    <p class='ocr_par' dir='ltr' id='par_1_13' title="bbox 214 1256 1799 1333">
     <span class='ocr_line' id='line_1_13' title="bbox 214 1256 1799 1333; baseline 0.003 -20"><span class='ocrx_word' id='word_1_90' title='bbox 214 1256 405 1331; x_wconf 73' lang='lat' dir='ltr'><strong>(Ea-Ii.</strong></span> <span class='ocrx_word' id='word_1_91' title='bbox 435 1276 518 1321; x_wconf 82' lang='grc' dir='ltr'><strong>ιη,</strong></span> <span class='ocrx_word' id='word_1_92' title='bbox 544 1262 655 1332; x_wconf 72' lang='grc'><strong>22).</strong></span> <span class='ocrx_word' id='word_1_93' title='bbox 693 1282 711 1314; x_wconf 80' lang='grc' dir='ltr'><strong><em>ι</em></strong></span> <span class='ocrx_word' id='word_1_94' title='bbox 758 1261 865 1318; x_wconf 89' lang='lat' dir='ltr'><strong>Sed</strong></span> <span class='ocrx_word' id='word_1_95' title='bbox 903 1264 949 1319; x_wconf 91' lang='lat' dir='ltr'><strong>si</strong></span> <span class='ocrx_word' id='word_1_96' title='bbox 992 1264 1097 1319; x_wconf 87' lang='lat' dir='ltr'><strong>ista</strong></span> <span class='ocrx_word' id='word_1_97' title='bbox 1135 1274 1186 1320; x_wconf 93' lang='lat' dir='ltr'><strong>el</strong></span> <span class='ocrx_word' id='word_1_98' title='bbox 1228 1265 1316 1319; x_wconf 90' lang='lat' dir='ltr'><strong>illa</strong></span> <span class='ocrx_word' id='word_1_99' title='bbox 1359 1280 1467 1319; x_wconf 91' lang='lat' dir='ltr'><strong>non</strong></span> <span class='ocrx_word' id='word_1_100' title='bbox 1506 1265 1799 1333; x_wconf 81' lang='lat' dir='ltr'><strong>snliiciunt,</strong></span> 
     </span>
    </p>
   </div>
   <div class='ocr_carea' id='block_1_14' title="bbox 214 1350 1797 1426">
    <p class='ocr_par' dir='ltr' id='par_1_14' title="bbox 214 1350 1797 1426">
     <span class='ocr_line' id='line_1_14' title="bbox 214 1350 1797 1426; baseline 0.004 -22"><span class='ocrx_word' id='word_1_101' title='bbox 214 1366 329 1421; x_wconf 68' lang='lat' dir='ltr'><strong>quae</strong></span> <span class='ocrx_word' id='word_1_102' title='bbox 372 1351 443 1405; x_wconf 82' lang='lat' dir='ltr'><strong>de</strong></span> <span class='ocrx_word' id='word_1_103' title='bbox 481 1350 621 1406; x_wconf 89' lang='lat' dir='ltr'><strong>libro</strong></span> <span class='ocrx_word' id='word_1_104' title='bbox 660 1366 802 1421; x_wconf 55' lang='lat' dir='ltr'><strong>saepe</strong></span> <span class='ocrx_word' id='word_1_105' title='bbox 840 1363 1261 1410; x_wconf 87' lang='lat' dir='ltr'><strong>commemorato</strong></span> <span class='ocrx_word' id='word_1_106' title='bbox 1303 1364 1491 1411; x_wconf 90' lang='lat' dir='ltr'><strong>contra</strong></span> <span class='ocrx_word' id='word_1_107' title='bbox 1520 1355 1797 1426; x_wconf 74' lang='lat' dir='ltr'><strong>Pelagium</strong></span> 
     </span>
    </p>
   </div>
   <div class='ocr_carea' id='block_1_15' title="bbox 211 1436 1799 1516">
    <p class='ocr_par' dir='ltr' id='par_1_15' title="bbox 211 1436 1799 1516">
     <span class='ocr_line' id='line_1_15' title="bbox 211 1436 1799 1516; baseline 0.005 -23"><span class='ocrx_word' id='word_1_108' title='bbox 211 1446 261 1493; x_wconf 81' lang='lat' dir='ltr'><strong>et</strong></span> <span class='ocrx_word' id='word_1_109' title='bbox 285 1436 611 1511; x_wconf 66' lang='lat' dir='ltr'><strong>Caelestium</strong></span> <span class='ocrx_word' id='word_1_110' title='bbox 642 1443 948 1510; x_wconf 90' lang='lat' dir='ltr'><strong>posuimus,</strong></span> <span class='ocrx_word' id='word_1_111' title='bbox 989 1444 1167 1499; x_wconf 88' lang='lat' dir='ltr'><strong>adhuc</strong></span> <span class='ocrx_word' id='word_1_112' title='bbox 1203 1460 1271 1500; x_wconf 78' lang='lat' dir='ltr'><strong>ex</strong></span> <span class='ocrx_word' id='word_1_113' title='bbox 1310 1446 1501 1500; x_wconf 89' lang='lat' dir='ltr'><strong>eodem</strong></span> <span class='ocrx_word' id='word_1_114' title='bbox 1534 1461 1655 1515; x_wconf 65' lang='lat' dir='ltr'><strong>quae</strong></span> <span class='ocrx_word' id='word_1_115' title='bbox 1683 1447 1799 1516; x_wconf 87' lang='lat' dir='ltr'><strong>ipse</strong></span> 
     </span>
    </p>
   </div>
   <div class='ocr_carea' id='block_1_16' title="bbox 210 1529 1807 1607">
    <p class='ocr_par' dir='ltr' id='par_1_16' title="bbox 210 1529 1807 1607">
     <span class='ocr_line' id='line_1_16' title="bbox 210 1529 1807 1607; baseline 0.004 -22"><span class='ocrx_word' id='word_1_116' title='bbox 210 1530 293 1585; x_wconf 84' lang='lat' dir='ltr'><strong>vir</strong></span> <span class='ocrx_word' id='word_1_117' title='bbox 312 1529 925 1599; x_wconf 84' lang='lat' dir='ltr'><strong>sagacissimus&#39;ibidem</strong></span> <span class='ocrx_word' id='word_1_118' title='bbox 952 1543 1268 1603; x_wconf 88' lang='lat' dir='ltr'><strong>prosecutus</strong></span> <span class='ocrx_word' id='word_1_119' title='bbox 1293 1544 1397 1601; x_wconf 87' lang='lat' dir='ltr'><strong>est,</strong></span> <span class='ocrx_word' id='word_1_120' title='bbox 1425 1551 1543 1606; x_wconf 66' lang='lat' dir='ltr'><strong>qua!</strong></span> <span class='ocrx_word' id='word_1_121' title='bbox 1569 1537 1807 1607; x_wconf 30' lang='lat' dir='ltr'><strong>necdum,</strong></span> 
     </span>
    </p>
   </div>
   <div class='ocr_carea' id='block_1_17' title="bbox 210 1619 1801 1696">
    <p class='ocr_par' dir='ltr' id='par_1_17' title="bbox 210 1619 1801 1696">
     <span class='ocr_line' id='line_1_17' title="bbox 210 1619 1801 1696; baseline 0.009 -26"><span class='ocrx_word' id='word_1_122' title='bbox 210 1619 498 1691; x_wconf 85' lang='lat' dir='ltr'><strong>posuimus</strong></span> <span class='ocrx_word' id='word_1_123' title='bbox 545 1634 877 1688; x_wconf 90' lang='lat' dir='ltr'><strong>apponemus</strong></span> <span class='ocrx_word' id='word_1_124' title='bbox 922 1621 1211 1693; x_wconf 72' lang='lat' dir='ltr'><strong>(Hypanin.</strong></span> <span class='ocrx_word' id='word_1_125' title='bbox 1239 1625 1329 1680; x_wconf 84' lang='lat' dir='ltr'><strong>lib.</strong></span> <span class='ocrx_word' id='word_1_126' title='bbox 1360 1626 1435 1696; x_wconf 87' lang='lat' dir='ltr'><strong>vt)</strong></span> <span class='ocrx_word' id='word_1_127' title='bbox 1482 1645 1495 1681; x_wconf 93' lang='lat'>:</span> <span class='ocrx_word' id='word_1_128' title='bbox 1546 1645 1566 1678; x_wconf 78' lang='grc' dir='ltr'>ι</span> <span class='ocrx_word' id='word_1_129' title='bbox 1593 1628 1801 1684; x_wconf 84' lang='lat' dir='ltr'><strong>Verum</strong></span> 
     </span>
    </p>
   </div>
   <div class='ocr_carea' id='block_1_18' title="bbox 212 1712 1798 1790">
    <p class='ocr_par' dir='ltr' id='par_1_18' title="bbox 212 1712 1798 1790">
     <span class='ocr_line' id='line_1_18' title="bbox 212 1712 1798 1790; baseline 0.008 -25"><span class='ocrx_word' id='word_1_130' title='bbox 212 1720 421 1775; x_wconf 81' lang='lat' dir='ltr'><strong>autem,</strong></span> <span class='ocrx_word' id='word_1_131' title='bbox 455 1712 730 1781; x_wconf 81' lang='lat' dir='ltr'><strong>inquiens,</strong></span> <span class='ocrx_word' id='word_1_132' title='bbox 767 1730 886 1769; x_wconf 87' lang='lat' dir='ltr'><strong>esse</strong></span> <span class='ocrx_word' id='word_1_133' title='bbox 912 1717 1056 1785; x_wconf 91' lang='lat' dir='ltr'><strong>quod</strong></span> <span class='ocrx_word' id='word_1_134' title='bbox 1086 1718 1342 1785; x_wconf 82' lang='lat' dir='ltr'><strong>diximus,</strong></span> <span class='ocrx_word' id='word_1_135' title='bbox 1378 1719 1506 1776; x_wconf 88' lang='lat' dir='ltr'><strong>licet</strong></span> <span class='ocrx_word' id='word_1_136' title='bbox 1540 1720 1697 1790; x_wconf 87' lang='lat' dir='ltr'><strong>plene</strong></span> <span class='ocrx_word' id='word_1_137' title='bbox 1725 1724 1798 1778; x_wconf 88' lang='lat' dir='ltr'><strong>sit</strong></span> 
     </span>
    </p>
   </div>
   <div class='ocr_carea' id='block_1_19' title="bbox 1897 535 3483 606">
    <p class='ocr_par' dir='ltr' id='par_1_19' title="bbox 1897 535 3483 606">
     <span class='ocr_line' id='line_1_19' title="bbox 1897 535 3483 606; baseline 0.003 -17"><span class='ocrx_word' id='word_1_138' title='bbox 1897 537 2125 606; x_wconf 80' lang='lat' dir='ltr'><strong>gratiam</strong></span> <span class='ocrx_word' id='word_1_139' title='bbox 2173 537 2360 605; x_wconf 78' lang='lat' dir='ltr'><strong>gratis,</strong></span> <span class='ocrx_word' id='word_1_140' title='bbox 2394 538 2497 593; x_wconf 91' lang='lat' dir='ltr'><strong>hoc</strong></span> <span class='ocrx_word' id='word_1_141' title='bbox 2538 546 2623 592; x_wconf 87' lang='lat' dir='ltr'><strong>est</strong></span> <span class='ocrx_word' id='word_1_142' title='bbox 2657 536 2823 592; x_wconf 86' lang='lat' dir='ltr'><strong>nullis</strong></span> <span class='ocrx_word' id='word_1_143' title='bbox 2865 549 3054 591; x_wconf 82' lang='lat' dir='ltr'><strong>eorum</strong></span> <span class='ocrx_word' id='word_1_144' title='bbox 3091 535 3177 591; x_wconf 89' lang='lat' dir='ltr'><strong>vei</strong></span> <span class='ocrx_word' id='word_1_145' title='bbox 3220 537 3342 593; x_wconf 72' lang='lat' dir='ltr'><strong>fidei</strong></span> <span class='ocrx_word' id='word_1_146' title='bbox 3392 538 3483 594; x_wconf 79' lang='lat' dir='ltr'><strong>vel</strong></span> 
     </span>
    </p>
   </div>
   <div class='ocr_carea' id='block_1_20' title="bbox 1897 626 3481 697">
    <p class='ocr_par' dir='ltr' id='par_1_20' title="bbox 1897 626 3481 697">
     <span class='ocr_line' id='line_1_20' title="bbox 1897 626 3481 697; baseline 0.001 -17"><span class='ocrx_word' id='word_1_147' title='bbox 1897 641 2121 696; x_wconf 83' lang='lat' dir='ltr'><strong>epemm</strong></span> <span class='ocrx_word' id='word_1_148' title='bbox 2150 627 2360 681; x_wconf 84' lang='lat' dir='ltr'><strong>meritis</strong></span> <span class='ocrx_word' id='word_1_149' title='bbox 2391 627 2845 697; x_wconf 67' lang='lat' dir='ltr'><strong>praecedentibus;</strong></span> <span class='ocrx_word' id='word_1_150' title='bbox 2889 634 2946 680; x_wconf 89' lang='lat' dir='ltr'><strong>et</strong></span> <span class='ocrx_word' id='word_1_151' title='bbox 2986 626 3281 696; x_wconf 83' lang='lat' dir='ltr'><strong>majoribus</strong></span> <span class='ocrx_word' id='word_1_152' title='bbox 3313 629 3481 683; x_wconf 86' lang='lat' dir='ltr'><strong>etiam</strong></span> 
     </span>
    </p>
   </div>
   <div class='ocr_carea' id='block_1_21' title="bbox 1898 716 3483 788">
    <p class='ocr_par' dir='ltr' id='par_1_21' title="bbox 1898 716 3483 788">
     <span class='ocr_line' id='line_1_21' title="bbox 1898 716 3483 788; baseline 0.001 -15"><span class='ocrx_word' id='word_1_153' title='bbox 1898 718 2004 783; x_wconf 83' lang='lat' dir='ltr'><strong>bis,</strong></span> <span class='ocrx_word' id='word_1_154' title='bbox 2056 733 2192 787; x_wconf 88' lang='lat' dir='ltr'><strong>quos</strong></span> <span class='ocrx_word' id='word_1_155' title='bbox 2247 719 2510 788; x_wconf 66' lang='lat' dir='ltr'><strong>praevidit,</strong></span> <span class='ocrx_word' id='word_1_156' title='bbox 2544 719 2588 773; x_wconf 92' lang='lat' dir='ltr'><strong>si</strong></span> <span class='ocrx_word' id='word_1_157' title='bbox 2619 719 2759 788; x_wconf 88' lang='lat' dir='ltr'><strong>apud</strong></span> <span class='ocrx_word' id='word_1_158' title='bbox 2785 732 2879 772; x_wconf 90' lang='lat' dir='ltr'><strong>eos</strong></span> <span class='ocrx_word' id='word_1_159' title='bbox 2906 716 3074 771; x_wconf 64' lang='lat' dir='ltr'><strong>iacta</strong></span> <span class='ocrx_word' id='word_1_160' title='bbox 3117 726 3320 784; x_wconf 89' lang='lat' dir='ltr'><strong>essent,</strong></span> <span class='ocrx_word' id='word_1_161' title='bbox 3366 718 3483 775; x_wconf 85' lang='lat' dir='ltr'><strong>suis</strong></span> 
     </span>
    </p>
   </div>
   <div class='ocr_carea' id='block_1_22' title="bbox 1898 793 3477 878">
    <p class='ocr_par' dir='ltr' id='par_1_22' title="bbox 1898 793 3477 878">
     <span class='ocr_line' id='line_1_22' title="bbox 1898 793 3477 878; baseline -0.001 -14"><span class='ocrx_word' id='word_1_162' title='bbox 1898 810 2174 865; x_wconf 84' lang='lat' dir='ltr'><strong>miraculis</strong></span> <span class='ocrx_word' id='word_1_163' title='bbox 2220 808 2571 864; x_wconf 86' lang='lat' dir='ltr'><strong>credituros:</strong></span> <span class='ocrx_word' id='word_1_164' title='bbox 2619 808 2816 878; x_wconf 89' lang='lat' dir='ltr'><strong>quibus</strong></span> <span class='ocrx_word' id='word_1_165' title='bbox 2868 823 2974 863; x_wconf 92' lang='lat' dir='ltr'><strong>non</strong></span> <span class='ocrx_word' id='word_1_166' title='bbox 3010 807 3120 862; x_wconf 89' lang='lat' dir='ltr'><strong>vult</strong></span> <span class='ocrx_word' id='word_1_167' title='bbox 3160 793 3477 872; x_wconf 66' lang='lat' dir='ltr'><strong>sub&#39;venire,</strong></span> 
     </span>
    </p>
   </div>
   <div class='ocr_carea' id='block_1_23' title="bbox 1898 899 3483 970">
    <p class='ocr_par' dir='ltr' id='par_1_23' title="bbox 1898 899 3483 970">
     <span class='ocr_line' id='line_1_23' title="bbox 1898 899 3483 970; baseline -0.003 -12"><span class='ocrx_word' id='word_1_168' title='bbox 1898 918 2004 958; x_wconf 91' lang='lat' dir='ltr'><strong>non</strong></span> <span class='ocrx_word' id='word_1_169' title='bbox 2045 903 2291 958; x_wconf 83' lang='lat' dir='ltr'><strong>subvenit</strong></span> <span class='ocrx_word' id='word_1_170' title='bbox 2335 919 2349 956; x_wconf 90' lang='lat'><strong>:</strong></span> <span class='ocrx_word' id='word_1_171' title='bbox 2388 901 2456 956; x_wconf 89' lang='lat' dir='ltr'><strong>de</strong></span> <span class='ocrx_word' id='word_1_172' title='bbox 2501 902 2698 970; x_wconf 83' lang='lat' dir='ltr'><strong>quibus</strong></span> <span class='ocrx_word' id='word_1_173' title='bbox 2762 901 2816 955; x_wconf 92' lang='lat' dir='ltr'><strong>in</strong></span> <span class='ocrx_word' id='word_1_174' title='bbox 2867 916 2962 954; x_wconf 89' lang='lat' dir='ltr'><strong>sua</strong></span> <span class='ocrx_word' id='word_1_175' title='bbox 3010 899 3483 970; x_wconf 68' lang='lat' dir='ltr'><strong>praedestina&#39;tione</strong></span> 
     </span>
    </p>
   </div>
   <div class='ocr_carea' id='block_1_24' title="bbox 1897 990 3493 1063">
    <p class='ocr_par' dir='ltr' id='par_1_24' title="bbox 1897 990 3493 1063">
     <span class='ocr_line' id='line_1_24' title="bbox 1897 990 3493 1063; baseline -0.001 -14"><span class='ocrx_word' id='word_1_176' title='bbox 1897 993 2107 1049; x_wconf 88' lang='lat' dir='ltr'><strong>occulte</strong></span> <span class='ocrx_word' id='word_1_177' title='bbox 2152 993 2391 1063; x_wconf 84' lang='lat' dir='ltr'><strong>quidem,</strong></span> <span class='ocrx_word' id='word_1_178' title='bbox 2436 994 2529 1048; x_wconf 87' lang='lat' dir='ltr'><strong>scd</strong></span> <span class='ocrx_word' id='word_1_179' title='bbox 2568 992 2715 1062; x_wconf 91' lang='lat' dir='ltr'><strong>juste</strong></span> <span class='ocrx_word' id='word_1_180' title='bbox 2775 992 2919 1047; x_wconf 83' lang='lat' dir='ltr'><strong>aliud</strong></span> <span class='ocrx_word' id='word_1_181' title='bbox 2964 992 3255 1061; x_wconf 82' lang='lat' dir='ltr'><strong>judicavit;</strong></span> <span class='ocrx_word' id='word_1_182' title='bbox 3302 1010 3322 1044; x_wconf 70' lang='grc' dir='ltr'><strong><em>ι</em></strong></span> <span class='ocrx_word' id='word_1_183' title='bbox 3365 990 3493 1047; x_wconf 81' lang='lat' dir='ltr'><strong>Hoc</strong></span> 
     </span>
    </p>
   </div>
   <div class='ocr_carea' id='block_1_25' title="bbox 1898 1083 3497 1154">
    <p class='ocr_par' dir='ltr' id='par_1_25' title="bbox 1898 1083 3497 1154">
     <span class='ocr_line' id='line_1_25' title="bbox 1898 1083 3497 1154; baseline -0.002 -15"><span class='ocrx_word' id='word_1_184' title='bbox 1898 1086 2042 1140; x_wconf 91' lang='lat' dir='ltr'><strong>enim</strong></span> <span class='ocrx_word' id='word_1_185' title='bbox 2090 1084 2340 1154; x_wconf 85' lang='lat' dir='ltr'><strong>exemplo</strong></span> <span class='ocrx_word' id='word_1_186' title='bbox 2366 1099 2517 1138; x_wconf 89' lang='lat' dir='ltr'><strong>suam</strong></span> <span class='ocrx_word' id='word_1_187' title='bbox 2547 1083 2873 1139; x_wconf 84' lang='lat' dir='ltr'><strong>conﬁrmare</strong></span> <span class='ocrx_word' id='word_1_188' title='bbox 2898 1084 3288 1138; x_wconf 85' lang='lat' dir='ltr'><strong>obtrectatores</strong></span> <span class='ocrx_word' id='word_1_189' title='bbox 3312 1083 3497 1137; x_wconf 88' lang='lat' dir='ltr'><strong>nostri&#39;</strong></span> 
     </span>
    </p>
   </div>
   <div class='ocr_carea' id='block_1_26' title="bbox 1900 1172 3484 1242">
    <p class='ocr_par' dir='ltr' id='par_1_26' title="bbox 1900 1172 3484 1242">
     <span class='ocr_line' id='line_1_26' title="bbox 1900 1172 3484 1242; baseline -0.003 -12"><span class='ocrx_word' id='word_1_190' title='bbox 1900 1183 2167 1230; x_wconf 86' lang='lat' dir='ltr'><strong>conantur</strong></span> <span class='ocrx_word' id='word_1_191' title='bbox 2207 1174 2555 1239; x_wconf 88' lang='lat' dir='ltr'><strong>sententiam,</strong></span> <span class='ocrx_word' id='word_1_192' title='bbox 2616 1173 2955 1227; x_wconf 82' lang='lat' dir='ltr'><strong>inﬂectentes</strong></span> <span class='ocrx_word' id='word_1_193' title='bbox 2995 1172 3101 1227; x_wconf 86' lang='lat' dir='ltr'><strong>hoc</strong></span> <span class='ocrx_word' id='word_1_194' title='bbox 3140 1172 3283 1242; x_wconf 90' lang='lat' dir='ltr'><strong>quod</strong></span> <span class='ocrx_word' id='word_1_195' title='bbox 3326 1174 3484 1238; x_wconf 78' lang='lat' dir='ltr'><strong>dixit,</strong></span> 
     </span>
    </p>
   </div>
   <div class='ocr_carea' id='block_1_27' title="bbox 1906 1261 3484 1335">
    <p class='ocr_par' dir='ltr' id='par_1_27' title="bbox 1906 1261 3484 1335">
     <span class='ocr_line' id='line_1_27' title="bbox 1906 1261 3484 1335; baseline 0 -17"><span class='ocrx_word' id='word_1_196' title='bbox 1906 1284 1926 1318; x_wconf 70' lang='grc' dir='ltr'><strong>ε</strong></span> <span class='ocrx_word' id='word_1_197' title='bbox 1975 1266 2042 1321; x_wconf 89' lang='lat' dir='ltr'><strong>de</strong></span> <span class='ocrx_word' id='word_1_198' title='bbox 2074 1265 2272 1335; x_wconf 90' lang='lat' dir='ltr'><strong>quibus</strong></span> <span class='ocrx_word' id='word_1_199' title='bbox 2302 1266 2356 1319; x_wconf 92' lang='lat' dir='ltr'><strong>in</strong></span> <span class='ocrx_word' id='word_1_200' title='bbox 2387 1279 2484 1319; x_wconf 89' lang='lat' dir='ltr'><strong>sua</strong></span> <span class='ocrx_word' id='word_1_201' title='bbox 2518 1263 2989 1333; x_wconf 65' lang='lat' dir='ltr'><strong>praedestinatione</strong></span> <span class='ocrx_word' id='word_1_202' title='bbox 3013 1261 3222 1318; x_wconf 90' lang='lat' dir='ltr'><strong>occulte</strong></span> <span class='ocrx_word' id='word_1_203' title='bbox 3269 1264 3484 1332; x_wconf 88' lang='lat' dir='ltr'><strong>quidem</strong></span> 
     </span>
    </p>
   </div>
   <div class='ocr_carea' id='block_1_28' title="bbox 1900 1351 3489 1424">
    <p class='ocr_par' dir='ltr' id='par_1_28' title="bbox 1900 1351 3489 1424">
     <span class='ocr_line' id='line_1_28' title="bbox 1900 1351 3489 1424; baseline -0.003 -14"><span class='ocrx_word' id='word_1_204' title='bbox 1900 1355 1993 1410; x_wconf 89' lang='lat' dir='ltr'><strong>sed</strong></span> <span class='ocrx_word' id='word_1_205' title='bbox 2032 1353 2179 1424; x_wconf 88' lang='lat' dir='ltr'><strong>juste</strong></span> <span class='ocrx_word' id='word_1_206' title='bbox 2228 1353 2373 1407; x_wconf 90' lang='lat' dir='ltr'><strong>aliud</strong></span> <span class='ocrx_word' id='word_1_207' title='bbox 2404 1351 2687 1422; x_wconf 79' lang='lat' dir='ltr'><strong>judicavit,</strong></span> <span class='ocrx_word' id='word_1_208' title='bbox 2724 1372 2742 1403; x_wconf 72' lang='grc' dir='ltr'><strong><em>ι</em></strong></span> <span class='ocrx_word' id='word_1_209' title='bbox 2788 1352 2940 1421; x_wconf 88' lang='lat' dir='ltr'><strong>quasi</strong></span> <span class='ocrx_word' id='word_1_210' title='bbox 2996 1351 3221 1423; x_wconf 78' lang='lat' dir='ltr'><strong>intelligi</strong></span> <span class='ocrx_word' id='word_1_211' title='bbox 3255 1351 3489 1406; x_wconf 88' lang='lat' dir='ltr'><strong>voluerit</strong></span> 
     </span>
    </p>
   </div>
   <div class='ocr_carea' id='block_1_29' title="bbox 1900 1441 3488 1513">
    <p class='ocr_par' dir='ltr' id='par_1_29' title="bbox 1900 1441 3488 1513">
     <span class='ocr_line' id='line_1_29' title="bbox 1900 1441 3488 1513; baseline -0.006 -11"><span class='ocrx_word' id='word_1_212' title='bbox 1900 1453 2122 1502; x_wconf 86' lang='lat' dir='ltr'><strong>sanctus</strong></span> <span class='ocrx_word' id='word_1_213' title='bbox 2163 1443 2514 1513; x_wconf 79' lang='lat' dir='ltr'><strong>Augustinus,</strong></span> <span class='ocrx_word' id='word_1_214' title='bbox 2569 1443 2713 1497; x_wconf 87' lang='lat' dir='ltr'><strong>aliud</strong></span> <span class='ocrx_word' id='word_1_215' title='bbox 2754 1443 3035 1512; x_wconf 89' lang='lat' dir='ltr'><strong>judicavit,</strong></span> <span class='ocrx_word' id='word_1_216' title='bbox 3083 1442 3152 1496; x_wconf 90' lang='lat' dir='ltr'><strong>ad</strong></span> <span class='ocrx_word' id='word_1_217' title='bbox 3211 1441 3488 1496; x_wconf 83' lang='lat' dir='ltr'><strong>interitum</strong></span> 
     </span>
    </p>
   </div>
   <div class='ocr_carea' id='block_1_30' title="bbox 1898 1531 3491 1607">
    <p class='ocr_par' dir='ltr' id='par_1_30' title="bbox 1898 1531 3491 1607">
     <span class='ocr_line' id='line_1_30' title="bbox 1898 1531 3491 1607; baseline -0.003 -17"><span class='ocrx_word' id='word_1_218' title='bbox 1898 1535 2303 1607; x_wconf 67' lang='lat' dir='ltr'><strong>praedestinavit</strong></span> <span class='ocrx_word' id='word_1_219' title='bbox 2336 1554 2347 1588; x_wconf 95' lang='lat'>:</span> <span class='ocrx_word' id='word_1_220' title='bbox 2380 1535 2520 1603; x_wconf 91' lang='lat' dir='ltr'><strong>quod</strong></span> <span class='ocrx_word' id='word_1_221' title='bbox 2547 1550 2708 1604; x_wconf 91' lang='lat' dir='ltr'><strong>quam</strong></span> <span class='ocrx_word' id='word_1_222' title='bbox 2731 1534 3024 1589; x_wconf 87' lang='lat' dir='ltr'><strong>absurdum</strong></span> <span class='ocrx_word' id='word_1_223' title='bbox 3054 1535 3127 1589; x_wconf 91' lang='lat' dir='ltr'><strong>sit</strong></span> <span class='ocrx_word' id='word_1_224' title='bbox 3157 1531 3491 1587; x_wconf 58' lang='lat' dir='ltr'><strong>maniiestisa</strong></span> 
     </span>
    </p>
   </div>
   <div class='ocr_carea' id='block_1_31' title="bbox 1900 1622 3494 1696">
    <p class='ocr_par' dir='ltr' id='par_1_31' title="bbox 1900 1622 3494 1696">
     <span class='ocr_line' id='line_1_31' title="bbox 1900 1622 3494 1696; baseline -0.004 -14"><span class='ocrx_word' id='word_1_225' title='bbox 1900 1627 2054 1682; x_wconf 85' lang='lat' dir='ltr'><strong>simis</strong></span> <span class='ocrx_word' id='word_1_226' title='bbox 2095 1633 2245 1696; x_wconf 88' lang='lat' dir='ltr'><strong>patet</strong></span> <span class='ocrx_word' id='word_1_227' title='bbox 2283 1624 2517 1680; x_wconf 89' lang='lat' dir='ltr'><strong>indiciis.</strong></span> <span class='ocrx_word' id='word_1_228' title='bbox 2568 1626 2660 1680; x_wconf 87' lang='lat' dir='ltr'><strong>Ait</strong></span> <span class='ocrx_word' id='word_1_229' title='bbox 2695 1626 2863 1688; x_wconf 91' lang='lat' dir='ltr'><strong>enim,</strong></span> <span class='ocrx_word' id='word_1_230' title='bbox 2895 1644 2913 1676; x_wconf 73' lang='grc' dir='ltr'><strong><em>ο</em></strong></span> <span class='ocrx_word' id='word_1_231' title='bbox 2954 1625 3151 1694; x_wconf 89' lang='lat' dir='ltr'><strong>quibus</strong></span> <span class='ocrx_word' id='word_1_232' title='bbox 3208 1640 3315 1679; x_wconf 92' lang='lat' dir='ltr'><strong>non</strong></span> <span class='ocrx_word' id='word_1_233' title='bbox 3370 1622 3494 1677; x_wconf 84' lang='lat' dir='ltr'><strong>vult</strong></span> 
     </span>
    </p>
   </div>
   <div class='ocr_carea' id='block_1_32' title="bbox 1900 1710 3495 1785">
    <p class='ocr_par' dir='ltr' id='par_1_32' title="bbox 1900 1710 3495 1785">
     <span class='ocr_line' id='line_1_32' title="bbox 1900 1710 3495 1785; baseline -0.001 -13"><span class='ocrx_word' id='word_1_234' title='bbox 1900 1718 2209 1780; x_wconf 89' lang='lat' dir='ltr'><strong>subvenire,</strong></span> <span class='ocrx_word' id='word_1_235' title='bbox 2264 1732 2373 1771; x_wconf 91' lang='lat' dir='ltr'><strong>non</strong></span> <span class='ocrx_word' id='word_1_236' title='bbox 2424 1716 2698 1783; x_wconf 84' lang='lat' dir='ltr'><strong>subvenit,</strong></span> <span class='ocrx_word' id='word_1_237' title='bbox 2744 1736 2763 1768; x_wconf 72' lang='grc' dir='ltr'><strong><em>ι</em></strong></span> <span class='ocrx_word' id='word_1_238' title='bbox 2816 1716 3071 1771; x_wconf 84' lang='lat' dir='ltr'><strong>videlicet</strong></span> <span class='ocrx_word' id='word_1_239' title='bbox 3114 1716 3241 1785; x_wconf 87' lang='lat' dir='ltr'><strong>quia</strong></span> <span class='ocrx_word' id='word_1_240' title='bbox 3288 1710 3495 1785; x_wconf 75' lang='lat' dir='ltr'><strong>quibus</strong></span> 
     </span>
    </p>
   </div>
   <div class='ocr_carea' id='block_1_33' title="bbox 210 1796 3487 1881">
    <p class='ocr_par' dir='ltr' id='par_1_33' title="bbox 210 1796 3487 1881">
     <span class='ocr_line' id='line_1_33' title="bbox 210 1796 3487 1881; baseline 0.001 -25"><span class='ocrx_word' id='word_1_241' title='bbox 210 1799 578 1871; x_wconf 75' lang='lat' dir='ltr'><strong>diSputatum,</strong></span> <span class='ocrx_word' id='word_1_242' title='bbox 611 1803 663 1857; x_wconf 90' lang='lat' dir='ltr'><strong>id</strong></span> <span class='ocrx_word' id='word_1_243' title='bbox 697 1813 802 1871; x_wconf 90' lang='lat' dir='ltr'><strong>est,</strong></span> <span class='ocrx_word' id='word_1_244' title='bbox 827 1805 1082 1876; x_wconf 89' lang='lat' dir='ltr'><strong>perituris</strong></span> <span class='ocrx_word' id='word_1_245' title='bbox 1119 1823 1335 1877; x_wconf 84' lang='lat' dir='ltr'><strong>poenam</strong></span> <span class='ocrx_word' id='word_1_246' title='bbox 1366 1825 1488 1866; x_wconf 84' lang='lat' dir='ltr'><strong>esse</strong></span> <span class='ocrx_word' id='word_1_247' title='bbox 1521 1813 1802 1881; x_wconf 83' lang='lat' dir='ltr'><strong>praedesti-</strong></span> <span class='ocrx_word' id='word_1_248' title='bbox 1834 1796 1878 1855; x_wconf 76' lang='grc' dir='ltr'><strong><em>Β</em></strong></span> <span class='ocrx_word' id='word_1_249' title='bbox 1906 1810 2180 1871; x_wconf 90' lang='lat' dir='ltr'><strong>subvenit,</strong></span> <span class='ocrx_word' id='word_1_250' title='bbox 2224 1808 2715 1879; x_wconf 61' lang='lat' dir='ltr'><strong>praedestinatione,</strong></span> <span class='ocrx_word' id='word_1_251' title='bbox 2753 1808 2807 1863; x_wconf 91' lang='lat' dir='ltr'><strong>id</strong></span> <span class='ocrx_word' id='word_1_252' title='bbox 2856 1817 2941 1863; x_wconf 91' lang='lat' dir='ltr'><strong>est</strong></span> <span class='ocrx_word' id='word_1_253' title='bbox 2985 1808 3173 1879; x_wconf 80' lang='lat' dir='ltr'><strong>gratiae</strong></span> <span class='ocrx_word' id='word_1_254' title='bbox 3211 1821 3487 1877; x_wconf 64' lang='lat' dir='ltr'><strong>prmpara-</strong></span> 
     </span>
    </p>
   </div>
   <div class='ocr_carea' id='block_1_34' title="bbox 211 1892 1805 1966">
    <p class='ocr_par' dir='ltr' id='par_1_34' title="bbox 211 1892 1805 1966">
     <span class='ocr_line' id='line_1_34' title="bbox 211 1892 1805 1966; baseline 0.007 -18"><span class='ocrx_word' id='word_1_255' title='bbox 211 1901 437 1956; x_wconf 82' lang='lat' dir='ltr'><strong>natam,</strong></span> <span class='ocrx_word' id='word_1_256' title='bbox 479 1892 605 1947; x_wconf 86' lang='lat' dir='ltr'><strong>audi</strong></span> <span class='ocrx_word' id='word_1_257' title='bbox 636 1892 856 1949; x_wconf 89' lang='lat' dir='ltr'><strong>Petrum</strong></span> <span class='ocrx_word' id='word_1_258' title='bbox 896 1897 1219 1966; x_wconf 84' lang='lat' dir='ltr'><strong>apostolum,</strong></span> <span class='ocrx_word' id='word_1_259' title='bbox 1263 1915 1388 1955; x_wconf 92' lang='lat' dir='ltr'><strong>cum</strong></span> <span class='ocrx_word' id='word_1_260' title='bbox 1427 1900 1641 1958; x_wconf 77' lang='lat' dir='ltr'><strong>futuros</strong></span> <span class='ocrx_word' id='word_1_261' title='bbox 1680 1917 1805 1959; x_wconf 88' lang='lat' dir='ltr'><strong>esse</strong></span> 
     </span>
    </p>
   </div>
   <div class='ocr_carea' id='block_1_35' title="bbox 210 1985 1806 2064">
    <p class='ocr_par' dir='ltr' id='par_1_35' title="bbox 210 1985 1806 2064">
     <span class='ocr_line' id='line_1_35' title="bbox 210 1985 1806 2064; baseline 0.008 -26"><span class='ocrx_word' id='word_1_262' title='bbox 210 1985 718 2057; x_wconf 83' lang='lat' dir='ltr'><strong>pseudoprophetas</strong></span> <span class='ocrx_word' id='word_1_263' title='bbox 745 1995 803 2042; x_wconf 90' lang='lat' dir='ltr'><strong>et</strong></span> <span class='ocrx_word' id='word_1_264' title='bbox 830 1990 1116 2058; x_wconf 87' lang='lat' dir='ltr'><strong>magistros</strong></span> <span class='ocrx_word' id='word_1_265' title='bbox 1167 1991 1472 2054; x_wconf 83' lang='lat' dir='ltr'><strong>mendaces.</strong></span> <span class='ocrx_word' id='word_1_266' title='bbox 1504 2003 1560 2048; x_wconf 90' lang='lat' dir='ltr'><strong>et</strong></span> <span class='ocrx_word' id='word_1_267' title='bbox 1589 2005 1806 2064; x_wconf 85' lang='lat' dir='ltr'><strong>aposta-</strong></span> 
     </span>
    </p>
   </div>
   <div class='ocr_carea' id='block_1_36' title="bbox 212 2075 1804 2152">
    <p class='ocr_par' dir='ltr' id='par_1_36' title="bbox 212 2075 1804 2152">
     <span class='ocr_line' id='line_1_36' title="bbox 212 2075 1804 2152; baseline 0.007 -23"><span class='ocrx_word' id='word_1_268' title='bbox 212 2083 293 2129; x_wconf 84' lang='lat' dir='ltr'><strong>tas</strong></span> <span class='ocrx_word' id='word_1_269' title='bbox 320 2076 379 2130; x_wconf 90' lang='lat' dir='ltr'><strong>in</strong></span> <span class='ocrx_word' id='word_1_270' title='bbox 407 2075 652 2132; x_wconf 85' lang='lat' dir='ltr'><strong>Ecclesia</strong></span> <span class='ocrx_word' id='word_1_271' title='bbox 683 2076 843 2144; x_wconf 90' lang='lat' dir='ltr'><strong>dicit,</strong></span> <span class='ocrx_word' id='word_1_272' title='bbox 884 2080 1025 2135; x_wconf 89' lang='lat' dir='ltr'><strong>sicut</strong></span> <span class='ocrx_word' id='word_1_273' title='bbox 1064 2080 1281 2135; x_wconf 84' lang='lat' dir='ltr'><strong>fuerunt</strong></span> <span class='ocrx_word' id='word_1_274' title='bbox 1316 2082 1367 2136; x_wconf 93' lang='lat' dir='ltr'><strong>in</strong></span> <span class='ocrx_word' id='word_1_275' title='bbox 1397 2083 1594 2152; x_wconf 90' lang='lat' dir='ltr'><strong>populo</strong></span> <span class='ocrx_word' id='word_1_276' title='bbox 1633 2085 1804 2141; x_wconf 87' lang='lat' dir='ltr'><strong>veteri</strong></span> 
     </span>
    </p>
   </div>
   <div class='ocr_carea' id='block_1_37' title="bbox 210 2165 1803 2243">
    <p class='ocr_par' dir='ltr' id='par_1_37' title="bbox 210 2165 1803 2243">
     <span class='ocr_line' id='line_1_37' title="bbox 210 2165 1803 2243; baseline 0.006 -19"><span class='ocrx_word' id='word_1_277' title='bbox 210 2169 297 2241; x_wconf 80' lang='grc' dir='ltr'><strong>(ιι</strong></span> <span class='ocrx_word' id='word_1_278' title='bbox 313 2165 470 2224; x_wconf 77' lang='lat' dir='ltr'><strong>Petr.</strong></span> <span class='ocrx_word' id='word_1_279' title='bbox 497 2185 559 2236; x_wconf 85' lang='lat' dir='ltr'><strong>ll,</strong></span> <span class='ocrx_word' id='word_1_280' title='bbox 577 2170 666 2240; x_wconf 81' lang='lat' dir='ltr'><strong>l):</strong></span> <span class='ocrx_word' id='word_1_281' title='bbox 689 2169 1161 2241; x_wconf 89' lang='lat' dir='ltr'><strong>quibusjudicium</strong></span> <span class='ocrx_word' id='word_1_282' title='bbox 1181 2174 1294 2243; x_wconf 88' lang='lat' dir='ltr'><strong>jam</strong></span> <span class='ocrx_word' id='word_1_283' title='bbox 1320 2175 1448 2230; x_wconf 89' lang='lat' dir='ltr'><strong>olim</strong></span> <span class='ocrx_word' id='word_1_284' title='bbox 1474 2192 1578 2232; x_wconf 91' lang='lat' dir='ltr'><strong>non</strong></span> <span class='ocrx_word' id='word_1_285' title='bbox 1604 2187 1803 2243; x_wconf 87' lang='lat' dir='ltr'><strong>cessat,</strong></span> 
     </span>
    </p>
   </div>
   <div class='ocr_carea' id='block_1_38' title="bbox 213 2260 1804 2336">
    <p class='ocr_par' dir='ltr' id='par_1_38' title="bbox 213 2260 1804 2336">
     <span class='ocr_line' id='line_1_38' title="bbox 213 2260 1804 2336; baseline 0.004 -21"><span class='ocrx_word' id='word_1_286' title='bbox 213 2269 268 2315; x_wconf 89' lang='lat' dir='ltr'><strong>et</strong></span> <span class='ocrx_word' id='word_1_287' title='bbox 303 2260 549 2332; x_wconf 86' lang='lat' dir='ltr'><strong>perditio</strong></span> <span class='ocrx_word' id='word_1_288' title='bbox 589 2275 779 2317; x_wconf 92' lang='lat' dir='ltr'><strong>eorum</strong></span> <span class='ocrx_word' id='word_1_289' title='bbox 822 2277 930 2321; x_wconf 92' lang='lat' dir='ltr'><strong>non</strong></span> <span class='ocrx_word' id='word_1_290' title='bbox 960 2263 1237 2320; x_wconf 86' lang='lat' dir='ltr'><strong>dormitat.</strong></span> <span class='ocrx_word' id='word_1_291' title='bbox 1293 2265 1425 2320; x_wconf 86' lang='lat' dir='ltr'><strong>Item</strong></span> <span class='ocrx_word' id='word_1_292' title='bbox 1455 2265 1621 2321; x_wconf 86' lang='lat' dir='ltr'><strong>Judas</strong></span> <span class='ocrx_word' id='word_1_293' title='bbox 1670 2282 1804 2336; x_wconf 87' lang='lat' dir='ltr'><strong>apo-</strong></span> 
     </span>
    </p>
   </div>
   <div class='ocr_carea' id='block_1_39' title="bbox 213 2349 1807 2427">
    <p class='ocr_par' dir='ltr' id='par_1_39' title="bbox 213 2349 1807 2427">
     <span class='ocr_line' id='line_1_39' title="bbox 213 2349 1807 2427; baseline 0.004 -23"><span class='ocrx_word' id='word_1_294' title='bbox 213 2349 388 2409; x_wconf 78' lang='lat' dir='ltr'><strong>stolus</strong></span> <span class='ocrx_word' id='word_1_295' title='bbox 420 2369 437 2404; x_wconf 91' lang='lat'><strong>:</strong></span> <span class='ocrx_word' id='word_1_296' title='bbox 474 2349 936 2417; x_wconf 84' lang='lat' dir='ltr'><strong>Subintraierunt,</strong></span> <span class='ocrx_word' id='word_1_297' title='bbox 983 2356 1092 2421; x_wconf 88' lang='lat' dir='ltr'><strong>ait,</strong></span> <span class='ocrx_word' id='word_1_298' title='bbox 1139 2356 1354 2426; x_wconf 84' lang='lat' dir='ltr'><strong>quidam</strong></span> <span class='ocrx_word' id='word_1_299' title='bbox 1399 2357 1664 2420; x_wconf 75' lang='lat' dir='ltr'><strong>homines,</strong></span> <span class='ocrx_word' id='word_1_300' title='bbox 1712 2360 1807 2427; x_wconf 85' lang='lat' dir='ltr'><strong>qui</strong></span> 
     </span>
    </p>
   </div>
   <div class='ocr_carea' id='block_1_40' title="bbox 214 2443 1804 2518">
    <p class='ocr_par' dir='ltr' id='par_1_40' title="bbox 214 2443 1804 2518">
     <span class='ocr_line' id='line_1_40' title="bbox 214 2443 1804 2518; baseline 0.005 -23"><span class='ocrx_word' id='word_1_301' title='bbox 214 2443 341 2496; x_wconf 70' lang='lat' dir='ltr'><strong>olim</strong></span> <span class='ocrx_word' id='word_1_302' title='bbox 364 2443 661 2512; x_wconf 71' lang='lat' dir='ltr'><strong>praescripti</strong></span> <span class='ocrx_word' id='word_1_303' title='bbox 698 2454 819 2497; x_wconf 83' lang='lat' dir='ltr'><strong>sunt</strong></span> <span class='ocrx_word' id='word_1_304' title='bbox 856 2446 912 2499; x_wconf 89' lang='lat' dir='ltr'><strong>in</strong></span> <span class='ocrx_word' id='word_1_305' title='bbox 934 2446 1032 2499; x_wconf 83' lang='lat' dir='ltr'><strong>hoc</strong></span> <span class='ocrx_word' id='word_1_306' title='bbox 1051 2446 1316 2515; x_wconf 83' lang='lat' dir='ltr'><strong>judicium</strong></span> <span class='ocrx_word' id='word_1_307' title='bbox 1360 2448 1549 2517; x_wconf 82' lang='lat' dir='ltr'><strong>impii,</strong></span> <span class='ocrx_word' id='word_1_308' title='bbox 1577 2450 1804 2518; x_wconf 83' lang='lat' dir='ltr'><strong>gratiam</strong></span> 
     </span>
    </p>
   </div>
   <div class='ocr_carea' id='block_1_41' title="bbox 213 2535 1803 2608">
    <p class='ocr_par' dir='ltr' id='par_1_41' title="bbox 213 2535 1803 2608">
     <span class='ocr_line' id='line_1_41' title="bbox 213 2535 1803 2608; baseline 0.002 -18"><span class='ocrx_word' id='word_1_309' title='bbox 213 2535 430 2590; x_wconf 76' lang='lat' dir='ltr'><strong>Domini</strong></span> <span class='ocrx_word' id='word_1_310' title='bbox 461 2537 631 2589; x_wconf 77' lang='lat' dir='ltr'><strong>nostri</strong></span> <span class='ocrx_word' id='word_1_311' title='bbox 648 2536 777 2591; x_wconf 89' lang='lat' dir='ltr'><strong>Iesu</strong></span> <span class='ocrx_word' id='word_1_312' title='bbox 801 2536 998 2592; x_wconf 76' lang='lat' dir='ltr'><strong>Christi</strong></span> <span class='ocrx_word' id='word_1_313' title='bbox 1028 2538 1399 2608; x_wconf 78' lang='lat' dir='ltr'><strong>transferentes</strong></span> <span class='ocrx_word' id='word_1_314' title='bbox 1437 2541 1493 2594; x_wconf 88' lang='lat' dir='ltr'><strong>in</strong></span> <span class='ocrx_word' id='word_1_315' title='bbox 1513 2538 1803 2603; x_wconf 75' lang='lat' dir='ltr'><strong>luxuriam,</strong></span> 
     </span>
    </p>
   </div>
   <div class='ocr_carea' id='block_1_42' title="bbox 215 2625 1806 2684">
    <p class='ocr_par' dir='ltr' id='par_1_42' title="bbox 215 2625 1806 2684">
     <span class='ocr_line' id='line_1_42' title="bbox 215 2625 1806 2684; baseline 0.002 -3"><span class='ocrx_word' id='word_1_316' title='bbox 215 2636 263 2681; x_wconf 78' lang='lat' dir='ltr'><strong>et</strong></span> <span class='ocrx_word' id='word_1_317' title='bbox 285 2625 461 2680; x_wconf 85' lang='lat' dir='ltr'><strong>solum</strong></span> <span class='ocrx_word' id='word_1_318' title='bbox 486 2625 653 2680; x_wconf 85' lang='lat' dir='ltr'><strong>Deum</strong></span> <span class='ocrx_word' id='word_1_319' title='bbox 674 2631 936 2683; x_wconf 79' lang='lat' dir='ltr'><strong>auctorem</strong></span> <span class='ocrx_word' id='word_1_320' title='bbox 963 2636 1012 2681; x_wconf 92' lang='lat' dir='ltr'><strong>et</strong></span> <span class='ocrx_word' id='word_1_321' title='bbox 1035 2628 1315 2683; x_wconf 82' lang='lat' dir='ltr'><strong>Dominum</strong></span> <span class='ocrx_word' id='word_1_322' title='bbox 1334 2629 1520 2684; x_wconf 85' lang='lat' dir='ltr'><strong>Iesum</strong></span> <span class='ocrx_word' id='word_1_323' title='bbox 1537 2627 1806 2684; x_wconf 78' lang='lat' dir='ltr'><strong>Christum</strong></span> 
     </span>
    </p>
   </div>
   <div class='ocr_carea' id='block_1_43' title="bbox 218 2716 1807 2791">
    <p class='ocr_par' dir='ltr' id='par_1_43' title="bbox 218 2716 1807 2791">
     <span class='ocr_line' id='line_1_43' title="bbox 218 2716 1807 2791; baseline 0.006 -22"><span class='ocrx_word' id='word_1_324' title='bbox 218 2727 466 2787; x_wconf 80' lang='lat' dir='ltr'><strong>negantes</strong></span> <span class='ocrx_word' id='word_1_325' title='bbox 510 2716 665 2788; x_wconf 87' lang='lat' dir='ltr'><strong>(Iud.</strong></span> <span class='ocrx_word' id='word_1_326' title='bbox 705 2718 785 2790; x_wconf 80' lang='grc'><strong>4).</strong></span> <span class='ocrx_word' id='word_1_327' title='bbox 832 2717 901 2773; x_wconf 90' lang='lat' dir='ltr'><strong>Et</strong></span> <span class='ocrx_word' id='word_1_328' title='bbox 946 2719 1206 2775; x_wconf 87' lang='lat' dir='ltr'><strong>Dominus</strong></span> <span class='ocrx_word' id='word_1_329' title='bbox 1247 2721 1300 2774; x_wconf 90' lang='lat' dir='ltr'><strong>in</strong></span> <span class='ocrx_word' id='word_1_330' title='bbox 1349 2720 1641 2791; x_wconf 87' lang='lat' dir='ltr'><strong>Evangelio</strong></span> <span class='ocrx_word' id='word_1_331' title='bbox 1682 2737 1807 2791; x_wconf 88' lang='lat' dir='ltr'><strong>pec-</strong></span> 
     </span>
    </p>
   </div>
   <div class='ocr_carea' id='block_1_44' title="bbox 217 2807 1809 2881">
    <p class='ocr_par' dir='ltr' id='par_1_44' title="bbox 217 2807 1809 2881">
     <span class='ocr_line' id='line_1_44' title="bbox 217 2807 1809 2881; baseline 0.003 -20"><span class='ocrx_word' id='word_1_332' title='bbox 217 2808 498 2862; x_wconf 81' lang='lat' dir='ltr'><strong>catoribus</strong></span> <span class='ocrx_word' id='word_1_333' title='bbox 521 2826 537 2862; x_wconf 90' lang='lat'><strong>:</strong></span> <span class='ocrx_word' id='word_1_334' title='bbox 558 2807 643 2862; x_wconf 82' lang='lat' dir='ltr'><strong>Ite</strong></span> <span class='ocrx_word' id='word_1_335' title='bbox 674 2809 730 2863; x_wconf 85' lang='lat' dir='ltr'><strong>in</strong></span> <span class='ocrx_word' id='word_1_336' title='bbox 756 2809 929 2880; x_wconf 78' lang='lat' dir='ltr'><strong>ignem</strong></span> <span class='ocrx_word' id='word_1_337' title='bbox 952 2820 1225 2877; x_wconf 59' lang='lat' dir='ltr'><strong>«sternam,</strong></span> <span class='ocrx_word' id='word_1_338' title='bbox 1247 2829 1401 2881; x_wconf 86' lang='lat' dir='ltr'><strong>quem</strong></span> <span class='ocrx_word' id='word_1_339' title='bbox 1419 2813 1622 2881; x_wconf 75' lang='lat' dir='ltr'><strong>paravit</strong></span> <span class='ocrx_word' id='word_1_340' title='bbox 1645 2812 1809 2866; x_wconf 89' lang='lat' dir='ltr'><strong>Pater</strong></span> 
     </span>
    </p>
   </div>
   <div class='ocr_carea' id='block_1_45' title="bbox 219 2900 1802 2976">
    <p class='ocr_par' dir='ltr' id='par_1_45' title="bbox 219 2900 1802 2976">
     <span class='ocr_line' id='line_1_45' title="bbox 219 2900 1802 2976; baseline 0.006 -24"><span class='ocrx_word' id='word_1_341' title='bbox 219 2916 362 2953; x_wconf 78' lang='lat' dir='ltr'><strong>meus</strong></span> <span class='ocrx_word' id='word_1_342' title='bbox 393 2900 613 2955; x_wconf 85' lang='lat' dir='ltr'><strong>diabolo</strong></span> <span class='ocrx_word' id='word_1_343' title='bbox 646 2910 694 2955; x_wconf 88' lang='lat' dir='ltr'><strong>et</strong></span> <span class='ocrx_word' id='word_1_344' title='bbox 730 2903 931 2972; x_wconf 77' lang='lat' dir='ltr'><strong>angelis</strong></span> <span class='ocrx_word' id='word_1_345' title='bbox 975 2906 1125 2974; x_wconf 77' lang='lat' dir='ltr'><strong>ejus;</strong></span> <span class='ocrx_word' id='word_1_346' title='bbox 1155 2906 1555 2976; x_wconf 66' lang='lat' dir='ltr'><strong>prmtlestiliatis</strong></span> <span class='ocrx_word' id='word_1_347' title='bbox 1586 2915 1802 2961; x_wconf 88' lang='lat' dir='ltr'><strong>autem:</strong></span> 
     </span>
    </p>
   </div>
   <div class='ocr_carea' id='block_1_46' title="bbox 227 2988 1807 3067">
    <p class='ocr_par' dir='ltr' id='par_1_46' title="bbox 227 2988 1807 3067">
     <span class='ocr_line' id='line_1_46' title="bbox 227 2988 1807 3067; baseline 0.006 -25"><span class='ocrx_word' id='word_1_348' title='bbox 227 2988 434 3055; x_wconf 79' lang='lat' dir='ltr'><strong>Venite,</strong></span> <span class='ocrx_word' id='word_1_349' title='bbox 449 2992 706 3047; x_wconf 81' lang='lat' dir='ltr'><strong>benedicti</strong></span> <span class='ocrx_word' id='word_1_350' title='bbox 729 2991 908 3048; x_wconf 86' lang='lat' dir='ltr'><strong>Patris</strong></span> <span class='ocrx_word' id='word_1_351' title='bbox 922 2998 1043 3058; x_wconf 89' lang='lat' dir='ltr'><strong>mei,</strong></span> <span class='ocrx_word' id='word_1_352' title='bbox 1057 2999 1304 3067; x_wconf 83' lang='lat' dir='ltr'><strong>percipite</strong></span> <span class='ocrx_word' id='word_1_353' title='bbox 1326 3014 1540 3067; x_wconf 84' lang='lat' dir='ltr'><strong>regnum</strong></span> <span class='ocrx_word' id='word_1_354' title='bbox 1562 3009 1807 3067; x_wconf 88' lang='lat' dir='ltr'><strong>paratum</strong></span> 
     </span>
    </p>
   </div>
   <div class='ocr_carea' id='block_1_47' title="bbox 220 3082 1808 3157">
    <p class='ocr_par' dir='ltr' id='par_1_47' title="bbox 220 3082 1808 3157">
     <span class='ocr_line' id='line_1_47' title="bbox 220 3082 1808 3157; baseline 0.008 -24"><span class='ocrx_word' id='word_1_355' title='bbox 220 3082 362 3134; x_wconf 70' lang='lat' dir='ltr'><strong>vobis</strong></span> <span class='ocrx_word' id='word_1_356' title='bbox 405 3082 477 3135; x_wconf 80' lang='lat' dir='ltr'><strong>ab</strong></span> <span class='ocrx_word' id='word_1_357' title='bbox 507 3082 711 3152; x_wconf 84' lang='lat' dir='ltr'><strong>origine</strong></span> <span class='ocrx_word' id='word_1_358' title='bbox 748 3086 931 3139; x_wconf 86' lang='lat' dir='ltr'><strong>mundi</strong></span> <span class='ocrx_word' id='word_1_359' title='bbox 953 3086 1171 3157; x_wconf 79' lang='lat' dir='ltr'><strong>(Matth.</strong></span> <span class='ocrx_word' id='word_1_360' title='bbox 1200 3104 1328 3154; x_wconf 79' lang='lat' dir='ltr'><strong>xxv,</strong></span> <span class='ocrx_word' id='word_1_361' title='bbox 1355 3089 1450 3153; x_wconf 78' lang='grc'><strong>41,</strong></span> <span class='ocrx_word' id='word_1_362' title='bbox 1477 3090 1590 3157; x_wconf 72' lang='grc'><strong>54),</strong></span> <span class='ocrx_word' id='word_1_363' title='bbox 1641 3090 1693 3144; x_wconf 87' lang='lat' dir='ltr'><strong>id</strong></span> <span class='ocrx_word' id='word_1_364' title='bbox 1723 3099 1808 3146; x_wconf 90' lang='lat' dir='ltr'><strong>est</strong></span> 
     </span>
    </p>
   </div>
   <div class='ocr_carea' id='block_1_48' title="bbox 218 3171 1809 3251">
    <p class='ocr_par' dir='ltr' id='par_1_48' title="bbox 218 3171 1809 3251">
     <span class='ocr_line' id='line_1_48' title="bbox 218 3171 1809 3251; baseline 0.007 -27"><span class='ocrx_word' id='word_1_365' title='bbox 218 3171 690 3240; x_wconf 60' lang='lat' dir='ltr'><strong>praedestinatum.</strong></span> <span class='ocrx_word' id='word_1_366' title='bbox 719 3174 972 3231; x_wconf 87' lang='lat' dir='ltr'><strong>Tenenda</strong></span> <span class='ocrx_word' id='word_1_367' title='bbox 1001 3186 1084 3232; x_wconf 91' lang='lat' dir='ltr'><strong>est</strong></span> <span class='ocrx_word' id='word_1_368' title='bbox 1112 3177 1274 3247; x_wconf 87' lang='lat' dir='ltr'><strong>igitur</strong></span> <span class='ocrx_word' id='word_1_369' title='bbox 1302 3178 1622 3234; x_wconf 88' lang='lat' dir='ltr'><strong>inconcussa</strong></span> <span class='ocrx_word' id='word_1_370' title='bbox 1649 3180 1809 3251; x_wconf 85' lang='lat' dir='ltr'><strong>hujus</strong></span> 
     </span>
    </p>
   </div>
   <div class='ocr_carea' id='block_1_49' title="bbox 221 3264 1809 3337">
    <p class='ocr_par' dir='ltr' id='par_1_49' title="bbox 221 3264 1809 3337">
     <span class='ocr_line' id='line_1_49' title="bbox 221 3264 1809 3337; baseline 0.006 -21"><span class='ocrx_word' id='word_1_371' title='bbox 221 3264 612 3334; x_wconf 81' lang='lat' dir='ltr'><strong>disputationis</strong></span> <span class='ocrx_word' id='word_1_372' title='bbox 641 3267 847 3336; x_wconf 88' lang='lat' dir='ltr'><strong>regula,</strong></span> <span class='ocrx_word' id='word_1_373' title='bbox 874 3284 980 3337; x_wconf 91' lang='lat' dir='ltr'><strong>qua</strong></span> <span class='ocrx_word' id='word_1_374' title='bbox 1010 3269 1214 3324; x_wconf 91' lang='lat' dir='ltr'><strong>divinis</strong></span> <span class='ocrx_word' id='word_1_375' title='bbox 1240 3270 1565 3325; x_wconf 88' lang='lat' dir='ltr'><strong>testimoniis</strong></span> <span class='ocrx_word' id='word_1_376' title='bbox 1592 3270 1809 3335; x_wconf 90' lang='lat' dir='ltr'><strong>claruit,</strong></span> 
     </span>
    </p>
   </div>
   <div class='ocr_carea' id='block_1_50' title="bbox 218 3356 1812 3430">
    <p class='ocr_par' dir='ltr' id='par_1_50' title="bbox 218 3356 1812 3430">
     <span class='ocr_line' id='line_1_50' title="bbox 218 3356 1812 3430; baseline 0.003 -21"><span class='ocrx_word' id='word_1_377' title='bbox 218 3365 545 3424; x_wconf 83' lang='lat' dir='ltr'><strong>peccatores</strong></span> <span class='ocrx_word' id='word_1_378' title='bbox 591 3356 647 3409; x_wconf 89' lang='lat' dir='ltr'><strong>in</strong></span> <span class='ocrx_word' id='word_1_379' title='bbox 691 3357 850 3413; x_wconf 87' lang='lat' dir='ltr'><strong>malis</strong></span> <span class='ocrx_word' id='word_1_380' title='bbox 895 3359 1150 3429; x_wconf 90' lang='lat' dir='ltr'><strong>propriis,</strong></span> <span class='ocrx_word' id='word_1_381' title='bbox 1196 3369 1485 3430; x_wconf 87' lang='lat' dir='ltr'><strong>antequam</strong></span> <span class='ocrx_word' id='word_1_382' title='bbox 1529 3371 1715 3416; x_wconf 84' lang='lat' dir='ltr'><strong>essent</strong></span> <span class='ocrx_word' id='word_1_383' title='bbox 1757 3362 1812 3416; x_wconf 91' lang='lat' dir='ltr'><strong>in</strong></span> 
     </span>
    </p>
   </div>
   <div class='ocr_carea' id='block_1_51' title="bbox 1906 1897 3495 1969">
    <p class='ocr_par' dir='ltr' id='par_1_51' title="bbox 1906 1897 3495 1969">
     <span class='ocr_line' id='line_1_51' title="bbox 1906 1897 3495 1969; baseline -0.004 -14"><span class='ocrx_word' id='word_1_384' title='bbox 1906 1902 2054 1956; x_wconf 90' lang='lat' dir='ltr'><strong>tione</strong></span> <span class='ocrx_word' id='word_1_385' title='bbox 2087 1901 2359 1956; x_wconf 88' lang='lat' dir='ltr'><strong>subvenit.</strong></span> <span class='ocrx_word' id='word_1_386' title='bbox 2398 1899 2476 1954; x_wconf 93' lang='lat' dir='ltr'><strong>De</strong></span> <span class='ocrx_word' id='word_1_387' title='bbox 2518 1900 2606 1954; x_wconf 88' lang='lat' dir='ltr'><strong>his</strong></span> <span class='ocrx_word' id='word_1_388' title='bbox 2648 1908 2829 1954; x_wconf 89' lang='lat' dir='ltr'><strong>autem</strong></span> <span class='ocrx_word' id='word_1_389' title='bbox 2859 1900 3052 1969; x_wconf 90' lang='lat' dir='ltr'><strong>quibus</strong></span> <span class='ocrx_word' id='word_1_390' title='bbox 3074 1914 3182 1954; x_wconf 90' lang='lat' dir='ltr'><strong>non</strong></span> <span class='ocrx_word' id='word_1_391' title='bbox 3218 1897 3495 1962; x_wconf 85' lang='lat' dir='ltr'><strong>subvenit,</strong></span> 
     </span>
    </p>
   </div>
   <div class='ocr_carea' id='block_1_52' title="bbox 1906 1988 3494 2062">
    <p class='ocr_par' dir='ltr' id='par_1_52' title="bbox 1906 1988 3494 2062">
     <span class='ocr_line' id='line_1_52' title="bbox 1906 1988 3494 2062; baseline -0.004 -14"><span class='ocrx_word' id='word_1_392' title='bbox 1906 1993 2050 2048; x_wconf 84' lang='lat' dir='ltr'><strong>aliud</strong></span> <span class='ocrx_word' id='word_1_393' title='bbox 2073 1992 2126 2046; x_wconf 92' lang='lat' dir='ltr'><strong>in</strong></span> <span class='ocrx_word' id='word_1_394' title='bbox 2160 2007 2257 2047; x_wconf 89' lang='lat' dir='ltr'><strong>sua</strong></span> <span class='ocrx_word' id='word_1_395' title='bbox 2284 1990 2757 2062; x_wconf 69' lang='lat' dir='ltr'><strong>praedestinatione</strong></span> <span class='ocrx_word' id='word_1_396' title='bbox 2779 1989 2991 2045; x_wconf 89' lang='lat' dir='ltr'><strong>occulte</strong></span> <span class='ocrx_word' id='word_1_397' title='bbox 3022 1989 3238 2059; x_wconf 89' lang='lat' dir='ltr'><strong>quidem</strong></span> <span class='ocrx_word' id='word_1_398' title='bbox 3266 2004 3323 2043; x_wconf 90' lang='lat' dir='ltr'><strong>se</strong></span> <span class='ocrx_word' id='word_1_399' title='bbox 3344 1988 3494 2059; x_wconf 88' lang='lat' dir='ltr'><strong>juste</strong></span> 
     </span>
    </p>
   </div>
   <div class='ocr_carea' id='block_1_53' title="bbox 1898 2077 3497 2154">
    <p class='ocr_par' dir='ltr' id='par_1_53' title="bbox 1898 2077 3497 2154">
     <span class='ocr_line' id='line_1_53' title="bbox 1898 2077 3497 2154; baseline -0.004 -15"><span class='ocrx_word' id='word_1_400' title='bbox 1898 2082 2162 2154; x_wconf 86' lang='lat' dir='ltr'><strong>judicavit</strong></span> <span class='ocrx_word' id='word_1_401' title='bbox 2204 2097 2221 2146; x_wconf 86' lang='lat'><strong>;</strong></span> <span class='ocrx_word' id='word_1_402' title='bbox 2261 2090 2319 2136; x_wconf 91' lang='lat' dir='ltr'><strong>et</strong></span> <span class='ocrx_word' id='word_1_403' title='bbox 2358 2081 2487 2151; x_wconf 90' lang='lat' dir='ltr'><strong>quid</strong></span> <span class='ocrx_word' id='word_1_404' title='bbox 2536 2079 2869 2149; x_wconf 88' lang='lat' dir='ltr'><strong>judicaverit</strong></span> <span class='ocrx_word' id='word_1_405' title='bbox 2916 2080 2971 2134; x_wconf 92' lang='lat' dir='ltr'><strong>in</strong></span> <span class='ocrx_word' id='word_1_406' title='bbox 3033 2077 3497 2148; x_wconf 82' lang='lat' dir='ltr'><strong>subsequentibus</strong></span> 
     </span>
    </p>
   </div>
   <div class='ocr_carea' id='block_1_54' title="bbox 1904 2170 3493 2245">
    <p class='ocr_par' dir='ltr' id='par_1_54' title="bbox 1904 2170 3493 2245">
     <span class='ocr_line' id='line_1_54' title="bbox 1904 2170 3493 2245; baseline -0.003 -17"><span class='ocrx_word' id='word_1_407' title='bbox 1904 2174 2246 2245; x_wconf 85' lang='lat' dir='ltr'><strong>apertissime</strong></span> <span class='ocrx_word' id='word_1_408' title='bbox 2264 2173 2429 2228; x_wconf 81' lang='lat' dir='ltr'><strong>dicit:</strong></span> <span class='ocrx_word' id='word_1_409' title='bbox 2469 2171 2584 2227; x_wconf 85' lang='lat' dir='ltr'><strong>Non</strong></span> <span class='ocrx_word' id='word_1_410' title='bbox 2610 2172 2754 2227; x_wconf 92' lang='lat' dir='ltr'><strong>enim</strong></span> <span class='ocrx_word' id='word_1_411' title='bbox 2777 2178 2887 2237; x_wconf 89' lang='lat' dir='ltr'><strong>est,</strong></span> <span class='ocrx_word' id='word_1_412' title='bbox 2932 2171 3200 2241; x_wconf 85' lang='lat' dir='ltr'><strong>inquiens,</strong></span> <span class='ocrx_word' id='word_1_413' title='bbox 3230 2170 3493 2240; x_wconf 85' lang='lat' dir='ltr'><strong>iniquitas</strong></span> 
     </span>
    </p>
   </div>
   <div class='ocr_carea' id='block_1_55' title="bbox 1906 2261 3502 2335">
    <p class='ocr_par' dir='ltr' id='par_1_55' title="bbox 1906 2261 3502 2335">
     <span class='ocr_line' id='line_1_55' title="bbox 1906 2261 3502 2335; baseline -0.001 -15"><span class='ocrx_word' id='word_1_414' title='bbox 1906 2265 2048 2335; x_wconf 86' lang='lat' dir='ltr'><strong>apud</strong></span> <span class='ocrx_word' id='word_1_415' title='bbox 2093 2265 2263 2321; x_wconf 87' lang='lat' dir='ltr'><strong>Deum</strong></span> <span class='ocrx_word' id='word_1_416' title='bbox 2293 2281 2306 2318; x_wconf 93' lang='lat'>:</span> <span class='ocrx_word' id='word_1_417' title='bbox 2340 2264 2435 2319; x_wconf 88' lang='lat' dir='ltr'><strong>sed</strong></span> <span class='ocrx_word' id='word_1_418' title='bbox 2473 2263 2846 2318; x_wconf 87' lang='lat' dir='ltr'><strong>inscrutabilia</strong></span> <span class='ocrx_word' id='word_1_419' title='bbox 2877 2271 3004 2318; x_wconf 87' lang='lat' dir='ltr'><strong>sunt</strong></span> <span class='ocrx_word' id='word_1_420' title='bbox 3030 2262 3231 2332; x_wconf 87' lang='lat' dir='ltr'><strong>judicia</strong></span> <span class='ocrx_word' id='word_1_421' title='bbox 3260 2261 3397 2332; x_wconf 86' lang='lat' dir='ltr'><strong>ejus,</strong></span> <span class='ocrx_word' id='word_1_422' title='bbox 3439 2269 3502 2318; x_wconf 78' lang='lat' dir='ltr'><strong>et</strong></span> 
     </span>
    </p>
   </div>
   <div class='ocr_carea' id='block_1_56' title="bbox 1906 2354 3499 2427">
    <p class='ocr_par' dir='ltr' id='par_1_56' title="bbox 1906 2354 3499 2427">
     <span class='ocr_line' id='line_1_56' title="bbox 1906 2354 3499 2427; baseline -0.003 -14"><span class='ocrx_word' id='word_1_423' title='bbox 1906 2357 2310 2426; x_wconf 86' lang='lat' dir='ltr'><strong>investignbiles</strong></span> <span class='ocrx_word' id='word_1_424' title='bbox 2328 2357 2429 2411; x_wconf 63' lang='lat' dir='ltr'><strong>viae</strong></span> <span class='ocrx_word' id='word_1_425' title='bbox 2448 2355 2565 2424; x_wconf 89' lang='lat' dir='ltr'><strong>ejus</strong></span> <span class='ocrx_word' id='word_1_426' title='bbox 2578 2354 2755 2426; x_wconf 85' lang='lat' dir='ltr'><strong>(Rom.</strong></span> <span class='ocrx_word' id='word_1_427' title='bbox 2777 2372 2859 2422; x_wconf 72' lang='grc' dir='ltr'><strong>ιι,</strong></span> <span class='ocrx_word' id='word_1_428' title='bbox 2880 2356 2971 2427; x_wconf 78' lang='lat'><strong>&#39;53)</strong></span> <span class='ocrx_word' id='word_1_429' title='bbox 2990 2374 3003 2410; x_wconf 90' lang='lat'><strong>:</strong></span> <span class='ocrx_word' id='word_1_430' title='bbox 3029 2356 3295 2410; x_wconf 78' lang='lat' dir='ltr'><strong>universae</strong></span> <span class='ocrx_word' id='word_1_431' title='bbox 3314 2362 3499 2409; x_wconf 86' lang='lat' dir='ltr'><strong>autem</strong></span> 
     </span>
    </p>
   </div>
   <div class='ocr_carea' id='block_1_57' title="bbox 1905 2443 3498 2516">
    <p class='ocr_par' dir='ltr' id='par_1_57' title="bbox 1905 2443 3498 2516">
     <span class='ocr_line' id='line_1_57' title="bbox 1905 2443 3498 2516; baseline -0.004 -14"><span class='ocrx_word' id='word_1_432' title='bbox 1905 2449 2007 2502; x_wconf 66' lang='lat' dir='ltr'><strong>viae</strong></span> <span class='ocrx_word' id='word_1_433' title='bbox 2048 2447 2261 2502; x_wconf 91' lang='lat' dir='ltr'><strong>Domini</strong></span> <span class='ocrx_word' id='word_1_434' title='bbox 2284 2446 2660 2502; x_wconf 88' lang='lat' dir='ltr'><strong>misericordia</strong></span> <span class='ocrx_word' id='word_1_435' title='bbox 2687 2455 2743 2501; x_wconf 89' lang='lat' dir='ltr'><strong>et</strong></span> <span class='ocrx_word' id='word_1_436' title='bbox 2770 2446 2973 2502; x_wconf 89' lang='lat' dir='ltr'><strong>veritas</strong></span> <span class='ocrx_word' id='word_1_437' title='bbox 2998 2444 3177 2516; x_wconf 85' lang='lat' dir='ltr'><strong>(Psal.</strong></span> <span class='ocrx_word' id='word_1_438' title='bbox 3204 2460 3355 2509; x_wconf 81' lang='lat' dir='ltr'><strong>xxw,</strong></span> <span class='ocrx_word' id='word_1_439' title='bbox 3383 2443 3498 2514; x_wconf 73' lang='lat'><strong>10).</strong></span> 
     </span>
    </p>
   </div>
   <div class='ocr_carea' id='block_1_58' title="bbox 1912 2533 3499 2608">
    <p class='ocr_par' dir='ltr' id='par_1_58' title="bbox 1912 2533 3499 2608">
     <span class='ocr_line' id='line_1_58' title="bbox 1912 2533 3499 2608; baseline -0.003 -18"><span class='ocrx_word' id='word_1_440' title='bbox 1912 2557 1931 2590; x_wconf 72' lang='grc' dir='ltr'><strong>ε</strong></span> <span class='ocrx_word' id='word_1_441' title='bbox 1962 2537 2355 2608; x_wconf 86' lang='lat' dir='ltr'><strong>lnvestigabilis</strong></span> <span class='ocrx_word' id='word_1_442' title='bbox 2379 2552 2509 2607; x_wconf 91' lang='lat' dir='ltr'><strong>ergo</strong></span> <span class='ocrx_word' id='word_1_443' title='bbox 2534 2545 2617 2592; x_wconf 85' lang='lat' dir='ltr'><strong>est</strong></span> <span class='ocrx_word' id='word_1_444' title='bbox 2635 2536 3029 2603; x_wconf 85' lang='lat' dir='ltr'><strong>misericordia,</strong></span> <span class='ocrx_word' id='word_1_445' title='bbox 3057 2535 3180 2605; x_wconf 91' lang='lat' dir='ltr'><strong>quia</strong></span> <span class='ocrx_word' id='word_1_446' title='bbox 3209 2534 3362 2603; x_wconf 88' lang='lat' dir='ltr'><strong>cujus</strong></span> <span class='ocrx_word' id='word_1_447' title='bbox 3384 2533 3499 2586; x_wconf 88' lang='lat' dir='ltr'><strong>vult</strong></span> 
     </span>
    </p>
   </div>
   <div class='ocr_carea' id='block_1_59' title="bbox 1906 2620 3499 2695">
    <p class='ocr_par' dir='ltr' id='par_1_59' title="bbox 1906 2620 3499 2695">
     <span class='ocr_line' id='line_1_59' title="bbox 1906 2620 3499 2695; baseline -0.007 -12"><span class='ocrx_word' id='word_1_448' title='bbox 1906 2627 2215 2691; x_wconf 88' lang='lat' dir='ltr'><strong>miseretur,</strong></span> <span class='ocrx_word' id='word_1_449' title='bbox 2252 2626 2413 2681; x_wconf 85' lang='lat' dir='ltr'><strong>nullis</strong></span> <span class='ocrx_word' id='word_1_450' title='bbox 2435 2625 2555 2695; x_wconf 89' lang='lat' dir='ltr'><strong>ejus</strong></span> <span class='ocrx_word' id='word_1_451' title='bbox 2582 2624 3012 2695; x_wconf 63' lang='lat' dir='ltr'><strong>praecedentibus</strong></span> <span class='ocrx_word' id='word_1_452' title='bbox 3047 2623 3258 2680; x_wconf 87' lang='lat' dir='ltr'><strong>meritis</strong></span> <span class='ocrx_word' id='word_1_453' title='bbox 3286 2626 3303 2675; x_wconf 66' lang='lat'><strong>:‘</strong></span> <span class='ocrx_word' id='word_1_454' title='bbox 3329 2629 3385 2675; x_wconf 89' lang='lat' dir='ltr'><strong>et</strong></span> <span class='ocrx_word' id='word_1_455' title='bbox 3410 2620 3499 2673; x_wconf 78' lang='lat' dir='ltr'><strong>in-</strong></span> 
     </span>
    </p>
   </div>
   <div class='ocr_carea' id='block_1_60' title="bbox 1906 2707 3501 2788">
    <p class='ocr_par' dir='ltr' id='par_1_60' title="bbox 1906 2707 3501 2788">
     <span class='ocr_line' id='line_1_60' title="bbox 1906 2707 3501 2788; baseline -0.007 -13"><span class='ocrx_word' id='word_1_456' title='bbox 1906 2717 2237 2788; x_wconf 88' lang='lat' dir='ltr'><strong>vestigabilis</strong></span> <span class='ocrx_word' id='word_1_457' title='bbox 2280 2717 2508 2780; x_wconf 90' lang='lat' dir='ltr'><strong>veritas,</strong></span> <span class='ocrx_word' id='word_1_458' title='bbox 2546 2715 2676 2785; x_wconf 87' lang='lat' dir='ltr'><strong>quia</strong></span> <span class='ocrx_word' id='word_1_459' title='bbox 2728 2729 2889 2784; x_wconf 90' lang='lat' dir='ltr'><strong>quem</strong></span> <span class='ocrx_word' id='word_1_460' title='bbox 2934 2711 3050 2766; x_wconf 88' lang='lat' dir='ltr'><strong>vult</strong></span> <span class='ocrx_word' id='word_1_461' title='bbox 3084 2711 3334 2775; x_wconf 87' lang='lat' dir='ltr'><strong>obdurat,</strong></span> <span class='ocrx_word' id='word_1_462' title='bbox 3381 2707 3501 2777; x_wconf 84' lang='lat' dir='ltr'><strong>ejus</strong></span> 
     </span>
    </p>
   </div>
   <div class='ocr_carea' id='block_1_61' title="bbox 1908 2801 3502 2879">
    <p class='ocr_par' dir='ltr' id='par_1_61' title="bbox 1908 2801 3502 2879">
     <span class='ocr_line' id='line_1_61' title="bbox 1908 2801 3502 2879; baseline -0.005 -16"><span class='ocrx_word' id='word_1_463' title='bbox 1908 2809 2126 2879; x_wconf 91' lang='lat' dir='ltr'><strong>quidem</strong></span> <span class='ocrx_word' id='word_1_464' title='bbox 2187 2806 2617 2877; x_wconf 71' lang='lat' dir='ltr'><strong>praecedentibus</strong></span> <span class='ocrx_word' id='word_1_465' title='bbox 2678 2804 2911 2866; x_wconf 90' lang='lat' dir='ltr'><strong>meritis,</strong></span> <span class='ocrx_word' id='word_1_466' title='bbox 2961 2802 3057 2858; x_wconf 89' lang='lat' dir='ltr'><strong>sed</strong></span> <span class='ocrx_word' id='word_1_467' title='bbox 3091 2817 3215 2857; x_wconf 89' lang='lat' dir='ltr'><strong>cum</strong></span> <span class='ocrx_word' id='word_1_468' title='bbox 3246 2815 3313 2856; x_wconf 90' lang='lat' dir='ltr'><strong>eo</strong></span> <span class='ocrx_word' id='word_1_469' title='bbox 3346 2801 3502 2870; x_wconf 84' lang='lat' dir='ltr'><strong>cujus</strong></span> 
     </span>
    </p>
   </div>
   <div class='ocr_carea' id='block_1_62' title="bbox 1910 2894 3503 2968">
    <p class='ocr_par' dir='ltr' id='par_1_62' title="bbox 1910 2894 3503 2968">
     <span class='ocr_line' id='line_1_62' title="bbox 1910 2894 3503 2968; baseline -0.005 -12"><span class='ocrx_word' id='word_1_470' title='bbox 1910 2902 2201 2965; x_wconf 85' lang='lat' dir='ltr'><strong>miseretur</strong></span> <span class='ocrx_word' id='word_1_471' title='bbox 2247 2898 2570 2968; x_wconf 90' lang='lat' dir='ltr'><strong>plerumque</strong></span> <span class='ocrx_word' id='word_1_472' title='bbox 2627 2897 3028 2960; x_wconf 88' lang='lat' dir='ltr'><strong>communibus,</strong></span> <span class='ocrx_word' id='word_1_473' title='bbox 3083 2896 3224 2950; x_wconf 91' lang='lat' dir='ltr'><strong>sicut</strong></span> <span class='ocrx_word' id='word_1_474' title='bbox 3270 2894 3503 2948; x_wconf 86' lang='lat' dir='ltr'><strong>duorum</strong></span> 
     </span>
    </p>
   </div>
   <div class='ocr_carea' id='block_1_63' title="bbox 1910 2982 3502 3065">
    <p class='ocr_par' dir='ltr' id='par_1_63' title="bbox 1910 2982 3502 3065">
     <span class='ocr_line' id='line_1_63' title="bbox 1910 2982 3502 3065; baseline -0.009 -17"><span class='ocrx_word' id='word_1_475' title='bbox 1910 2993 2272 3065; x_wconf 88' lang='lat' dir='ltr'><strong>geminorum,</strong></span> <span class='ocrx_word' id='word_1_476' title='bbox 2311 3006 2543 3060; x_wconf 90' lang='lat' dir='ltr'><strong>quorum</strong></span> <span class='ocrx_word' id='word_1_477' title='bbox 2566 3005 2706 3044; x_wconf 90' lang='lat' dir='ltr'><strong>unus</strong></span> <span class='ocrx_word' id='word_1_478' title='bbox 2733 2988 3049 3052; x_wconf 86' lang='lat' dir='ltr'><strong>assumitur,</strong></span> <span class='ocrx_word' id='word_1_479' title='bbox 3089 2995 3146 3041; x_wconf 91' lang='lat' dir='ltr'><strong>et</strong></span> <span class='ocrx_word' id='word_1_480' title='bbox 3168 3000 3309 3040; x_wconf 90' lang='lat' dir='ltr'><strong>unus</strong></span> <span class='ocrx_word' id='word_1_481' title='bbox 3333 2982 3502 3038; x_wconf 86' lang='lat' dir='ltr'><strong>relin-</strong></span> 
     </span>
    </p>
   </div>
   <div class='ocr_carea' id='block_1_64' title="bbox 1911 3077 3506 3155">
    <p class='ocr_par' dir='ltr' id='par_1_64' title="bbox 1911 3077 3506 3155">
     <span class='ocr_line' id='line_1_64' title="bbox 1911 3077 3506 3155; baseline -0.007 -16"><span class='ocrx_word' id='word_1_482' title='bbox 1911 3086 2115 3155; x_wconf 90' lang='lat' dir='ltr'><strong>quitur.</strong></span> <span class='ocrx_word' id='word_1_483' title='bbox 2152 3103 2171 3135; x_wconf 70' lang='grc' dir='ltr'><strong>ι</strong></span> <span class='ocrx_word' id='word_1_484' title='bbox 2223 3082 2364 3137; x_wconf 87' lang='lat' dir='ltr'><strong>Ecce</strong></span> <span class='ocrx_word' id='word_1_485' title='bbox 2392 3082 2519 3152; x_wconf 87' lang='lat' dir='ltr'><strong>quid</strong></span> <span class='ocrx_word' id='word_1_486' title='bbox 2550 3090 2632 3136; x_wconf 82' lang='lat' dir='ltr'><strong>est</strong></span> <span class='ocrx_word' id='word_1_487' title='bbox 2656 3079 2784 3135; x_wconf 90' lang='lat' dir='ltr'><strong>illud</strong></span> <span class='ocrx_word' id='word_1_488' title='bbox 2811 3079 2977 3145; x_wconf 90' lang='lat' dir='ltr'><strong>aliud,</strong></span> <span class='ocrx_word' id='word_1_489' title='bbox 3009 3078 3154 3149; x_wconf 91' lang='lat' dir='ltr'><strong>quod</strong></span> <span class='ocrx_word' id='word_1_490' title='bbox 3176 3077 3230 3131; x_wconf 90' lang='lat' dir='ltr'><strong>in</strong></span> <span class='ocrx_word' id='word_1_491' title='bbox 3251 3090 3348 3131; x_wconf 89' lang='lat' dir='ltr'><strong>sua</strong></span> <span class='ocrx_word' id='word_1_492' title='bbox 3371 3088 3506 3146; x_wconf 67' lang='lat' dir='ltr'><strong>pra:-</strong></span> 
     </span>
    </p>
   </div>
   <div class='ocr_carea' id='block_1_65' title="bbox 1919 3172 2862 3242">
    <p class='ocr_par' dir='ltr' id='par_1_65' title="bbox 1919 3172 2862 3242">
     <span class='ocr_line' id='line_1_65' title="bbox 1919 3172 2862 3242; baseline -0.008 -8"><span class='ocrx_word' id='word_1_493' title='bbox 1919 3177 2280 3234; x_wconf 86' lang='lat' dir='ltr'><strong>deslinatione</strong></span> <span class='ocrx_word' id='word_1_494' title='bbox 2304 3175 2565 3229; x_wconf 91' lang='lat' dir='ltr'><strong>Dominus</strong></span> <span class='ocrx_word' id='word_1_495' title='bbox 2582 3172 2862 3242; x_wconf 87' lang='lat' dir='ltr'><strong>judicavit.</strong></span> 
     </span>
    </p>
   </div>
   <div class='ocr_carea' id='block_1_66' title="bbox 1990 3256 3504 3335">
    <p class='ocr_par' dir='ltr' id='par_1_66' title="bbox 1990 3256 3504 3335">
     <span class='ocr_line' id='line_1_66' title="bbox 1990 3256 3504 3335; baseline -0.007 -13"><span class='ocrx_word' id='word_1_496' title='bbox 1990 3268 2128 3323; x_wconf 90' lang='lat' dir='ltr'><strong>llinc</strong></span> <span class='ocrx_word' id='word_1_497' title='bbox 2173 3266 2405 3335; x_wconf 88' lang='lat' dir='ltr'><strong>denique</strong></span> <span class='ocrx_word' id='word_1_498' title='bbox 2444 3272 2744 3333; x_wconf 90' lang='lat' dir='ltr'><strong>sequuntur</strong></span> <span class='ocrx_word' id='word_1_499' title='bbox 2790 3263 2954 3317; x_wconf 87' lang='lat' dir='ltr'><strong>verba</strong></span> <span class='ocrx_word' id='word_1_500' title='bbox 3004 3260 3175 3331; x_wconf 89' lang='lat' dir='ltr'><strong>ipsius</strong></span> <span class='ocrx_word' id='word_1_501' title='bbox 3216 3256 3504 3328; x_wconf 74' lang='lat' dir='ltr'><strong>Augustini</strong></span> 
     </span>
    </p>
   </div>
   <div class='ocr_carea' id='block_1_67' title="bbox 1919 3349 3509 3428">
    <p class='ocr_par' dir='ltr' id='par_1_67' title="bbox 1919 3349 3509 3428">
     <span class='ocr_line' id='line_1_67' title="bbox 1919 3349 3509 3428; baseline -0.009 -11"><span class='ocrx_word' id='word_1_502' title='bbox 1919 3363 1972 3417; x_wconf 92' lang='lat' dir='ltr'><strong>in</strong></span> <span class='ocrx_word' id='word_1_503' title='bbox 2003 3360 2141 3416; x_wconf 90' lang='lat' dir='ltr'><strong>libro</strong></span> <span class='ocrx_word' id='word_1_504' title='bbox 2179 3360 2246 3415; x_wconf 89' lang='lat' dir='ltr'><strong>de</strong></span> <span class='ocrx_word' id='word_1_505' title='bbox 2282 3358 2431 3413; x_wconf 86' lang='lat' dir='ltr'><strong>Bono</strong></span> <span class='ocrx_word' id='word_1_506' title='bbox 2466 3356 2882 3428; x_wconf 69' lang='lat' dir='ltr'><strong>perseverantia:</strong></span> <span class='ocrx_word' id='word_1_507' title='bbox 2912 3372 2926 3407; x_wconf 90' lang='lat'><strong>:</strong></span> <span class='ocrx_word' id='word_1_508' title='bbox 2960 3372 2979 3405; x_wconf 72' lang='grc' dir='ltr'>ι</span> <span class='ocrx_word' id='word_1_509' title='bbox 3017 3353 3214 3423; x_wconf 89' lang='lat' dir='ltr'><strong>Dispar</strong></span> <span class='ocrx_word' id='word_1_510' title='bbox 3252 3359 3336 3406; x_wconf 89' lang='lat' dir='ltr'><strong>est</strong></span> <span class='ocrx_word' id='word_1_511' title='bbox 3390 3349 3509 3403; x_wconf 84' lang='lat' dir='ltr'><strong>exi-</strong></span> 
     </span>
    </p>
   </div>
   <div class='ocr_carea' id='block_1_68' title="bbox 222 3438 3510 3524">
    <p class='ocr_par' dir='ltr' id='par_1_68' title="bbox 222 3438 3510 3524">
     <span class='ocr_line' id='line_1_68' title="bbox 222 3438 3510 3524; baseline -0.002 -26"><span class='ocrx_word' id='word_1_512' title='bbox 222 3444 450 3508; x_wconf 88' lang='lat' dir='ltr'><strong>mundo,</strong></span> <span class='ocrx_word' id='word_1_513' title='bbox 466 3446 748 3514; x_wconf 67' lang='lat' dir='ltr'><strong>praescitos</strong></span> <span class='ocrx_word' id='word_1_514' title='bbox 768 3460 887 3502; x_wconf 90' lang='lat' dir='ltr'><strong>esse</strong></span> <span class='ocrx_word' id='word_1_515' title='bbox 910 3456 1114 3503; x_wconf 90' lang='lat' dir='ltr'><strong>tantum</strong></span> <span class='ocrx_word' id='word_1_516' title='bbox 1130 3465 1233 3504; x_wconf 90' lang='lat' dir='ltr'><strong>non</strong></span> <span class='ocrx_word' id='word_1_517' title='bbox 1249 3450 1681 3519; x_wconf 63' lang='lat' dir='ltr'><strong>prmdestinatos,</strong></span> <span class='ocrx_word' id='word_1_518' title='bbox 1706 3469 1816 3524; x_wconf 70' lang='grc' dir='ltr'><strong>ρω-</strong></span> <span class='ocrx_word' id='word_1_519' title='bbox 1921 3462 2028 3514; x_wconf 90' lang='lat' dir='ltr'><strong>tus,</strong></span> <span class='ocrx_word' id='word_1_520' title='bbox 2071 3449 2263 3505; x_wconf 86' lang='lat' dir='ltr'><strong>merita</strong></span> <span class='ocrx_word' id='word_1_521' title='bbox 2304 3446 2611 3502; x_wconf 88' lang='lat' dir='ltr'><strong>communia</strong></span> <span class='ocrx_word' id='word_1_522' title='bbox 2647 3463 2660 3498; x_wconf 92' lang='lat'>:</span> <span class='ocrx_word' id='word_1_523' title='bbox 2696 3444 2748 3500; x_wconf 91' lang='lat' dir='ltr'><strong>in</strong></span> <span class='ocrx_word' id='word_1_524' title='bbox 2790 3444 2987 3512; x_wconf 81' lang='lat' dir='ltr'><strong>quibus</strong></span> <span class='ocrx_word' id='word_1_525' title='bbox 3029 3450 3205 3495; x_wconf 88' lang='lat' dir='ltr'><strong>tamen</strong></span> <span class='ocrx_word' id='word_1_526' title='bbox 3255 3440 3334 3495; x_wconf 90' lang='lat' dir='ltr'><strong>sic</strong></span> <span class='ocrx_word' id='word_1_527' title='bbox 3368 3438 3510 3493; x_wconf 88' lang='lat' dir='ltr'><strong>alter</strong></span> 
     </span>
    </p>
   </div>
   <div class='ocr_carea' id='block_1_69' title="bbox 221 3528 3505 3613">
    <p class='ocr_par' dir='ltr' id='par_1_69' title="bbox 221 3528 3505 3613">
     <span class='ocr_line' id='line_1_69' title="bbox 221 3528 3505 3613; baseline -0.002 -24"><span class='ocrx_word' id='word_1_528' title='bbox 221 3551 347 3590; x_wconf 87' lang='lat' dir='ltr'><strong>nam</strong></span> <span class='ocrx_word' id='word_1_529' title='bbox 376 3545 566 3591; x_wconf 88' lang='lat' dir='ltr'><strong>autem</strong></span> <span class='ocrx_word' id='word_1_530' title='bbox 609 3537 690 3592; x_wconf 89' lang='lat' dir='ltr'><strong>eis</strong></span> <span class='ocrx_word' id='word_1_531' title='bbox 720 3552 841 3592; x_wconf 87' lang='lat' dir='ltr'><strong>esse</strong></span> <span class='ocrx_word' id='word_1_532' title='bbox 865 3540 1300 3608; x_wconf 73' lang='lat' dir='ltr'><strong>pnedestinatam</strong></span> <span class='ocrx_word' id='word_1_533' title='bbox 1341 3542 1639 3596; x_wconf 87' lang='lat' dir='ltr'><strong>secundum</strong></span> <span class='ocrx_word' id='word_1_534' title='bbox 1669 3543 1813 3611; x_wconf 92' lang='lat' dir='ltr'><strong>quod</strong></span> <span class='ocrx_word' id='word_1_535' title='bbox 1920 3558 2112 3613; x_wconf 87' lang='lat' dir='ltr'><strong>magna</strong></span> <span class='ocrx_word' id='word_1_536' title='bbox 2156 3540 2249 3595; x_wconf 89' lang='lat' dir='ltr'><strong>Dei</strong></span> <span class='ocrx_word' id='word_1_537' title='bbox 2296 3538 2540 3593; x_wconf 87' lang='lat' dir='ltr'><strong>bonitate</strong></span> <span class='ocrx_word' id='word_1_538' title='bbox 2584 3535 2879 3596; x_wconf 84' lang='lat' dir='ltr'><strong>liberatur,</strong></span> <span class='ocrx_word' id='word_1_539' title='bbox 2933 3542 2991 3587; x_wconf 91' lang='lat' dir='ltr'><strong>ut</strong></span> <span class='ocrx_word' id='word_1_540' title='bbox 3022 3533 3157 3587; x_wconf 88' lang='lat' dir='ltr'><strong>alter</strong></span> <span class='ocrx_word' id='word_1_541' title='bbox 3204 3531 3351 3585; x_wconf 89' lang='lat' dir='ltr'><strong>nulla</strong></span> <span class='ocrx_word' id='word_1_542' title='bbox 3387 3528 3505 3599; x_wconf 89' lang='lat' dir='ltr'><strong>ejus</strong></span> 
     </span>
    </p>
   </div>
   <div class='ocr_carea' id='block_1_70' title="bbox 222 3622 3508 3704">
    <p class='ocr_par' dir='ltr' id='par_1_70' title="bbox 222 3622 3508 3704">
     <span class='ocr_line' id='line_1_70' title="bbox 222 3622 3508 3704; baseline -0.002 -23"><span class='ocrx_word' id='word_1_543' title='bbox 222 3626 462 3695; x_wconf 70' lang='lat' dir='ltr'><strong>praesciti</strong></span> <span class='ocrx_word' id='word_1_544' title='bbox 484 3636 632 3681; x_wconf 90' lang='lat' dir='ltr'><strong>sunt.</strong></span> <span class='ocrx_word' id='word_1_545' title='bbox 668 3647 686 3680; x_wconf 77' lang='grc' dir='ltr'><strong><em>ι</em></strong></span> <span class='ocrx_word' id='word_1_546' title='bbox 716 3628 781 3682; x_wconf 83' lang='lat' dir='ltr'><strong>Et</strong></span> <span class='ocrx_word' id='word_1_547' title='bbox 799 3628 1035 3698; x_wconf 83' lang='lat' dir='ltr'><strong>Prosper</strong></span> <span class='ocrx_word' id='word_1_548' title='bbox 1059 3630 1112 3684; x_wconf 90' lang='lat' dir='ltr'><strong>in</strong></span> <span class='ocrx_word' id='word_1_549' title='bbox 1134 3631 1472 3688; x_wconf 89' lang='lat' dir='ltr'><strong>absolutione</strong></span> <span class='ocrx_word' id='word_1_550' title='bbox 1495 3630 1815 3700; x_wconf 86' lang='lat' dir='ltr'><strong>objectionis</strong></span> <span class='ocrx_word' id='word_1_551' title='bbox 1917 3634 2201 3704; x_wconf 89' lang='lat' dir='ltr'><strong>iniquitate</strong></span> <span class='ocrx_word' id='word_1_552' title='bbox 2241 3633 2547 3686; x_wconf 89' lang='lat' dir='ltr'><strong>damnetur.</strong></span> <span class='ocrx_word' id='word_1_553' title='bbox 2615 3627 2866 3697; x_wconf 88' lang='lat' dir='ltr'><strong>Nunquid</strong></span> <span class='ocrx_word' id='word_1_554' title='bbox 2914 3627 3062 3680; x_wconf 89' lang='lat' dir='ltr'><strong>enim</strong></span> <span class='ocrx_word' id='word_1_555' title='bbox 3111 3622 3389 3693; x_wconf 80' lang='lat' dir='ltr'><strong>iniquitas</strong></span> <span class='ocrx_word' id='word_1_556' title='bbox 3422 3628 3508 3677; x_wconf 88' lang='lat' dir='ltr'><strong>est</strong></span> 
     </span>
    </p>
   </div>
   <div class='ocr_carea' id='block_1_71' title="bbox 223 3713 3503 3797">
    <p class='ocr_par' dir='ltr' id='par_1_71' title="bbox 223 3713 3503 3797">
     <span class='ocr_line' id='line_1_71' title="bbox 223 3713 3503 3797; baseline -0.001 -28"><span class='ocrx_word' id='word_1_557' title='bbox 223 3717 453 3772; x_wconf 75' lang='lat' dir='ltr'><strong>decima:</strong></span> <span class='ocrx_word' id='word_1_558' title='bbox 493 3727 684 3773; x_wconf 88' lang='lat' dir='ltr'><strong>contra</strong></span> <span class='ocrx_word' id='word_1_559' title='bbox 712 3719 1098 3777; x_wconf 83' lang='lat' dir='ltr'><strong>Vincentianos</strong></span> <span class='ocrx_word' id='word_1_560' title='bbox 1124 3739 1137 3774; x_wconf 92' lang='lat'><strong>:</strong></span> <span class='ocrx_word' id='word_1_561' title='bbox 1173 3741 1192 3773; x_wconf 75' lang='grc' dir='ltr'>ι</span> <span class='ocrx_word' id='word_1_562' title='bbox 1221 3722 1353 3788; x_wconf 81' lang='lat' dir='ltr'><strong>Hoc,</strong></span> <span class='ocrx_word' id='word_1_563' title='bbox 1383 3724 1578 3794; x_wconf 89' lang='lat' dir='ltr'><strong>inquit,</strong></span> <span class='ocrx_word' id='word_1_564' title='bbox 1608 3727 1815 3796; x_wconf 65' lang='lat' dir='ltr'><strong>praede-</strong></span> <span class='ocrx_word' id='word_1_565' title='bbox 1918 3727 2058 3797; x_wconf 92' lang='lat' dir='ltr'><strong>apud</strong></span> <span class='ocrx_word' id='word_1_566' title='bbox 2083 3726 2296 3780; x_wconf 84' lang='lat' dir='ltr'><strong>Deum?</strong></span> <span class='ocrx_word' id='word_1_567' title='bbox 2318 3724 2491 3779; x_wconf 84' lang='lat' dir='ltr'><strong>Absit.</strong></span> <span class='ocrx_word' id='word_1_568' title='bbox 2518 3720 2623 3777; x_wconf 91' lang='lat' dir='ltr'><strong>Sed</strong></span> <span class='ocrx_word' id='word_1_569' title='bbox 2652 3719 3057 3789; x_wconf 86' lang='lat' dir='ltr'><strong>investigabiles</strong></span> <span class='ocrx_word' id='word_1_570' title='bbox 3085 3724 3211 3772; x_wconf 88' lang='lat' dir='ltr'><strong>sunt</strong></span> <span class='ocrx_word' id='word_1_571' title='bbox 3237 3719 3335 3769; x_wconf 65' lang='lat' dir='ltr'><strong>viae</strong></span> <span class='ocrx_word' id='word_1_572' title='bbox 3364 3713 3503 3782; x_wconf 87' lang='lat' dir='ltr'><strong>ejus.</strong></span> 
     </span>
    </p>
   </div>
   <div class='ocr_carea' id='block_1_72' title="bbox 224 3797 3511 3889">
    <p class='ocr_par' dir='ltr' id='par_1_72' title="bbox 224 3797 3511 3889">
     <span class='ocr_line' id='line_1_72' title="bbox 224 3797 3511 3889; baseline -0.001 -28"><span class='ocrx_word' id='word_1_573' title='bbox 224 3807 470 3871; x_wconf 77' lang='lat' dir='ltr'><strong>stinavit,</strong></span> <span class='ocrx_word' id='word_1_574' title='bbox 486 3809 618 3877; x_wconf 91' lang='lat' dir='ltr'><strong>quin</strong></span> <span class='ocrx_word' id='word_1_575' title='bbox 641 3809 805 3876; x_wconf 90' lang='lat' dir='ltr'><strong>Deus,</strong></span> <span class='ocrx_word' id='word_1_576' title='bbox 818 3810 1084 3880; x_wconf 86' lang='lat' dir='ltr'><strong>judicium</strong></span> <span class='ocrx_word' id='word_1_577' title='bbox 1102 3817 1714 3889; x_wconf 86' lang='lat' dir='ltr'><strong>suum,quounieuique</strong></span> <span class='ocrx_word' id='word_1_578' title='bbox 1730 3834 1815 3874; x_wconf 86' lang='lat' dir='ltr'><strong>re-</strong></span> <span class='ocrx_word' id='word_1_579' title='bbox 1917 3797 2104 3887; x_wconf 80' lang='lat' dir='ltr'><strong>Itaque</strong></span> <span class='ocrx_word' id='word_1_580' title='bbox 2144 3813 2569 3870; x_wconf 87' lang='lat' dir='ltr'><strong>misericordiam</strong></span> <span class='ocrx_word' id='word_1_581' title='bbox 2590 3813 2709 3882; x_wconf 89' lang='lat' dir='ltr'><strong>ejus</strong></span> <span class='ocrx_word' id='word_1_582' title='bbox 2741 3812 2794 3865; x_wconf 89' lang='lat' dir='ltr'><strong>iu</strong></span> <span class='ocrx_word' id='word_1_583' title='bbox 2834 3811 2919 3864; x_wconf 88' lang='lat' dir='ltr'><strong>his</strong></span> <span class='ocrx_word' id='word_1_584' title='bbox 2944 3808 3035 3879; x_wconf 92' lang='lat' dir='ltr'><strong>qui</strong></span> <span class='ocrx_word' id='word_1_585' title='bbox 3070 3808 3391 3869; x_wconf 68' lang='lat' dir='ltr'><strong>liberantur,</strong></span> <span class='ocrx_word' id='word_1_586' title='bbox 3453 3811 3511 3858; x_wconf 90' lang='lat' dir='ltr'><strong>et</strong></span> 
     </span>
    </p>
   </div>
   <div class='ocr_carea' id='block_1_73' title="bbox 228 3894 3504 3975">
    <p class='ocr_par' dir='ltr' id='par_1_73' title="bbox 228 3894 3504 3975">
     <span class='ocr_line' id='line_1_73' title="bbox 228 3894 3504 3975; baseline -0.001 -23"><span class='ocrx_word' id='word_1_587' title='bbox 228 3898 637 3955; x_wconf 89' lang='lat' dir='ltr'><strong>tributurusest</strong></span> <span class='ocrx_word' id='word_1_588' title='bbox 657 3905 1515 3974; x_wconf 89' lang='lat' dir='ltr'><strong>proutgessitsivebouum,sive</strong></span> <span class='ocrx_word' id='word_1_589' title='bbox 1540 3911 1808 3964; x_wconf 65' lang='lat' dir='ltr'><strong>malum.»</strong></span> <span class='ocrx_word' id='word_1_590' title='bbox 1917 3909 2200 3963; x_wconf 88' lang='lat' dir='ltr'><strong>veritatem</strong></span> <span class='ocrx_word' id='word_1_591' title='bbox 2251 3907 2304 3960; x_wconf 90' lang='lat' dir='ltr'><strong>in</strong></span> <span class='ocrx_word' id='word_1_592' title='bbox 2356 3904 2440 3960; x_wconf 88' lang='lat' dir='ltr'><strong>his</strong></span> <span class='ocrx_word' id='word_1_593' title='bbox 2495 3904 2587 3975; x_wconf 91' lang='lat' dir='ltr'><strong>qui</strong></span> <span class='ocrx_word' id='word_1_594' title='bbox 2632 3902 2948 3972; x_wconf 89' lang='lat' dir='ltr'><strong>puniuntur,</strong></span> <span class='ocrx_word' id='word_1_595' title='bbox 3004 3899 3120 3953; x_wconf 91' lang='lat' dir='ltr'><strong>sine</strong></span> <span class='ocrx_word' id='word_1_596' title='bbox 3168 3894 3504 3952; x_wconf 87' lang='lat' dir='ltr'><strong>dubitatione</strong></span> 
     </span>
    </p>
   </div>
   <div class='ocr_carea' id='block_1_74' title="bbox 295 3987 3505 4071">
    <p class='ocr_par' dir='ltr' id='par_1_74' title="bbox 295 3987 3505 4071">
     <span class='ocr_line' id='line_1_74' title="bbox 295 3987 3505 4071; baseline -0.002 -27"><span class='ocrx_word' id='word_1_597' title='bbox 295 3988 496 4046; x_wconf 86' lang='lat' dir='ltr'><strong>Dicant</strong></span> <span class='ocrx_word' id='word_1_598' title='bbox 554 3994 955 4051; x_wconf 87' lang='lat' dir='ltr'><strong>obtrectatores</strong></span> <span class='ocrx_word' id='word_1_599' title='bbox 1002 4000 1207 4065; x_wconf 87' lang='lat' dir='ltr'><strong>nostri,</strong></span> <span class='ocrx_word' id='word_1_600' title='bbox 1257 4000 1389 4071; x_wconf 90' lang='lat' dir='ltr'><strong>quid</strong></span> <span class='ocrx_word' id='word_1_601' title='bbox 1435 4001 1678 4067; x_wconf 87' lang='lat' dir='ltr'><strong>discors,</strong></span> <span class='ocrx_word' id='word_1_602' title='bbox 1730 4002 1816 4057; x_wconf 89' lang='lat' dir='ltr'><strong>vel</strong></span> <span class='ocrx_word' id='word_1_603' title='bbox 1919 4000 2228 4060; x_wconf 88' lang='lat' dir='ltr'><strong>credamus,</strong></span> <span class='ocrx_word' id='word_1_604' title='bbox 2272 4009 2446 4064; x_wconf 88' lang='lat' dir='ltr'><strong>neque</strong></span> <span class='ocrx_word' id='word_1_605' title='bbox 2490 3991 2855 4048; x_wconf 89' lang='lat' dir='ltr'><strong>inscrutabilia</strong></span> <span class='ocrx_word' id='word_1_606' title='bbox 2895 3989 3151 4054; x_wconf 89' lang='lat' dir='ltr'><strong>scrutari,</strong></span> <span class='ocrx_word' id='word_1_607' title='bbox 3200 3996 3293 4042; x_wconf 88' lang='lat' dir='ltr'><strong>aut</strong></span> <span class='ocrx_word' id='word_1_608' title='bbox 3351 3987 3505 4040; x_wconf 86' lang='lat' dir='ltr'><strong>inve-</strong></span> 
     </span>
    </p>
   </div>
   <div class='ocr_carea' id='block_1_75' title="bbox 226 4078 3503 4161">
    <p class='ocr_par' dir='ltr' id='par_1_75' title="bbox 226 4078 3503 4161">
     <span class='ocr_line' id='line_1_75' title="bbox 226 4078 3503 4161; baseline -0.002 -25"><span class='ocrx_word' id='word_1_609' title='bbox 226 4082 484 4148; x_wconf 87' lang='lat' dir='ltr'><strong>obvium,</strong></span> <span class='ocrx_word' id='word_1_610' title='bbox 549 4084 663 4140; x_wconf 84' lang='lat' dir='ltr'><strong>sive</strong></span> <span class='ocrx_word' id='word_1_611' title='bbox 706 4085 923 4141; x_wconf 90' lang='lat' dir='ltr'><strong>devium</strong></span> <span class='ocrx_word' id='word_1_612' title='bbox 969 4088 1277 4144; x_wconf 87' lang='lat' dir='ltr'><strong>invenerint</strong></span> <span class='ocrx_word' id='word_1_613' title='bbox 1337 4091 1457 4145; x_wconf 85' lang='lat' dir='ltr'><strong>istis</strong></span> <span class='ocrx_word' id='word_1_614' title='bbox 1500 4101 1815 4147; x_wconf 86' lang='lat' dir='ltr'><strong>sanctorum</strong></span> <span class='ocrx_word' id='word_1_615' title='bbox 1918 4090 2188 4161; x_wconf 79' lang='lat' dir='ltr'><strong>stigabilia</strong></span> <span class='ocrx_word' id='word_1_616' title='bbox 2227 4087 2498 4155; x_wconf 81' lang='lat' dir='ltr'><strong>vestigare</strong></span> <span class='ocrx_word' id='word_1_617' title='bbox 2554 4099 2836 4140; x_wconf 85' lang='lat' dir='ltr'><strong>conemur.</strong></span> <span class='ocrx_word' id='word_1_618' title='bbox 2908 4082 2987 4135; x_wconf 85' lang='lat' dir='ltr'><strong>Ex</strong></span> <span class='ocrx_word' id='word_1_619' title='bbox 3021 4096 3117 4135; x_wconf 87' lang='lat' dir='ltr'><strong>ore</strong></span> <span class='ocrx_word' id='word_1_620' title='bbox 3155 4080 3354 4150; x_wconf 89' lang='lat' dir='ltr'><strong>quippe</strong></span> <span class='ocrx_word' id='word_1_621' title='bbox 3416 4078 3503 4131; x_wconf 87' lang='lat' dir='ltr'><strong>in-</strong></span> 
     </span>
    </p>
   </div>
   <div class='ocr_carea' id='block_1_76' title="bbox 225 4169 3502 4254">
    <p class='ocr_par' dir='ltr' id='par_1_76' title="bbox 225 4169 3502 4254">
     <span class='ocr_line' id='line_1_76' title="bbox 225 4169 3502 4254; baseline -0.002 -22"><span class='ocrx_word' id='word_1_622' title='bbox 225 4174 540 4244; x_wconf 72' lang='lat' dir='ltr'><strong>Augustini,</strong></span> <span class='ocrx_word' id='word_1_623' title='bbox 578 4175 846 4246; x_wconf 84' lang='lat' dir='ltr'><strong>Gregorii,</strong></span> <span class='ocrx_word' id='word_1_624' title='bbox 889 4188 1051 4248; x_wconf 85' lang='lat' dir='ltr'><strong>atque</strong></span> <span class='ocrx_word' id='word_1_625' title='bbox 1080 4179 1332 4250; x_wconf 85' lang='lat' dir='ltr'><strong>Prosperi</strong></span> <span class='ocrx_word' id='word_1_626' title='bbox 1375 4183 1535 4238; x_wconf 90' lang='lat' dir='ltr'><strong>dictis</strong></span> <span class='ocrx_word' id='word_1_627' title='bbox 1579 4200 1633 4238; x_wconf 84' lang='lat' dir='ltr'><strong>lli</strong></span> <span class='ocrx_word' id='word_1_628' title='bbox 1671 4186 1817 4254; x_wconf 86' lang='lat' dir='ltr'><strong>capi-</strong></span> <span class='ocrx_word' id='word_1_629' title='bbox 1916 4182 2149 4239; x_wconf 79' lang='lat' dir='ltr'><strong>fantium</strong></span> <span class='ocrx_word' id='word_1_630' title='bbox 2194 4188 2249 4234; x_wconf 91' lang='lat' dir='ltr'><strong>et</strong></span> <span class='ocrx_word' id='word_1_631' title='bbox 2281 4177 2592 4233; x_wconf 88' lang='lat' dir='ltr'><strong>lactentium</strong></span> <span class='ocrx_word' id='word_1_632' title='bbox 2620 4189 2771 4230; x_wconf 90' lang='lat' dir='ltr'><strong>suam</strong></span> <span class='ocrx_word' id='word_1_633' title='bbox 2802 4174 3014 4242; x_wconf 80' lang='lat' dir='ltr'><strong>perlicit</strong></span> <span class='ocrx_word' id='word_1_634' title='bbox 3062 4172 3273 4227; x_wconf 88' lang='lat' dir='ltr'><strong>laudem</strong></span> <span class='ocrx_word' id='word_1_635' title='bbox 3328 4169 3502 4250; x_wconf 66' lang='lat' dir='ltr'><strong>(Psal.</strong></span> 
     </span>
    </p>
   </div>
   <div class='ocr_carea' id='block_1_77' title="bbox 228 4259 3509 4343">
    <p class='ocr_par' dir='ltr' id='par_1_77' title="bbox 228 4259 3509 4343">
     <span class='ocr_line' id='line_1_77' title="bbox 228 4259 3509 4343; baseline -0.002 -25"><span class='ocrx_word' id='word_1_636' title='bbox 228 4262 343 4318; x_wconf 89' lang='lat' dir='ltr'><strong>tulo</strong></span> <span class='ocrx_word' id='word_1_637' title='bbox 388 4279 422 4318; x_wconf 83' lang='lat' dir='ltr'><strong>a</strong></span> <span class='ocrx_word' id='word_1_638' title='bbox 458 4265 619 4321; x_wconf 87' lang='lat' dir='ltr'><strong>nobis</strong></span> <span class='ocrx_word' id='word_1_639' title='bbox 652 4277 931 4338; x_wconf 77' lang='lat' dir='ltr'><strong>excerpta.</strong></span> <span class='ocrx_word' id='word_1_640' title='bbox 987 4270 1054 4324; x_wconf 84' lang='lat' dir='ltr'><strong>Et</strong></span> <span class='ocrx_word' id='word_1_641' title='bbox 1099 4271 1143 4326; x_wconf 91' lang='lat' dir='ltr'><strong>si</strong></span> <span class='ocrx_word' id='word_1_642' title='bbox 1192 4287 1298 4325; x_wconf 90' lang='lat' dir='ltr'><strong>non</strong></span> <span class='ocrx_word' id='word_1_643' title='bbox 1338 4283 1565 4342; x_wconf 90' lang='lat' dir='ltr'><strong>possunt</strong></span> <span class='ocrx_word' id='word_1_644' title='bbox 1609 4274 1813 4341; x_wconf 89' lang='lat' dir='ltr'><strong>dicere,</strong></span> <span class='ocrx_word' id='word_1_645' title='bbox 1918 4288 2037 4337; x_wconf 85' lang='lat' dir='ltr'><strong>vnt,</strong></span> <span class='ocrx_word' id='word_1_646' title='bbox 2072 4270 2151 4343; x_wconf 81' lang='lat'><strong>&#39;5),</strong></span> <span class='ocrx_word' id='word_1_647' title='bbox 2181 4277 2241 4324; x_wconf 89' lang='lat' dir='ltr'><strong>ut</strong></span> <span class='ocrx_word' id='word_1_648' title='bbox 2264 4267 2406 4338; x_wconf 89' lang='lat' dir='ltr'><strong>quod</strong></span> <span class='ocrx_word' id='word_1_649' title='bbox 2433 4267 2486 4320; x_wconf 86' lang='lat' dir='ltr'><strong>in</strong></span> <span class='ocrx_word' id='word_1_650' title='bbox 2528 4265 2612 4320; x_wconf 90' lang='lat' dir='ltr'><strong>his</strong></span> <span class='ocrx_word' id='word_1_651' title='bbox 2644 4264 2908 4327; x_wconf 90' lang='lat' dir='ltr'><strong>videmus,</strong></span> <span class='ocrx_word' id='word_1_652' title='bbox 2959 4276 3187 4331; x_wconf 88' lang='lat' dir='ltr'><strong>quorum</strong></span> <span class='ocrx_word' id='word_1_653' title='bbox 3232 4259 3509 4313; x_wconf 87' lang='lat' dir='ltr'><strong>liberalio-</strong></span> 
     </span>
    </p>
   </div>
   <div class='ocr_carea' id='block_1_78' title="bbox 227 4348 3510 4433">
    <p class='ocr_par' dir='ltr' id='par_1_78' title="bbox 227 4348 3510 4433">
     <span class='ocr_line' id='line_1_78' title="bbox 227 4348 3510 4433; baseline -0.002 -25"><span class='ocrx_word' id='word_1_654' title='bbox 227 4355 582 4409; x_wconf 67' lang='lat' dir='ltr'><strong>manifestum</strong></span> <span class='ocrx_word' id='word_1_655' title='bbox 618 4365 703 4412; x_wconf 91' lang='lat' dir='ltr'><strong>est</strong></span> <span class='ocrx_word' id='word_1_656' title='bbox 741 4359 997 4414; x_wconf 85' lang='lat' dir='ltr'><strong>maluisse</strong></span> <span class='ocrx_word' id='word_1_657' title='bbox 1036 4375 1131 4416; x_wconf 91' lang='lat' dir='ltr'><strong>eos</strong></span> <span class='ocrx_word' id='word_1_658' title='bbox 1158 4362 1504 4429; x_wconf 89' lang='lat' dir='ltr'><strong>maledicere,</strong></span> <span class='ocrx_word' id='word_1_659' title='bbox 1535 4379 1698 4433; x_wconf 90' lang='lat' dir='ltr'><strong>quam</strong></span> <span class='ocrx_word' id='word_1_660' title='bbox 1725 4379 1817 4419; x_wconf 85' lang='lat' dir='ltr'><strong>ve-</strong></span> <span class='ocrx_word' id='word_1_661' title='bbox 1922 4380 2045 4420; x_wconf 90' lang='lat' dir='ltr'><strong>nem</strong></span> <span class='ocrx_word' id='word_1_662' title='bbox 2098 4364 2237 4417; x_wconf 90' lang='lat' dir='ltr'><strong>bona</strong></span> <span class='ocrx_word' id='word_1_663' title='bbox 2264 4375 2451 4416; x_wconf 90' lang='lat' dir='ltr'><strong>eorum</strong></span> <span class='ocrx_word' id='word_1_664' title='bbox 2491 4357 2683 4412; x_wconf 88' lang='lat' dir='ltr'><strong>merita</strong></span> <span class='ocrx_word' id='word_1_665' title='bbox 2712 4354 2856 4409; x_wconf 87' lang='lat' dir='ltr'><strong>nulla</strong></span> <span class='ocrx_word' id='word_1_666' title='bbox 2896 4352 3225 4424; x_wconf 66' lang='lat' dir='ltr'><strong>praecedunt,</strong></span> <span class='ocrx_word' id='word_1_667' title='bbox 3244 4357 3300 4403; x_wconf 90' lang='lat' dir='ltr'><strong>et</strong></span> <span class='ocrx_word' id='word_1_668' title='bbox 3337 4349 3389 4401; x_wconf 92' lang='lat' dir='ltr'><strong>in</strong></span> <span class='ocrx_word' id='word_1_669' title='bbox 3425 4348 3510 4401; x_wconf 83' lang='lat' dir='ltr'><strong>his</strong></span> 
     </span>
    </p>
   </div>
   <div class='ocr_carea' id='block_1_79' title="bbox 228 4438 3509 4528">
    <p class='ocr_par' dir='ltr' id='par_1_79' title="bbox 228 4438 3509 4528">
     <span class='ocr_line' id='line_1_79' title="bbox 228 4438 3509 4528; baseline -0.003 -27"><span class='ocrx_word' id='word_1_670' title='bbox 228 4462 352 4501; x_wconf 85' lang='lat' dir='ltr'><strong>rum</strong></span> <span class='ocrx_word' id='word_1_671' title='bbox 384 4445 589 4500; x_wconf 82' lang='lat' dir='ltr'><strong>dicere.</strong></span> <span class='ocrx_word' id='word_1_672' title='bbox 617 4447 902 4518; x_wconf 86' lang='lat' dir='ltr'><strong>Accipiant</strong></span> <span class='ocrx_word' id='word_1_673' title='bbox 943 4450 1107 4507; x_wconf 88' lang='lat' dir='ltr'><strong>etiam</strong></span> <span class='ocrx_word' id='word_1_674' title='bbox 1151 4466 1379 4508; x_wconf 91' lang='lat' dir='ltr'><strong>concors</strong></span> <span class='ocrx_word' id='word_1_675' title='bbox 1413 4461 1468 4506; x_wconf 85' lang='lat' dir='ltr'><strong>et</strong></span> <span class='ocrx_word' id='word_1_676' title='bbox 1515 4469 1814 4509; x_wconf 90' lang='lat' dir='ltr'><strong>consonum</strong></span> <span class='ocrx_word' id='word_1_677' title='bbox 1847 4500 1895 4528; x_wconf 60' lang='grc' dir='ltr'><strong>η</strong></span> <span class='ocrx_word' id='word_1_678' title='bbox 1923 4470 2155 4528; x_wconf 90' lang='lat' dir='ltr'><strong>quorum</strong></span> <span class='ocrx_word' id='word_1_679' title='bbox 2189 4451 2591 4509; x_wconf 87' lang='lat' dir='ltr'><strong>damnationem</strong></span> <span class='ocrx_word' id='word_1_680' title='bbox 2624 4448 2869 4518; x_wconf 88' lang='lat' dir='ltr'><strong>utrisque</strong></span> <span class='ocrx_word' id='word_1_681' title='bbox 2888 4442 3195 4501; x_wconf 89' lang='lat' dir='ltr'><strong>communia</strong></span> <span class='ocrx_word' id='word_1_682' title='bbox 3225 4438 3509 4511; x_wconf 72' lang='lat' dir='ltr'><strong>originalis</strong></span> 
     </span>
    </p>
   </div>
   <div class='ocr_carea' id='block_1_80' title="bbox 228 4500 3512 4622">
    <p class='ocr_par' dir='ltr' id='par_1_80' title="bbox 228 4500 3512 4622">
     <span class='ocr_line' id='line_1_80' title="bbox 228 4500 3512 4622; baseline -0.004 -25"><span class='ocrx_word' id='word_1_683' title='bbox 228 4542 668 4612; x_wconf 69' lang='lat' dir='ltr'><strong>pmedentibus</strong></span> <span class='ocrx_word' id='word_1_684' title='bbox 699 4542 863 4599; x_wconf 81' lang='lat' dir='ltr'><strong>dictis</strong></span> <span class='ocrx_word' id='word_1_685' title='bbox 894 4545 1040 4600; x_wconf 89' lang='lat' dir='ltr'><strong>beati</strong></span> <span class='ocrx_word' id='word_1_686' title='bbox 1061 4546 1346 4616; x_wconf 82' lang='lat' dir='ltr'><strong>Augustini</strong></span> <span class='ocrx_word' id='word_1_687' title='bbox 1377 4550 1704 4617; x_wconf 83' lang='lat' dir='ltr'><strong>exemplum,</strong></span> <span class='ocrx_word' id='word_1_688' title='bbox 1752 4549 1820 4602; x_wconf 89' lang='lat' dir='ltr'><strong>de</strong></span> <span class='ocrx_word' id='word_1_689' title='bbox 1847 4500 1895 4559; x_wconf 68' lang='grc' dir='ltr'><strong>Β</strong></span> <span class='ocrx_word' id='word_1_690' title='bbox 1923 4500 2033 4609; x_wconf 68' lang='lat' dir='ltr'><strong>:ola</strong></span> <span class='ocrx_word' id='word_1_691' title='bbox 2062 4549 2395 4622; x_wconf 68' lang='lat' dir='ltr'><strong>praecedunt,</strong></span> <span class='ocrx_word' id='word_1_692' title='bbox 2434 4547 2537 4601; x_wconf 89' lang='lat' dir='ltr'><strong>hoc</strong></span> <span class='ocrx_word' id='word_1_693' title='bbox 2561 4554 2616 4598; x_wconf 88' lang='lat' dir='ltr'><strong>et</strong></span> <span class='ocrx_word' id='word_1_694' title='bbox 2643 4543 2694 4597; x_wconf 90' lang='lat' dir='ltr'><strong>in</strong></span> <span class='ocrx_word' id='word_1_695' title='bbox 2721 4539 3015 4608; x_wconf 85' lang='lat' dir='ltr'><strong>majoribus</strong></span> <span class='ocrx_word' id='word_1_696' title='bbox 3039 4536 3153 4591; x_wconf 82' lang='lat' dir='ltr'><strong>ﬁeri</strong></span> <span class='ocrx_word' id='word_1_697' title='bbox 3169 4546 3512 4604; x_wconf 88' lang='lat' dir='ltr'><strong>nequaquam</strong></span> 
     </span>
    </p>
   </div>
   <div class='ocr_carea' id='block_1_81' title="bbox 230 4626 3511 4705">
    <p class='ocr_par' dir='ltr' id='par_1_81' title="bbox 230 4626 3511 4705">
     <span class='ocr_line' id='line_1_81' title="bbox 230 4626 3511 4705; baseline -0.004 -17"><span class='ocrx_word' id='word_1_698' title='bbox 230 4647 380 4703; x_wconf 56' lang='lat' dir='ltr'><strong>sape</strong></span> <span class='ocrx_word' id='word_1_699' title='bbox 415 4635 697 4689; x_wconf 86' lang='lat' dir='ltr'><strong>nominato</strong></span> <span class='ocrx_word' id='word_1_700' title='bbox 732 4635 874 4691; x_wconf 90' lang='lat' dir='ltr'><strong>libro</strong></span> <span class='ocrx_word' id='word_1_701' title='bbox 902 4635 993 4705; x_wconf 87' lang='lat' dir='ltr'><strong>qui</strong></span> <span class='ocrx_word' id='word_1_702' title='bbox 1025 4635 1272 4690; x_wconf 74' lang='lat' dir='ltr'><strong>lilulalul‘</strong></span> <span class='ocrx_word' id='word_1_703' title='bbox 1294 4637 1359 4698; x_wconf 80' lang='lat' dir='ltr'><strong>de</strong></span> <span class='ocrx_word' id='word_1_704' title='bbox 1384 4637 1532 4692; x_wconf 83' lang='lat' dir='ltr'><strong>Bono</strong></span> <span class='ocrx_word' id='word_1_705' title='bbox 1557 4638 1641 4693; x_wconf 79' lang='lat' dir='ltr'><strong>vel</strong></span> <span class='ocrx_word' id='word_1_706' title='bbox 1671 4638 1821 4692; x_wconf 86' lang='lat' dir='ltr'><strong>Dono</strong></span> <span class='ocrx_word' id='word_1_707' title='bbox 1922 4644 2145 4700; x_wconf 90' lang='lat' dir='ltr'><strong>omnino</strong></span> <span class='ocrx_word' id='word_1_708' title='bbox 2190 4648 2527 4701; x_wconf 87' lang='lat' dir='ltr'><strong>cunctemur,</strong></span> <span class='ocrx_word' id='word_1_709' title='bbox 2555 4627 2607 4689; x_wconf 88' lang='lat' dir='ltr'><strong>id</strong></span> <span class='ocrx_word' id='word_1_710' title='bbox 2644 4644 2748 4696; x_wconf 92' lang='lat' dir='ltr'><strong>est,</strong></span> <span class='ocrx_word' id='word_1_711' title='bbox 2782 4648 2888 4687; x_wconf 89' lang='lat' dir='ltr'><strong>non</strong></span> <span class='ocrx_word' id='word_1_712' title='bbox 2925 4637 3179 4699; x_wconf 89' lang='lat' dir='ltr'><strong>putantes</strong></span> <span class='ocrx_word' id='word_1_713' title='bbox 3212 4626 3296 4681; x_wconf 89' lang='lat' dir='ltr'><strong>vel</strong></span> <span class='ocrx_word' id='word_1_714' title='bbox 3314 4638 3511 4680; x_wconf 81' lang='lat' dir='ltr'><strong>secun-</strong></span> 
     </span>
    </p>
   </div>
   <div class='ocr_carea' id='block_1_82' title="bbox 202 4717 3510 4798">
    <p class='ocr_par' dir='ltr' id='par_1_82' title="bbox 202 4717 3510 4798">
     <span class='ocr_line' id='line_1_82' title="bbox 202 4717 3510 4798; baseline -0.002 -20"><span class='ocrx_word' id='word_1_715' title='bbox 202 4727 673 4794; x_wconf 61' lang='lat' dir='ltr'><strong>mverantim.</strong></span> <span class='ocrx_word' id='word_1_716' title='bbox 717 4727 835 4796; x_wconf 83' lang='lat' dir='ltr'><strong>Quo</strong></span> <span class='ocrx_word' id='word_1_717' title='bbox 874 4718 1121 4797; x_wconf 80' lang='lat' dir='ltr'><strong>exemplo</strong></span> <span class='ocrx_word' id='word_1_718' title='bbox 1168 4729 1387 4798; x_wconf 85' lang='lat' dir='ltr'><strong>quidam</strong></span> <span class='ocrx_word' id='word_1_719' title='bbox 1435 4729 1722 4783; x_wconf 79' lang='lat' dir='ltr'><strong>abutenles</strong></span> <span class='ocrx_word' id='word_1_720' title='bbox 1753 4728 1823 4783; x_wconf 79' lang='lat' dir='ltr'><strong>ad</strong></span> <span class='ocrx_word' id='word_1_721' title='bbox 1924 4736 2052 4791; x_wconf 90' lang='lat' dir='ltr'><strong>dum</strong></span> <span class='ocrx_word' id='word_1_722' title='bbox 2082 4749 2181 4788; x_wconf 90' lang='lat' dir='ltr'><strong>sua</strong></span> <span class='ocrx_word' id='word_1_723' title='bbox 2209 4731 2400 4786; x_wconf 84' lang='lat' dir='ltr'><strong>merita</strong></span> <span class='ocrx_word' id='word_1_724' title='bbox 2432 4728 2662 4798; x_wconf 86' lang='lat' dir='ltr'><strong>gratiam</strong></span> <span class='ocrx_word' id='word_1_725' title='bbox 2686 4725 2938 4793; x_wconf 89' lang='lat' dir='ltr'><strong>cuiquam</strong></span> <span class='ocrx_word' id='word_1_726' title='bbox 2969 4720 3107 4785; x_wconf 89' lang='lat' dir='ltr'><strong>dari,</strong></span> <span class='ocrx_word' id='word_1_727' title='bbox 3146 4718 3228 4772; x_wconf 87' lang='lat' dir='ltr'><strong>vel</strong></span> <span class='ocrx_word' id='word_1_728' title='bbox 3262 4717 3364 4773; x_wconf 86' lang='lat' dir='ltr'><strong>nisi</strong></span> <span class='ocrx_word' id='word_1_729' title='bbox 3393 4717 3510 4773; x_wconf 87' lang='lat' dir='ltr'><strong>suis</strong></span> 
     </span>
    </p>
   </div>
   <div class='ocr_carea' id='block_1_83' title="bbox 231 4819 1817 4888">
    <p class='ocr_par' dir='ltr' id='par_1_83' title="bbox 231 4819 1817 4888">
     <span class='ocr_line' id='line_1_83' title="bbox 231 4819 1817 4888; baseline 0.001 -18"><span class='ocrx_word' id='word_1_730' title='bbox 231 4831 363 4871; x_wconf 87' lang='lat' dir='ltr'><strong>suos</strong></span> <span class='ocrx_word' id='word_1_731' title='bbox 407 4832 606 4872; x_wconf 87' lang='lat' dir='ltr'><strong>sensus</strong></span> <span class='ocrx_word' id='word_1_732' title='bbox 632 4829 896 4873; x_wconf 88' lang='lat' dir='ltr'><strong>conantur</strong></span> <span class='ocrx_word' id='word_1_733' title='bbox 920 4819 1218 4883; x_wconf 85' lang='lat' dir='ltr'><strong>inﬂectere,</strong></span> <span class='ocrx_word' id='word_1_734' title='bbox 1259 4821 1353 4874; x_wconf 87' lang='lat' dir='ltr'><strong>sed</strong></span> <span class='ocrx_word' id='word_1_735' title='bbox 1380 4836 1485 4874; x_wconf 90' lang='lat' dir='ltr'><strong>non</strong></span> <span class='ocrx_word' id='word_1_736' title='bbox 1541 4826 1771 4888; x_wconf 89' lang='lat' dir='ltr'><strong>possunt</strong></span> <span class='ocrx_word' id='word_1_737' title='bbox 1804 4837 1817 4873; x_wconf 91' lang='lat'><strong>:</strong></span> 
     </span>
    </p>
   </div>
   <div class='ocr_carea' id='block_1_84' title="bbox 216 4908 1820 4982">
    <p class='ocr_par' dir='ltr' id='par_1_84' title="bbox 216 4908 1820 4982">
     <span class='ocr_line' id='line_1_84' title="bbox 216 4908 1820 4982; baseline 0.001 -19"><span class='ocrx_word' id='word_1_738' title='bbox 216 4909 360 4978; x_wconf 76' lang='lat' dir='ltr'><strong>quia</strong></span> <span class='ocrx_word' id='word_1_739' title='bbox 402 4916 461 4965; x_wconf 89' lang='lat' dir='ltr'><strong>et</strong></span> <span class='ocrx_word' id='word_1_740' title='bbox 512 4908 952 4966; x_wconf 77' lang='lat' dir='ltr'><strong>manifestissima</strong></span> <span class='ocrx_word' id='word_1_741' title='bbox 1009 4911 1210 4967; x_wconf 86' lang='lat' dir='ltr'><strong>veritas</strong></span> <span class='ocrx_word' id='word_1_742' title='bbox 1246 4911 1358 4982; x_wconf 84' lang='lat'><strong>90</strong></span> <span class='ocrx_word' id='word_1_743' title='bbox 1386 4911 1440 4966; x_wconf 93' lang='lat' dir='ltr'><strong>in</strong></span> <span class='ocrx_word' id='word_1_744' title='bbox 1490 4911 1590 4966; x_wconf 90' lang='lat' dir='ltr'><strong>boc</strong></span> <span class='ocrx_word' id='word_1_745' title='bbox 1630 4910 1820 4965; x_wconf 88' lang='lat' dir='ltr'><strong>eodem</strong></span> 
     </span>
    </p>
   </div>
   <div class='ocr_carea' id='block_1_85' title="bbox 232 4997 1823 5073">
    <p class='ocr_par' dir='ltr' id='par_1_85' title="bbox 232 4997 1823 5073">
     <span class='ocr_line' id='line_1_85' title="bbox 232 4997 1823 5073; baseline 0.003 -21"><span class='ocrx_word' id='word_1_746' title='bbox 232 4997 515 5069; x_wconf 78' lang='lat' dir='ltr'><strong>exemplo,</strong></span> <span class='ocrx_word' id='word_1_747' title='bbox 560 5007 619 5054; x_wconf 91' lang='lat' dir='ltr'><strong>et</strong></span> <span class='ocrx_word' id='word_1_748' title='bbox 659 5000 715 5053; x_wconf 90' lang='lat' dir='ltr'><strong>in</strong></span> <span class='ocrx_word' id='word_1_749' title='bbox 768 5001 1197 5069; x_wconf 63' lang='lat' dir='ltr'><strong>praecedentibus</strong></span> <span class='ocrx_word' id='word_1_750' title='bbox 1258 5017 1323 5058; x_wconf 89' lang='lat' dir='ltr'><strong>ac</strong></span> <span class='ocrx_word' id='word_1_751' title='bbox 1369 5000 1823 5073; x_wconf 83' lang='lat' dir='ltr'><strong>subsequentibus</strong></span> 
     </span>
    </p>
   </div>
   <div class='ocr_carea' id='block_1_86' title="bbox 228 5089 1823 5160">
    <p class='ocr_par' dir='ltr' id='par_1_86' title="bbox 228 5089 1823 5160">
     <span class='ocr_line' id='line_1_86' title="bbox 228 5089 1823 5160; baseline 0.002 -15"><span class='ocrx_word' id='word_1_752' title='bbox 228 5089 483 5160; x_wconf 79' lang='lat' dir='ltr'><strong>ejusdem</strong></span> <span class='ocrx_word' id='word_1_753' title='bbox 524 5091 670 5158; x_wconf 91' lang='lat' dir='ltr'><strong>libri,</strong></span> <span class='ocrx_word' id='word_1_754' title='bbox 723 5091 1018 5149; x_wconf 83' lang='lat' dir='ltr'><strong>fortissime</strong></span> <span class='ocrx_word' id='word_1_755' title='bbox 1048 5093 1420 5150; x_wconf 89' lang='lat' dir='ltr'><strong>molitionibus</strong></span> <span class='ocrx_word' id='word_1_756' title='bbox 1441 5109 1631 5150; x_wconf 88' lang='lat' dir='ltr'><strong>eorum</strong></span> <span class='ocrx_word' id='word_1_757' title='bbox 1679 5093 1823 5150; x_wconf 87' lang='lat' dir='ltr'><strong>reni-</strong></span> 
     </span>
    </p>
   </div>
   <div class='ocr_carea' id='block_1_87' title="bbox 236 5182 1826 5257">
    <p class='ocr_par' dir='ltr' id='par_1_87' title="bbox 236 5182 1826 5257">
     <span class='ocr_line' id='line_1_87' title="bbox 236 5182 1826 5257; baseline 0.006 -18"><span class='ocrx_word' id='word_1_758' title='bbox 236 5185 393 5240; x_wconf 89' lang='lat' dir='ltr'><strong>titur.</strong></span> <span class='ocrx_word' id='word_1_759' title='bbox 439 5182 578 5239; x_wconf 83' lang='lat' dir='ltr'><strong>Nam</strong></span> <span class='ocrx_word' id='word_1_760' title='bbox 603 5184 830 5255; x_wconf 88' lang='lat' dir='ltr'><strong>loquens</strong></span> <span class='ocrx_word' id='word_1_761' title='bbox 849 5196 1037 5241; x_wconf 91' lang='lat' dir='ltr'><strong>contra</strong></span> <span class='ocrx_word' id='word_1_762' title='bbox 1065 5186 1418 5257; x_wconf 88' lang='lat' dir='ltr'><strong>obloquentes</strong></span> <span class='ocrx_word' id='word_1_763' title='bbox 1448 5188 1695 5245; x_wconf 88' lang='lat' dir='ltr'><strong>veritatis</strong></span> <span class='ocrx_word' id='word_1_764' title='bbox 1713 5194 1826 5249; x_wconf 90' lang='lat' dir='ltr'><strong>sin-</strong></span> 
     </span>
    </p>
   </div>
   <div class='ocr_carea' id='block_1_88' title="bbox 234 5275 1824 5351">
    <p class='ocr_par' dir='ltr' id='par_1_88' title="bbox 234 5275 1824 5351">
     <span class='ocr_line' id='line_1_88' title="bbox 234 5275 1824 5351; baseline 0.007 -22"><span class='ocrx_word' id='word_1_765' title='bbox 234 5275 478 5340; x_wconf 86' lang='lat' dir='ltr'><strong>eeritati,</strong></span> <span class='ocrx_word' id='word_1_766' title='bbox 529 5276 670 5331; x_wconf 88' lang='lat' dir='ltr'><strong>sicut</strong></span> <span class='ocrx_word' id='word_1_767' title='bbox 694 5276 751 5331; x_wconf 91' lang='lat' dir='ltr'><strong>in</strong></span> <span class='ocrx_word' id='word_1_768' title='bbox 776 5275 1007 5333; x_wconf 89' lang='lat' dir='ltr'><strong>lectione</strong></span> <span class='ocrx_word' id='word_1_769' title='bbox 1034 5276 1275 5347; x_wconf 89' lang='lat' dir='ltr'><strong>ejusdem</strong></span> <span class='ocrx_word' id='word_1_770' title='bbox 1307 5277 1430 5334; x_wconf 90' lang='lat' dir='ltr'><strong>libri</strong></span> <span class='ocrx_word' id='word_1_771' title='bbox 1454 5281 1547 5350; x_wconf 92' lang='lat' dir='ltr'><strong>qui</strong></span> <span class='ocrx_word' id='word_1_772' title='bbox 1576 5282 1824 5351; x_wconf 89' lang='lat' dir='ltr'><strong>voluerit,</strong></span> 
     </span>
    </p>
   </div>
   <div class='ocr_carea' id='block_1_89' title="bbox 236 5363 1824 5447">
    <p class='ocr_par' dir='ltr' id='par_1_89' title="bbox 236 5363 1824 5447">
     <span class='ocr_line' id='line_1_89' title="bbox 236 5363 1824 5447; baseline 0.009 -30"><span class='ocrx_word' id='word_1_773' title='bbox 236 5363 401 5421; x_wconf 83' lang='lat' dir='ltr'><strong>facile</strong></span> <span class='ocrx_word' id='word_1_774' title='bbox 438 5380 772 5437; x_wconf 79' lang='lat' dir='ltr'><strong>cognoscere</strong></span> <span class='ocrx_word' id='word_1_775' title='bbox 815 5369 1036 5438; x_wconf 89' lang='lat' dir='ltr'><strong>poterit,</strong></span> <span class='ocrx_word' id='word_1_776' title='bbox 1084 5369 1159 5424; x_wconf 88' lang='lat' dir='ltr'><strong>ita</strong></span> <span class='ocrx_word' id='word_1_777' title='bbox 1203 5370 1271 5424; x_wconf 86' lang='lat' dir='ltr'><strong>ad</strong></span> <span class='ocrx_word' id='word_1_778' title='bbox 1311 5370 1490 5427; x_wconf 91' lang='lat' dir='ltr'><strong>locum</strong></span> <span class='ocrx_word' id='word_1_779' title='bbox 1520 5372 1657 5429; x_wconf 88' lang='lat' dir='ltr'><strong>dicit</strong></span> <span class='ocrx_word' id='word_1_780' title='bbox 1681 5374 1824 5447; x_wconf 83' lang='lat' dir='ltr'><strong>(cap.</strong></span> 
     </span>
    </p>
   </div>
   <div class='ocr_carea' id='block_1_90' title="bbox 240 5456 1828 5534">
    <p class='ocr_par' dir='ltr' id='par_1_90' title="bbox 240 5456 1828 5534">
     <span class='ocr_line' id='line_1_90' title="bbox 240 5456 1828 5534; baseline 0.006 -23"><span class='ocrx_word' id='word_1_781' title='bbox 240 5456 331 5528; x_wconf 80' lang='lat' dir='ltr'><strong>ll)</strong></span> <span class='ocrx_word' id='word_1_782' title='bbox 363 5473 377 5510; x_wconf 89' lang='lat'>:</span> <span class='ocrx_word' id='word_1_783' title='bbox 409 5476 428 5508; x_wconf 75' lang='grc' dir='ltr'><strong><em>α</em></strong></span> <span class='ocrx_word' id='word_1_784' title='bbox 462 5457 715 5524; x_wconf 88' lang='lat' dir='ltr'><strong>Proinde,</strong></span> <span class='ocrx_word' id='word_1_785' title='bbox 752 5460 1023 5531; x_wconf 90' lang='lat' dir='ltr'><strong>inquiens,</strong></span> <span class='ocrx_word' id='word_1_786' title='bbox 1056 5462 1198 5518; x_wconf 89' lang='lat' dir='ltr'><strong>sicut</strong></span> <span class='ocrx_word' id='word_1_787' title='bbox 1223 5462 1514 5534; x_wconf 83' lang='lat' dir='ltr'><strong>Apostolus</strong></span> <span class='ocrx_word' id='word_1_788' title='bbox 1559 5466 1657 5529; x_wconf 90' lang='lat' dir='ltr'><strong>ait,</strong></span> <span class='ocrx_word' id='word_1_789' title='bbox 1702 5465 1828 5521; x_wconf 88' lang='lat' dir='ltr'><strong>Non</strong></span> 
     </span>
    </p>
   </div>
   <div class='ocr_carea' id='block_1_91' title="bbox 239 5538 1830 5620">
    <p class='ocr_par' dir='ltr' id='par_1_91' title="bbox 239 5538 1830 5620">
     <span class='ocr_line' id='line_1_91' title="bbox 239 5538 1830 5620; baseline 0.006 -17"><span class='ocrx_word' id='word_1_790' title='bbox 239 5548 511 5613; x_wconf 54' lang='lat' dir='ltr'><strong>nolentis,</strong></span> <span class='ocrx_word' id='word_1_791' title='bbox 556 5538 720 5620; x_wconf 70' lang='lat' dir='ltr'><strong>neque</strong></span> <span class='ocrx_word' id='word_1_792' title='bbox 767 5552 1047 5619; x_wconf 86' lang='lat' dir='ltr'><strong>currentis,</strong></span> <span class='ocrx_word' id='word_1_793' title='bbox 1115 5556 1206 5609; x_wconf 89' lang='lat' dir='ltr'><strong>sed</strong></span> <span class='ocrx_word' id='word_1_794' title='bbox 1252 5555 1541 5610; x_wconf 86' lang='lat' dir='ltr'><strong>miserentis</strong></span> <span class='ocrx_word' id='word_1_795' title='bbox 1595 5567 1669 5611; x_wconf 84' lang='lat' dir='ltr'><strong>est</strong></span> <span class='ocrx_word' id='word_1_796' title='bbox 1729 5556 1830 5613; x_wconf 85' lang='lat' dir='ltr'><strong>Dei</strong></span> 
     </span>
    </p>
   </div>
   <div class='ocr_carea' id='block_1_92' title="bbox 238 5638 1827 5716">
    <p class='ocr_par' dir='ltr' id='par_1_92' title="bbox 238 5638 1827 5716">
     <span class='ocr_line' id='line_1_92' title="bbox 238 5638 1827 5716; baseline 0.007 -22"><span class='ocrx_word' id='word_1_797' title='bbox 238 5638 417 5710; x_wconf 79' lang='lat' dir='ltr'><strong>(Rom.</strong></span> <span class='ocrx_word' id='word_1_798' title='bbox 450 5657 526 5708; x_wconf 76' lang='lat' dir='ltr'><strong>is,</strong></span> <span class='ocrx_word' id='word_1_799' title='bbox 562 5641 672 5711; x_wconf 79' lang='lat' dir='ltr'><strong>t6),</strong></span> <span class='ocrx_word' id='word_1_800' title='bbox 702 5643 795 5712; x_wconf 87' lang='lat' dir='ltr'><strong>qui</strong></span> <span class='ocrx_word' id='word_1_801' title='bbox 820 5652 877 5700; x_wconf 90' lang='lat' dir='ltr'><strong>et</strong></span> <span class='ocrx_word' id='word_1_802' title='bbox 897 5645 1135 5716; x_wconf 87' lang='lat' dir='ltr'><strong>parvulis</strong></span> <span class='ocrx_word' id='word_1_803' title='bbox 1160 5646 1358 5716; x_wconf 90' lang='lat' dir='ltr'><strong>quibus</strong></span> <span class='ocrx_word' id='word_1_804' title='bbox 1386 5646 1500 5703; x_wconf 92' lang='lat' dir='ltr'><strong>vult</strong></span> <span class='ocrx_word' id='word_1_805' title='bbox 1530 5649 1693 5705; x_wconf 87' lang='lat' dir='ltr'><strong>etiam</strong></span> <span class='ocrx_word' id='word_1_806' title='bbox 1720 5664 1827 5705; x_wconf 93' lang='lat' dir='ltr'><strong>non</strong></span> 
     </span>
    </p>
   </div>
   <div class='ocr_carea' id='block_1_93' title="bbox 238 5726 1827 5809">
    <p class='ocr_par' dir='ltr' id='par_1_93' title="bbox 238 5726 1827 5809">
     <span class='ocr_line' id='line_1_93' title="bbox 238 5726 1827 5809; baseline 0.005 -24"><span class='ocrx_word' id='word_1_807' title='bbox 238 5733 570 5802; x_wconf 88' lang='lat' dir='ltr'><strong>volentibus,</strong></span> <span class='ocrx_word' id='word_1_808' title='bbox 600 5748 775 5805; x_wconf 86' lang='lat' dir='ltr'><strong>neque</strong></span> <span class='ocrx_word' id='word_1_809' title='bbox 799 5737 1141 5794; x_wconf 88' lang='lat' dir='ltr'><strong>currentibus</strong></span> <span class='ocrx_word' id='word_1_810' title='bbox 1162 5726 1430 5805; x_wconf 83' lang='lat' dir='ltr'><strong>subvenit,</strong></span> <span class='ocrx_word' id='word_1_811' title='bbox 1468 5753 1605 5809; x_wconf 83' lang='lat' dir='ltr'><strong>quos</strong></span> <span class='ocrx_word' id='word_1_812' title='bbox 1642 5739 1827 5794; x_wconf 90' lang='lat' dir='ltr'><strong>mundi</strong></span> 
     </span>
    </p>
   </div>
   <div class='ocr_carea' id='block_1_94' title="bbox 1923 4810 3511 4892">
    <p class='ocr_par' dir='ltr' id='par_1_94' title="bbox 1923 4810 3511 4892">
     <span class='ocr_line' id='line_1_94' title="bbox 1923 4810 3511 4892; baseline -0.011 -11"><span class='ocrx_word' id='word_1_813' title='bbox 1923 4824 2134 4881; x_wconf 89' lang='lat' dir='ltr'><strong>meritis</strong></span> <span class='ocrx_word' id='word_1_814' title='bbox 2173 4836 2445 4892; x_wconf 90' lang='lat' dir='ltr'><strong>quemque</strong></span> <span class='ocrx_word' id='word_1_815' title='bbox 2489 4818 2689 4890; x_wconf 88' lang='lat' dir='ltr'><strong>puniri,</strong></span> <span class='ocrx_word' id='word_1_816' title='bbox 2725 4816 2840 4871; x_wconf 88' lang='lat' dir='ltr'><strong>sive</strong></span> <span class='ocrx_word' id='word_1_817' title='bbox 2879 4830 3038 4885; x_wconf 88' lang='lat' dir='ltr'><strong>pares</strong></span> <span class='ocrx_word' id='word_1_818' title='bbox 3079 4812 3170 4882; x_wconf 90' lang='lat' dir='ltr'><strong>qui</strong></span> <span class='ocrx_word' id='word_1_819' title='bbox 3209 4810 3511 4865; x_wconf 73' lang='lat' dir='ltr'><strong>liberantur</strong></span> 
     </span>
    </p>
   </div>
   <div class='ocr_carea' id='block_1_95' title="bbox 1925 4906 3513 4986">
    <p class='ocr_par' dir='ltr' id='par_1_95' title="bbox 1925 4906 3513 4986">
     <span class='ocr_line' id='line_1_95' title="bbox 1925 4906 3513 4986; baseline -0.011 -15"><span class='ocrx_word' id='word_1_820' title='bbox 1925 4926 2088 4986; x_wconf 87' lang='lat' dir='ltr'><strong>atque</strong></span> <span class='ocrx_word' id='word_1_821' title='bbox 2126 4915 2442 4984; x_wconf 89' lang='lat' dir='ltr'><strong>puniuntur,</strong></span> <span class='ocrx_word' id='word_1_822' title='bbox 2488 4912 2601 4966; x_wconf 87' lang='lat' dir='ltr'><strong>sive</strong></span> <span class='ocrx_word' id='word_1_823' title='bbox 2636 4909 2879 4977; x_wconf 84' lang='lat' dir='ltr'><strong>dispares</strong></span> <span class='ocrx_word' id='word_1_824' title='bbox 2918 4906 3115 4959; x_wconf 82' lang='lat' dir='ltr'><strong>habeat</strong></span> <span class='ocrx_word' id='word_1_825' title='bbox 3161 4917 3355 4959; x_wconf 82' lang='lat' dir='ltr'><strong>causas</strong></span> <span class='ocrx_word' id='word_1_826' title='bbox 3399 4917 3513 4955; x_wconf 79' lang='lat' dir='ltr'><strong>ma-</strong></span> 
     </span>
    </p>
   </div>
   <div class='ocr_carea' id='block_1_96' title="bbox 1923 4988 3511 5076">
    <p class='ocr_par' dir='ltr' id='par_1_96' title="bbox 1923 4988 3511 5076">
     <span class='ocr_line' id='line_1_96' title="bbox 1923 4988 3511 5076; baseline -0.011 -15"><span class='ocrx_word' id='word_1_827' title='bbox 1923 5007 2040 5062; x_wconf 90' lang='lat' dir='ltr'><strong>las:</strong></span> <span class='ocrx_word' id='word_1_828' title='bbox 2070 5005 2176 5076; x_wconf 78' lang='lat'><strong>91</strong></span> <span class='ocrx_word' id='word_1_829' title='bbox 2211 5012 2271 5057; x_wconf 90' lang='lat' dir='ltr'><strong>ut</strong></span> <span class='ocrx_word' id='word_1_830' title='bbox 2290 5002 2383 5073; x_wconf 90' lang='lat' dir='ltr'><strong>qui</strong></span> <span class='ocrx_word' id='word_1_831' title='bbox 2409 5002 2622 5056; x_wconf 89' lang='lat' dir='ltr'><strong>videtur</strong></span> <span class='ocrx_word' id='word_1_832' title='bbox 2648 5008 2794 5053; x_wconf 90' lang='lat' dir='ltr'><strong>stare</strong></span> <span class='ocrx_word' id='word_1_833' title='bbox 2819 4996 3003 5051; x_wconf 88' lang='lat' dir='ltr'><strong>videat</strong></span> <span class='ocrx_word' id='word_1_834' title='bbox 3030 5009 3097 5049; x_wconf 91' lang='lat' dir='ltr'><strong>ne</strong></span> <span class='ocrx_word' id='word_1_835' title='bbox 3118 4994 3278 5048; x_wconf 89' lang='lat' dir='ltr'><strong>cadat</strong></span> <span class='ocrx_word' id='word_1_836' title='bbox 3308 4990 3359 5055; x_wconf 88' lang='lat' dir='ltr'><strong>(I</strong></span> <span class='ocrx_word' id='word_1_837' title='bbox 3383 4988 3511 5044; x_wconf 88' lang='lat' dir='ltr'><strong>Cor.</strong></span> 
     </span>
    </p>
   </div>
   <div class='ocr_carea' id='block_1_97' title="bbox 1925 5080 3516 5168">
    <p class='ocr_par' dir='ltr' id='par_1_97' title="bbox 1925 5080 3516 5168">
     <span class='ocr_line' id='line_1_97' title="bbox 1925 5080 3516 5168; baseline -0.011 -16"><span class='ocrx_word' id='word_1_838' title='bbox 1925 5114 1980 5162; x_wconf 81' lang='lat' dir='ltr'><strong>x,</strong></span> <span class='ocrx_word' id='word_1_839' title='bbox 2008 5096 2124 5168; x_wconf 78' lang='lat' dir='ltr'><strong>l2),</strong></span> <span class='ocrx_word' id='word_1_840' title='bbox 2157 5102 2209 5149; x_wconf 90' lang='lat' dir='ltr'><strong>et</strong></span> <span class='ocrx_word' id='word_1_841' title='bbox 2245 5093 2339 5164; x_wconf 92' lang='lat' dir='ltr'><strong>qui</strong></span> <span class='ocrx_word' id='word_1_842' title='bbox 2372 5091 2634 5161; x_wconf 83' lang='lat' dir='ltr'><strong>gloriatur</strong></span> <span class='ocrx_word' id='word_1_843' title='bbox 2667 5105 2777 5145; x_wconf 88' lang='lat' dir='ltr'><strong>non</strong></span> <span class='ocrx_word' id='word_1_844' title='bbox 2821 5088 2872 5142; x_wconf 90' lang='lat' dir='ltr'><strong>in</strong></span> <span class='ocrx_word' id='word_1_845' title='bbox 2919 5101 2978 5141; x_wconf 91' lang='lat' dir='ltr'><strong>se</strong></span> <span class='ocrx_word' id='word_1_846' title='bbox 3005 5086 3139 5156; x_wconf 89' lang='lat' dir='ltr'><strong>ipso,</strong></span> <span class='ocrx_word' id='word_1_847' title='bbox 3188 5083 3281 5138; x_wconf 89' lang='lat' dir='ltr'><strong>sed</strong></span> <span class='ocrx_word' id='word_1_848' title='bbox 3311 5082 3363 5136; x_wconf 92' lang='lat' dir='ltr'><strong>in</strong></span> <span class='ocrx_word' id='word_1_849' title='bbox 3410 5080 3516 5135; x_wconf 91' lang='lat' dir='ltr'><strong>Do-</strong></span> 
     </span>
    </p>
   </div>
   <div class='ocr_carea' id='block_1_98' title="bbox 1926 5169 3511 5255">
    <p class='ocr_par' dir='ltr' id='par_1_98' title="bbox 1926 5169 3511 5255">
     <span class='ocr_line' id='line_1_98' title="bbox 1926 5169 3511 5255; baseline -0.012 -13"><span class='ocrx_word' id='word_1_850' title='bbox 1926 5188 2074 5243; x_wconf 88' lang='lat' dir='ltr'><strong>mino</strong></span> <span class='ocrx_word' id='word_1_851' title='bbox 2098 5185 2360 5255; x_wconf 85' lang='lat' dir='ltr'><strong>glorietur</strong></span> <span class='ocrx_word' id='word_1_852' title='bbox 2390 5182 2444 5254; x_wconf 87' lang='lat' dir='ltr'><strong>(I</strong></span> <span class='ocrx_word' id='word_1_853' title='bbox 2474 5181 2599 5236; x_wconf 82' lang='lat' dir='ltr'><strong>Cor.</strong></span> <span class='ocrx_word' id='word_1_854' title='bbox 2630 5197 2673 5246; x_wconf 83' lang='grc' dir='ltr'><strong>ι,</strong></span> <span class='ocrx_word' id='word_1_855' title='bbox 2703 5179 2817 5255; x_wconf 78' lang='grc'><strong>51).</strong></span> <span class='ocrx_word' id='word_1_856' title='bbox 2844 5198 2863 5232; x_wconf 73' lang='grc' dir='ltr'><strong><em>ι</em></strong></span> <span class='ocrx_word' id='word_1_857' title='bbox 2912 5177 2980 5233; x_wconf 89' lang='grc' dir='ltr'><strong>Ει</strong></span> <span class='ocrx_word' id='word_1_858' title='bbox 3005 5184 3125 5246; x_wconf 91' lang='lat' dir='ltr'><strong>post</strong></span> <span class='ocrx_word' id='word_1_859' title='bbox 3156 5173 3430 5243; x_wconf 88' lang='lat' dir='ltr'><strong>aliquanta</strong></span> <span class='ocrx_word' id='word_1_860' title='bbox 3454 5169 3511 5225; x_wconf 88' lang='lat' dir='ltr'><strong>in</strong></span> 
     </span>
    </p>
   </div>
   <div class='ocr_carea' id='block_1_99' title="bbox 1925 5261 3514 5345">
    <p class='ocr_par' dir='ltr' id='par_1_99' title="bbox 1925 5261 3514 5345">
     <span class='ocr_line' id='line_1_99' title="bbox 1925 5261 3514 5345; baseline -0.012 -10"><span class='ocrx_word' id='word_1_861' title='bbox 1925 5279 2114 5335; x_wconf 90' lang='lat' dir='ltr'><strong>eodem</strong></span> <span class='ocrx_word' id='word_1_862' title='bbox 2136 5277 2275 5335; x_wconf 89' lang='lat' dir='ltr'><strong>libro</strong></span> <span class='ocrx_word' id='word_1_863' title='bbox 2297 5274 2648 5345; x_wconf 90' lang='lat' dir='ltr'><strong>subsequitur</strong></span> <span class='ocrx_word' id='word_1_864' title='bbox 2683 5271 2870 5327; x_wconf 90' lang='lat' dir='ltr'><strong>dicens</strong></span> <span class='ocrx_word' id='word_1_865' title='bbox 2891 5270 3030 5340; x_wconf 69' lang='grc' dir='ltr'><strong>(τηρ.</strong></span> <span class='ocrx_word' id='word_1_866' title='bbox 3068 5267 3198 5336; x_wconf 85' lang='lat' dir='ltr'><strong>l7):</strong></span> <span class='ocrx_word' id='word_1_867' title='bbox 3234 5284 3253 5317; x_wconf 76' lang='grc' dir='ltr'>ι</span> <span class='ocrx_word' id='word_1_868' title='bbox 3282 5264 3387 5319; x_wconf 85' lang='lat' dir='ltr'><strong>Ista</strong></span> <span class='ocrx_word' id='word_1_869' title='bbox 3419 5261 3514 5334; x_wconf 83' lang='lat' dir='ltr'><strong>igi-</strong></span> 
     </span>
    </p>
   </div>
   <div class='ocr_carea' id='block_1_100' title="bbox 1931 5356 3512 5437">
    <p class='ocr_par' dir='ltr' id='par_1_100' title="bbox 1931 5356 3512 5437">
     <span class='ocr_line' id='line_1_100' title="bbox 1931 5356 3512 5437; baseline -0.01 -11"><span class='ocrx_word' id='word_1_870' title='bbox 1931 5382 2020 5426; x_wconf 90' lang='lat' dir='ltr'><strong>tur</strong></span> <span class='ocrx_word' id='word_1_871' title='bbox 2041 5385 2140 5425; x_wconf 88' lang='lat' dir='ltr'><strong>sua</strong></span> <span class='ocrx_word' id='word_1_872' title='bbox 2168 5376 2309 5424; x_wconf 83' lang='lat' dir='ltr'><strong>dona</strong></span> <span class='ocrx_word' id='word_1_873' title='bbox 2336 5368 2747 5437; x_wconf 89' lang='lat' dir='ltr'><strong>quibuscunque</strong></span> <span class='ocrx_word' id='word_1_874' title='bbox 2765 5364 2906 5417; x_wconf 92' lang='lat' dir='ltr'><strong>Deus</strong></span> <span class='ocrx_word' id='word_1_875' title='bbox 2925 5362 3112 5425; x_wconf 86' lang='lat' dir='ltr'><strong>donat,</strong></span> <span class='ocrx_word' id='word_1_876' title='bbox 3140 5357 3329 5430; x_wconf 90' lang='lat' dir='ltr'><strong>procul</strong></span> <span class='ocrx_word' id='word_1_877' title='bbox 3348 5356 3512 5413; x_wconf 89' lang='lat' dir='ltr'><strong>dubio</strong></span> 
     </span>
    </p>
   </div>
   <div class='ocr_carea' id='block_1_101' title="bbox 1931 5448 3512 5527">
    <p class='ocr_par' dir='ltr' id='par_1_101' title="bbox 1931 5448 3512 5527">
     <span class='ocr_line' id='line_1_101' title="bbox 1931 5448 3512 5527; baseline -0.009 -9"><span class='ocrx_word' id='word_1_878' title='bbox 1931 5478 1990 5519; x_wconf 91' lang='lat' dir='ltr'><strong>se</strong></span> <span class='ocrx_word' id='word_1_879' title='bbox 2016 5463 2339 5517; x_wconf 88' lang='lat' dir='ltr'><strong>donaturum</strong></span> <span class='ocrx_word' id='word_1_880' title='bbox 2374 5472 2497 5514; x_wconf 90' lang='lat' dir='ltr'><strong>esse</strong></span> <span class='ocrx_word' id='word_1_881' title='bbox 2525 5455 2818 5527; x_wconf 79' lang='lat' dir='ltr'><strong>praescivit,</strong></span> <span class='ocrx_word' id='word_1_882' title='bbox 2869 5461 2926 5508; x_wconf 91' lang='lat' dir='ltr'><strong>et</strong></span> <span class='ocrx_word' id='word_1_883' title='bbox 2962 5452 3016 5506; x_wconf 90' lang='lat' dir='ltr'><strong>in</strong></span> <span class='ocrx_word' id='word_1_884' title='bbox 3046 5465 3141 5506; x_wconf 88' lang='lat' dir='ltr'><strong>sua</strong></span> <span class='ocrx_word' id='word_1_885' title='bbox 3170 5448 3512 5521; x_wconf 62' lang='lat' dir='ltr'><strong>praescientia</strong></span> 
     </span>
    </p>
   </div>
   <div class='ocr_carea' id='block_1_102' title="bbox 1930 5543 3513 5626">
    <p class='ocr_par' dir='ltr' id='par_1_102' title="bbox 1930 5543 3513 5626">
     <span class='ocr_line' id='line_1_102' title="bbox 1930 5543 3513 5626; baseline -0.012 -15"><span class='ocrx_word' id='word_1_886' title='bbox 1930 5553 2273 5626; x_wconf 70' lang='lat' dir='ltr'><strong>praeparavit.</strong></span> <span class='ocrx_word' id='word_1_887' title='bbox 2309 5551 2455 5619; x_wconf 85' lang='lat' dir='ltr'><strong>Quos</strong></span> <span class='ocrx_word' id='word_1_888' title='bbox 2480 5562 2610 5620; x_wconf 87' lang='lat' dir='ltr'><strong>ergo</strong></span> <span class='ocrx_word' id='word_1_889' title='bbox 2633 5543 3059 5618; x_wconf 68' lang='lat' dir='ltr'><strong>praedestinavit,</strong></span> <span class='ocrx_word' id='word_1_890' title='bbox 3090 5543 3237 5613; x_wconf 88' lang='lat' dir='ltr'><strong>ipsos</strong></span> <span class='ocrx_word' id='word_1_891' title='bbox 3272 5549 3329 5596; x_wconf 91' lang='lat' dir='ltr'><strong>et</strong></span> <span class='ocrx_word' id='word_1_892' title='bbox 3357 5554 3513 5596; x_wconf 82' lang='lat' dir='ltr'><strong>voca-</strong></span> 
     </span>
    </p>
   </div>
   <div class='ocr_carea' id='block_1_103' title="bbox 1931 5641 3511 5710">
    <p class='ocr_par' dir='ltr' id='par_1_103' title="bbox 1931 5641 3511 5710">
     <span class='ocr_line' id='line_1_103' title="bbox 1931 5641 3511 5710; baseline -0.008 -9"><span class='ocrx_word' id='word_1_893' title='bbox 1931 5647 2010 5701; x_wconf 93' lang='lat' dir='ltr'><strong>vit</strong></span> <span class='ocrx_word' id='word_1_894' title='bbox 2038 5645 2316 5699; x_wconf 86' lang='lat' dir='ltr'><strong>vocatione</strong></span> <span class='ocrx_word' id='word_1_895' title='bbox 2346 5641 2453 5704; x_wconf 90' lang='lat' dir='ltr'><strong>illa,</strong></span> <span class='ocrx_word' id='word_1_896' title='bbox 2476 5655 2638 5710; x_wconf 89' lang='lat' dir='ltr'><strong>quam</strong></span> <span class='ocrx_word' id='word_1_897' title='bbox 2670 5654 2756 5693; x_wconf 91' lang='lat' dir='ltr'><strong>me</strong></span> <span class='ocrx_word' id='word_1_898' title='bbox 2790 5652 2931 5707; x_wconf 66' lang='lat' dir='ltr'><strong>smpe</strong></span> <span class='ocrx_word' id='word_1_899' title='bbox 2954 5649 3383 5691; x_wconf 89' lang='lat' dir='ltr'><strong>commemorare</strong></span> <span class='ocrx_word' id='word_1_900' title='bbox 3404 5649 3511 5688; x_wconf 84' lang='lat' dir='ltr'><strong>non</strong></span> 
     </span>
    </p>
   </div>
   <div class='ocr_carea' id='block_1_104' title="bbox 1931 5724 3515 5809">
    <p class='ocr_par' dir='ltr' id='par_1_104' title="bbox 1931 5724 3515 5809">
     <span class='ocr_line' id='line_1_104' title="bbox 1931 5724 3515 5809; baseline -0.008 -17"><span class='ocrx_word' id='word_1_901' title='bbox 1931 5738 2097 5809; x_wconf 77' lang='lat' dir='ltr'><strong>piget,</strong></span> <span class='ocrx_word' id='word_1_902' title='bbox 2123 5736 2189 5792; x_wconf 86' lang='lat' dir='ltr'><strong>de</strong></span> <span class='ocrx_word' id='word_1_903' title='bbox 2223 5750 2326 5806; x_wconf 88' lang='lat' dir='ltr'><strong>qua</strong></span> <span class='ocrx_word' id='word_1_904' title='bbox 2360 5734 2562 5788; x_wconf 88' lang='lat' dir='ltr'><strong>dictum</strong></span> <span class='ocrx_word' id='word_1_905' title='bbox 2591 5738 2695 5797; x_wconf 90' lang='lat' dir='ltr'><strong>est,</strong></span> <span class='ocrx_word' id='word_1_906' title='bbox 2735 5730 2846 5784; x_wconf 86' lang='lat' dir='ltr'><strong>sine</strong></span> <span class='ocrx_word' id='word_1_907' title='bbox 2884 5726 3188 5799; x_wconf 73' lang='lat' dir='ltr'><strong>pwnitentia</strong></span> <span class='ocrx_word' id='word_1_908' title='bbox 3212 5734 3333 5782; x_wconf 83' lang='lat' dir='ltr'><strong>sunt</strong></span> <span class='ocrx_word' id='word_1_909' title='bbox 3373 5724 3515 5780; x_wconf 81' lang='lat' dir='ltr'><strong>dona</strong></span> 
     </span>
    </p>
   </div>
  </div>
