  <div class='ocr_page' id='page_1' title='image "/cluster/home/n/w/nwhite01/storage/ocr_20150623/125/hvd.32044015471667/083.png"; bbox 0 0 3998 5396; ppageno 0'>
   <div class='ocr_carea' id='block_1_1' title="bbox 550 339 3826 417">
    <p class='ocr_par' dir='ltr' id='par_1_1' title="bbox 550 339 3826 417">
     <span class='ocr_line' id='line_1_1' title="bbox 550 339 3826 417; baseline -0.002 -10"><span class='ocrx_word' id='word_1_1' title='bbox 550 344 656 407; x_wconf 72' lang='grc'><strong>155</strong></span> <span class='ocrx_word' id='word_1_2' title='bbox 1507 343 1840 402; x_wconf 79' lang='lat' dir='ltr'><strong>HINCMARI</strong></span> <span class='ocrx_word' id='word_1_3' title='bbox 1893 339 2292 398; x_wconf 46' lang='lat' dir='ltr'><strong>RI‘IEMENSIS</strong></span> <span class='ocrx_word' id='word_1_4' title='bbox 2326 343 2845 404; x_wconf 78' lang='lat' dir='ltr'><strong>ARCHIEPISCOPI</strong></span> <span class='ocrx_word' id='word_1_5' title='bbox 3718 357 3826 417; x_wconf 61' lang='lat' dir='ltr'><strong>{si}</strong></span> 
     </span>
    </p>
   </div>
   <div class='ocr_carea' id='block_1_2' title="bbox 551 463 3824 549">
    <p class='ocr_par' dir='ltr' id='par_1_2' title="bbox 551 463 3824 549">
     <span class='ocr_line' id='line_1_2' title="bbox 551 463 3824 549; baseline 0.003 -27"><span class='ocrx_word' id='word_1_6' title='bbox 551 480 601 527; x_wconf 77' lang='lat' dir='ltr'><strong>et</strong></span> <span class='ocrx_word' id='word_1_7' title='bbox 634 468 836 525; x_wconf 74' lang='lat' dir='ltr'><strong>vacatio</strong></span> <span class='ocrx_word' id='word_1_8' title='bbox 862 467 961 523; x_wconf 87' lang='lat' dir='ltr'><strong>Dei</strong></span> <span class='ocrx_word' id='word_1_9' title='bbox 988 466 1170 541; x_wconf 80' lang='lat' dir='ltr'><strong>(Rom.</strong></span> <span class='ocrx_word' id='word_1_10' title='bbox 1218 481 1296 531; x_wconf 77' lang='grc' dir='ltr'><strong>χι,</strong></span> <span class='ocrx_word' id='word_1_11' title='bbox 1323 465 1436 538; x_wconf 72' lang='grc'><strong>29).</strong></span> <span class='ocrx_word' id='word_1_12' title='bbox 1484 465 1732 536; x_wconf 84' lang='lat' dir='ltr'><strong>Namque</strong></span> <span class='ocrx_word' id='word_1_13' title='bbox 1763 465 1816 520; x_wconf 87' lang='lat' dir='ltr'><strong>in</strong></span> <span class='ocrx_word' id='word_1_14' title='bbox 1866 480 1983 529; x_wconf 90' lang='lat' dir='ltr'><strong>sua,</strong></span> <span class='ocrx_word' id='word_1_15' title='bbox 2013 478 2134 534; x_wconf 70' lang='lat' dir='ltr'><strong>qua:</strong></span> <span class='ocrx_word' id='word_1_16' title='bbox 2161 463 2212 522; x_wconf 76' lang='grc' dir='ltr'><strong>Α</strong></span> <span class='ocrx_word' id='word_1_17' title='bbox 2241 476 2360 516; x_wconf 89' lang='lat' dir='ltr'><strong>rum</strong></span> <span class='ocrx_word' id='word_1_18' title='bbox 2385 466 2818 523; x_wconf 79' lang='lat' dir='ltr'><strong>testimoniorum</strong></span> <span class='ocrx_word' id='word_1_19' title='bbox 2839 468 3121 539; x_wconf 68' lang='lat' dir='ltr'><strong>pmrah’tas</strong></span> <span class='ocrx_word' id='word_1_20' title='bbox 3155 470 3213 526; x_wconf 87' lang='lat' dir='ltr'><strong>id</strong></span> <span class='ocrx_word' id='word_1_21' title='bbox 3238 485 3399 542; x_wconf 82' lang='lat' dir='ltr'><strong>agere</strong></span> <span class='ocrx_word' id='word_1_22' title='bbox 3425 489 3534 530; x_wconf 76' lang='lat' dir='ltr'><strong>non</strong></span> <span class='ocrx_word' id='word_1_23' title='bbox 3562 491 3824 549; x_wconf 77' lang='lat' dir='ltr'><strong>exposce-</strong></span> 
     </span>
    </p>
   </div>
   <div class='ocr_carea' id='block_1_3' title="bbox 553 554 3826 634">
    <p class='ocr_par' dir='ltr' id='par_1_3' title="bbox 553 554 3826 634">
     <span class='ocr_line' id='line_1_3' title="bbox 553 554 3826 634; baseline 0.003 -20"><span class='ocrx_word' id='word_1_24' title='bbox 553 558 668 614; x_wconf 78' lang='lat' dir='ltr'><strong>Ialli</strong></span> <span class='ocrx_word' id='word_1_25' title='bbox 712 558 1018 628; x_wconf 89' lang='lat' dir='ltr'><strong>mutarique</strong></span> <span class='ocrx_word' id='word_1_26' title='bbox 1061 573 1170 613; x_wconf 87' lang='lat' dir='ltr'><strong>non</strong></span> <span class='ocrx_word' id='word_1_27' title='bbox 1218 565 1416 629; x_wconf 88' lang='lat' dir='ltr'><strong>potest,</strong></span> <span class='ocrx_word' id='word_1_28' title='bbox 1443 559 1787 629; x_wconf 64' lang='lat' dir='ltr'><strong>praescientia</strong></span> <span class='ocrx_word' id='word_1_29' title='bbox 1829 572 1997 628; x_wconf 82' lang='lat' dir='ltr'><strong>opera</strong></span> <span class='ocrx_word' id='word_1_30' title='bbox 2036 572 2134 612; x_wconf 87' lang='lat' dir='ltr'><strong>sua</strong></span> <span class='ocrx_word' id='word_1_31' title='bbox 2247 562 2366 608; x_wconf 90' lang='lat' dir='ltr'><strong>ret:</strong></span> <span class='ocrx_word' id='word_1_32' title='bbox 2405 574 2428 606; x_wconf 72' lang='grc' dir='ltr'>ι</span> <span class='ocrx_word' id='word_1_33' title='bbox 2463 554 2636 622; x_wconf 86' lang='lat' dir='ltr'><strong>Quod,</strong></span> <span class='ocrx_word' id='word_1_34' title='bbox 2668 559 2862 628; x_wconf 87' lang='lat' dir='ltr'><strong>inquit,</strong></span> <span class='ocrx_word' id='word_1_35' title='bbox 2904 576 3259 631; x_wconf 82' lang='lat' dir='ltr'><strong>personarum</strong></span> <span class='ocrx_word' id='word_1_36' title='bbox 3284 573 3624 634; x_wconf 85' lang='lat' dir='ltr'><strong>acceptorem</strong></span> <span class='ocrx_word' id='word_1_37' title='bbox 3653 567 3826 625; x_wconf 85' lang='lat' dir='ltr'><strong>Deum</strong></span> 
     </span>
    </p>
   </div>
   <div class='ocr_carea' id='block_1_4' title="bbox 553 647 3823 723">
    <p class='ocr_par' dir='ltr' id='par_1_4' title="bbox 553 647 3823 723">
     <span class='ocr_line' id='line_1_4' title="bbox 553 647 3823 723; baseline 0.003 -19"><span class='ocrx_word' id='word_1_38' title='bbox 553 649 732 704; x_wconf 83' lang='lat' dir='ltr'><strong>futura</strong></span> <span class='ocrx_word' id='word_1_39' title='bbox 761 651 1069 718; x_wconf 82' lang='lat' dir='ltr'><strong>disponere,</strong></span> <span class='ocrx_word' id='word_1_40' title='bbox 1106 647 1160 704; x_wconf 93' lang='lat' dir='ltr'><strong>id</strong></span> <span class='ocrx_word' id='word_1_41' title='bbox 1182 649 1404 705; x_wconf 86' lang='lat' dir='ltr'><strong>omnino</strong></span> <span class='ocrx_word' id='word_1_42' title='bbox 1427 665 1536 705; x_wconf 89' lang='lat' dir='ltr'><strong>non</strong></span> <span class='ocrx_word' id='word_1_43' title='bbox 1563 649 1711 704; x_wconf 83' lang='lat' dir='ltr'><strong>aliud</strong></span> <span class='ocrx_word' id='word_1_44' title='bbox 1737 650 2028 719; x_wconf 85' lang='lat' dir='ltr'><strong>quidquam</strong></span> <span class='ocrx_word' id='word_1_45' title='bbox 2053 657 2137 705; x_wconf 89' lang='lat' dir='ltr'><strong>est</strong></span> <span class='ocrx_word' id='word_1_46' title='bbox 2237 660 2298 701; x_wconf 89' lang='lat' dir='ltr'><strong>se</strong></span> <span class='ocrx_word' id='word_1_47' title='bbox 2341 647 2566 703; x_wconf 85' lang='lat' dir='ltr'><strong>credere</strong></span> <span class='ocrx_word' id='word_1_48' title='bbox 2597 650 2934 718; x_wconf 79' lang='lat' dir='ltr'><strong>existimant,</strong></span> <span class='ocrx_word' id='word_1_49' title='bbox 2970 653 3101 723; x_wconf 88' lang='lat' dir='ltr'><strong>quin</strong></span> <span class='ocrx_word' id='word_1_50' title='bbox 3135 663 3387 710; x_wconf 81' lang='lat' dir='ltr'><strong>auctores</strong></span> <span class='ocrx_word' id='word_1_51' title='bbox 3413 665 3470 711; x_wconf 84' lang='lat' dir='ltr'><strong>et</strong></span> <span class='ocrx_word' id='word_1_52' title='bbox 3493 656 3823 715; x_wconf 79' lang='lat' dir='ltr'><strong>dissemina-</strong></span> 
     </span>
    </p>
   </div>
   <div class='ocr_carea' id='block_1_5' title="bbox 551 737 3820 818">
    <p class='ocr_par' dir='ltr' id='par_1_5' title="bbox 551 737 3820 818">
     <span class='ocr_line' id='line_1_5' title="bbox 551 737 3820 818; baseline 0.004 -24"><span class='ocrx_word' id='word_1_53' title='bbox 551 755 714 810; x_wconf 90' lang='lat' dir='ltr'><strong>quam</strong></span> <span class='ocrx_word' id='word_1_54' title='bbox 743 738 1145 810; x_wconf 72' lang='lat' dir='ltr'><strong>prazdestinare.</strong></span> <span class='ocrx_word' id='word_1_55' title='bbox 1175 759 1195 794; x_wconf 75' lang='grc' dir='ltr'><strong><em>ι</em></strong></span> <span class='ocrx_word' id='word_1_56' title='bbox 1226 739 1294 795; x_wconf 86' lang='lat' dir='ltr'><strong>Et</strong></span> <span class='ocrx_word' id='word_1_57' title='bbox 1326 740 1775 812; x_wconf 88' lang='lat' dir='ltr'><strong>postaliquanta:</strong></span> <span class='ocrx_word' id='word_1_58' title='bbox 1807 759 1825 791; x_wconf 70' lang='grc' dir='ltr'>ι</span> <span class='ocrx_word' id='word_1_59' title='bbox 1853 739 1989 796; x_wconf 88' lang='lat' dir='ltr'><strong>Cum</strong></span> <span class='ocrx_word' id='word_1_60' title='bbox 2018 737 2136 796; x_wconf 68' lang='lat' dir='ltr'><strong>hate</strong></span> <span class='ocrx_word' id='word_1_61' title='bbox 2238 748 2385 796; x_wconf 89' lang='lat' dir='ltr'><strong>tores</strong></span> <span class='ocrx_word' id='word_1_62' title='bbox 2418 744 2661 812; x_wconf 85' lang='lat' dir='ltr'><strong>perversi</strong></span> <span class='ocrx_word' id='word_1_63' title='bbox 2697 745 2987 815; x_wconf 78' lang='lat' dir='ltr'><strong>dogmatis,</strong></span> <span class='ocrx_word' id='word_1_64' title='bbox 3033 747 3079 802; x_wconf 88' lang='lat' dir='ltr'><strong>si</strong></span> <span class='ocrx_word' id='word_1_65' title='bbox 3119 747 3345 803; x_wconf 82' lang='lat' dir='ltr'><strong>credant</strong></span> <span class='ocrx_word' id='word_1_66' title='bbox 3375 749 3518 818; x_wconf 89' lang='lat' dir='ltr'><strong>quod</strong></span> <span class='ocrx_word' id='word_1_67' title='bbox 3545 751 3667 806; x_wconf 89' lang='lat' dir='ltr'><strong>sine</strong></span> <span class='ocrx_word' id='word_1_68' title='bbox 3696 751 3820 808; x_wconf 88' lang='lat' dir='ltr'><strong>ullis</strong></span> 
     </span>
    </p>
   </div>
   <div class='ocr_carea' id='block_1_6' title="bbox 553 829 3824 906">
    <p class='ocr_par' dir='ltr' id='par_1_6' title="bbox 553 829 3824 906">
     <span class='ocr_line' id='line_1_6' title="bbox 553 829 3824 906; baseline 0.004 -21"><span class='ocrx_word' id='word_1_69' title='bbox 553 838 610 885; x_wconf 90' lang='lat' dir='ltr'><strong>et</strong></span> <span class='ocrx_word' id='word_1_70' title='bbox 633 829 738 885; x_wconf 89' lang='lat' dir='ltr'><strong>alia</strong></span> <span class='ocrx_word' id='word_1_71' title='bbox 763 829 955 886; x_wconf 86' lang='lat' dir='ltr'><strong>&#39;multa</strong></span> <span class='ocrx_word' id='word_1_72' title='bbox 981 845 1102 900; x_wconf 85' lang='lat' dir='ltr'><strong>quae</strong></span> <span class='ocrx_word' id='word_1_73' title='bbox 1143 830 1293 901; x_wconf 81' lang='lat' dir='ltr'><strong>piget</strong></span> <span class='ocrx_word' id='word_1_74' title='bbox 1331 841 1577 903; x_wconf 82' lang='lat' dir='ltr'><strong>repetere</strong></span> <span class='ocrx_word' id='word_1_75' title='bbox 1614 831 1930 898; x_wconf 77' lang='lat' dir='ltr'><strong>dixerimus,</strong></span> <span class='ocrx_word' id='word_1_76' title='bbox 1973 842 2138 902; x_wconf 85' lang='lat' dir='ltr'><strong>atque</strong></span> <span class='ocrx_word' id='word_1_77' title='bbox 2234 833 2666 902; x_wconf 76' lang='lat' dir='ltr'><strong>praecedentibus</strong></span> <span class='ocrx_word' id='word_1_78' title='bbox 2703 836 2913 892; x_wconf 90' lang='lat' dir='ltr'><strong>meritis</strong></span> <span class='ocrx_word' id='word_1_79' title='bbox 2939 835 3092 906; x_wconf 87' lang='lat' dir='ltr'><strong>cujus</strong></span> <span class='ocrx_word' id='word_1_80' title='bbox 3125 837 3237 892; x_wconf 90' lang='lat' dir='ltr'><strong>vult</strong></span> <span class='ocrx_word' id='word_1_81' title='bbox 3265 838 3404 894; x_wconf 90' lang='lat' dir='ltr'><strong>Deus</strong></span> <span class='ocrx_word' id='word_1_82' title='bbox 3425 839 3743 906; x_wconf 89' lang='lat' dir='ltr'><strong>miseretur,</strong></span> <span class='ocrx_word' id='word_1_83' title='bbox 3765 849 3824 897; x_wconf 89' lang='lat' dir='ltr'><strong>et</strong></span> 
     </span>
    </p>
   </div>
   <div class='ocr_carea' id='block_1_7' title="bbox 554 921 3821 1001">
    <p class='ocr_par' dir='ltr' id='par_1_7' title="bbox 554 921 3821 1001">
     <span class='ocr_line' id='line_1_7' title="bbox 554 921 3821 1001; baseline 0.003 -25"><span class='ocrx_word' id='word_1_84' title='bbox 554 921 954 978; x_wconf 84' lang='lat' dir='ltr'><strong>ostenderimus</strong></span> <span class='ocrx_word' id='word_1_85' title='bbox 973 931 1029 978; x_wconf 91' lang='lat' dir='ltr'><strong>et</strong></span> <span class='ocrx_word' id='word_1_86' title='bbox 1052 923 1266 978; x_wconf 89' lang='lat' dir='ltr'><strong>initium</strong></span> <span class='ocrx_word' id='word_1_87' title='bbox 1294 923 1442 989; x_wconf 81' lang='lat' dir='ltr'><strong>ﬁdei,</strong></span> <span class='ocrx_word' id='word_1_88' title='bbox 1470 932 1526 980; x_wconf 90' lang='lat' dir='ltr'><strong>et</strong></span> <span class='ocrx_word' id='word_1_89' title='bbox 1547 939 1720 994; x_wconf 88' lang='lat' dir='ltr'><strong>usque</strong></span> <span class='ocrx_word' id='word_1_90' title='bbox 1746 924 1802 980; x_wconf 90' lang='lat' dir='ltr'><strong>in</strong></span> <span class='ocrx_word' id='word_1_91' title='bbox 1827 924 1988 980; x_wconf 85' lang='lat' dir='ltr'><strong>ﬁnem</strong></span> <span class='ocrx_word' id='word_1_92' title='bbox 2013 940 2139 996; x_wconf 57' lang='lat' dir='ltr'><strong>per»</strong></span> <span class='ocrx_word' id='word_1_93' title='bbox 2238 939 2376 994; x_wconf 89' lang='lat' dir='ltr'><strong>quos</strong></span> <span class='ocrx_word' id='word_1_94' title='bbox 2410 925 2664 995; x_wconf 73' lang='lat' dir='ltr'><strong>dignatur</strong></span> <span class='ocrx_word' id='word_1_95' title='bbox 2689 936 2869 994; x_wconf 86' lang='lat' dir='ltr'><strong>vocat,</strong></span> <span class='ocrx_word' id='word_1_96' title='bbox 2894 939 2950 983; x_wconf 90' lang='lat' dir='ltr'><strong>et</strong></span> <span class='ocrx_word' id='word_1_97' title='bbox 2975 943 3136 997; x_wconf 90' lang='lat' dir='ltr'><strong>quem</strong></span> <span class='ocrx_word' id='word_1_98' title='bbox 3170 928 3285 984; x_wconf 89' lang='lat' dir='ltr'><strong>vult</strong></span> <span class='ocrx_word' id='word_1_99' title='bbox 3329 929 3641 1001; x_wconf 88' lang='lat' dir='ltr'><strong>religiosum</strong></span> <span class='ocrx_word' id='word_1_100' title='bbox 3672 930 3821 995; x_wconf 81' lang='lat' dir='ltr'><strong>facit,</strong></span> 
     </span>
    </p>
   </div>
   <div class='ocr_carea' id='block_1_8' title="bbox 551 1012 3826 1092">
    <p class='ocr_par' dir='ltr' id='par_1_8' title="bbox 551 1012 3826 1092">
     <span class='ocr_line' id='line_1_8' title="bbox 551 1012 3826 1092; baseline 0.003 -26"><span class='ocrx_word' id='word_1_101' title='bbox 551 1012 939 1079; x_wconf 85' lang='lat' dir='ltr'><strong>severantiam,</strong></span> <span class='ocrx_word' id='word_1_102' title='bbox 996 1012 1093 1069; x_wconf 90' lang='lat' dir='ltr'><strong>Dei</strong></span> <span class='ocrx_word' id='word_1_103' title='bbox 1142 1014 1284 1070; x_wconf 87' lang='lat' dir='ltr'><strong>dona</strong></span> <span class='ocrx_word' id='word_1_104' title='bbox 1331 1030 1475 1081; x_wconf 88' lang='lat' dir='ltr'><strong>esse,</strong></span> <span class='ocrx_word' id='word_1_105' title='bbox 1516 1031 1619 1070; x_wconf 88' lang='lat' dir='ltr'><strong>nec</strong></span> <span class='ocrx_word' id='word_1_106' title='bbox 1665 1015 1773 1071; x_wconf 87' lang='lat' dir='ltr'><strong>ulla</strong></span> <span class='ocrx_word' id='word_1_107' title='bbox 1811 1015 1994 1071; x_wconf 79' lang='lat' dir='ltr'><strong>futura</strong></span> <span class='ocrx_word' id='word_1_108' title='bbox 2038 1030 2143 1071; x_wconf 15' lang='lat' dir='ltr'><strong>sua.</strong></span> <span class='ocrx_word' id='word_1_109' title='bbox 2236 1032 2428 1088; x_wconf 86' lang='lat' dir='ltr'><strong>parum</strong></span> <span class='ocrx_word' id='word_1_110' title='bbox 2459 1019 2748 1075; x_wconf 88' lang='lat' dir='ltr'><strong>attendunt</strong></span> <span class='ocrx_word' id='word_1_111' title='bbox 2779 1021 2925 1090; x_wconf 88' lang='lat' dir='ltr'><strong>quod</strong></span> <span class='ocrx_word' id='word_1_112' title='bbox 2967 1020 3150 1076; x_wconf 89' lang='lat' dir='ltr'><strong>debita</strong></span> <span class='ocrx_word' id='word_1_113' title='bbox 3189 1021 3448 1077; x_wconf 89' lang='lat' dir='ltr'><strong>reddatur</strong></span> <span class='ocrx_word' id='word_1_114' title='bbox 3473 1037 3633 1092; x_wconf 72' lang='lat' dir='ltr'><strong>paena</strong></span> <span class='ocrx_word' id='word_1_115' title='bbox 3673 1021 3826 1076; x_wconf 87' lang='lat' dir='ltr'><strong>dam-</strong></span> 
     </span>
    </p>
   </div>
   <div class='ocr_carea' id='block_1_9' title="bbox 553 1104 2136 1178">
    <p class='ocr_par' dir='ltr' id='par_1_9' title="bbox 553 1104 2136 1178">
     <span class='ocr_line' id='line_1_9' title="bbox 553 1104 2136 1178; baseline 0.001 -19"><span class='ocrx_word' id='word_1_116' title='bbox 553 1104 716 1171; x_wconf 87' lang='lat' dir='ltr'><strong>dona,</strong></span> <span class='ocrx_word' id='word_1_117' title='bbox 742 1113 799 1160; x_wconf 90' lang='lat' dir='ltr'><strong>et</strong></span> <span class='ocrx_word' id='word_1_118' title='bbox 820 1120 941 1174; x_wconf 61' lang='lat' dir='ltr'><strong>quae</strong></span> <span class='ocrx_word' id='word_1_119' title='bbox 965 1105 1139 1162; x_wconf 89' lang='lat' dir='ltr'><strong>danda</strong></span> <span class='ocrx_word' id='word_1_120' title='bbox 1181 1115 1384 1173; x_wconf 87' lang='lat' dir='ltr'><strong>essent,</strong></span> <span class='ocrx_word' id='word_1_121' title='bbox 1417 1119 1473 1163; x_wconf 89' lang='lat' dir='ltr'><strong>et</strong></span> <span class='ocrx_word' id='word_1_122' title='bbox 1505 1108 1702 1178; x_wconf 85' lang='lat' dir='ltr'><strong>quibus</strong></span> <span class='ocrx_word' id='word_1_123' title='bbox 1728 1108 1903 1163; x_wconf 88' lang='lat' dir='ltr'><strong>danda</strong></span> <span class='ocrx_word' id='word_1_124' title='bbox 1929 1116 2136 1173; x_wconf 89' lang='lat' dir='ltr'><strong>essent,</strong></span> 
     </span>
    </p>
   </div>
   <div class='ocr_carea' id='block_1_10' title="bbox 551 1195 2137 1270">
    <p class='ocr_par' dir='ltr' id='par_1_10' title="bbox 551 1195 2137 1270">
     <span class='ocr_line' id='line_1_10' title="bbox 551 1195 2137 1270; baseline 0.001 -18"><span class='ocrx_word' id='word_1_125' title='bbox 551 1195 723 1252; x_wconf 88' lang='lat' dir='ltr'><strong>Deum</strong></span> <span class='ocrx_word' id='word_1_126' title='bbox 756 1211 863 1251; x_wconf 90' lang='lat' dir='ltr'><strong>non</strong></span> <span class='ocrx_word' id='word_1_127' title='bbox 889 1197 1143 1265; x_wconf 57' lang='lat' dir='ltr'><strong>praescire</strong></span> <span class='ocrx_word' id='word_1_128' title='bbox 1167 1213 1272 1252; x_wconf 89' lang='lat' dir='ltr'><strong>non</strong></span> <span class='ocrx_word' id='word_1_129' title='bbox 1299 1199 1558 1268; x_wconf 86' lang='lat' dir='ltr'><strong>potuisse,</strong></span> <span class='ocrx_word' id='word_1_130' title='bbox 1591 1214 1656 1253; x_wconf 91' lang='lat' dir='ltr'><strong>ac</strong></span> <span class='ocrx_word' id='word_1_131' title='bbox 1676 1213 1774 1268; x_wconf 90' lang='lat' dir='ltr'><strong>per</strong></span> <span class='ocrx_word' id='word_1_132' title='bbox 1803 1199 1906 1254; x_wconf 89' lang='lat' dir='ltr'><strong>hoc</strong></span> <span class='ocrx_word' id='word_1_133' title='bbox 1927 1198 2137 1270; x_wconf 69' lang='lat' dir='ltr'><strong>praede-</strong></span> 
     </span>
    </p>
   </div>
   <div class='ocr_carea' id='block_1_11' title="bbox 553 1287 2143 1358">
    <p class='ocr_par' dir='ltr' id='par_1_11' title="bbox 553 1287 2143 1358">
     <span class='ocr_line' id='line_1_11' title="bbox 553 1287 2143 1358; baseline 0.001 -17"><span class='ocrx_word' id='word_1_134' title='bbox 553 1287 786 1342; x_wconf 89' lang='lat' dir='ltr'><strong>stinatos</strong></span> <span class='ocrx_word' id='word_1_135' title='bbox 817 1287 886 1342; x_wconf 92' lang='lat' dir='ltr'><strong>ab</strong></span> <span class='ocrx_word' id='word_1_136' title='bbox 939 1287 1031 1342; x_wconf 90' lang='lat' dir='ltr'><strong>illo</strong></span> <span class='ocrx_word' id='word_1_137' title='bbox 1066 1304 1188 1345; x_wconf 91' lang='lat' dir='ltr'><strong>esse</strong></span> <span class='ocrx_word' id='word_1_138' title='bbox 1217 1305 1352 1358; x_wconf 89' lang='lat' dir='ltr'><strong>quos</strong></span> <span class='ocrx_word' id='word_1_139' title='bbox 1397 1290 1595 1346; x_wconf 85' lang='lat' dir='ltr'><strong>liberat</strong></span> <span class='ocrx_word' id='word_1_140' title='bbox 1637 1298 1694 1345; x_wconf 88' lang='lat' dir='ltr'><strong>et</strong></span> <span class='ocrx_word' id='word_1_141' title='bbox 1737 1298 1982 1346; x_wconf 89' lang='lat' dir='ltr'><strong>coronat.</strong></span> <span class='ocrx_word' id='word_1_142' title='bbox 2014 1309 2033 1341; x_wconf 72' lang='grc' dir='ltr'><strong><em>ι</em></strong></span> <span class='ocrx_word' id='word_1_143' title='bbox 2076 1289 2143 1344; x_wconf 85' lang='lat' dir='ltr'><strong>Et</strong></span> 
     </span>
    </p>
   </div>
   <div class='ocr_carea' id='block_1_12' title="bbox 554 1378 2141 1452">
    <p class='ocr_par' dir='ltr' id='par_1_12' title="bbox 554 1378 2141 1452">
     <span class='ocr_line' id='line_1_12' title="bbox 554 1378 2141 1452; baseline 0.001 -18"><span class='ocrx_word' id='word_1_144' title='bbox 554 1378 833 1449; x_wconf 87' lang='lat' dir='ltr'><strong>aliquanto</strong></span> <span class='ocrx_word' id='word_1_145' title='bbox 855 1380 1105 1450; x_wconf 85' lang='lat' dir='ltr'><strong>superius</strong></span> <span class='ocrx_word' id='word_1_146' title='bbox 1135 1397 1150 1434; x_wconf 75' lang='grc' dir='ltr'><strong><em>τ</em></strong></span> <span class='ocrx_word' id='word_1_147' title='bbox 1180 1401 1197 1433; x_wconf 68' lang='grc' dir='ltr'>ι</span> <span class='ocrx_word' id='word_1_148' title='bbox 1227 1383 1309 1436; x_wconf 78' lang='lat' dir='ltr'><strong>An</strong></span> <span class='ocrx_word' id='word_1_149' title='bbox 1337 1382 1478 1437; x_wconf 85' lang='lat' dir='ltr'><strong>forte</strong></span> <span class='ocrx_word' id='word_1_150' title='bbox 1507 1397 1609 1437; x_wconf 91' lang='lat' dir='ltr'><strong>nec</strong></span> <span class='ocrx_word' id='word_1_151' title='bbox 1629 1383 1742 1452; x_wconf 83' lang='lat' dir='ltr'><strong>ipsa</strong></span> <span class='ocrx_word' id='word_1_152' title='bbox 1774 1382 1982 1446; x_wconf 89' lang='lat' dir='ltr'><strong>dicunt,</strong></span> <span class='ocrx_word' id='word_1_153' title='bbox 2011 1381 2141 1450; x_wconf 91' lang='lat' dir='ltr'><strong>quin</strong></span> 
     </span>
    </p>
   </div>
   <div class='ocr_carea' id='block_1_13' title="bbox 556 1470 2140 1546">
    <p class='ocr_par' dir='ltr' id='par_1_13' title="bbox 556 1470 2140 1546">
     <span class='ocr_line' id='line_1_13' title="bbox 556 1470 2140 1546; baseline 0.001 -20"><span class='ocrx_word' id='word_1_154' title='bbox 556 1470 654 1526; x_wconf 85' lang='lat' dir='ltr'><strong>Dei</strong></span> <span class='ocrx_word' id='word_1_155' title='bbox 692 1471 852 1538; x_wconf 89' lang='lat' dir='ltr'><strong>dona,</strong></span> <span class='ocrx_word' id='word_1_156' title='bbox 893 1473 1317 1542; x_wconf 79' lang='lat' dir='ltr'><strong>praedestinata?</strong></span> <span class='ocrx_word' id='word_1_157' title='bbox 1359 1474 1501 1546; x_wconf 87' lang='lat' dir='ltr'><strong>Ergo</strong></span> <span class='ocrx_word' id='word_1_158' title='bbox 1546 1490 1647 1531; x_wconf 92' lang='lat' dir='ltr'><strong>nec</strong></span> <span class='ocrx_word' id='word_1_159' title='bbox 1689 1476 1887 1530; x_wconf 89' lang='lat' dir='ltr'><strong>dantur</strong></span> <span class='ocrx_word' id='word_1_160' title='bbox 1925 1489 1957 1528; x_wconf 89' lang='lat' dir='ltr'><strong>a</strong></span> <span class='ocrx_word' id='word_1_161' title='bbox 2007 1475 2140 1541; x_wconf 84' lang='lat' dir='ltr'><strong>Deo,</strong></span> 
     </span>
    </p>
   </div>
   <div class='ocr_carea' id='block_1_14' title="bbox 555 1565 2142 1638">
    <p class='ocr_par' dir='ltr' id='par_1_14' title="bbox 555 1565 2142 1638">
     <span class='ocr_line' id='line_1_14' title="bbox 555 1565 2142 1638; baseline 0.001 -20"><span class='ocrx_word' id='word_1_162' title='bbox 555 1571 742 1620; x_wconf 71' lang='lat' dir='ltr'><strong>antea</strong></span> <span class='ocrx_word' id='word_1_163' title='bbox 769 1581 829 1621; x_wconf 89' lang='lat' dir='ltr'><strong>se</strong></span> <span class='ocrx_word' id='word_1_164' title='bbox 862 1565 1113 1622; x_wconf 87' lang='lat' dir='ltr'><strong>daturum</strong></span> <span class='ocrx_word' id='word_1_165' title='bbox 1143 1581 1264 1623; x_wconf 90' lang='lat' dir='ltr'><strong>esse</strong></span> <span class='ocrx_word' id='word_1_166' title='bbox 1291 1568 1521 1624; x_wconf 86' lang='lat' dir='ltr'><strong>nescivit</strong></span> <span class='ocrx_word' id='word_1_167' title='bbox 1549 1568 1728 1638; x_wconf 86' lang='lat' dir='ltr'><strong>:quod</strong></span> <span class='ocrx_word' id='word_1_168' title='bbox 1759 1568 1805 1624; x_wconf 88' lang='lat' dir='ltr'><strong>si</strong></span> <span class='ocrx_word' id='word_1_169' title='bbox 1842 1576 1899 1624; x_wconf 88' lang='lat' dir='ltr'><strong>et</strong></span> <span class='ocrx_word' id='word_1_170' title='bbox 1925 1567 2142 1634; x_wconf 86' lang='lat' dir='ltr'><strong>dantur,</strong></span> 
     </span>
    </p>
   </div>
   <div class='ocr_carea' id='block_1_15' title="bbox 555 1657 2146 1730">
    <p class='ocr_par' dir='ltr' id='par_1_15' title="bbox 555 1657 2146 1730">
     <span class='ocr_line' id='line_1_15' title="bbox 555 1657 2146 1730; baseline 0.001 -20"><span class='ocrx_word' id='word_1_171' title='bbox 555 1663 613 1710; x_wconf 91' lang='lat' dir='ltr'><strong>et</strong></span> <span class='ocrx_word' id='word_1_172' title='bbox 636 1671 701 1711; x_wconf 87' lang='lat' dir='ltr'><strong>ea</strong></span> <span class='ocrx_word' id='word_1_173' title='bbox 731 1671 792 1711; x_wconf 85' lang='lat' dir='ltr'><strong>se</strong></span> <span class='ocrx_word' id='word_1_174' title='bbox 819 1657 1072 1712; x_wconf 89' lang='lat' dir='ltr'><strong>daturum</strong></span> <span class='ocrx_word' id='word_1_175' title='bbox 1110 1673 1234 1714; x_wconf 89' lang='lat' dir='ltr'><strong>esse</strong></span> <span class='ocrx_word' id='word_1_176' title='bbox 1257 1659 1553 1729; x_wconf 75' lang='lat' dir='ltr'><strong>pmescivit,</strong></span> <span class='ocrx_word' id='word_1_177' title='bbox 1589 1658 1833 1730; x_wconf 72' lang='lat' dir='ltr'><strong>profecto</strong></span> <span class='ocrx_word' id='word_1_178' title='bbox 1861 1658 2146 1729; x_wconf 77' lang='lat' dir='ltr'><strong>praedesti-</strong></span> 
     </span>
    </p>
   </div>
   <div class='ocr_carea' id='block_1_16' title="bbox 555 1745 2142 1822">
    <p class='ocr_par' dir='ltr' id='par_1_16' title="bbox 555 1745 2142 1822">
     <span class='ocr_line' id='line_1_16' title="bbox 555 1745 2142 1822; baseline 0.003 -21"><span class='ocrx_word' id='word_1_179' title='bbox 555 1745 726 1801; x_wconf 77' lang='lat' dir='ltr'><strong>navit.</strong></span> <span class='ocrx_word' id='word_1_180' title='bbox 757 1766 777 1800; x_wconf 75' lang='grc' dir='ltr'><strong><em>ι</em></strong></span> <span class='ocrx_word' id='word_1_181' title='bbox 816 1747 884 1802; x_wconf 83' lang='grc' dir='ltr'><strong>Ει</strong></span> <span class='ocrx_word' id='word_1_182' title='bbox 915 1757 1136 1805; x_wconf 83' lang='lat' dir='ltr'><strong>sanctus</strong></span> <span class='ocrx_word' id='word_1_183' title='bbox 1158 1749 1519 1822; x_wconf 79' lang='lat' dir='ltr'><strong>Hieronymus</strong></span> <span class='ocrx_word' id='word_1_184' title='bbox 1548 1751 1603 1806; x_wconf 91' lang='lat' dir='ltr'><strong>in</strong></span> <span class='ocrx_word' id='word_1_185' title='bbox 1643 1752 1910 1806; x_wconf 86' lang='lat' dir='ltr'><strong>sententia</strong></span> <span class='ocrx_word' id='word_1_186' title='bbox 1956 1750 2142 1806; x_wconf 83' lang='lat' dir='ltr'><strong>Eccle-</strong></span> 
     </span>
    </p>
   </div>
   <div class='ocr_carea' id='block_1_17' title="bbox 2239 1110 3831 1184">
    <p class='ocr_par' dir='ltr' id='par_1_17' title="bbox 2239 1110 3831 1184">
     <span class='ocr_line' id='line_1_17' title="bbox 2239 1110 3831 1184; baseline 0.003 -20"><span class='ocrx_word' id='word_1_187' title='bbox 2239 1118 2394 1175; x_wconf 91' lang='lat' dir='ltr'><strong>nato,</strong></span> <span class='ocrx_word' id='word_1_188' title='bbox 2425 1110 2665 1166; x_wconf 86' lang='lat' dir='ltr'><strong>indebita</strong></span> <span class='ocrx_word' id='word_1_189' title='bbox 2699 1112 2876 1182; x_wconf 88' lang='lat' dir='ltr'><strong>gratia</strong></span> <span class='ocrx_word' id='word_1_190' title='bbox 2912 1111 3163 1168; x_wconf 84' lang='lat' dir='ltr'><strong>liberato.</strong></span> <span class='ocrx_word' id='word_1_191' title='bbox 3193 1111 3433 1184; x_wconf 85' lang='lat' dir='ltr'><strong>Agamus</strong></span> <span class='ocrx_word' id='word_1_192' title='bbox 3461 1127 3594 1184; x_wconf 88' lang='lat' dir='ltr'><strong>ergo</strong></span> <span class='ocrx_word' id='word_1_193' title='bbox 3620 1113 3831 1184; x_wconf 77' lang='lat' dir='ltr'><strong>gratias</strong></span> 
     </span>
    </p>
   </div>
   <div class='ocr_carea' id='block_1_18' title="bbox 2241 1201 3826 1272">
    <p class='ocr_par' dir='ltr' id='par_1_18' title="bbox 2241 1201 3826 1272">
     <span class='ocr_line' id='line_1_18' title="bbox 2241 1201 3826 1272; baseline 0 -14"><span class='ocrx_word' id='word_1_194' title='bbox 2241 1201 2533 1268; x_wconf 89' lang='lat' dir='ltr'><strong>Salvatori,</strong></span> <span class='ocrx_word' id='word_1_195' title='bbox 2561 1203 2690 1257; x_wconf 90' lang='lat' dir='ltr'><strong>dum</strong></span> <span class='ocrx_word' id='word_1_196' title='bbox 2721 1202 2878 1258; x_wconf 90' lang='lat' dir='ltr'><strong>nobis</strong></span> <span class='ocrx_word' id='word_1_197' title='bbox 2911 1217 3018 1258; x_wconf 90' lang='lat' dir='ltr'><strong>non</strong></span> <span class='ocrx_word' id='word_1_198' title='bbox 3053 1203 3323 1259; x_wconf 90' lang='lat' dir='ltr'><strong>redditum</strong></span> <span class='ocrx_word' id='word_1_199' title='bbox 3361 1204 3638 1259; x_wconf 90' lang='lat' dir='ltr'><strong>cernimus</strong></span> <span class='ocrx_word' id='word_1_200' title='bbox 3680 1203 3826 1272; x_wconf 89' lang='lat' dir='ltr'><strong>quod</strong></span> 
     </span>
    </p>
   </div>
   <div class='ocr_carea' id='block_1_19' title="bbox 2242 1293 3830 1351">
    <p class='ocr_par' dir='ltr' id='par_1_19' title="bbox 2242 1293 3830 1351">
     <span class='ocr_line' id='line_1_19' title="bbox 2242 1293 3830 1351; baseline -0.001 0"><span class='ocrx_word' id='word_1_201' title='bbox 2242 1296 2298 1351; x_wconf 89' lang='lat' dir='ltr'><strong>in</strong></span> <span class='ocrx_word' id='word_1_202' title='bbox 2328 1295 2676 1350; x_wconf 87' lang='lat' dir='ltr'><strong>damnatione</strong></span> <span class='ocrx_word' id='word_1_203' title='bbox 2706 1294 2964 1349; x_wconf 90' lang='lat' dir='ltr'><strong>similium</strong></span> <span class='ocrx_word' id='word_1_204' title='bbox 2998 1295 3163 1349; x_wconf 90' lang='lat' dir='ltr'><strong>etiam</strong></span> <span class='ocrx_word' id='word_1_205' title='bbox 3193 1293 3352 1348; x_wconf 89' lang='lat' dir='ltr'><strong>nobis</strong></span> <span class='ocrx_word' id='word_1_206' title='bbox 3373 1293 3617 1350; x_wconf 84' lang='lat' dir='ltr'><strong>debitum</strong></span> <span class='ocrx_word' id='word_1_207' title='bbox 3656 1293 3830 1349; x_wconf 78' lang='lat' dir='ltr'><strong>fuisse</strong></span> 
     </span>
    </p>
   </div>
   <div class='ocr_carea' id='block_1_20' title="bbox 2243 1385 3829 1458">
    <p class='ocr_par' dir='ltr' id='par_1_20' title="bbox 2243 1385 3829 1458">
     <span class='ocr_line' id='line_1_20' title="bbox 2243 1385 3829 1458; baseline 0 -16"><span class='ocrx_word' id='word_1_208' title='bbox 2243 1387 2642 1458; x_wconf 79' lang='lat' dir='ltr'><strong>cognoscimus.</strong></span> <span class='ocrx_word' id='word_1_209' title='bbox 2672 1385 2730 1441; x_wconf 89' lang='lat' dir='ltr'><strong>Si</strong></span> <span class='ocrx_word' id='word_1_210' title='bbox 2769 1388 2913 1444; x_wconf 89' lang='lat' dir='ltr'><strong>enim</strong></span> <span class='ocrx_word' id='word_1_211' title='bbox 2961 1386 3181 1457; x_wconf 88' lang='lat' dir='ltr'><strong>utrique</strong></span> <span class='ocrx_word' id='word_1_212' title='bbox 3206 1386 3587 1450; x_wconf 89' lang='lat' dir='ltr'><strong>liberarentur,</strong></span> <span class='ocrx_word' id='word_1_213' title='bbox 3633 1385 3829 1442; x_wconf 81' lang='lat' dir='ltr'><strong>lateret</strong></span> 
     </span>
    </p>
   </div>
   <div class='ocr_carea' id='block_1_21' title="bbox 2243 1477 3838 1550">
    <p class='ocr_par' dir='ltr' id='par_1_21' title="bbox 2243 1477 3838 1550">
     <span class='ocr_line' id='line_1_21' title="bbox 2243 1477 3838 1550; baseline -0.001 -16"><span class='ocrx_word' id='word_1_214' title='bbox 2243 1480 2374 1550; x_wconf 91' lang='lat' dir='ltr'><strong>quid</strong></span> <span class='ocrx_word' id='word_1_215' title='bbox 2401 1487 2627 1549; x_wconf 88' lang='lat' dir='ltr'><strong>peccato</strong></span> <span class='ocrx_word' id='word_1_216' title='bbox 2650 1493 2750 1548; x_wconf 87' lang='lat' dir='ltr'><strong>per</strong></span> <span class='ocrx_word' id='word_1_217' title='bbox 2769 1477 3036 1548; x_wconf 86' lang='lat' dir='ltr'><strong>justitiam</strong></span> <span class='ocrx_word' id='word_1_218' title='bbox 3073 1478 3337 1535; x_wconf 88' lang='lat' dir='ltr'><strong>debeatur</strong></span> <span class='ocrx_word' id='word_1_219' title='bbox 3361 1495 3375 1532; x_wconf 91' lang='lat'><strong>:</strong></span> <span class='ocrx_word' id='word_1_220' title='bbox 3404 1477 3456 1532; x_wconf 84' lang='lat' dir='ltr'><strong>si</strong></span> <span class='ocrx_word' id='word_1_221' title='bbox 3488 1477 3838 1548; x_wconf 76' lang='lat' dir='ltr'><strong>nemo,.quid&#39;</strong></span> 
     </span>
    </p>
   </div>
   <div class='ocr_carea' id='block_1_22' title="bbox 2246 1569 3831 1641">
    <p class='ocr_par' dir='ltr' id='par_1_22' title="bbox 2246 1569 3831 1641">
     <span class='ocr_line' id='line_1_22' title="bbox 2246 1569 3831 1641; baseline -0.001 -17"><span class='ocrx_word' id='word_1_222' title='bbox 2246 1570 2420 1641; x_wconf 89' lang='lat' dir='ltr'><strong>gratia</strong></span> <span class='ocrx_word' id='word_1_223' title='bbox 2461 1569 2771 1640; x_wconf 80' lang='lat' dir='ltr'><strong>largiretur.</strong></span> <span class='ocrx_word' id='word_1_224' title='bbox 2821 1569 3190 1625; x_wconf 79' lang='lat' dir='ltr'><strong>Misericordia</strong></span> <span class='ocrx_word' id='word_1_225' title='bbox 3231 1578 3288 1624; x_wconf 85' lang='lat' dir='ltr'><strong>et</strong></span> <span class='ocrx_word' id='word_1_226' title='bbox 3326 1570 3529 1624; x_wconf 86' lang='lat' dir='ltr'><strong>veritas</strong></span> <span class='ocrx_word' id='word_1_227' title='bbox 3575 1581 3831 1624; x_wconf 82' lang='lat' dir='ltr'><strong>occurre-</strong></span> 
     </span>
    </p>
   </div>
   <div class='ocr_carea' id='block_1_23' title="bbox 2245 1661 3831 1732">
    <p class='ocr_par' dir='ltr' id='par_1_23' title="bbox 2245 1661 3831 1732">
     <span class='ocr_line' id='line_1_23' title="bbox 2245 1661 3831 1732; baseline 0.001 -17"><span class='ocrx_word' id='word_1_228' title='bbox 2245 1669 2378 1716; x_wconf 85' lang='lat' dir='ltr'><strong>runt</strong></span> <span class='ocrx_word' id='word_1_229' title='bbox 2413 1661 2540 1725; x_wconf 86' lang='lat' dir='ltr'><strong>sibi,</strong></span> <span class='ocrx_word' id='word_1_230' title='bbox 2577 1669 2640 1715; x_wconf 91' lang='lat' dir='ltr'><strong>ut</strong></span> <span class='ocrx_word' id='word_1_231' title='bbox 2693 1675 2795 1716; x_wconf 90' lang='lat' dir='ltr'><strong>nec</strong></span> <span class='ocrx_word' id='word_1_232' title='bbox 2836 1662 3208 1718; x_wconf 86' lang='lat' dir='ltr'><strong>misericordia</strong></span> <span class='ocrx_word' id='word_1_233' title='bbox 3255 1662 3515 1732; x_wconf 86' lang='lat' dir='ltr'><strong>impediat</strong></span> <span class='ocrx_word' id='word_1_234' title='bbox 3538 1662 3831 1717; x_wconf 81' lang='lat' dir='ltr'><strong>veritatem</strong></span> 
     </span>
    </p>
   </div>
   <div class='ocr_carea' id='block_1_24' title="bbox 2246 1751 3833 1824">
    <p class='ocr_par' dir='ltr' id='par_1_24' title="bbox 2246 1751 3833 1824">
     <span class='ocr_line' id='line_1_24' title="bbox 2246 1751 3833 1824; baseline 0.001 -18"><span class='ocrx_word' id='word_1_235' title='bbox 2246 1768 2352 1822; x_wconf 90' lang='lat' dir='ltr'><strong>qua</strong></span> <span class='ocrx_word' id='word_1_236' title='bbox 2379 1751 2634 1822; x_wconf 89' lang='lat' dir='ltr'><strong>plectitur</strong></span> <span class='ocrx_word' id='word_1_237' title='bbox 2662 1753 2877 1823; x_wconf 80' lang='lat' dir='ltr'><strong>dignus,</strong></span> <span class='ocrx_word' id='word_1_238' title='bbox 2908 1767 3010 1809; x_wconf 90' lang='lat' dir='ltr'><strong>nec</strong></span> <span class='ocrx_word' id='word_1_239' title='bbox 3036 1754 3241 1809; x_wconf 88' lang='lat' dir='ltr'><strong>veritas</strong></span> <span class='ocrx_word' id='word_1_240' title='bbox 3268 1753 3704 1809; x_wconf 88' lang='lat' dir='ltr'><strong>misericordiam</strong></span> <span class='ocrx_word' id='word_1_241' title='bbox 3727 1768 3833 1824; x_wconf 87' lang='lat' dir='ltr'><strong>qua</strong></span> 
     </span>
    </p>
   </div>
   <div class='ocr_carea' id='block_1_25' title="bbox 556 1817 3832 1915">
    <p class='ocr_par' dir='ltr' id='par_1_25' title="bbox 556 1817 3832 1915">
     <span class='ocr_line' id='line_1_25' title="bbox 556 1817 3832 1915; baseline 0.001 -21"><span class='ocrx_word' id='word_1_242' title='bbox 556 1839 724 1895; x_wconf 85' lang='lat' dir='ltr'><strong>siaste</strong></span> <span class='ocrx_word' id='word_1_243' title='bbox 759 1858 776 1896; x_wconf 88' lang='lat'><strong>:</strong></span> <span class='ocrx_word' id='word_1_244' title='bbox 817 1859 837 1892; x_wconf 68' lang='grc' dir='ltr'><em>ς</em></span> <span class='ocrx_word' id='word_1_245' title='bbox 869 1840 996 1896; x_wconf 83' lang='lat' dir='ltr'><strong>Non</strong></span> <span class='ocrx_word' id='word_1_246' title='bbox 1041 1852 1116 1897; x_wconf 81' lang='lat' dir='ltr'><strong>est</strong></span> <span class='ocrx_word' id='word_1_247' title='bbox 1160 1859 1313 1898; x_wconf 82' lang='lat' dir='ltr'><strong>omne</strong></span> <span class='ocrx_word' id='word_1_248' title='bbox 1347 1817 1522 1898; x_wconf 68' lang='lat' dir='ltr'><strong>recens</strong></span> <span class='ocrx_word' id='word_1_249' title='bbox 1563 1845 1659 1899; x_wconf 81' lang='lat' dir='ltr'><strong>sub</strong></span> <span class='ocrx_word' id='word_1_250' title='bbox 1701 1844 1810 1899; x_wconf 78' lang='lat' dir='ltr'><strong>sole</strong></span> <span class='ocrx_word' id='word_1_251' title='bbox 1857 1844 2138 1899; x_wconf 82' lang='lat' dir='ltr'><strong>dicendum</strong></span> <span class='ocrx_word' id='word_1_252' title='bbox 2167 1817 2216 1878; x_wconf 78' lang='grc' dir='ltr'><strong>Β</strong></span> <span class='ocrx_word' id='word_1_253' title='bbox 2247 1817 2516 1899; x_wconf 72' lang='lat' dir='ltr'><strong>liberatur</strong></span> <span class='ocrx_word' id='word_1_254' title='bbox 2542 1817 2815 1914; x_wconf 64' lang='lat' dir='ltr'><strong>indignius.</strong></span> <span class='ocrx_word' id='word_1_255' title='bbox 2836 1817 2986 1915; x_wconf 27' lang='lat' dir='ltr'><strong>&#39;Ergo</strong></span> <span class='ocrx_word' id='word_1_256' title='bbox 3009 1845 3094 1900; x_wconf 91' lang='lat' dir='ltr'><strong>cui</strong></span> <span class='ocrx_word' id='word_1_257' title='bbox 3117 1843 3231 1899; x_wconf 85' lang='lat' dir='ltr'><strong>vult</strong></span> <span class='ocrx_word' id='word_1_258' title='bbox 3256 1843 3569 1909; x_wconf 87' lang='lat' dir='ltr'><strong>miseretur,</strong></span> <span class='ocrx_word' id='word_1_259' title='bbox 3596 1853 3653 1897; x_wconf 88' lang='lat' dir='ltr'><strong>et</strong></span> <span class='ocrx_word' id='word_1_260' title='bbox 3672 1817 3832 1912; x_wconf 75' lang='lat' dir='ltr'><strong>quem</strong></span> 
     </span>
    </p>
   </div>
   <div class='ocr_carea' id='block_1_26' title="bbox 519 1931 2147 2013">
    <p class='ocr_par' dir='ltr' id='par_1_26' title="bbox 519 1931 2147 2013">
     <span class='ocr_line' id='line_1_26' title="bbox 519 1931 2147 2013; baseline 0.002 -27"><span class='ocrx_word' id='word_1_261' title='bbox 519 2011 522 2013; x_wconf 10' lang='grc' dir='ltr'><strong>Δ</strong></span> <span class='ocrx_word' id='word_1_262' title='bbox 557 1931 763 1995; x_wconf 85' lang='lat' dir='ltr'><strong>(Eccle.</strong></span> <span class='ocrx_word' id='word_1_263' title='bbox 795 1949 838 1998; x_wconf 84' lang='grc' dir='ltr'><strong>ι,</strong></span> <span class='ocrx_word' id='word_1_264' title='bbox 872 1932 988 2003; x_wconf 80' lang='grc'><strong>10),</strong></span> <span class='ocrx_word' id='word_1_265' title='bbox 1031 1935 1178 2003; x_wconf 87' lang='lat' dir='ltr'><strong>quod</strong></span> <span class='ocrx_word' id='word_1_266' title='bbox 1218 1950 1285 1989; x_wconf 78' lang='lat' dir='ltr'><strong>ex</strong></span> <span class='ocrx_word' id='word_1_267' title='bbox 1331 1936 1670 2006; x_wconf 64' lang='lat' dir='ltr'><strong>praescientia</strong></span> <span class='ocrx_word' id='word_1_268' title='bbox 1709 1945 1766 1990; x_wconf 91' lang='lat' dir='ltr'><strong>et</strong></span> <span class='ocrx_word' id='word_1_269' title='bbox 1802 1936 2147 2005; x_wconf 69' lang='lat' dir='ltr'><strong>praedestina-</strong></span> 
     </span>
    </p>
   </div>
   <div class='ocr_carea' id='block_1_27' title="bbox 561 2023 2145 2097">
    <p class='ocr_par' dir='ltr' id='par_1_27' title="bbox 561 2023 2145 2097">
     <span class='ocr_line' id='line_1_27' title="bbox 561 2023 2145 2097; baseline 0.003 -19"><span class='ocrx_word' id='word_1_270' title='bbox 561 2024 711 2080; x_wconf 85' lang='lat' dir='ltr'><strong>tione</strong></span> <span class='ocrx_word' id='word_1_271' title='bbox 762 2023 856 2079; x_wconf 86' lang='lat' dir='ltr'><strong>Dei</strong></span> <span class='ocrx_word' id='word_1_272' title='bbox 899 2023 1012 2093; x_wconf 89' lang='lat' dir='ltr'><strong>jam</strong></span> <span class='ocrx_word' id='word_1_273' title='bbox 1063 2023 1206 2081; x_wconf 83' lang='lat' dir='ltr'><strong>facta</strong></span> <span class='ocrx_word' id='word_1_274' title='bbox 1253 2036 1401 2093; x_wconf 89' lang='lat' dir='ltr'><strong>sunt,</strong></span> <span class='ocrx_word' id='word_1_275' title='bbox 1449 2042 1570 2097; x_wconf 66' lang='lat' dir='ltr'><strong>quae</strong></span> <span class='ocrx_word' id='word_1_276' title='bbox 1622 2026 1804 2082; x_wconf 78' lang='lat' dir='ltr'><strong>futura</strong></span> <span class='ocrx_word' id='word_1_277' title='bbox 1847 2036 1995 2082; x_wconf 87' lang='lat' dir='ltr'><strong>sunt.</strong></span> <span class='ocrx_word' id='word_1_278' title='bbox 2043 2027 2145 2095; x_wconf 87' lang='lat' dir='ltr'><strong>Qui</strong></span> 
     </span>
    </p>
   </div>
   <div class='ocr_carea' id='block_1_28' title="bbox 557 2115 2146 2175">
    <p class='ocr_par' dir='ltr' id='par_1_28' title="bbox 557 2115 2146 2175">
     <span class='ocr_line' id='line_1_28' title="bbox 557 2115 2146 2175; baseline 0.001 -4"><span class='ocrx_word' id='word_1_279' title='bbox 557 2115 703 2171; x_wconf 85' lang='lat' dir='ltr'><strong>enim</strong></span> <span class='ocrx_word' id='word_1_280' title='bbox 761 2115 919 2171; x_wconf 90' lang='lat' dir='ltr'><strong>electi</strong></span> <span class='ocrx_word' id='word_1_281' title='bbox 967 2125 1094 2171; x_wconf 91' lang='lat' dir='ltr'><strong>sunt</strong></span> <span class='ocrx_word' id='word_1_282' title='bbox 1143 2117 1198 2171; x_wconf 90' lang='lat' dir='ltr'><strong>in</strong></span> <span class='ocrx_word' id='word_1_283' title='bbox 1248 2117 1468 2174; x_wconf 86' lang='lat' dir='ltr'><strong>Christo</strong></span> <span class='ocrx_word' id='word_1_284' title='bbox 1519 2127 1646 2173; x_wconf 87' lang='lat' dir='ltr'><strong>ante</strong></span> <span class='ocrx_word' id='word_1_285' title='bbox 1700 2119 2146 2175; x_wconf 85' lang='lat' dir='ltr'><strong>constitutionem</strong></span> 
     </span>
    </p>
   </div>
   <div class='ocr_carea' id='block_1_29' title="bbox 557 2206 2150 2278">
    <p class='ocr_par' dir='ltr' id='par_1_29' title="bbox 557 2206 2150 2278">
     <span class='ocr_line' id='line_1_29' title="bbox 557 2206 2150 2278; baseline 0.002 -17"><span class='ocrx_word' id='word_1_286' title='bbox 557 2206 766 2272; x_wconf 88' lang='lat' dir='ltr'><strong>mundi,</strong></span> <span class='ocrx_word' id='word_1_287' title='bbox 813 2207 868 2262; x_wconf 93' lang='lat' dir='ltr'><strong>in</strong></span> <span class='ocrx_word' id='word_1_288' title='bbox 905 2207 1180 2277; x_wconf 87' lang='lat' dir='ltr'><strong>prioribus</strong></span> <span class='ocrx_word' id='word_1_289' title='bbox 1205 2209 1417 2264; x_wconf 82' lang='lat' dir='ltr'><strong>saeculis</strong></span> <span class='ocrx_word' id='word_1_290' title='bbox 1438 2208 1550 2278; x_wconf 84' lang='lat' dir='ltr'><strong>jam</strong></span> <span class='ocrx_word' id='word_1_291' title='bbox 1599 2209 1838 2265; x_wconf 82' lang='lat' dir='ltr'><strong>fuerunt.</strong></span> <span class='ocrx_word' id='word_1_292' title='bbox 1869 2229 1888 2262; x_wconf 75' lang='grc' dir='ltr'><strong><em>ι</em></strong></span> <span class='ocrx_word' id='word_1_293' title='bbox 1931 2211 1999 2266; x_wconf 89' lang='lat' dir='ltr'><strong>Et</strong></span> <span class='ocrx_word' id='word_1_294' title='bbox 2024 2225 2150 2266; x_wconf 85' lang='lat' dir='ltr'><strong>san-</strong></span> 
     </span>
    </p>
   </div>
   <div class='ocr_carea' id='block_1_30' title="bbox 559 2299 2146 2371">
    <p class='ocr_par' dir='ltr' id='par_1_30' title="bbox 559 2299 2146 2371">
     <span class='ocr_line' id='line_1_30' title="bbox 559 2299 2146 2371; baseline 0.002 -16"><span class='ocrx_word' id='word_1_295' title='bbox 559 2307 680 2355; x_wconf 91' lang='lat' dir='ltr'><strong>ctus</strong></span> <span class='ocrx_word' id='word_1_296' title='bbox 703 2299 1037 2371; x_wconf 79' lang='lat' dir='ltr'><strong>Augustinus</strong></span> <span class='ocrx_word' id='word_1_297' title='bbox 1079 2302 1137 2356; x_wconf 86' lang='lat' dir='ltr'><strong>in</strong></span> <span class='ocrx_word' id='word_1_298' title='bbox 1169 2302 1310 2357; x_wconf 92' lang='lat' dir='ltr'><strong>libro</strong></span> <span class='ocrx_word' id='word_1_299' title='bbox 1359 2303 1426 2358; x_wconf 90' lang='lat' dir='ltr'><strong>de</strong></span> <span class='ocrx_word' id='word_1_300' title='bbox 1452 2301 1812 2370; x_wconf 87' lang='lat' dir='ltr'><strong>Correptione</strong></span> <span class='ocrx_word' id='word_1_301' title='bbox 1861 2311 1917 2359; x_wconf 87' lang='lat' dir='ltr'><strong>et</strong></span> <span class='ocrx_word' id='word_1_302' title='bbox 1958 2303 2146 2360; x_wconf 87' lang='lat' dir='ltr'><strong>Gratia</strong></span> 
     </span>
    </p>
   </div>
   <div class='ocr_carea' id='block_1_31' title="bbox 560 2391 2152 2464">
    <p class='ocr_par' dir='ltr' id='par_1_31' title="bbox 560 2391 2152 2464">
     <span class='ocr_line' id='line_1_31' title="bbox 560 2391 2152 2464; baseline 0.002 -19"><span class='ocrx_word' id='word_1_303' title='bbox 560 2392 705 2462; x_wconf 83' lang='lat' dir='ltr'><strong>(cap.</strong></span> <span class='ocrx_word' id='word_1_304' title='bbox 744 2391 800 2464; x_wconf 89' lang='lat'><strong>9)</strong></span> <span class='ocrx_word' id='word_1_305' title='bbox 832 2433 846 2447; x_wconf 98' lang='lat'><strong>.</strong></span> <span class='ocrx_word' id='word_1_306' title='bbox 877 2410 897 2444; x_wconf 84' lang='grc'>‹</span> <span class='ocrx_word' id='word_1_307' title='bbox 926 2393 1004 2448; x_wconf 85' lang='lat' dir='ltr'><strong>De</strong></span> <span class='ocrx_word' id='word_1_308' title='bbox 1036 2392 1128 2447; x_wconf 85' lang='lat' dir='ltr'><strong>illo</strong></span> <span class='ocrx_word' id='word_1_309' title='bbox 1166 2392 1299 2447; x_wconf 90' lang='lat' dir='ltr'><strong>dicit</strong></span> <span class='ocrx_word' id='word_1_310' title='bbox 1328 2402 1386 2448; x_wconf 88' lang='lat' dir='ltr'><strong>et</strong></span> <span class='ocrx_word' id='word_1_311' title='bbox 1419 2395 1682 2464; x_wconf 87' lang='lat' dir='ltr'><strong>propheta</strong></span> <span class='ocrx_word' id='word_1_312' title='bbox 1710 2393 1897 2457; x_wconf 82' lang='lat' dir='ltr'><strong>lsaias,</strong></span> <span class='ocrx_word' id='word_1_313' title='bbox 1944 2393 2048 2459; x_wconf 83' lang='lat' dir='ltr'><strong>Qui</strong></span> <span class='ocrx_word' id='word_1_314' title='bbox 2074 2394 2152 2464; x_wconf 78' lang='lat' dir='ltr'><strong>{e-</strong></span> 
     </span>
    </p>
   </div>
   <div class='ocr_carea' id='block_1_32' title="bbox 560 2481 2149 2553">
    <p class='ocr_par' dir='ltr' id='par_1_32' title="bbox 560 2481 2149 2553">
     <span class='ocr_line' id='line_1_32' title="bbox 560 2481 2149 2553; baseline 0.001 -18"><span class='ocrx_word' id='word_1_315' title='bbox 560 2482 630 2535; x_wconf 82' lang='lat' dir='ltr'><strong>cit</strong></span> <span class='ocrx_word' id='word_1_316' title='bbox 669 2498 786 2553; x_wconf 62' lang='lat' dir='ltr'><strong>quia</strong></span> <span class='ocrx_word' id='word_1_317' title='bbox 831 2481 1015 2549; x_wconf 79' lang='lat' dir='ltr'><strong>futura</strong></span> <span class='ocrx_word' id='word_1_318' title='bbox 1043 2492 1186 2536; x_wconf 80' lang='lat' dir='ltr'><strong>sunt.</strong></span> <span class='ocrx_word' id='word_1_319' title='bbox 1214 2483 1535 2552; x_wconf 82' lang='lat' dir='ltr'><strong>Quicunque</strong></span> <span class='ocrx_word' id='word_1_320' title='bbox 1576 2498 1707 2553; x_wconf 79' lang='lat' dir='ltr'><strong>ergo</strong></span> <span class='ocrx_word' id='word_1_321' title='bbox 1751 2483 1807 2537; x_wconf 90' lang='lat' dir='ltr'><strong>in</strong></span> <span class='ocrx_word' id='word_1_322' title='bbox 1836 2482 1932 2537; x_wconf 85' lang='lat' dir='ltr'><strong>Dei</strong></span> <span class='ocrx_word' id='word_1_323' title='bbox 1964 2483 2149 2553; x_wconf 78' lang='lat' dir='ltr'><strong>provi-</strong></span> 
     </span>
    </p>
   </div>
   <div class='ocr_carea' id='block_1_33' title="bbox 560 2570 2154 2643">
    <p class='ocr_par' dir='ltr' id='par_1_33' title="bbox 560 2570 2154 2643">
     <span class='ocr_line' id='line_1_33' title="bbox 560 2570 2154 2643; baseline 0.003 -19"><span class='ocrx_word' id='word_1_324' title='bbox 560 2570 883 2625; x_wconf 80' lang='lat' dir='ltr'><strong>dentissima</strong></span> <span class='ocrx_word' id='word_1_325' title='bbox 925 2571 1279 2641; x_wconf 87' lang='lat' dir='ltr'><strong>dispositione</strong></span> <span class='ocrx_word' id='word_1_326' title='bbox 1323 2573 1584 2642; x_wconf 60' lang='lat' dir='ltr'><strong>praesciti,</strong></span> <span class='ocrx_word' id='word_1_327' title='bbox 1623 2572 2016 2643; x_wconf 62' lang='lat' dir='ltr'><strong>praedestinati,</strong></span> <span class='ocrx_word' id='word_1_328' title='bbox 2055 2589 2154 2629; x_wconf 91' lang='lat' dir='ltr'><strong>vo-</strong></span> 
     </span>
    </p>
   </div>
   <div class='ocr_carea' id='block_1_34' title="bbox 561 2660 2152 2733">
    <p class='ocr_par' dir='ltr' id='par_1_34' title="bbox 561 2660 2152 2733">
     <span class='ocr_line' id='line_1_34' title="bbox 561 2660 2152 2733; baseline 0.003 -17"><span class='ocrx_word' id='word_1_329' title='bbox 561 2660 694 2721; x_wconf 81' lang='lat' dir='ltr'><strong>cati.</strong></span> <span class='ocrx_word' id='word_1_330' title='bbox 745 2660 1052 2730; x_wconf 80' lang='lat' dir='ltr'><strong>justiticati,</strong></span> <span class='ocrx_word' id='word_1_331' title='bbox 1101 2662 1390 2733; x_wconf 78' lang='lat' dir='ltr'><strong>glorificati</strong></span> <span class='ocrx_word' id='word_1_332' title='bbox 1445 2671 1590 2728; x_wconf 83' lang='lat' dir='ltr'><strong>sunt,</strong></span> <span class='ocrx_word' id='word_1_333' title='bbox 1649 2681 1758 2720; x_wconf 91' lang='lat' dir='ltr'><strong>non</strong></span> <span class='ocrx_word' id='word_1_334' title='bbox 1807 2665 1930 2721; x_wconf 88' lang='lat' dir='ltr'><strong>dico</strong></span> <span class='ocrx_word' id='word_1_335' title='bbox 1987 2667 2152 2721; x_wconf 77' lang='lat' dir='ltr'><strong>etiam</strong></span> 
     </span>
    </p>
   </div>
   <div class='ocr_carea' id='block_1_35' title="bbox 561 2751 2155 2826">
    <p class='ocr_par' dir='ltr' id='par_1_35' title="bbox 561 2751 2155 2826">
     <span class='ocr_line' id='line_1_35' title="bbox 561 2751 2155 2826; baseline 0.004 -21"><span class='ocrx_word' id='word_1_336' title='bbox 561 2751 800 2806; x_wconf 86' lang='lat' dir='ltr'><strong>nondum</strong></span> <span class='ocrx_word' id='word_1_337' title='bbox 848 2752 1048 2818; x_wconf 86' lang='lat' dir='ltr'><strong>renati,</strong></span> <span class='ocrx_word' id='word_1_338' title='bbox 1101 2753 1196 2808; x_wconf 89' lang='lat' dir='ltr'><strong>sed</strong></span> <span class='ocrx_word' id='word_1_339' title='bbox 1242 2754 1406 2809; x_wconf 87' lang='lat' dir='ltr'><strong>etiam</strong></span> <span class='ocrx_word' id='word_1_340' title='bbox 1443 2755 1681 2810; x_wconf 89' lang='lat' dir='ltr'><strong>nondum</strong></span> <span class='ocrx_word' id='word_1_341' title='bbox 1730 2757 1868 2822; x_wconf 85' lang='lat' dir='ltr'><strong>nati,</strong></span> <span class='ocrx_word' id='word_1_342' title='bbox 1893 2755 2007 2826; x_wconf 89' lang='lat' dir='ltr'><strong>jam</strong></span> <span class='ocrx_word' id='word_1_343' title='bbox 2058 2757 2155 2812; x_wconf 85' lang='lat' dir='ltr'><strong>lilii</strong></span> 
     </span>
    </p>
   </div>
   <div class='ocr_carea' id='block_1_36' title="bbox 566 2843 2157 2918">
    <p class='ocr_par' dir='ltr' id='par_1_36' title="bbox 566 2843 2157 2918">
     <span class='ocr_line' id='line_1_36' title="bbox 566 2843 2157 2918; baseline 0.004 -19"><span class='ocrx_word' id='word_1_344' title='bbox 566 2843 662 2899; x_wconf 77' lang='lat' dir='ltr'><strong>Dei</strong></span> <span class='ocrx_word' id='word_1_345' title='bbox 696 2853 842 2910; x_wconf 89' lang='lat' dir='ltr'><strong>sunt,</strong></span> <span class='ocrx_word' id='word_1_346' title='bbox 889 2853 946 2898; x_wconf 89' lang='lat' dir='ltr'><strong>et</strong></span> <span class='ocrx_word' id='word_1_347' title='bbox 978 2846 1204 2902; x_wconf 88' lang='lat' dir='ltr'><strong>omnino</strong></span> <span class='ocrx_word' id='word_1_348' title='bbox 1228 2847 1408 2916; x_wconf 88' lang='lat' dir='ltr'><strong>perire</strong></span> <span class='ocrx_word' id='word_1_349' title='bbox 1435 2863 1562 2903; x_wconf 84' lang='lat' dir='ltr'><strong>non</strong></span> <span class='ocrx_word' id='word_1_350' title='bbox 1588 2857 1836 2918; x_wconf 91' lang='lat' dir='ltr'><strong>possunt.</strong></span> <span class='ocrx_word' id='word_1_351' title='bbox 1874 2869 1894 2903; x_wconf 74' lang='grc' dir='ltr'><strong><em>ι</em></strong></span> <span class='ocrx_word' id='word_1_352' title='bbox 1929 2849 1998 2905; x_wconf 92' lang='lat' dir='ltr'><strong>Et</strong></span> <span class='ocrx_word' id='word_1_353' title='bbox 2025 2848 2157 2905; x_wconf 85' lang='lat' dir='ltr'><strong>Pro-</strong></span> 
     </span>
    </p>
   </div>
   <div class='ocr_carea' id='block_1_37' title="bbox 565 2937 2158 3006">
    <p class='ocr_par' dir='ltr' id='par_1_37' title="bbox 565 2937 2158 3006">
     <span class='ocr_line' id='line_1_37' title="bbox 565 2937 2158 3006; baseline 0.006 -17"><span class='ocrx_word' id='word_1_354' title='bbox 565 2950 692 3004; x_wconf 90' lang='lat' dir='ltr'><strong>sper</strong></span> <span class='ocrx_word' id='word_1_355' title='bbox 733 2937 787 2990; x_wconf 92' lang='lat' dir='ltr'><strong>in</strong></span> <span class='ocrx_word' id='word_1_356' title='bbox 838 2938 1179 2994; x_wconf 89' lang='lat' dir='ltr'><strong>absolutione</strong></span> <span class='ocrx_word' id='word_1_357' title='bbox 1233 2939 1555 3006; x_wconf 90' lang='lat' dir='ltr'><strong>objectionis</strong></span> <span class='ocrx_word' id='word_1_358' title='bbox 1601 2941 1880 2998; x_wconf 86' lang='lat' dir='ltr'><strong>Gallorum</strong></span> <span class='ocrx_word' id='word_1_359' title='bbox 1931 2945 2158 3000; x_wconf 70' lang='lat' dir='ltr'><strong>decima:</strong></span> 
     </span>
    </p>
   </div>
   <div class='ocr_carea' id='block_1_38' title="bbox 565 3026 2155 3108">
    <p class='ocr_par' dir='ltr' id='par_1_38' title="bbox 565 3026 2155 3108">
     <span class='ocr_line' id='line_1_38' title="bbox 565 3026 2155 3108; baseline 0.008 -28"><span class='ocrx_word' id='word_1_360' title='bbox 565 3026 807 3096; x_wconf 86' lang='lat' dir='ltr'><strong>quintae:</strong></span> <span class='ocrx_word' id='word_1_361' title='bbox 839 3045 858 3079; x_wconf 70' lang='grc' dir='ltr'>ι</span> <span class='ocrx_word' id='word_1_362' title='bbox 887 3029 1116 3084; x_wconf 85' lang='lat' dir='ltr'><strong>Dubium</strong></span> <span class='ocrx_word' id='word_1_363' title='bbox 1158 3046 1264 3086; x_wconf 90' lang='lat' dir='ltr'><strong>non</strong></span> <span class='ocrx_word' id='word_1_364' title='bbox 1291 3041 1394 3098; x_wconf 89' lang='lat' dir='ltr'><strong>est,</strong></span> <span class='ocrx_word' id='word_1_365' title='bbox 1427 3035 1622 3103; x_wconf 89' lang='lat' dir='ltr'><strong>inquit,</strong></span> <span class='ocrx_word' id='word_1_366' title='bbox 1661 3035 1780 3090; x_wconf 90' lang='lat' dir='ltr'><strong>sine</strong></span> <span class='ocrx_word' id='word_1_367' title='bbox 1805 3035 1912 3090; x_wconf 87' lang='lat' dir='ltr'><strong>ulla</strong></span> <span class='ocrx_word' id='word_1_368' title='bbox 1941 3045 2155 3108; x_wconf 84' lang='lat' dir='ltr'><strong>tempo-</strong></span> 
     </span>
    </p>
   </div>
   <div class='ocr_carea' id='block_1_39' title="bbox 2248 1933 3836 2004">
    <p class='ocr_par' dir='ltr' id='par_1_39' title="bbox 2248 1933 3836 2004">
     <span class='ocr_line' id='line_1_39' title="bbox 2248 1933 3836 2004; baseline -0.003 -12"><span class='ocrx_word' id='word_1_369' title='bbox 2248 1936 2366 1992; x_wconf 89' lang='lat' dir='ltr'><strong>vult</strong></span> <span class='ocrx_word' id='word_1_370' title='bbox 2391 1936 2644 1991; x_wconf 84' lang='lat' dir='ltr'><strong>obdurat.</strong></span> <span class='ocrx_word' id='word_1_371' title='bbox 2676 1935 2982 2004; x_wconf 74' lang='lat' dir='ltr'><strong>Qumrimus</strong></span> <span class='ocrx_word' id='word_1_372' title='bbox 3007 1936 3151 1990; x_wconf 92' lang='lat' dir='ltr'><strong>enim</strong></span> <span class='ocrx_word' id='word_1_373' title='bbox 3180 1935 3434 1990; x_wconf 91' lang='lat' dir='ltr'><strong>meritum</strong></span> <span class='ocrx_word' id='word_1_374' title='bbox 3459 1933 3836 1990; x_wconf 85' lang='lat' dir='ltr'><strong>obdurationis</strong></span> 
     </span>
    </p>
   </div>
   <div class='ocr_carea' id='block_1_40' title="bbox 2249 2025 3836 2096">
    <p class='ocr_par' dir='ltr' id='par_1_40' title="bbox 2249 2025 3836 2096">
     <span class='ocr_line' id='line_1_40' title="bbox 2249 2025 3836 2096; baseline -0.002 -13"><span class='ocrx_word' id='word_1_375' title='bbox 2249 2037 2308 2084; x_wconf 89' lang='lat' dir='ltr'><strong>et</strong></span> <span class='ocrx_word' id='word_1_376' title='bbox 2368 2027 2675 2083; x_wconf 88' lang='lat' dir='ltr'><strong>invenimus</strong></span> <span class='ocrx_word' id='word_1_377' title='bbox 2725 2044 2740 2081; x_wconf 87' lang='lat'><strong>:</strong></span> <span class='ocrx_word' id='word_1_378' title='bbox 2783 2027 2979 2083; x_wconf 92' lang='lat' dir='ltr'><strong>merito</strong></span> <span class='ocrx_word' id='word_1_379' title='bbox 3030 2041 3266 2095; x_wconf 89' lang='lat' dir='ltr'><strong>namque</strong></span> <span class='ocrx_word' id='word_1_380' title='bbox 3314 2025 3526 2096; x_wconf 89' lang='lat' dir='ltr'><strong>peccati</strong></span> <span class='ocrx_word' id='word_1_381' title='bbox 3579 2025 3836 2080; x_wconf 78' lang='lat' dir='ltr'><strong>universa</strong></span> 
     </span>
    </p>
   </div>
   <div class='ocr_carea' id='block_1_41' title="bbox 2250 2115 3843 2186">
    <p class='ocr_par' dir='ltr' id='par_1_41' title="bbox 2250 2115 3843 2186">
     <span class='ocr_line' id='line_1_41' title="bbox 2250 2115 3843 2186; baseline -0.003 -9"><span class='ocrx_word' id='word_1_382' title='bbox 2250 2118 2430 2177; x_wconf 87' lang='lat' dir='ltr'><strong>massa</strong></span> <span class='ocrx_word' id='word_1_383' title='bbox 2463 2122 2715 2176; x_wconf 87' lang='lat' dir='ltr'><strong>damnata</strong></span> <span class='ocrx_word' id='word_1_384' title='bbox 2745 2129 2848 2186; x_wconf 90' lang='lat' dir='ltr'><strong>est,</strong></span> <span class='ocrx_word' id='word_1_385' title='bbox 2881 2135 2984 2175; x_wconf 90' lang='lat' dir='ltr'><strong>nec</strong></span> <span class='ocrx_word' id='word_1_386' title='bbox 3027 2120 3261 2174; x_wconf 91' lang='lat' dir='ltr'><strong>obdurat</strong></span> <span class='ocrx_word' id='word_1_387' title='bbox 3289 2119 3431 2172; x_wconf 89' lang='lat' dir='ltr'><strong>Deus</strong></span> <span class='ocrx_word' id='word_1_388' title='bbox 3473 2115 3843 2186; x_wconf 90' lang='lat' dir='ltr'><strong>impertiendo</strong></span> 
     </span>
    </p>
   </div>
   <div class='ocr_carea' id='block_1_42' title="bbox 2252 2206 3840 2281">
    <p class='ocr_par' dir='ltr' id='par_1_42' title="bbox 2252 2206 3840 2281">
     <span class='ocr_line' id='line_1_42' title="bbox 2252 2206 3840 2281; baseline -0.005 -13"><span class='ocrx_word' id='word_1_389' title='bbox 2252 2213 2542 2280; x_wconf 85' lang='lat' dir='ltr'><strong>malitiam,</strong></span> <span class='ocrx_word' id='word_1_390' title='bbox 2572 2213 2670 2268; x_wconf 90' lang='lat' dir='ltr'><strong>sed</strong></span> <span class='ocrx_word' id='word_1_391' title='bbox 2696 2227 2803 2267; x_wconf 90' lang='lat' dir='ltr'><strong>non</strong></span> <span class='ocrx_word' id='word_1_392' title='bbox 2825 2211 3186 2281; x_wconf 79' lang='lat' dir='ltr'><strong>impertienda</strong></span> <span class='ocrx_word' id='word_1_393' title='bbox 3211 2207 3667 2264; x_wconf 88' lang='lat' dir='ltr'><strong>misericordiam.</strong></span> <span class='ocrx_word' id='word_1_394' title='bbox 3714 2206 3840 2274; x_wconf 81' lang='lat' dir='ltr'><strong>Qui-</strong></span> 
     </span>
    </p>
   </div>
   <div class='ocr_carea' id='block_1_43' title="bbox 2252 2302 3841 2378">
    <p class='ocr_par' dir='ltr' id='par_1_43' title="bbox 2252 2302 3841 2378">
     <span class='ocr_line' id='line_1_43' title="bbox 2252 2302 3841 2378; baseline -0.008 -13"><span class='ocrx_word' id='word_1_395' title='bbox 2252 2311 2357 2365; x_wconf 88' lang='lat' dir='ltr'><strong>bus</strong></span> <span class='ocrx_word' id='word_1_396' title='bbox 2382 2309 2526 2365; x_wconf 91' lang='lat' dir='ltr'><strong>enim</strong></span> <span class='ocrx_word' id='word_1_397' title='bbox 2565 2323 2674 2363; x_wconf 90' lang='lat' dir='ltr'><strong>non</strong></span> <span class='ocrx_word' id='word_1_398' title='bbox 2726 2305 3057 2378; x_wconf 89' lang='lat' dir='ltr'><strong>impertitur,</strong></span> <span class='ocrx_word' id='word_1_399' title='bbox 3098 2319 3196 2359; x_wconf 89' lang='lat' dir='ltr'><strong>nec</strong></span> <span class='ocrx_word' id='word_1_400' title='bbox 3227 2302 3375 2371; x_wconf 89' lang='lat' dir='ltr'><strong>digni</strong></span> <span class='ocrx_word' id='word_1_401' title='bbox 3406 2309 3552 2365; x_wconf 86' lang='lat' dir='ltr'><strong>sunt,</strong></span> <span class='ocrx_word' id='word_1_402' title='bbox 3578 2315 3689 2355; x_wconf 88' lang='lat' dir='ltr'><strong>nec</strong></span> <span class='ocrx_word' id='word_1_403' title='bbox 3732 2314 3841 2354; x_wconf 86' lang='lat' dir='ltr'><strong>me-</strong></span> 
     </span>
    </p>
   </div>
   <div class='ocr_carea' id='block_1_44' title="bbox 2255 2392 3848 2470">
    <p class='ocr_par' dir='ltr' id='par_1_44' title="bbox 2255 2392 3848 2470">
     <span class='ocr_line' id='line_1_44' title="bbox 2255 2392 3848 2470; baseline -0.009 -12"><span class='ocrx_word' id='word_1_404' title='bbox 2255 2412 2470 2467; x_wconf 87' lang='lat' dir='ltr'><strong>rentur,</strong></span> <span class='ocrx_word' id='word_1_405' title='bbox 2499 2415 2565 2454; x_wconf 88' lang='lat' dir='ltr'><strong>ac</strong></span> <span class='ocrx_word' id='word_1_406' title='bbox 2586 2400 2765 2470; x_wconf 90' lang='lat' dir='ltr'><strong>potius</strong></span> <span class='ocrx_word' id='word_1_407' title='bbox 2791 2406 2853 2453; x_wconf 87' lang='lat' dir='ltr'><strong>ut</strong></span> <span class='ocrx_word' id='word_1_408' title='bbox 2879 2413 2986 2453; x_wconf 91' lang='lat' dir='ltr'><strong>non</strong></span> <span class='ocrx_word' id='word_1_409' title='bbox 3017 2395 3361 2467; x_wconf 89' lang='lat' dir='ltr'><strong>impertiatur</strong></span> <span class='ocrx_word' id='word_1_410' title='bbox 3386 2394 3488 2449; x_wconf 87' lang='lat' dir='ltr'><strong>hoc</strong></span> <span class='ocrx_word' id='word_1_411' title='bbox 3518 2392 3669 2464; x_wconf 88' lang='lat' dir='ltr'><strong>digni</strong></span> <span class='ocrx_word' id='word_1_412' title='bbox 3693 2399 3848 2455; x_wconf 88' lang='lat' dir='ltr'><strong>sunt,</strong></span> 
     </span>
    </p>
   </div>
   <div class='ocr_carea' id='block_1_45' title="bbox 2256 2480 3844 2557">
    <p class='ocr_par' dir='ltr' id='par_1_45' title="bbox 2256 2480 3844 2557">
     <span class='ocr_line' id='line_1_45' title="bbox 2256 2480 3844 2557; baseline -0.008 -9"><span class='ocrx_word' id='word_1_413' title='bbox 2256 2494 2362 2548; x_wconf 79' lang='lat' dir='ltr'><strong>hoc</strong></span> <span class='ocrx_word' id='word_1_414' title='bbox 2410 2499 2710 2548; x_wconf 89' lang='lat' dir='ltr'><strong>merentur.</strong></span> <span class='ocrx_word' id='word_1_415' title='bbox 2751 2489 3058 2557; x_wconf 65' lang='lat' dir='ltr'><strong>Quaerimus</strong></span> <span class='ocrx_word' id='word_1_416' title='bbox 3096 2497 3275 2542; x_wconf 89' lang='lat' dir='ltr'><strong>autem</strong></span> <span class='ocrx_word' id='word_1_417' title='bbox 3325 2484 3580 2540; x_wconf 90' lang='lat' dir='ltr'><strong>meritum</strong></span> <span class='ocrx_word' id='word_1_418' title='bbox 3629 2480 3844 2538; x_wconf 73' lang='lat' dir='ltr'><strong>miseri-</strong></span> 
     </span>
    </p>
   </div>
   <div class='ocr_carea' id='block_1_46' title="bbox 2257 2570 3850 2648">
    <p class='ocr_par' dir='ltr' id='par_1_46' title="bbox 2257 2570 3850 2648">
     <span class='ocr_line' id='line_1_46' title="bbox 2257 2570 3850 2648; baseline -0.009 -9"><span class='ocrx_word' id='word_1_419' title='bbox 2257 2583 2474 2648; x_wconf 58' lang='lat' dir='ltr'><strong>cordia,</strong></span> <span class='ocrx_word' id='word_1_420' title='bbox 2511 2595 2613 2638; x_wconf 90' lang='lat' dir='ltr'><strong>nec</strong></span> <span class='ocrx_word' id='word_1_421' title='bbox 2657 2581 2984 2645; x_wconf 85' lang='lat' dir='ltr'><strong>invenimus,</strong></span> <span class='ocrx_word' id='word_1_422' title='bbox 3010 2577 3134 2648; x_wconf 88' lang='lat' dir='ltr'><strong>quia</strong></span> <span class='ocrx_word' id='word_1_423' title='bbox 3175 2575 3381 2631; x_wconf 90' lang='lat' dir='ltr'><strong>nullum</strong></span> <span class='ocrx_word' id='word_1_424' title='bbox 3418 2583 3522 2640; x_wconf 86' lang='lat' dir='ltr'><strong>est,</strong></span> <span class='ocrx_word' id='word_1_425' title='bbox 3567 2587 3642 2628; x_wconf 87' lang='lat' dir='ltr'><strong>ne</strong></span> <span class='ocrx_word' id='word_1_426' title='bbox 3671 2570 3850 2643; x_wconf 87' lang='lat' dir='ltr'><strong>gratia.</strong></span> 
     </span>
    </p>
   </div>
   <div class='ocr_carea' id='block_1_47' title="bbox 2257 2662 3847 2742">
    <p class='ocr_par' dir='ltr' id='par_1_47' title="bbox 2257 2662 3847 2742">
     <span class='ocr_line' id='line_1_47' title="bbox 2257 2662 3847 2742; baseline -0.008 -13"><span class='ocrx_word' id='word_1_427' title='bbox 2257 2685 2551 2730; x_wconf 87' lang='lat' dir='ltr'><strong>evacuetur</strong></span> <span class='ocrx_word' id='word_1_428' title='bbox 2578 2673 2626 2729; x_wconf 90' lang='lat' dir='ltr'><strong>si</strong></span> <span class='ocrx_word' id='word_1_429' title='bbox 2670 2688 2777 2728; x_wconf 90' lang='lat' dir='ltr'><strong>non</strong></span> <span class='ocrx_word' id='word_1_430' title='bbox 2804 2671 2974 2742; x_wconf 88' lang='lat' dir='ltr'><strong>gratis</strong></span> <span class='ocrx_word' id='word_1_431' title='bbox 2996 2670 3252 2734; x_wconf 88' lang='lat' dir='ltr'><strong>donatur,</strong></span> <span class='ocrx_word' id='word_1_432' title='bbox 3281 2666 3377 2722; x_wconf 90' lang='lat' dir='ltr'><strong>sed</strong></span> <span class='ocrx_word' id='word_1_433' title='bbox 3419 2665 3634 2720; x_wconf 91' lang='lat' dir='ltr'><strong>meritis</strong></span> <span class='ocrx_word' id='word_1_434' title='bbox 3671 2662 3847 2718; x_wconf 85' lang='lat' dir='ltr'><strong>reddi-</strong></span> 
     </span>
    </p>
   </div>
   <div class='ocr_carea' id='block_1_48' title="bbox 2261 2755 3848 2832">
    <p class='ocr_par' dir='ltr' id='par_1_48' title="bbox 2261 2755 3848 2832">
     <span class='ocr_line' id='line_1_48' title="bbox 2261 2755 3848 2832; baseline -0.007 -11"><span class='ocrx_word' id='word_1_435' title='bbox 2261 2776 2370 2821; x_wconf 85' lang='lat' dir='ltr'><strong>tur.</strong></span> <span class='ocrx_word' id='word_1_436' title='bbox 2404 2764 2558 2832; x_wconf 88' lang='lat' dir='ltr'><strong>Quod</strong></span> <span class='ocrx_word' id='word_1_437' title='bbox 2604 2771 2688 2818; x_wconf 89' lang='lat' dir='ltr'><strong>est</strong></span> <span class='ocrx_word' id='word_1_438' title='bbox 2715 2777 2844 2830; x_wconf 89' lang='lat' dir='ltr'><strong>ergo</strong></span> <span class='ocrx_word' id='word_1_439' title='bbox 2873 2761 3127 2816; x_wconf 89' lang='lat' dir='ltr'><strong>meritum</strong></span> <span class='ocrx_word' id='word_1_440' title='bbox 3168 2757 3406 2814; x_wconf 86' lang='lat' dir='ltr'><strong>hominis</strong></span> <span class='ocrx_word' id='word_1_441' title='bbox 3430 2764 3559 2811; x_wconf 90' lang='lat' dir='ltr'><strong>ante</strong></span> <span class='ocrx_word' id='word_1_442' title='bbox 3587 2755 3848 2825; x_wconf 84' lang='lat' dir='ltr'><strong>gratiam,</strong></span> 
     </span>
    </p>
   </div>
   <div class='ocr_carea' id='block_1_49' title="bbox 2260 2846 3852 2929">
    <p class='ocr_par' dir='ltr' id='par_1_49' title="bbox 2260 2846 3852 2929">
     <span class='ocr_line' id='line_1_49' title="bbox 2260 2846 3852 2929; baseline -0.009 -17"><span class='ocrx_word' id='word_1_443' title='bbox 2260 2873 2368 2929; x_wconf 85' lang='lat' dir='ltr'><strong>quo</strong></span> <span class='ocrx_word' id='word_1_444' title='bbox 2416 2855 2614 2911; x_wconf 88' lang='lat' dir='ltr'><strong>merito</strong></span> <span class='ocrx_word' id='word_1_445' title='bbox 2656 2853 2921 2924; x_wconf 89' lang='lat' dir='ltr'><strong>percipiat</strong></span> <span class='ocrx_word' id='word_1_446' title='bbox 2963 2851 3214 2923; x_wconf 88' lang='lat' dir='ltr'><strong>gratiam,</strong></span> <span class='ocrx_word' id='word_1_447' title='bbox 3269 2863 3393 2904; x_wconf 87' lang='lat' dir='ltr'><strong>cum</strong></span> <span class='ocrx_word' id='word_1_448' title='bbox 3437 2859 3601 2901; x_wconf 89' lang='lat' dir='ltr'><strong>omne</strong></span> <span class='ocrx_word' id='word_1_449' title='bbox 3646 2846 3852 2900; x_wconf 88' lang='lat' dir='ltr'><strong>bonum</strong></span> 
     </span>
    </p>
   </div>
   <div class='ocr_carea' id='block_1_50' title="bbox 2261 2938 3849 3008">
    <p class='ocr_par' dir='ltr' id='par_1_50' title="bbox 2261 2938 3849 3008">
     <span class='ocr_line' id='line_1_50' title="bbox 2261 2938 3849 3008; baseline -0.009 -4"><span class='ocrx_word' id='word_1_450' title='bbox 2261 2949 2519 3005; x_wconf 85' lang='lat' dir='ltr'><strong>meritum</strong></span> <span class='ocrx_word' id='word_1_451' title='bbox 2545 2955 2796 3002; x_wconf 88' lang='lat' dir='ltr'><strong>nostrum</strong></span> <span class='ocrx_word' id='word_1_452' title='bbox 2824 2960 2931 2999; x_wconf 90' lang='lat' dir='ltr'><strong>non</strong></span> <span class='ocrx_word' id='word_1_453' title='bbox 2963 2945 3018 2998; x_wconf 90' lang='lat' dir='ltr'><strong>in</strong></span> <span class='ocrx_word' id='word_1_454' title='bbox 3049 2943 3207 2998; x_wconf 86' lang='lat' dir='ltr'><strong>nobis</strong></span> <span class='ocrx_word' id='word_1_455' title='bbox 3244 2939 3411 2995; x_wconf 74' lang='lat' dir='ltr'><strong>faciat</strong></span> <span class='ocrx_word' id='word_1_456' title='bbox 3437 2938 3540 2994; x_wconf 91' lang='lat' dir='ltr'><strong>nisi</strong></span> <span class='ocrx_word' id='word_1_457' title='bbox 3568 2938 3746 3008; x_wconf 87' lang='lat' dir='ltr'><strong>gratia</strong></span> <span class='ocrx_word' id='word_1_458' title='bbox 3768 2945 3849 2990; x_wconf 84' lang='lat' dir='ltr'><strong>:et</strong></span> 
     </span>
    </p>
   </div>
   <div class='ocr_carea' id='block_1_51' title="bbox 2263 3029 3850 3095">
    <p class='ocr_par' dir='ltr' id='par_1_51' title="bbox 2263 3029 3850 3095">
     <span class='ocr_line' id='line_1_51' title="bbox 2263 3029 3850 3095; baseline -0.009 -1"><span class='ocrx_word' id='word_1_459' title='bbox 2263 3055 2386 3094; x_wconf 87' lang='lat' dir='ltr'><strong>cum</strong></span> <span class='ocrx_word' id='word_1_460' title='bbox 2418 3039 2560 3092; x_wconf 88' lang='lat' dir='ltr'><strong>Deus</strong></span> <span class='ocrx_word' id='word_1_461' title='bbox 2591 3043 2817 3091; x_wconf 89' lang='lat' dir='ltr'><strong>coronat</strong></span> <span class='ocrx_word' id='word_1_462' title='bbox 2855 3034 3049 3088; x_wconf 88' lang='lat' dir='ltr'><strong>merita</strong></span> <span class='ocrx_word' id='word_1_463' title='bbox 3094 3039 3302 3095; x_wconf 88' lang='lat' dir='ltr'><strong>nostra,</strong></span> <span class='ocrx_word' id='word_1_464' title='bbox 3331 3029 3468 3084; x_wconf 90' lang='lat' dir='ltr'><strong>nihil</strong></span> <span class='ocrx_word' id='word_1_465' title='bbox 3507 3029 3655 3082; x_wconf 86' lang='lat' dir='ltr'><strong>aliud</strong></span> <span class='ocrx_word' id='word_1_466' title='bbox 3695 3042 3850 3082; x_wconf 85' lang='lat' dir='ltr'><strong>coro-</strong></span> 
     </span>
    </p>
   </div>
   <div class='ocr_carea' id='block_1_52' title="bbox 567 3119 3849 3225">
    <p class='ocr_par' dir='ltr' id='par_1_52' title="bbox 567 3119 3849 3225">
     <span class='ocr_line' id='line_1_52' title="bbox 567 3119 3849 3225; baseline -0.001 -49"><span class='ocrx_word' id='word_1_467' title='bbox 567 3120 669 3176; x_wconf 90' lang='lat' dir='ltr'><strong>rali</strong></span> <span class='ocrx_word' id='word_1_468' title='bbox 698 3119 998 3177; x_wconf 84' lang='lat' dir='ltr'><strong>dill‘erentia</strong></span> <span class='ocrx_word' id='word_1_469' title='bbox 1043 3121 1209 3177; x_wconf 91' lang='lat' dir='ltr'><strong>Deum</strong></span> <span class='ocrx_word' id='word_1_470' title='bbox 1234 3126 1587 3193; x_wconf 67' lang='lat' dir='ltr'><strong>etpracscissc</strong></span> <span class='ocrx_word' id='word_1_471' title='bbox 1613 3128 1850 3182; x_wconf 90' lang='lat' dir='ltr'><strong>simulet</strong></span> <span class='ocrx_word' id='word_1_472' title='bbox 1877 3129 2157 3198; x_wconf 77' lang='lat' dir='ltr'><strong>praedesti-</strong></span> <span class='ocrx_word' id='word_1_473' title='bbox 2186 3159 2232 3225; x_wconf 61' lang='grc' dir='ltr'><strong>ρ</strong></span> <span class='ocrx_word' id='word_1_474' title='bbox 2264 3138 2358 3183; x_wconf 88' lang='lat' dir='ltr'><strong>net</strong></span> <span class='ocrx_word' id='word_1_475' title='bbox 2384 3143 2544 3196; x_wconf 89' lang='lat' dir='ltr'><strong>quam</strong></span> <span class='ocrx_word' id='word_1_476' title='bbox 2585 3141 2808 3180; x_wconf 89' lang='lat' dir='ltr'><strong>munera</strong></span> <span class='ocrx_word' id='word_1_477' title='bbox 2837 3124 2975 3180; x_wconf 83' lang='lat' dir='ltr'><strong>sua?</strong></span> <span class='ocrx_word' id='word_1_478' title='bbox 3008 3123 3361 3193; x_wconf 76' lang='lat' dir='ltr'><strong>Stipendium,</strong></span> <span class='ocrx_word' id='word_1_479' title='bbox 3404 3120 3600 3190; x_wconf 86' lang='lat' dir='ltr'><strong>inquit,</strong></span> <span class='ocrx_word' id='word_1_480' title='bbox 3647 3120 3849 3190; x_wconf 81' lang='lat' dir='ltr'><strong>peccati</strong></span> 
     </span>
    </p>
   </div>
   <div class='ocr_carea' id='block_1_53' title="bbox 567 3215 2159 3290">
    <p class='ocr_par' dir='ltr' id='par_1_53' title="bbox 567 3215 2159 3290">
     <span class='ocr_line' id='line_1_53' title="bbox 567 3215 2159 3290; baseline 0.004 -23"><span class='ocrx_word' id='word_1_481' title='bbox 567 3228 727 3269; x_wconf 89' lang='lat' dir='ltr'><strong>nasse</strong></span> <span class='ocrx_word' id='word_1_482' title='bbox 756 3228 874 3283; x_wconf 78' lang='lat' dir='ltr'><strong>quae</strong></span> <span class='ocrx_word' id='word_1_483' title='bbox 904 3215 1020 3285; x_wconf 87' lang='lat' dir='ltr'><strong>ipso</strong></span> <span class='ocrx_word' id='word_1_484' title='bbox 1047 3224 1206 3270; x_wconf 89' lang='lat' dir='ltr'><strong>erant</strong></span> <span class='ocrx_word' id='word_1_485' title='bbox 1232 3225 1454 3273; x_wconf 87' lang='lat' dir='ltr'><strong>auctore</strong></span> <span class='ocrx_word' id='word_1_486' title='bbox 1485 3217 1749 3284; x_wconf 79' lang='lat' dir='ltr'><strong>facienda,</strong></span> <span class='ocrx_word' id='word_1_487' title='bbox 1780 3220 1866 3274; x_wconf 87' lang='lat' dir='ltr'><strong>vel</strong></span> <span class='ocrx_word' id='word_1_488' title='bbox 1891 3236 2012 3290; x_wconf 71' lang='lat' dir='ltr'><strong>qua:</strong></span> <span class='ocrx_word' id='word_1_489' title='bbox 2044 3237 2159 3276; x_wconf 87' lang='lat' dir='ltr'><strong>ma-</strong></span> 
     </span>
    </p>
   </div>
   <div class='ocr_carea' id='block_1_54' title="bbox 568 3299 2163 3380">
    <p class='ocr_par' dir='ltr' id='par_1_54' title="bbox 568 3299 2163 3380">
     <span class='ocr_line' id='line_1_54' title="bbox 568 3299 2163 3380; baseline 0.005 -22"><span class='ocrx_word' id='word_1_490' title='bbox 568 3299 639 3358; x_wconf 90' lang='lat' dir='ltr'><strong>lis</strong></span> <span class='ocrx_word' id='word_1_491' title='bbox 664 3303 872 3359; x_wconf 89' lang='lat' dir='ltr'><strong>meritis</strong></span> <span class='ocrx_word' id='word_1_492' title='bbox 888 3302 1037 3372; x_wconf 88' lang='lat' dir='ltr'><strong>justo</strong></span> <span class='ocrx_word' id='word_1_493' title='bbox 1065 3315 1221 3360; x_wconf 90' lang='lat' dir='ltr'><strong>erant</strong></span> <span class='ocrx_word' id='word_1_494' title='bbox 1237 3303 1441 3373; x_wconf 86' lang='lat' dir='ltr'><strong>judicio</strong></span> <span class='ocrx_word' id='word_1_495' title='bbox 1466 3308 1810 3364; x_wconf 90' lang='lat' dir='ltr'><strong>retribuenda</strong></span> <span class='ocrx_word' id='word_1_496' title='bbox 1837 3327 1850 3363; x_wconf 90' lang='lat'><strong>:</strong></span> <span class='ocrx_word' id='word_1_497' title='bbox 1879 3311 2163 3380; x_wconf 71' lang='lat' dir='ltr'><strong>praescisse</strong></span> 
     </span>
    </p>
   </div>
   <div class='ocr_carea' id='block_1_55' title="bbox 569 3397 2162 3471">
    <p class='ocr_par' dir='ltr' id='par_1_55' title="bbox 569 3397 2162 3471">
     <span class='ocr_line' id='line_1_55' title="bbox 569 3397 2162 3471; baseline 0.005 -22"><span class='ocrx_word' id='word_1_498' title='bbox 569 3403 752 3450; x_wconf 86' lang='lat' dir='ltr'><strong>autem</strong></span> <span class='ocrx_word' id='word_1_499' title='bbox 792 3397 1184 3461; x_wconf 89' lang='lat' dir='ltr'><strong>tantummodo,</strong></span> <span class='ocrx_word' id='word_1_500' title='bbox 1229 3413 1334 3452; x_wconf 90' lang='lat' dir='ltr'><strong>non</strong></span> <span class='ocrx_word' id='word_1_501' title='bbox 1367 3399 1532 3454; x_wconf 89' lang='lat' dir='ltr'><strong>etiam</strong></span> <span class='ocrx_word' id='word_1_502' title='bbox 1573 3399 2013 3470; x_wconf 71' lang='lat' dir='ltr'><strong>przedestinasse,</strong></span> <span class='ocrx_word' id='word_1_503' title='bbox 2041 3416 2162 3471; x_wconf 66' lang='lat' dir='ltr'><strong>qum</strong></span> 
     </span>
    </p>
   </div>
   <div class='ocr_carea' id='block_1_56' title="bbox 563 3489 2158 3563">
    <p class='ocr_par' dir='ltr' id='par_1_56' title="bbox 563 3489 2158 3563">
     <span class='ocr_line' id='line_1_56' title="bbox 563 3489 2158 3563; baseline 0.004 -19"><span class='ocrx_word' id='word_1_504' title='bbox 563 3497 678 3545; x_wconf 80' lang='lat' dir='ltr'><strong>&quot;non</strong></span> <span class='ocrx_word' id='word_1_505' title='bbox 723 3503 789 3544; x_wconf 80' lang='lat' dir='ltr'><strong>ex</strong></span> <span class='ocrx_word' id='word_1_506' title='bbox 841 3489 958 3561; x_wconf 90' lang='lat' dir='ltr'><strong>ipso</strong></span> <span class='ocrx_word' id='word_1_507' title='bbox 1014 3498 1198 3546; x_wconf 88' lang='lat' dir='ltr'><strong>erant.</strong></span> <span class='ocrx_word' id='word_1_508' title='bbox 1227 3506 1446 3547; x_wconf 88' lang='lat' dir='ltr'><strong>causam</strong></span> <span class='ocrx_word' id='word_1_509' title='bbox 1507 3494 1838 3563; x_wconf 86' lang='lat' dir='ltr'><strong>operationis</strong></span> <span class='ocrx_word' id='word_1_510' title='bbox 1885 3495 2158 3551; x_wconf 89' lang='lat' dir='ltr'><strong>habitura.</strong></span> 
     </span>
    </p>
   </div>
   <div class='ocr_carea' id='block_1_57' title="bbox 569 3581 2155 3657">
    <p class='ocr_par' dir='ltr' id='par_1_57' title="bbox 569 3581 2155 3657">
     <span class='ocr_line' id='line_1_57' title="bbox 569 3581 2155 3657; baseline 0.004 -20"><span class='ocrx_word' id='word_1_511' title='bbox 569 3581 758 3638; x_wconf 89' lang='lat' dir='ltr'><strong>Potest</strong></span> <span class='ocrx_word' id='word_1_512' title='bbox 787 3583 969 3652; x_wconf 88' lang='lat' dir='ltr'><strong>itaque</strong></span> <span class='ocrx_word' id='word_1_513' title='bbox 998 3584 1117 3639; x_wconf 89' lang='lat' dir='ltr'><strong>sine</strong></span> <span class='ocrx_word' id='word_1_514' title='bbox 1148 3585 1625 3654; x_wconf 83' lang='lat' dir='ltr'><strong>praedestinatione</strong></span> <span class='ocrx_word' id='word_1_515' title='bbox 1651 3601 1770 3642; x_wconf 91' lang='lat' dir='ltr'><strong>esse</strong></span> <span class='ocrx_word' id='word_1_516' title='bbox 1798 3589 2155 3657; x_wconf 70' lang='lat' dir='ltr'><strong>prmscientia,</strong></span> 
     </span>
    </p>
   </div>
   <div class='ocr_carea' id='block_1_58' title="bbox 569 3675 2162 3749">
    <p class='ocr_par' dir='ltr' id='par_1_58' title="bbox 569 3675 2162 3749">
     <span class='ocr_line' id='line_1_58' title="bbox 569 3675 2162 3749; baseline 0.004 -20"><span class='ocrx_word' id='word_1_517' title='bbox 569 3675 977 3744; x_wconf 76' lang='lat' dir='ltr'><strong>praedestinatio</strong></span> <span class='ocrx_word' id='word_1_518' title='bbox 1017 3684 1197 3731; x_wconf 87' lang='lat' dir='ltr'><strong>autem</strong></span> <span class='ocrx_word' id='word_1_519' title='bbox 1234 3676 1350 3731; x_wconf 88' lang='lat' dir='ltr'><strong>sine</strong></span> <span class='ocrx_word' id='word_1_520' title='bbox 1388 3678 1732 3747; x_wconf 76' lang='lat' dir='ltr'><strong>praescientia</strong></span> <span class='ocrx_word' id='word_1_521' title='bbox 1773 3694 1895 3734; x_wconf 86' lang='lat' dir='ltr'><strong>esse</strong></span> <span class='ocrx_word' id='word_1_522' title='bbox 1929 3695 2034 3734; x_wconf 86' lang='lat' dir='ltr'><strong>non</strong></span> <span class='ocrx_word' id='word_1_523' title='bbox 2064 3695 2162 3749; x_wconf 55' lang='lat' dir='ltr'><strong>po.</strong></span> 
     </span>
    </p>
   </div>
   <div class='ocr_carea' id='block_1_59' title="bbox 573 3766 2156 3840">
    <p class='ocr_par' dir='ltr' id='par_1_59' title="bbox 573 3766 2156 3840">
     <span class='ocr_line' id='line_1_59' title="bbox 573 3766 2156 3840; baseline 0.003 -19"><span class='ocrx_word' id='word_1_524' title='bbox 573 3773 700 3822; x_wconf 87' lang='lat' dir='ltr'><strong>test.</strong></span> <span class='ocrx_word' id='word_1_525' title='bbox 735 3787 753 3819; x_wconf 79' lang='grc' dir='ltr'><strong><em>ι</em></strong></span> <span class='ocrx_word' id='word_1_526' title='bbox 783 3766 849 3820; x_wconf 86' lang='lat' dir='ltr'><strong>Et</strong></span> <span class='ocrx_word' id='word_1_527' title='bbox 893 3768 1022 3823; x_wconf 86' lang='lat' dir='ltr'><strong>item</strong></span> <span class='ocrx_word' id='word_1_528' title='bbox 1062 3769 1114 3823; x_wconf 86' lang='lat' dir='ltr'><strong>in</strong></span> <span class='ocrx_word' id='word_1_529' title='bbox 1164 3768 1628 3839; x_wconf 78' lang='lat' dir='ltr'><strong>Recapitulatione</strong></span> <span class='ocrx_word' id='word_1_530' title='bbox 1674 3770 1862 3840; x_wconf 89' lang='lat' dir='ltr'><strong>quinta</strong></span> <span class='ocrx_word' id='word_1_531' title='bbox 1907 3770 2156 3826; x_wconf 89' lang='lat' dir='ltr'><strong>decima:</strong></span> 
     </span>
    </p>
   </div>
   <div class='ocr_carea' id='block_1_60' title="bbox 579 3859 2161 3933">
    <p class='ocr_par' dir='ltr' id='par_1_60' title="bbox 579 3859 2161 3933">
     <span class='ocr_line' id='line_1_60' title="bbox 579 3859 2161 3933; baseline 0.004 -21"><span class='ocrx_word' id='word_1_532' title='bbox 579 3878 600 3912; x_wconf 72' lang='grc' dir='ltr'><strong>ε</strong></span> <span class='ocrx_word' id='word_1_533' title='bbox 634 3859 767 3926; x_wconf 61' lang='lat' dir='ltr'><strong>Quae</strong></span> <span class='ocrx_word' id='word_1_534' title='bbox 792 3860 936 3914; x_wconf 87' lang='lat' dir='ltr'><strong>enim</strong></span> <span class='ocrx_word' id='word_1_535' title='bbox 954 3875 1019 3914; x_wconf 84' lang='lat' dir='ltr'><strong>ex</strong></span> <span class='ocrx_word' id='word_1_536' title='bbox 1038 3861 1129 3915; x_wconf 88' lang='lat' dir='ltr'><strong>Dei</strong></span> <span class='ocrx_word' id='word_1_537' title='bbox 1145 3875 1369 3916; x_wconf 91' lang='lat' dir='ltr'><strong>munere</strong></span> <span class='ocrx_word' id='word_1_538' title='bbox 1392 3862 1676 3927; x_wconf 84' lang='lat' dir='ltr'><strong>habemus,</strong></span> <span class='ocrx_word' id='word_1_539' title='bbox 1693 3870 1748 3917; x_wconf 92' lang='lat' dir='ltr'><strong>et</strong></span> <span class='ocrx_word' id='word_1_540' title='bbox 1768 3878 1887 3932; x_wconf 67' lang='lat' dir='ltr'><strong>qum</strong></span> <span class='ocrx_word' id='word_1_541' title='bbox 1909 3864 2161 3933; x_wconf 79' lang='lat' dir='ltr'><strong>praescita</strong></span> 
     </span>
    </p>
   </div>
   <div class='ocr_carea' id='block_1_61' title="bbox 573 3949 2164 4024">
    <p class='ocr_par' dir='ltr' id='par_1_61' title="bbox 573 3949 2164 4024">
     <span class='ocr_line' id='line_1_61' title="bbox 573 3949 2164 4024; baseline 0.004 -20"><span class='ocrx_word' id='word_1_542' title='bbox 573 3949 851 4014; x_wconf 87' lang='lat' dir='ltr'><strong>dicuntur,</strong></span> <span class='ocrx_word' id='word_1_543' title='bbox 902 3965 1006 4004; x_wconf 92' lang='lat' dir='ltr'><strong>non</strong></span> <span class='ocrx_word' id='word_1_544' title='bbox 1052 3959 1279 4020; x_wconf 89' lang='lat' dir='ltr'><strong>possunt</strong></span> <span class='ocrx_word' id='word_1_545' title='bbox 1344 3968 1451 4006; x_wconf 88' lang='lat' dir='ltr'><strong>non</strong></span> <span class='ocrx_word' id='word_1_546' title='bbox 1502 3968 1622 4008; x_wconf 89' lang='lat' dir='ltr'><strong>esse</strong></span> <span class='ocrx_word' id='word_1_547' title='bbox 1651 3955 2057 4024; x_wconf 72' lang='lat' dir='ltr'><strong>prredestinata,</strong></span> <span class='ocrx_word' id='word_1_548' title='bbox 2107 3964 2164 4011; x_wconf 90' lang='lat' dir='ltr'><strong>et</strong></span> 
     </span>
    </p>
   </div>
   <div class='ocr_carea' id='block_1_62' title="bbox 575 4043 2161 4117">
    <p class='ocr_par' dir='ltr' id='par_1_62' title="bbox 575 4043 2161 4117">
     <span class='ocr_line' id='line_1_62' title="bbox 575 4043 2161 4117; baseline 0.008 -25"><span class='ocrx_word' id='word_1_549' title='bbox 575 4057 695 4110; x_wconf 75' lang='lat' dir='ltr'><strong>qua:</strong></span> <span class='ocrx_word' id='word_1_550' title='bbox 723 4043 1102 4112; x_wconf 63' lang='lat' dir='ltr'><strong>praedestinata</strong></span> <span class='ocrx_word' id='word_1_551' title='bbox 1129 4044 1488 4115; x_wconf 87' lang='lat' dir='ltr'><strong>appellantur,</strong></span> <span class='ocrx_word' id='word_1_552' title='bbox 1516 4063 1622 4101; x_wconf 90' lang='lat' dir='ltr'><strong>non</strong></span> <span class='ocrx_word' id='word_1_553' title='bbox 1649 4057 1873 4117; x_wconf 86' lang='lat' dir='ltr'><strong>possunt</strong></span> <span class='ocrx_word' id='word_1_554' title='bbox 1907 4064 2012 4103; x_wconf 92' lang='lat' dir='ltr'><strong>non</strong></span> <span class='ocrx_word' id='word_1_555' title='bbox 2042 4063 2161 4104; x_wconf 91' lang='lat' dir='ltr'><strong>esse</strong></span> 
     </span>
    </p>
   </div>
   <div class='ocr_carea' id='block_1_63' title="bbox 573 4133 2163 4208">
    <p class='ocr_par' dir='ltr' id='par_1_63' title="bbox 573 4133 2163 4208">
     <span class='ocr_line' id='line_1_63' title="bbox 573 4133 2163 4208; baseline 0.005 -22"><span class='ocrx_word' id='word_1_556' title='bbox 573 4133 846 4203; x_wconf 69' lang='lat' dir='ltr'><strong>praescita.</strong></span> <span class='ocrx_word' id='word_1_557' title='bbox 877 4153 895 4183; x_wconf 70' lang='grc' dir='ltr'>ι</span> <span class='ocrx_word' id='word_1_558' title='bbox 949 4133 1017 4188; x_wconf 90' lang='lat' dir='ltr'><strong>Et</strong></span> <span class='ocrx_word' id='word_1_559' title='bbox 1067 4135 1121 4189; x_wconf 93' lang='lat' dir='ltr'><strong>in</strong></span> <span class='ocrx_word' id='word_1_560' title='bbox 1182 4136 1522 4193; x_wconf 89' lang='lat' dir='ltr'><strong>absolutione</strong></span> <span class='ocrx_word' id='word_1_561' title='bbox 1579 4137 1897 4208; x_wconf 69' lang='lat' dir='ltr'><strong>oltjeclionis</strong></span> <span class='ocrx_word' id='word_1_562' title='bbox 1940 4139 2163 4195; x_wconf 67' lang='lat' dir='ltr'><strong>decima:</strong></span> 
     </span>
    </p>
   </div>
   <div class='ocr_carea' id='block_1_64' title="bbox 575 4224 2165 4293">
    <p class='ocr_par' dir='ltr' id='par_1_64' title="bbox 575 4224 2165 4293">
     <span class='ocr_line' id='line_1_64' title="bbox 575 4224 2165 4293; baseline 0.006 -16"><span class='ocrx_word' id='word_1_563' title='bbox 575 4224 780 4293; x_wconf 65' lang='lat' dir='ltr'><strong>quinta:</strong></span> <span class='ocrx_word' id='word_1_564' title='bbox 832 4233 1016 4280; x_wconf 90' lang='lat' dir='ltr'><strong>contra</strong></span> <span class='ocrx_word' id='word_1_565' title='bbox 1052 4226 1440 4284; x_wconf 85' lang='lat' dir='ltr'><strong>Vincentianos</strong></span> <span class='ocrx_word' id='word_1_566' title='bbox 1482 4249 1495 4284; x_wconf 89' lang='lat'>:</span> <span class='ocrx_word' id='word_1_567' title='bbox 1543 4228 1755 4285; x_wconf 84' lang='lat' dir='ltr'><strong>Nullam</strong></span> <span class='ocrx_word' id='word_1_568' title='bbox 1791 4231 2026 4286; x_wconf 89' lang='lat' dir='ltr'><strong>animam</strong></span> <span class='ocrx_word' id='word_1_569' title='bbox 2068 4247 2165 4287; x_wconf 85' lang='lat' dir='ltr'><strong>ne-</strong></span> 
     </span>
    </p>
   </div>
   <div class='ocr_carea' id='block_1_65' title="bbox 575 4315 2164 4388">
    <p class='ocr_par' dir='ltr' id='par_1_65' title="bbox 575 4315 2164 4388">
     <span class='ocr_line' id='line_1_65' title="bbox 575 4315 2164 4388; baseline 0.004 -20"><span class='ocrx_word' id='word_1_570' title='bbox 575 4315 757 4385; x_wconf 87' lang='lat' dir='ltr'><strong>quiter</strong></span> <span class='ocrx_word' id='word_1_571' title='bbox 799 4319 1137 4388; x_wconf 89' lang='lat' dir='ltr'><strong>turpiterque</strong></span> <span class='ocrx_word' id='word_1_572' title='bbox 1164 4319 1428 4374; x_wconf 88' lang='lat' dir='ltr'><strong>victuram</strong></span> <span class='ocrx_word' id='word_1_573' title='bbox 1471 4320 1615 4375; x_wconf 89' lang='lat' dir='ltr'><strong>Dens</strong></span> <span class='ocrx_word' id='word_1_574' title='bbox 1651 4319 1721 4374; x_wconf 87' lang='lat' dir='ltr'><strong>ad</strong></span> <span class='ocrx_word' id='word_1_575' title='bbox 1758 4320 1862 4376; x_wconf 89' lang='lat' dir='ltr'><strong>ltoc</strong></span> <span class='ocrx_word' id='word_1_576' title='bbox 1887 4331 1947 4374; x_wconf 92' lang='lat' dir='ltr'><strong>ut</strong></span> <span class='ocrx_word' id='word_1_577' title='bbox 1984 4321 2164 4375; x_wconf 88' lang='lat' dir='ltr'><strong>taliter</strong></span> 
     </span>
    </p>
   </div>
   <div class='ocr_carea' id='block_1_66' title="bbox 571 4408 2160 4482">
    <p class='ocr_par' dir='ltr' id='par_1_66' title="bbox 571 4408 2160 4482">
     <span class='ocr_line' id='line_1_66' title="bbox 571 4408 2160 4482; baseline 0.004 -22"><span class='ocrx_word' id='word_1_578' title='bbox 571 4408 788 4462; x_wconf 80' lang='lat' dir='ltr'><strong>viveret</strong></span> <span class='ocrx_word' id='word_1_579' title='bbox 829 4411 1179 4479; x_wconf 67' lang='lat' dir='ltr'><strong>praeparavit,</strong></span> <span class='ocrx_word' id='word_1_580' title='bbox 1209 4411 1304 4466; x_wconf 89' lang='lat' dir='ltr'><strong>sed</strong></span> <span class='ocrx_word' id='word_1_581' title='bbox 1345 4411 1504 4466; x_wconf 87' lang='lat' dir='ltr'><strong>talem</strong></span> <span class='ocrx_word' id='word_1_582' title='bbox 1542 4409 1776 4466; x_wconf 84' lang='lat' dir='ltr'><strong>futuram</strong></span> <span class='ocrx_word' id='word_1_583' title='bbox 1809 4427 1914 4466; x_wconf 89' lang='lat' dir='ltr'><strong>non</strong></span> <span class='ocrx_word' id='word_1_584' title='bbox 1943 4412 2160 4482; x_wconf 89' lang='lat' dir='ltr'><strong>ignora-</strong></span> 
     </span>
    </p>
   </div>
   <div class='ocr_carea' id='block_1_67' title="bbox 2263 3207 3852 3286">
    <p class='ocr_par' dir='ltr' id='par_1_67' title="bbox 2263 3207 3852 3286">
     <span class='ocr_line' id='line_1_67' title="bbox 2263 3207 3852 3286; baseline -0.006 -14"><span class='ocrx_word' id='word_1_585' title='bbox 2263 3234 2426 3282; x_wconf 80' lang='lat' dir='ltr'><strong>mors,</strong></span> <span class='ocrx_word' id='word_1_586' title='bbox 2455 3217 2629 3286; x_wconf 78' lang='lat' dir='ltr'><strong>gratia</strong></span> <span class='ocrx_word' id='word_1_587' title='bbox 2672 3225 2848 3268; x_wconf 76' lang='lat' dir='ltr'><strong>autem</strong></span> <span class='ocrx_word' id='word_1_588' title='bbox 2887 3213 2986 3268; x_wconf 84' lang='lat' dir='ltr'><strong>Dei</strong></span> <span class='ocrx_word' id='word_1_589' title='bbox 3023 3213 3129 3267; x_wconf 79' lang='lat' dir='ltr'><strong>vita</strong></span> <span class='ocrx_word' id='word_1_590' title='bbox 3161 3221 3356 3266; x_wconf 73' lang='lat' dir='ltr'><strong>(eterna</strong></span> <span class='ocrx_word' id='word_1_591' title='bbox 3391 3211 3447 3265; x_wconf 88' lang='lat' dir='ltr'><strong>in</strong></span> <span class='ocrx_word' id='word_1_592' title='bbox 3476 3207 3686 3264; x_wconf 81' lang='lat' dir='ltr'><strong>Christo</strong></span> <span class='ocrx_word' id='word_1_593' title='bbox 3723 3208 3852 3264; x_wconf 68' lang='lat' dir='ltr'><strong>Iesu</strong></span> 
     </span>
    </p>
   </div>
   <div class='ocr_carea' id='block_1_68' title="bbox 2263 3298 3855 3378">
    <p class='ocr_par' dir='ltr' id='par_1_68' title="bbox 2263 3298 3855 3378">
     <span class='ocr_line' id='line_1_68' title="bbox 2263 3298 3855 3378; baseline -0.008 -14"><span class='ocrx_word' id='word_1_594' title='bbox 2263 3310 2491 3364; x_wconf 86' lang='lat' dir='ltr'><strong>Domino</strong></span> <span class='ocrx_word' id='word_1_595' title='bbox 2522 3317 2700 3362; x_wconf 81' lang='lat' dir='ltr'><strong>nostro</strong></span> <span class='ocrx_word' id='word_1_596' title='bbox 2731 3305 2911 3378; x_wconf 81' lang='lat' dir='ltr'><strong>(Rom.</strong></span> <span class='ocrx_word' id='word_1_597' title='bbox 2942 3321 3018 3368; x_wconf 71' lang='grc' dir='ltr'><strong>γι,</strong></span> <span class='ocrx_word' id='word_1_598' title='bbox 3049 3303 3167 3374; x_wconf 75' lang='lat'><strong>9.5).</strong></span> <span class='ocrx_word' id='word_1_599' title='bbox 3187 3301 3306 3359; x_wconf 85' lang='lat' dir='ltr'><strong>Sed</strong></span> <span class='ocrx_word' id='word_1_600' title='bbox 3335 3302 3379 3357; x_wconf 91' lang='lat' dir='ltr'><strong>si</strong></span> <span class='ocrx_word' id='word_1_601' title='bbox 3409 3317 3539 3355; x_wconf 89' lang='lat' dir='ltr'><strong>vasa</strong></span> <span class='ocrx_word' id='word_1_602' title='bbox 3578 3308 3706 3354; x_wconf 90' lang='lat' dir='ltr'><strong>sunt</strong></span> <span class='ocrx_word' id='word_1_603' title='bbox 3737 3298 3855 3361; x_wconf 73' lang='lat' dir='ltr'><strong>irae,</strong></span> 
     </span>
    </p>
   </div>
   <div class='ocr_carea' id='block_1_69' title="bbox 2263 3391 3851 3472">
    <p class='ocr_par' dir='ltr' id='par_1_69' title="bbox 2263 3391 3851 3472">
     <span class='ocr_line' id='line_1_69' title="bbox 2263 3391 3851 3472; baseline -0.008 -16"><span class='ocrx_word' id='word_1_604' title='bbox 2263 3418 2384 3472; x_wconf 78' lang='lat' dir='ltr'><strong>qua:</strong></span> <span class='ocrx_word' id='word_1_605' title='bbox 2410 3401 2646 3471; x_wconf 77' lang='lat' dir='ltr'><strong>perfecta</strong></span> <span class='ocrx_word' id='word_1_606' title='bbox 2695 3408 2820 3456; x_wconf 91' lang='lat' dir='ltr'><strong>sunt</strong></span> <span class='ocrx_word' id='word_1_607' title='bbox 2863 3398 2931 3454; x_wconf 87' lang='lat' dir='ltr'><strong>ad</strong></span> <span class='ocrx_word' id='word_1_608' title='bbox 2967 3397 3327 3468; x_wconf 88' lang='lat' dir='ltr'><strong>perditionem</strong></span> <span class='ocrx_word' id='word_1_609' title='bbox 3368 3410 3489 3465; x_wconf 79' lang='lat' dir='ltr'><strong>quae</strong></span> <span class='ocrx_word' id='word_1_610' title='bbox 3529 3393 3637 3448; x_wconf 87' lang='lat' dir='ltr'><strong>illis</strong></span> <span class='ocrx_word' id='word_1_611' title='bbox 3671 3391 3851 3446; x_wconf 83' lang='lat' dir='ltr'><strong>debita</strong></span> 
     </span>
    </p>
   </div>
   <div class='ocr_carea' id='block_1_70' title="bbox 2263 3482 3851 3561">
    <p class='ocr_par' dir='ltr' id='par_1_70' title="bbox 2263 3482 3851 3561">
     <span class='ocr_line' id='line_1_70' title="bbox 2263 3482 3851 3561; baseline -0.008 -12"><span class='ocrx_word' id='word_1_612' title='bbox 2263 3495 2527 3556; x_wconf 88' lang='lat' dir='ltr'><strong>redditur,</strong></span> <span class='ocrx_word' id='word_1_613' title='bbox 2555 3491 2660 3547; x_wconf 88' lang='lat' dir='ltr'><strong>sibi</strong></span> <span class='ocrx_word' id='word_1_614' title='bbox 2692 3491 2794 3546; x_wconf 91' lang='lat' dir='ltr'><strong>hoc</strong></span> <span class='ocrx_word' id='word_1_615' title='bbox 2818 3490 3102 3561; x_wconf 91' lang='lat' dir='ltr'><strong>imputent,</strong></span> <span class='ocrx_word' id='word_1_616' title='bbox 3139 3490 3266 3558; x_wconf 88' lang='lat' dir='ltr'><strong>quia</strong></span> <span class='ocrx_word' id='word_1_617' title='bbox 3302 3503 3370 3542; x_wconf 82' lang='lat' dir='ltr'><strong>ex</strong></span> <span class='ocrx_word' id='word_1_618' title='bbox 3397 3503 3458 3541; x_wconf 89' lang='lat' dir='ltr'><strong>ea</strong></span> <span class='ocrx_word' id='word_1_619' title='bbox 3491 3499 3673 3540; x_wconf 90' lang='lat' dir='ltr'><strong>massa</strong></span> <span class='ocrx_word' id='word_1_620' title='bbox 3706 3482 3851 3538; x_wconf 78' lang='lat' dir='ltr'><strong>facta</strong></span> 
     </span>
    </p>
   </div>
   <div class='ocr_carea' id='block_1_71' title="bbox 2264 3579 3856 3654">
    <p class='ocr_par' dir='ltr' id='par_1_71' title="bbox 2264 3579 3856 3654">
     <span class='ocr_line' id='line_1_71' title="bbox 2264 3579 3856 3654; baseline -0.009 -13"><span class='ocrx_word' id='word_1_621' title='bbox 2264 3594 2407 3643; x_wconf 87' lang='lat' dir='ltr'><strong>sunt.</strong></span> <span class='ocrx_word' id='word_1_622' title='bbox 2441 3599 2602 3654; x_wconf 90' lang='lat' dir='ltr'><strong>quam</strong></span> <span class='ocrx_word' id='word_1_623' title='bbox 2650 3593 2874 3654; x_wconf 89' lang='lat' dir='ltr'><strong>pr0pter</strong></span> <span class='ocrx_word' id='word_1_624' title='bbox 2913 3581 3074 3637; x_wconf 91' lang='lat' dir='ltr'><strong>unius</strong></span> <span class='ocrx_word' id='word_1_625' title='bbox 3103 3587 3384 3649; x_wconf 88' lang='lat' dir='ltr'><strong>peccatum</strong></span> <span class='ocrx_word' id='word_1_626' title='bbox 3427 3579 3480 3632; x_wconf 92' lang='lat' dir='ltr'><strong>in</strong></span> <span class='ocrx_word' id='word_1_627' title='bbox 3522 3590 3630 3646; x_wconf 87' lang='lat' dir='ltr'><strong>quo</strong></span> <span class='ocrx_word' id='word_1_628' title='bbox 3661 3587 3856 3629; x_wconf 86' lang='lat' dir='ltr'><strong>omnes</strong></span> 
     </span>
    </p>
   </div>
   <div class='ocr_carea' id='block_1_72' title="bbox 2264 3662 3851 3747">
    <p class='ocr_par' dir='ltr' id='par_1_72' title="bbox 2264 3662 3851 3747">
     <span class='ocr_line' id='line_1_72' title="bbox 2264 3662 3851 3747; baseline -0.009 -17"><span class='ocrx_word' id='word_1_629' title='bbox 2264 3682 2649 3747; x_wconf 87' lang='lat' dir='ltr'><strong>peccaverunt,</strong></span> <span class='ocrx_word' id='word_1_630' title='bbox 2678 3673 2872 3727; x_wconf 90' lang='lat' dir='ltr'><strong>merito</strong></span> <span class='ocrx_word' id='word_1_631' title='bbox 2900 3670 3042 3726; x_wconf 86' lang='lat' dir='ltr'><strong>Deus</strong></span> <span class='ocrx_word' id='word_1_632' title='bbox 3059 3670 3313 3741; x_wconf 90' lang='lat' dir='ltr'><strong>justeque</strong></span> <span class='ocrx_word' id='word_1_633' title='bbox 3340 3666 3638 3721; x_wconf 87' lang='lat' dir='ltr'><strong>damnavit.</strong></span> <span class='ocrx_word' id='word_1_634' title='bbox 3671 3662 3731 3718; x_wconf 90' lang='lat' dir='ltr'><strong>Si</strong></span> <span class='ocrx_word' id='word_1_635' title='bbox 3753 3678 3851 3716; x_wconf 87' lang='lat' dir='ltr'><strong>au-</strong></span> 
     </span>
    </p>
   </div>
   <div class='ocr_carea' id='block_1_73' title="bbox 2265 3757 3852 3829">
    <p class='ocr_par' dir='ltr' id='par_1_73' title="bbox 2265 3757 3852 3829">
     <span class='ocr_line' id='line_1_73' title="bbox 2265 3757 3852 3829; baseline -0.008 -9"><span class='ocrx_word' id='word_1_636' title='bbox 2265 3774 2373 3820; x_wconf 88' lang='lat' dir='ltr'><strong>tem</strong></span> <span class='ocrx_word' id='word_1_637' title='bbox 2403 3779 2533 3819; x_wconf 89' lang='lat' dir='ltr'><strong>vasa</strong></span> <span class='ocrx_word' id='word_1_638' title='bbox 2557 3771 2684 3818; x_wconf 88' lang='lat' dir='ltr'><strong>sunt</strong></span> <span class='ocrx_word' id='word_1_639' title='bbox 2705 3760 3114 3826; x_wconf 70' lang='lat' dir='ltr'><strong>misericordiae,</strong></span> <span class='ocrx_word' id='word_1_640' title='bbox 3145 3761 3343 3829; x_wconf 90' lang='lat' dir='ltr'><strong>quibus</strong></span> <span class='ocrx_word' id='word_1_641' title='bbox 3363 3773 3428 3812; x_wconf 87' lang='lat' dir='ltr'><strong>ex</strong></span> <span class='ocrx_word' id='word_1_642' title='bbox 3455 3757 3646 3811; x_wconf 87' lang='lat' dir='ltr'><strong>eadem</strong></span> <span class='ocrx_word' id='word_1_643' title='bbox 3670 3768 3852 3808; x_wconf 83' lang='lat' dir='ltr'><strong>massa</strong></span> 
     </span>
    </p>
   </div>
   <div class='ocr_carea' id='block_1_74' title="bbox 2264 3845 3853 3924">
    <p class='ocr_par' dir='ltr' id='par_1_74' title="bbox 2264 3845 3853 3924">
     <span class='ocr_line' id='line_1_74' title="bbox 2264 3845 3853 3924; baseline -0.008 -15"><span class='ocrx_word' id='word_1_644' title='bbox 2264 3855 2426 3909; x_wconf 80' lang='lat' dir='ltr'><strong>factis</strong></span> <span class='ocrx_word' id='word_1_645' title='bbox 2470 3851 2792 3924; x_wconf 88' lang='lat' dir='ltr'><strong>supplicium</strong></span> <span class='ocrx_word' id='word_1_646' title='bbox 2841 3849 3083 3906; x_wconf 88' lang='lat' dir='ltr'><strong>debitum</strong></span> <span class='ocrx_word' id='word_1_647' title='bbox 3125 3849 3351 3904; x_wconf 88' lang='lat' dir='ltr'><strong>reddere</strong></span> <span class='ocrx_word' id='word_1_648' title='bbox 3400 3845 3592 3910; x_wconf 91' lang='lat' dir='ltr'><strong>noluit,</strong></span> <span class='ocrx_word' id='word_1_649' title='bbox 3643 3859 3752 3898; x_wconf 88' lang='lat' dir='ltr'><strong>non</strong></span> <span class='ocrx_word' id='word_1_650' title='bbox 3795 3856 3853 3897; x_wconf 87' lang='lat' dir='ltr'><strong>se</strong></span> 
     </span>
    </p>
   </div>
   <div class='ocr_carea' id='block_1_75' title="bbox 2266 3935 3853 4013">
    <p class='ocr_par' dir='ltr' id='par_1_75' title="bbox 2266 3935 3853 4013">
     <span class='ocr_line' id='line_1_75' title="bbox 2266 3935 3853 4013; baseline -0.008 -13"><span class='ocrx_word' id='word_1_651' title='bbox 2266 3945 2471 4009; x_wconf 82' lang='lat' dir='ltr'><strong>inﬂent,</strong></span> <span class='ocrx_word' id='word_1_652' title='bbox 2503 3944 2597 3998; x_wconf 90' lang='lat' dir='ltr'><strong>sed</strong></span> <span class='ocrx_word' id='word_1_653' title='bbox 2639 3943 2812 4012; x_wconf 90' lang='lat' dir='ltr'><strong>ipsum</strong></span> <span class='ocrx_word' id='word_1_654' title='bbox 2841 3940 3144 4013; x_wconf 81' lang='lat' dir='ltr'><strong>glorificent</strong></span> <span class='ocrx_word' id='word_1_655' title='bbox 3170 3942 3259 4011; x_wconf 90' lang='lat' dir='ltr'><strong>qui</strong></span> <span class='ocrx_word' id='word_1_656' title='bbox 3305 3940 3385 3994; x_wconf 91' lang='lat' dir='ltr'><strong>eis</strong></span> <span class='ocrx_word' id='word_1_657' title='bbox 3421 3935 3853 3992; x_wconf 85' lang='lat' dir='ltr'><strong>misericordiam</strong></span> 
     </span>
    </p>
   </div>
   <div class='ocr_carea' id='block_1_76' title="bbox 2264 4026 3854 4104">
    <p class='ocr_par' dir='ltr' id='par_1_76' title="bbox 2264 4026 3854 4104">
     <span class='ocr_line' id='line_1_76' title="bbox 2264 4026 3854 4104; baseline -0.009 -10"><span class='ocrx_word' id='word_1_658' title='bbox 2264 4053 2372 4094; x_wconf 87' lang='lat' dir='ltr'><strong>non</strong></span> <span class='ocrx_word' id='word_1_659' title='bbox 2402 4036 2639 4091; x_wconf 89' lang='lat' dir='ltr'><strong>debitam</strong></span> <span class='ocrx_word' id='word_1_660' title='bbox 2676 4034 2948 4104; x_wconf 66' lang='lat' dir='ltr'><strong>praestitit.</strong></span> <span class='ocrx_word' id='word_1_661' title='bbox 2973 4031 3090 4087; x_wconf 80' lang='lat' dir='ltr'><strong>Non</strong></span> <span class='ocrx_word' id='word_1_662' title='bbox 3128 4033 3314 4101; x_wconf 90' lang='lat' dir='ltr'><strong>itaque</strong></span> <span class='ocrx_word' id='word_1_663' title='bbox 3355 4029 3608 4100; x_wconf 63' lang='lat' dir='ltr'><strong>gratuitae</strong></span> <span class='ocrx_word' id='word_1_664' title='bbox 3649 4026 3854 4081; x_wconf 80' lang='lat' dir='ltr'><strong>miseri-</strong></span> 
     </span>
    </p>
   </div>
   <div class='ocr_carea' id='block_1_77' title="bbox 2267 4115 3854 4194">
    <p class='ocr_par' dir='ltr' id='par_1_77' title="bbox 2267 4115 3854 4194">
     <span class='ocr_line' id='line_1_77' title="bbox 2267 4115 3854 4194; baseline -0.008 -13"><span class='ocrx_word' id='word_1_665' title='bbox 2267 4126 2467 4182; x_wconf 84' lang='lat' dir='ltr'><strong>cordiae</strong></span> <span class='ocrx_word' id='word_1_666' title='bbox 2494 4124 2590 4180; x_wconf 89' lang='lat' dir='ltr'><strong>Dei</strong></span> <span class='ocrx_word' id='word_1_667' title='bbox 2631 4123 3063 4194; x_wconf 88' lang='lat' dir='ltr'><strong>pertinacissima</strong></span> <span class='ocrx_word' id='word_1_668' title='bbox 3095 4122 3453 4178; x_wconf 89' lang='lat' dir='ltr'><strong>adversentur</strong></span> <span class='ocrx_word' id='word_1_669' title='bbox 3495 4117 3732 4174; x_wconf 87' lang='lat' dir='ltr'><strong>insania.</strong></span> <span class='ocrx_word' id='word_1_670' title='bbox 3775 4115 3854 4170; x_wconf 80' lang='lat' dir='ltr'><strong>Si-</strong></span> 
     </span>
    </p>
   </div>
   <div class='ocr_carea' id='block_1_78' title="bbox 2267 4213 3854 4283">
    <p class='ocr_par' dir='ltr' id='par_1_78' title="bbox 2267 4213 3854 4283">
     <span class='ocr_line' id='line_1_78' title="bbox 2267 4213 3854 4283; baseline -0.008 -12"><span class='ocrx_word' id='word_1_671' title='bbox 2267 4225 2402 4270; x_wconf 90' lang='lat' dir='ltr'><strong>nant</strong></span> <span class='ocrx_word' id='word_1_672' title='bbox 2436 4215 2603 4269; x_wconf 85' lang='lat' dir='ltr'><strong>lilium</strong></span> <span class='ocrx_word' id='word_1_673' title='bbox 2646 4215 2882 4269; x_wconf 90' lang='lat' dir='ltr'><strong>hominis</strong></span> <span class='ocrx_word' id='word_1_674' title='bbox 2923 4215 2976 4268; x_wconf 92' lang='lat' dir='ltr'><strong>in</strong></span> <span class='ocrx_word' id='word_1_675' title='bbox 3028 4213 3270 4283; x_wconf 89' lang='lat' dir='ltr'><strong>qualibet</strong></span> <span class='ocrx_word' id='word_1_676' title='bbox 3301 4219 3462 4267; x_wconf 65' lang='lat' dir='ltr'><strong>aetate</strong></span> <span class='ocrx_word' id='word_1_677' title='bbox 3507 4221 3759 4279; x_wconf 71' lang='lat' dir='ltr'><strong>quaerere</strong></span> <span class='ocrx_word' id='word_1_678' title='bbox 3801 4213 3854 4260; x_wconf 90' lang='lat' dir='ltr'><strong>et</strong></span> 
     </span>
    </p>
   </div>
   <div class='ocr_carea' id='block_1_79' title="bbox 2267 4297 3855 4375">
    <p class='ocr_par' dir='ltr' id='par_1_79' title="bbox 2267 4297 3855 4375">
     <span class='ocr_line' id='line_1_79' title="bbox 2267 4297 3855 4375; baseline -0.007 -13"><span class='ocrx_word' id='word_1_679' title='bbox 2267 4307 2478 4362; x_wconf 87' lang='lat' dir='ltr'><strong>salvum</strong></span> <span class='ocrx_word' id='word_1_680' title='bbox 2511 4305 2689 4360; x_wconf 80' lang='lat' dir='ltr'><strong>facere</strong></span> <span class='ocrx_word' id='word_1_681' title='bbox 2717 4306 2858 4374; x_wconf 90' lang='lat' dir='ltr'><strong>quod</strong></span> <span class='ocrx_word' id='word_1_682' title='bbox 2884 4305 3141 4375; x_wconf 88' lang='lat' dir='ltr'><strong>perierat.</strong></span> <span class='ocrx_word' id='word_1_683' title='bbox 3173 4302 3285 4358; x_wconf 81' lang='lat' dir='ltr'><strong>Nec</strong></span> <span class='ocrx_word' id='word_1_684' title='bbox 3319 4302 3386 4358; x_wconf 91' lang='lat' dir='ltr'><strong>de</strong></span> <span class='ocrx_word' id='word_1_685' title='bbox 3414 4297 3855 4356; x_wconf 75' lang='lat' dir='ltr'><strong>inscrutahilihus</strong></span> 
     </span>
    </p>
   </div>
   <div class='ocr_carea' id='block_1_80' title="bbox 2263 4391 3856 4468">
    <p class='ocr_par' dir='ltr' id='par_1_80' title="bbox 2263 4391 3856 4468">
     <span class='ocr_line' id='line_1_80' title="bbox 2263 4391 3856 4468; baseline -0.006 -14"><span class='ocrx_word' id='word_1_686' title='bbox 2263 4398 2485 4468; x_wconf 76' lang='lat' dir='ltr'><strong>iudiciis</strong></span> <span class='ocrx_word' id='word_1_687' title='bbox 2510 4397 2625 4467; x_wconf 91' lang='lat' dir='ltr'><strong>ejus</strong></span> <span class='ocrx_word' id='word_1_688' title='bbox 2651 4397 2886 4452; x_wconf 90' lang='lat' dir='ltr'><strong>audeant</strong></span> <span class='ocrx_word' id='word_1_689' title='bbox 2906 4395 3178 4466; x_wconf 88' lang='lat' dir='ltr'><strong>judicare,</strong></span> <span class='ocrx_word' id='word_1_690' title='bbox 3206 4410 3306 4450; x_wconf 90' lang='lat' dir='ltr'><strong>cur</strong></span> <span class='ocrx_word' id='word_1_691' title='bbox 3334 4395 3387 4449; x_wconf 93' lang='lat' dir='ltr'><strong>in</strong></span> <span class='ocrx_word' id='word_1_692' title='bbox 3418 4407 3525 4446; x_wconf 86' lang='lat' dir='ltr'><strong>una</strong></span> <span class='ocrx_word' id='word_1_693' title='bbox 3555 4391 3856 4459; x_wconf 82' lang='lat' dir='ltr'><strong>eademque</strong></span> 
     </span>
    </p>
   </div>
   <div class='ocr_carea' id='block_1_81' title="bbox 573 4482 3856 4576">
    <p class='ocr_par' dir='ltr' id='par_1_81' title="bbox 573 4482 3856 4576">
     <span class='ocr_line' id='line_1_81' title="bbox 573 4482 3856 4576; baseline -0 -24"><span class='ocrx_word' id='word_1_694' title='bbox 573 4497 677 4563; x_wconf 82' lang='lat' dir='ltr'><strong>vit,</strong></span> <span class='ocrx_word' id='word_1_695' title='bbox 711 4507 765 4554; x_wconf 86' lang='lat' dir='ltr'><strong>et</strong></span> <span class='ocrx_word' id='word_1_696' title='bbox 789 4499 858 4553; x_wconf 88' lang='lat' dir='ltr'><strong>de</strong></span> <span class='ocrx_word' id='word_1_697' title='bbox 903 4501 994 4554; x_wconf 92' lang='lat' dir='ltr'><strong>tali</strong></span> <span class='ocrx_word' id='word_1_698' title='bbox 1034 4501 1180 4570; x_wconf 89' lang='lat' dir='ltr'><strong>juste</strong></span> <span class='ocrx_word' id='word_1_699' title='bbox 1211 4516 1269 4555; x_wconf 90' lang='lat' dir='ltr'><strong>se</strong></span> <span class='ocrx_word' id='word_1_700' title='bbox 1294 4501 1662 4571; x_wconf 72' lang='lat' dir='ltr'><strong>iudicaturum</strong></span> <span class='ocrx_word' id='word_1_701' title='bbox 1706 4518 1827 4557; x_wconf 89' lang='lat' dir='ltr'><strong>esse</strong></span> <span class='ocrx_word' id='word_1_702' title='bbox 1866 4503 2163 4572; x_wconf 66' lang='lat' dir='ltr'><strong>praescivit.</strong></span> <span class='ocrx_word' id='word_1_703' title='bbox 2191 4515 2246 4576; x_wconf 82' lang='lat' dir='ltr'><strong>D</strong></span> <span class='ocrx_word' id='word_1_704' title='bbox 2271 4503 2436 4544; x_wconf 68' lang='lat' dir='ltr'><strong>causa</strong></span> <span class='ocrx_word' id='word_1_705' title='bbox 2483 4502 2646 4556; x_wconf 63' lang='lat' dir='ltr'><strong>super</strong></span> <span class='ocrx_word' id='word_1_706' title='bbox 2682 4487 2847 4541; x_wconf 69' lang='lat' dir='ltr'><strong>alium</strong></span> <span class='ocrx_word' id='word_1_707' title='bbox 2879 4485 3059 4541; x_wconf 69' lang='grc' dir='ltr'><strong>νθηίδι</strong></span> <span class='ocrx_word' id='word_1_708' title='bbox 3098 4482 3650 4576; x_wconf 12' lang='grc' dir='ltr'><strong>ηιίεθτίοοτάίθᾲθὶυεν</strong></span> <span class='ocrx_word' id='word_1_709' title='bbox 3695 4493 3856 4576; x_wconf 54' lang='lat' dir='ltr'><strong>sui)“:</strong></span> 
     </span>
    </p>
   </div>
   <div class='ocr_carea' id='block_1_82' title="bbox 576 4589 2168 4660">
    <p class='ocr_par' dir='ltr' id='par_1_82' title="bbox 576 4589 2168 4660">
     <span class='ocr_line' id='line_1_82' title="bbox 576 4589 2168 4660; baseline 0.004 -18"><span class='ocrx_word' id='word_1_710' title='bbox 576 4589 757 4659; x_wconf 85' lang='lat' dir='ltr'><strong>Atque</strong></span> <span class='ocrx_word' id='word_1_711' title='bbox 804 4590 879 4644; x_wconf 88' lang='lat' dir='ltr'><strong>ita</strong></span> <span class='ocrx_word' id='word_1_712' title='bbox 919 4590 984 4644; x_wconf 90' lang='lat' dir='ltr'><strong>ad</strong></span> <span class='ocrx_word' id='word_1_713' title='bbox 1018 4592 1544 4660; x_wconf 70' lang='lat' dir='ltr'><strong>praedestinationem</strong></span> <span class='ocrx_word' id='word_1_714' title='bbox 1587 4589 1707 4660; x_wconf 84' lang='lat' dir='ltr'><strong>ejus</strong></span> <span class='ocrx_word' id='word_1_715' title='bbox 1734 4592 1868 4647; x_wconf 89' lang='lat' dir='ltr'><strong>nihil</strong></span> <span class='ocrx_word' id='word_1_716' title='bbox 1905 4593 2047 4648; x_wconf 90' lang='lat' dir='ltr'><strong>aliud</strong></span> <span class='ocrx_word' id='word_1_717' title='bbox 2081 4609 2168 4648; x_wconf 79' lang='lat' dir='ltr'><strong>re—</strong></span> 
     </span>
    </p>
   </div>
   <div class='ocr_carea' id='block_1_83' title="bbox 577 4678 2166 4750">
    <p class='ocr_par' dir='ltr' id='par_1_83' title="bbox 577 4678 2166 4750">
     <span class='ocr_line' id='line_1_83' title="bbox 577 4678 2166 4750; baseline 0.002 -17"><span class='ocrx_word' id='word_1_718' title='bbox 577 4678 709 4733; x_wconf 85' lang='lat' dir='ltr'><strong>ferri</strong></span> <span class='ocrx_word' id='word_1_719' title='bbox 735 4685 934 4747; x_wconf 89' lang='lat' dir='ltr'><strong>potest,</strong></span> <span class='ocrx_word' id='word_1_720' title='bbox 966 4679 1072 4734; x_wconf 91' lang='lat' dir='ltr'><strong>nisi</strong></span> <span class='ocrx_word' id='word_1_721' title='bbox 1097 4680 1240 4750; x_wconf 85' lang='lat' dir='ltr'><strong>quod</strong></span> <span class='ocrx_word' id='word_1_722' title='bbox 1269 4689 1360 4734; x_wconf 87' lang='lat' dir='ltr'><strong>aut</strong></span> <span class='ocrx_word' id='word_1_723' title='bbox 1390 4682 1457 4736; x_wconf 90' lang='lat' dir='ltr'><strong>ad</strong></span> <span class='ocrx_word' id='word_1_724' title='bbox 1493 4680 1727 4737; x_wconf 89' lang='lat' dir='ltr'><strong>debitam</strong></span> <span class='ocrx_word' id='word_1_725' title='bbox 1751 4681 1975 4750; x_wconf 64' lang='lat' dir='ltr'><strong>justitite</strong></span> <span class='ocrx_word' id='word_1_726' title='bbox 2003 4682 2166 4736; x_wconf 88' lang='lat' dir='ltr'><strong>retri-</strong></span> 
     </span>
    </p>
   </div>
   <div class='ocr_carea' id='block_1_84' title="bbox 578 4769 2167 4845">
    <p class='ocr_par' dir='ltr' id='par_1_84' title="bbox 578 4769 2167 4845">
     <span class='ocr_line' id='line_1_84' title="bbox 578 4769 2167 4845; baseline 0.003 -22"><span class='ocrx_word' id='word_1_727' title='bbox 578 4769 879 4834; x_wconf 85' lang='lat' dir='ltr'><strong>butionem,</strong></span> <span class='ocrx_word' id='word_1_728' title='bbox 917 4780 1010 4826; x_wconf 91' lang='lat' dir='ltr'><strong>aut</strong></span> <span class='ocrx_word' id='word_1_729' title='bbox 1036 4772 1104 4827; x_wconf 91' lang='lat' dir='ltr'><strong>ad</strong></span> <span class='ocrx_word' id='word_1_730' title='bbox 1138 4771 1430 4827; x_wconf 89' lang='lat' dir='ltr'><strong>indebitam</strong></span> <span class='ocrx_word' id='word_1_731' title='bbox 1461 4773 1699 4843; x_wconf 90' lang='lat' dir='ltr'><strong>pertinet</strong></span> <span class='ocrx_word' id='word_1_732' title='bbox 1729 4774 1917 4844; x_wconf 78' lang='lat' dir='ltr'><strong>gratiae</strong></span> <span class='ocrx_word' id='word_1_733' title='bbox 1946 4773 2167 4845; x_wconf 87' lang='lat' dir='ltr'><strong>largita-</strong></span> 
     </span>
    </p>
   </div>
   <div class='ocr_carea' id='block_1_85' title="bbox 571 4862 2166 4936">
    <p class='ocr_par' dir='ltr' id='par_1_85' title="bbox 571 4862 2166 4936">
     <span class='ocr_line' id='line_1_85' title="bbox 571 4862 2166 4936; baseline 0.003 -22"><span class='ocrx_word' id='word_1_734' title='bbox 571 4868 769 4917; x_wconf 86' lang='lat' dir='ltr'><strong>&#39;tatem.</strong></span> <span class='ocrx_word' id='word_1_735' title='bbox 829 4862 1058 4918; x_wconf 77' lang='lat' dir='ltr'><strong>Videant</strong></span> <span class='ocrx_word' id='word_1_736' title='bbox 1126 4871 1181 4918; x_wconf 90' lang='lat' dir='ltr'><strong>et</strong></span> <span class='ocrx_word' id='word_1_737' title='bbox 1245 4879 1352 4918; x_wconf 88' lang='lat' dir='ltr'><strong>non</strong></span> <span class='ocrx_word' id='word_1_738' title='bbox 1410 4865 1684 4920; x_wconf 87' lang='lat' dir='ltr'><strong>invideant</strong></span> <span class='ocrx_word' id='word_1_739' title='bbox 1747 4866 2166 4936; x_wconf 86' lang='lat' dir='ltr'><strong>reprehensores</strong></span> 
     </span>
    </p>
   </div>
   <div class='ocr_carea' id='block_1_86' title="bbox 580 4956 2163 5028">
    <p class='ocr_par' dir='ltr' id='par_1_86' title="bbox 580 4956 2163 5028">
     <span class='ocr_line' id='line_1_86' title="bbox 580 4956 2163 5028; baseline 0.001 -18"><span class='ocrx_word' id='word_1_740' title='bbox 580 4956 776 5020; x_wconf 84' lang='lat' dir='ltr'><strong>nostri,</strong></span> <span class='ocrx_word' id='word_1_741' title='bbox 808 4963 864 5012; x_wconf 89' lang='lat' dir='ltr'><strong>et</strong></span> <span class='ocrx_word' id='word_1_742' title='bbox 912 4958 1260 5012; x_wconf 87' lang='lat' dir='ltr'><strong>damnatores</strong></span> <span class='ocrx_word' id='word_1_743' title='bbox 1306 4958 1527 5028; x_wconf 88' lang='lat' dir='ltr'><strong>capituli</strong></span> <span class='ocrx_word' id='word_1_744' title='bbox 1575 4974 1642 5013; x_wconf 82' lang='lat' dir='ltr'><strong>ex</strong></span> <span class='ocrx_word' id='word_1_745' title='bbox 1687 4958 1772 5013; x_wconf 89' lang='lat' dir='ltr'><strong>his</strong></span> <span class='ocrx_word' id='word_1_746' title='bbox 1813 4959 2096 5014; x_wconf 88' lang='lat' dir='ltr'><strong>sententiis</strong></span> <span class='ocrx_word' id='word_1_747' title='bbox 2133 4973 2163 5012; x_wconf 87' lang='lat' dir='ltr'><strong>a</strong></span> 
     </span>
    </p>
   </div>
   <div class='ocr_carea' id='block_1_87' title="bbox 581 5046 2169 5117">
    <p class='ocr_par' dir='ltr' id='par_1_87' title="bbox 581 5046 2169 5117">
     <span class='ocr_line' id='line_1_87' title="bbox 581 5046 2169 5117; baseline 0.002 -16"><span class='ocrx_word' id='word_1_748' title='bbox 581 5046 738 5101; x_wconf 85' lang='lat' dir='ltr'><strong>nobis</strong></span> <span class='ocrx_word' id='word_1_749' title='bbox 779 5047 1038 5117; x_wconf 74' lang='lat' dir='ltr'><strong>excerpti,</strong></span> <span class='ocrx_word' id='word_1_750' title='bbox 1069 5062 1227 5115; x_wconf 89' lang='lat' dir='ltr'><strong>quam</strong></span> <span class='ocrx_word' id='word_1_751' title='bbox 1260 5048 1606 5103; x_wconf 86' lang='lat' dir='ltr'><strong>concorditer</strong></span> <span class='ocrx_word' id='word_1_752' title='bbox 1625 5057 1888 5104; x_wconf 86' lang='lat' dir='ltr'><strong>consonet</strong></span> <span class='ocrx_word' id='word_1_753' title='bbox 1916 5064 2108 5104; x_wconf 84' lang='lat' dir='ltr'><strong>sensus</strong></span> <span class='ocrx_word' id='word_1_754' title='bbox 2133 5064 2169 5104; x_wconf 72' lang='lat' dir='ltr'><strong>a.</strong></span> 
     </span>
    </p>
   </div>
   <div class='ocr_carea' id='block_1_88' title="bbox 584 5140 2169 5212">
    <p class='ocr_par' dir='ltr' id='par_1_88' title="bbox 584 5140 2169 5212">
     <span class='ocr_line' id='line_1_88' title="bbox 584 5140 2169 5212; baseline 0.001 -20"><span class='ocrx_word' id='word_1_755' title='bbox 584 5140 742 5194; x_wconf 90' lang='lat' dir='ltr'><strong>nobis</strong></span> <span class='ocrx_word' id='word_1_756' title='bbox 763 5140 814 5194; x_wconf 92' lang='lat' dir='ltr'><strong>in</strong></span> <span class='ocrx_word' id='word_1_757' title='bbox 843 5141 946 5194; x_wconf 89' lang='lat' dir='ltr'><strong>hoc</strong></span> <span class='ocrx_word' id='word_1_758' title='bbox 973 5141 1163 5196; x_wconf 89' lang='lat' dir='ltr'><strong>eodem</strong></span> <span class='ocrx_word' id='word_1_759' title='bbox 1187 5141 1423 5209; x_wconf 89' lang='lat' dir='ltr'><strong>capitulo</strong></span> <span class='ocrx_word' id='word_1_760' title='bbox 1452 5157 1516 5195; x_wconf 83' lang='lat' dir='ltr'><strong>ex</strong></span> <span class='ocrx_word' id='word_1_761' title='bbox 1541 5141 1722 5196; x_wconf 87' lang='lat' dir='ltr'><strong>verbis</strong></span> <span class='ocrx_word' id='word_1_762' title='bbox 1748 5142 1889 5196; x_wconf 91' lang='lat' dir='ltr'><strong>beati</strong></span> <span class='ocrx_word' id='word_1_763' title='bbox 1919 5141 2029 5212; x_wconf 77' lang='lat'><strong>92</strong></span> <span class='ocrx_word' id='word_1_764' title='bbox 2059 5141 2169 5194; x_wconf 85' lang='lat' dir='ltr'><strong>Au-</strong></span> 
     </span>
    </p>
   </div>
   <div class='ocr_carea' id='block_1_89' title="bbox 2271 4571 3855 4646">
    <p class='ocr_par' dir='ltr' id='par_1_89' title="bbox 2271 4571 3855 4646">
     <span class='ocr_line' id='line_1_89' title="bbox 2271 4571 3855 4646; baseline -0.006 -11"><span class='ocrx_word' id='word_1_765' title='bbox 2271 4581 2434 4636; x_wconf 91' lang='lat' dir='ltr'><strong>alium</strong></span> <span class='ocrx_word' id='word_1_766' title='bbox 2484 4591 2666 4636; x_wconf 90' lang='lat' dir='ltr'><strong>autem</strong></span> <span class='ocrx_word' id='word_1_767' title='bbox 2697 4589 2916 4634; x_wconf 88' lang='lat' dir='ltr'><strong>maneat</strong></span> <span class='ocrx_word' id='word_1_768' title='bbox 2961 4579 3044 4633; x_wconf 91' lang='lat' dir='ltr'><strong>ira</strong></span> <span class='ocrx_word' id='word_1_769' title='bbox 3079 4576 3215 4646; x_wconf 90' lang='lat' dir='ltr'><strong>ejus.</strong></span> <span class='ocrx_word' id='word_1_770' title='bbox 3260 4576 3362 4645; x_wconf 91' lang='lat' dir='ltr'><strong>Qui</strong></span> <span class='ocrx_word' id='word_1_771' title='bbox 3409 4574 3555 4631; x_wconf 90' lang='lat' dir='ltr'><strong>enim</strong></span> <span class='ocrx_word' id='word_1_772' title='bbox 3601 4581 3732 4629; x_wconf 90' lang='lat' dir='ltr'><strong>sunt</strong></span> <span class='ocrx_word' id='word_1_773' title='bbox 3768 4571 3855 4627; x_wconf 88' lang='lat' dir='ltr'><strong>isti</strong></span> 
     </span>
    </p>
   </div>
   <div class='ocr_carea' id='block_1_90' title="bbox 2271 4664 3856 4744">
    <p class='ocr_par' dir='ltr' id='par_1_90' title="bbox 2271 4664 3856 4744">
     <span class='ocr_line' id='line_1_90' title="bbox 2271 4664 3856 4744; baseline -0.006 -16"><span class='ocrx_word' id='word_1_774' title='bbox 2271 4675 2362 4744; x_wconf 88' lang='lat' dir='ltr'><strong>qui</strong></span> <span class='ocrx_word' id='word_1_775' title='bbox 2410 4673 2775 4743; x_wconf 90' lang='lat' dir='ltr'><strong>respondeant</strong></span> <span class='ocrx_word' id='word_1_776' title='bbox 2817 4673 2950 4736; x_wconf 88' lang='lat' dir='ltr'><strong>Deo,</strong></span> <span class='ocrx_word' id='word_1_777' title='bbox 2980 4669 3422 4741; x_wconf 89' lang='lat' dir='ltr'><strong>quandoquidem</strong></span> <span class='ocrx_word' id='word_1_778' title='bbox 3470 4665 3562 4722; x_wconf 90' lang='lat' dir='ltr'><strong>ille</strong></span> <span class='ocrx_word' id='word_1_779' title='bbox 3591 4664 3856 4720; x_wconf 71' lang='lat' dir='ltr'><strong>Rebecca:</strong></span> 
     </span>
    </p>
   </div>
   <div class='ocr_carea' id='block_1_91' title="bbox 2269 4756 3858 4834">
    <p class='ocr_par' dir='ltr' id='par_1_91' title="bbox 2269 4756 3858 4834">
     <span class='ocr_line' id='line_1_91' title="bbox 2269 4756 3858 4834; baseline -0.006 -14"><span class='ocrx_word' id='word_1_780' title='bbox 2269 4765 2490 4820; x_wconf 89' lang='lat' dir='ltr'><strong>habenti</strong></span> <span class='ocrx_word' id='word_1_781' title='bbox 2525 4763 2770 4834; x_wconf 88' lang='lat' dir='ltr'><strong>geminos</strong></span> <span class='ocrx_word' id='word_1_782' title='bbox 2804 4777 2876 4818; x_wconf 79' lang='lat' dir='ltr'><strong>ex</strong></span> <span class='ocrx_word' id='word_1_783' title='bbox 2915 4776 3026 4816; x_wconf 90' lang='lat' dir='ltr'><strong>uno</strong></span> <span class='ocrx_word' id='word_1_784' title='bbox 3051 4759 3339 4816; x_wconf 90' lang='lat' dir='ltr'><strong>concubitu</strong></span> <span class='ocrx_word' id='word_1_785' title='bbox 3381 4757 3536 4812; x_wconf 80' lang='lat' dir='ltr'><strong>Isaac</strong></span> <span class='ocrx_word' id='word_1_786' title='bbox 3563 4756 3738 4828; x_wconf 88' lang='lat' dir='ltr'><strong>patris</strong></span> <span class='ocrx_word' id='word_1_787' title='bbox 3763 4769 3858 4810; x_wconf 89' lang='lat' dir='ltr'><strong>no-</strong></span> 
     </span>
    </p>
   </div>
   <div class='ocr_carea' id='block_1_92' title="bbox 2271 4844 3856 4922">
    <p class='ocr_par' dir='ltr' id='par_1_92' title="bbox 2271 4844 3856 4922">
     <span class='ocr_line' id='line_1_92' title="bbox 2271 4844 3856 4922; baseline -0.009 -10"><span class='ocrx_word' id='word_1_788' title='bbox 2271 4857 2392 4922; x_wconf 89' lang='lat' dir='ltr'><strong>stri,</strong></span> <span class='ocrx_word' id='word_1_789' title='bbox 2423 4870 2544 4910; x_wconf 90' lang='lat' dir='ltr'><strong>cum</strong></span> <span class='ocrx_word' id='word_1_790' title='bbox 2587 4854 2661 4908; x_wconf 93' lang='lat' dir='ltr'><strong>illi</strong></span> <span class='ocrx_word' id='word_1_791' title='bbox 2709 4853 2950 4908; x_wconf 90' lang='lat' dir='ltr'><strong>nondum</strong></span> <span class='ocrx_word' id='word_1_792' title='bbox 2994 4853 3104 4906; x_wconf 89' lang='lat' dir='ltr'><strong>nati</strong></span> <span class='ocrx_word' id='word_1_793' title='bbox 3139 4850 3275 4906; x_wconf 90' lang='lat' dir='ltr'><strong>nihil</strong></span> <span class='ocrx_word' id='word_1_794' title='bbox 3313 4849 3553 4921; x_wconf 88' lang='lat' dir='ltr'><strong>egissent</strong></span> <span class='ocrx_word' id='word_1_795' title='bbox 3599 4847 3728 4902; x_wconf 89' lang='lat' dir='ltr'><strong>boni</strong></span> <span class='ocrx_word' id='word_1_796' title='bbox 3775 4844 3856 4899; x_wconf 90' lang='lat' dir='ltr'><strong>vel</strong></span> 
     </span>
    </p>
   </div>
   <div class='ocr_carea' id='block_1_93' title="bbox 2274 4935 3855 5012">
    <p class='ocr_par' dir='ltr' id='par_1_93' title="bbox 2274 4935 3855 5012">
     <span class='ocr_line' id='line_1_93' title="bbox 2274 4935 3855 5012; baseline -0.008 -9"><span class='ocrx_word' id='word_1_797' title='bbox 2274 4947 2423 5010; x_wconf 88' lang='lat' dir='ltr'><strong>mali,</strong></span> <span class='ocrx_word' id='word_1_798' title='bbox 2458 4955 2518 4999; x_wconf 91' lang='lat' dir='ltr'><strong>nt</strong></span> <span class='ocrx_word' id='word_1_799' title='bbox 2539 4943 2837 5000; x_wconf 89' lang='lat' dir='ltr'><strong>secundum</strong></span> <span class='ocrx_word' id='word_1_800' title='bbox 2864 4943 3184 4999; x_wconf 90' lang='lat' dir='ltr'><strong>electionem</strong></span> <span class='ocrx_word' id='word_1_801' title='bbox 3212 4939 3552 5012; x_wconf 90' lang='lat' dir='ltr'><strong>propositum</strong></span> <span class='ocrx_word' id='word_1_802' title='bbox 3586 4935 3702 5006; x_wconf 80' lang='lat' dir='ltr'><strong>ejus</strong></span> <span class='ocrx_word' id='word_1_803' title='bbox 3743 4951 3855 4990; x_wconf 76' lang='lat' dir='ltr'><strong>ma-</strong></span> 
     </span>
    </p>
   </div>
   <div class='ocr_carea' id='block_1_94' title="bbox 2275 5027 3854 5105">
    <p class='ocr_par' dir='ltr' id='par_1_94' title="bbox 2275 5027 3854 5105">
     <span class='ocr_line' id='line_1_94' title="bbox 2275 5027 3854 5105; baseline -0.008 -11"><span class='ocrx_word' id='word_1_804' title='bbox 2275 5046 2450 5103; x_wconf 88' lang='lat' dir='ltr'><strong>neret,</strong></span> <span class='ocrx_word' id='word_1_805' title='bbox 2478 5036 2796 5091; x_wconf 84' lang='lat' dir='ltr'><strong>electionem</strong></span> <span class='ocrx_word' id='word_1_806' title='bbox 2823 5034 3032 5090; x_wconf 88' lang='lat' dir='ltr'><strong>scilicet</strong></span> <span class='ocrx_word' id='word_1_807' title='bbox 3059 5033 3248 5105; x_wconf 72' lang='lat' dir='ltr'><strong>gratiae</strong></span> <span class='ocrx_word' id='word_1_808' title='bbox 3277 5047 3383 5086; x_wconf 89' lang='lat' dir='ltr'><strong>non</strong></span> <span class='ocrx_word' id='word_1_809' title='bbox 3415 5030 3606 5094; x_wconf 86' lang='lat' dir='ltr'><strong>debiti,</strong></span> <span class='ocrx_word' id='word_1_810' title='bbox 3635 5027 3854 5084; x_wconf 90' lang='lat' dir='ltr'><strong>electio-</strong></span> 
     </span>
    </p>
   </div>
   <div class='ocr_carea' id='block_1_95' title="bbox 2276 5120 3851 5200">
    <p class='ocr_par' dir='ltr' id='par_1_95' title="bbox 2276 5120 3851 5200">
     <span class='ocr_line' id='line_1_95' title="bbox 2276 5120 3851 5200; baseline -0.008 -14"><span class='ocrx_word' id='word_1_811' title='bbox 2276 5146 2401 5186; x_wconf 85' lang='lat' dir='ltr'><strong>nem</strong></span> <span class='ocrx_word' id='word_1_812' title='bbox 2436 5145 2542 5199; x_wconf 88' lang='lat' dir='ltr'><strong>qua</strong></span> <span class='ocrx_word' id='word_1_813' title='bbox 2569 5128 2844 5200; x_wconf 85' lang='lat' dir='ltr'><strong>eligendos</strong></span> <span class='ocrx_word' id='word_1_814' title='bbox 2874 5127 3004 5181; x_wconf 80' lang='lat' dir='ltr'><strong>facit</strong></span> <span class='ocrx_word' id='word_1_815' title='bbox 3033 5127 3165 5197; x_wconf 91' lang='lat' dir='ltr'><strong>ipse,</strong></span> <span class='ocrx_word' id='word_1_816' title='bbox 3195 5139 3303 5180; x_wconf 89' lang='lat' dir='ltr'><strong>non</strong></span> <span class='ocrx_word' id='word_1_817' title='bbox 3350 5123 3578 5187; x_wconf 81' lang='lat' dir='ltr'><strong>invenit,</strong></span> <span class='ocrx_word' id='word_1_818' title='bbox 3606 5120 3715 5192; x_wconf 82' lang='lat'><strong><em>93</em></strong></span> <span class='ocrx_word' id='word_1_819' title='bbox 3744 5134 3851 5174; x_wconf 88' lang='lat' dir='ltr'><strong>non</strong></span> 
     </span>
    </p>
   </div>
  </div>
