4052 6334
247 327 276 382 Ι
289 327 354 382 57

1041 319 1133 375 DE
1167 313 1842 376 PRAEDESTINATIONE
1881 311 2340 372 DISSERTA'I‘IO
2377 312 2793 372 POSTERIOR.

3407 311 3508 366 I58

317 439 454 494 Hinc
484 435 651 492 etiam
695 441 916 491 sanctus
964 431 1295 505 Augustinus
1345 433 1397 488 in
1447 431 1584 488 libro
1632 430 1822 500 quinto
1847 430 1897 489 Α
1925 425 2082 480 malis
2106 427 2316 483 meritis
2350 432 2628 493 damnare,
2653 426 2778 496 quia
2800 423 2979 493 justus
3004 429 3106 478 est.
3137 441 3155 476 ι
3190 421 3258 477 Ει
3281 421 3337 476 iu
3364 421 3506 478 libro

241 539 429 588 contra
461 526 734 583 lulianum
765 525 840 580 ita
867 524 998 580 dicit
1039 526 1176 595 (cap.
1203 523 1260 591 5)
1291 541 1304 577 :
1338 542 1357 573 ‹
1388 522 1629 591 Denique
1655 529 1709 574 et
1733 519 1821 576 hic

239 637 360 676 cum
391 618 624 673 dixisset
651 631 666 670 :
701 613 894 671 Omnia
919 623 1266 685 cooperantur
1307 615 1362 668 in
1393 613 1583 667 bonum
1619 613 1700 666 his
1732 610 1823 682 qui

237 709 530 765 secundum
551 707 872 776 propositum
899 705 1065 761 uocati
1083 715 1227 769 sunt,
1259 705 1517 760 continuo
1561 703 1820 765 subdidit,

237 799 496 869 quoniam
543 813 674 868 quos
717 805 838 850 ante
887 796 1144 864 promittit
1184 804 1234 850 et
1269 795 1654 866 praedestinavit
1703 810 1826 847 con-

237 890 434 957 fomes
461 888 579 956 fieri
604 887 848 958 imaginis
876 884 1005 940 Filii
1026 887 1160 955 ejus,
1191 894 1248 940 ut
1287 886 1352 940 sit
1375 884 1744 956 primogenitae
1768 885 1824 938 in

236 977 421 1032 multis
463 976 717 1046 fratribus
744 990 764 1028 :
793 992 922 1047 quos
967 984 1143 1030 autem
1188 976 1571 1043 prazdestinavit
1619 973 1736 1028 illo:
1773 980 1823 1026 et

235 1071 461 1129 evocavit,
493 1078 543 1122 et
574 1085 702 1138 quos
730 1067 923 1122 vocavit
955 1067 1091 1138 ipsos
1123 1076 1170 1121 et
1194 1067 1544 1136 justiﬁcavit;
1575 1082 1702 1136 quos
1728 1081 1826 1117 au-

234 1169 336 1213 tem
351 1159 668 1229 justiﬁcavit
691 1160 829 1229 ipso:
848 1169 896 1213 et
919 1159 1229 1229 gloriﬁcavit
1267 1157 1447 1229 (Rom.
1471 1173 1589 1222 vm,
1614 1156 1818 1227 28-50).

234 1250 302 1307 Ili
349 1258 484 1306 sunt
539 1253 832 1306 secundum
879 1250 1214 1320 propositum
1267 1248 1445 1304 vocati
1485 1263 1500 1301 ε
1547 1249 1648 1317 ipsi
1693 1261 1824 1317 ergo

231 1341 420 1404 electi,
448 1351 505 1396 et
533 1342 635 1397 hoc
661 1350 788 1396 ante
815 1340 1002 1396 mundi
1040 1340 1501 1404 constitutionem,
1534 1339 1604 1392 ab
1637 1353 1703 1392 eo
1731 1337 1823 1406 qui

232 1438 400 1488 vocat
430 1447 494 1487 ea
541 1447 661 1501 qua:
707 1447 815 1486 non
867 1438 1033 1498 sunt,
1081 1439 1335 1499 tanquam
1365 1429 1493 1493 sint,
1533 1429 1626 1484 sed
1667 1423 1825 1482 electi

229 1535 331 1591 per
357 1520 682 1575 electionem
709 1519 915 1590 gratiae.
953 1519 1102 1575 Unde
1130 1520 1263 1574 dicit
1288 1519 1431 1574 idem
1461 1519 1649 1573 doctor
1677 1523 1733 1571 et
1759 1517 1826 1571 de

229 1605 452 1668 Israel:
492 1610 749 1682 Reliquiae
775 1627 871 1681 per
898 1610 1198 1665 electionem
1237 1610 1423 1680 gratia:
1463 1608 1624 1663 salva:
1667 1608 1826 1676 facta:

228 1713 354 1758 sunt
401 1701 577 1773 (Rom.
607 1718 684 1766 ιι,
716 1701 794 1773 5).
840 1701 910 1756 Ει
943 1717 1012 1756 ne
1053 1701 1194 1756 forte
1228 1709 1354 1756 ante
1384 1699 1825 1754 constitutionem

230 1792 426 1847 mundi
470 1807 541 1846 ex
584 1791 837 1862 Operibus
897 1791 1240 1862 praacognitis
1287 1798 1606 1861 putarentur
1643 1789 1821 1854 electi,

228 1891 458 1936 secutus
486 1889 572 1936 est
598 1889 652 1935 et
681 1880 924 1948 adjunxit
958 1900 972 1936 :
1004 1880 1066 1936 Si
1086 1891 1260 1936 autem
1280 1882 1470 1950 gratia,
1491 1879 1608 1950 jam
1632 1896 1735 1934 non
1757 1895 1822 1933 ca:

229 1971 506 2039 operibus,
538 1970 774 2039 alioquin
791 1972 964 2041 gratia
978 1971 1097 2041 jam
1120 1987 1224 2024 non
1246 1979 1319 2025 est
1339 1971 1510 2040 gratia
1541 1969 1716 2041 (ibid.,
1741 1969 1818 2038 6).

230 2062 312 2117 Ex
335 2062 444 2117 isto
467 2077 699 2117 numero
719 2062 1016 2120 electorum
1037 2074 1095 2118 et
1113 2063 1638 2134 praedestinatorum,
1656 2063 1822 2118 etiam

231 2153 327 2221 qui
358 2152 656 2222 pessimam
690 2153 942 2207 duxerint
968 2154 1157 2218 vitam,
1189 2169 1285 2224 per
1309 2153 1403 2207 Dei
1434 2153 1821 2225 benignitatem

229 2242 580 2296 adducuntur
606 2242 673 2296 ad
703 2243 1073 2311 paenitentiam
1100 2282 1118 2308 ,
1161 2258 1259 2312 per
1305 2244 1458 2314 cujus
1505 2244 1822 2312 patientiam

234 2347 344 2385 non
383 2339 514 2385 sunt
549 2332 677 2386 huic
719 2333 844 2386 vitae
889 2334 942 2388 in
983 2333 1098 2402 ipsa
1127 2333 1389 2389 scelerum
1421 2335 1822 2404 perpetratinne

231 2421 528 2486 subtracti,
553 2428 612 2473 ut
631 2422 948 2477 ostendatur
973 2433 1031 2478 et
1057 2423 1209 2492 ipsis,
1233 2434 1287 2478 et
1308 2424 1428 2478 aliis
1448 2426 1823 2484 cohzcredibus

233 2517 450 2577 eurum,
483 2514 549 2568 de
574 2530 737 2584 quant
764 2516 1032 2585 profundo
1070 2518 1212 2572 malo
1237 2519 1408 2588 possit
1432 2518 1527 2573 Dei
1553 2521 1725 2588 gratia
1758 2521 1822 2575 Ii-

233 2605 450 2659 berare.
482 2605 562 2658 Ex
591 2605 676 2660 his
703 2622 861 2661 nemo
895 2607 1036 2675 perit
1065 2623 1384 2678 quacunque
1424 2617 1582 2663 :etate
1621 2610 1822 2681 moria-

234 2704 325 2747 tur
361 2712 373 2746 :
403 2695 550 2747 absit
579 2695 742 2759 enim,
777 2705 833 2748 ut
864 2696 1275 2764 praedestinatus
1304 2698 1372 2752 ad
1395 2699 1560 2752 vitam
1592 2700 1709 2754 sine
1736 2716 1824 2755 sa-

231 2791 521 2838 cramento
555 2785 868 2840 mediatoris
898 2785 1054 2841 ﬁnire
1091 2789 1436 2857 permittatur
1465 2790 1603 2844 hanc
1632 2791 1819 2847 vitam.

230 2871 468 2942 Propter
496 2875 596 2928 bos
633 2874 891 2931 Dominus
927 2877 1004 2931 ait
1040 2896 1053 2931 :
1094 2877 1224 2932 Ha'c
1265 2891 1340 2934 est
1380 2890 1552 2935 autem
1584 2882 1823 2938 voluntas

229 2962 346 3032 ejus
366 2963 462 3032 qui
482 2965 622 3018 misit
650 2981 728 3018 me
761 2963 956 3032 Patris,
985 2977 1040 3019 ut
1065 2984 1216 3023 omne
1233 2969 1373 3037 quod
1399 2971 1539 3024 dedit
1563 2972 1690 3025 mihi
1718 2989 1822 3027 non

229 3055 450 3120 perdam
486 3071 551 3108 ea:
577 3072 635 3108 eo
664 3055 844 3125 (Joan.
867 3071 944 3122 γι,
971 3056 1084 3128 59).
1119 3057 1311 3113 Caneri
1341 3068 1518 3113 autem
1544 3061 1819 3127 mortales,

229 3143 322 3212 qui
345 3157 414 3198 ex
439 3144 545 3197 isto
567 3160 789 3199 numero
811 3161 919 3200 non
943 3155 1088 3212 sunt,
1117 3158 1172 3201 et
1194 3163 1260 3203 ex
1285 3163 1348 3202 ea
1375 3149 1591 3220 quidem
1621 3165 1816 3215 massa,

229 3249 298 3288 ex
324 3249 439 3304 qua
471 3243 528 3288 et
555 3234 665 3299 isti,
695 3236 789 3290 sed
820 3252 945 3291 vasa
976 3237 1070 3292 ira:
1096 3237 1226 3292 facti
1255 3248 1404 3305 sunt,
1433 3241 1500 3296 ad
1532 3241 1814 3296 utilitatem

231 3335 542 3382 nascuntur
585 3327 833 3383 istorum.
885 3327 1001 3383 Non
1055 3330 1199 3386 enim
1253 3345 1580 3400 quemquam
1630 3349 1816 3391 eorum

232 3417 377 3472 Deus
411 3426 620 3473 temere
650 3434 713 3474 ac
741 3419 964 3476 fortuito
991 3429 1158 3486 creat,
1190 3430 1282 3475 aut
1309 3422 1435 3490 quid
1467 3422 1532 3478 de
1562 3422 1666 3478 illis
1693 3422 1818 3476 boui

233 3519 493 3578 operetur
517 3509 734 3579 ignorat
765 3528 777 3562 :
812 3528 934 3566 cum
970 3520 1026 3566 et
1062 3513 1165 3569 hoc
1198 3513 1371 3582 ipsum
1405 3514 1605 3569 bonum
1631 3529 1819 3583 opere-

234 3609 341 3664 tur,
367 3601 516 3668 quod
556 3601 611 3655 in
640 3603 718 3656 eis
749 3601 1040 3658 humanam
1068 3612 1218 3658 creat
1252 3613 1522 3667 naturam,
1554 3612 1608 3659 et
1636 3621 1702 3660 ex
1739 3605 1819 3660 eis

232 3691 481 3745 ordinem
503 3692 684 3746 surculi
712 3693 993 3760 przesentis
1015 3702 1260 3747 exornat.
1293 3694 1522 3748 Istorum
1544 3695 1814 3750 neminem

233 3781 455 3834 adducit
484 3781 552 3834 ad
584 3783 955 3850 pmnitentiam
985 3783 1253 3838 salubrem
1283 3791 1339 3838 et
1368 3785 1681 3852 spiritalem,
1712 3801 1816 3854 qua

233 3871 400 3926 homo
428 3876 482 3925 in
510 3871 726 3928 Christo
756 3875 1137 3929 reconciliatur
1167 3876 1292 3936 Deo,
1319 3877 1432 3931 sive
1461 3876 1565 3931 illis
1595 3877 1819 3946 amplio-

235 3977 347 4017 rem
372 3965 711 4034 patientiam,
739 3967 850 4019 sive
873 3982 978 4020 non
1003 3966 1260 4036 imparem
1283 3969 1537 4036 prmbeat.
1565 3968 1818 4036 Quamvis

231 4061 362 4124 ergo
393 4071 588 4111 omnes
621 4072 688 4110 ex
725 4058 910 4111 eadem
947 4073 1122 4113 massa
1161 4059 1479 4128 perditionis
1511 4068 1567 4113 et
1598 4060 1819 4114 damna-

233 4148 399 4202 tionis
424 4147 718 4201 secundum
748 4148 1000 4202 duritiam
1030 4149 1208 4204 cordis
1233 4148 1340 4214 sui,
1370 4159 1426 4204 et
1455 4166 1548 4205 cor
1574 4151 1821 4221 impaeni-

234 4246 374 4297 tcns,
419 4245 683 4305 quantum
717 4239 783 4291 ad
825 4238 971 4306 ipsos
1005 4239 1258 4308 pertinet,
1303 4239 1674 4296 lhesaurizant
1715 4243 1815 4298 sibi

230 4327 373 4382 iram
407 4327 462 4380 iu
507 4326 592 4380 die
636 4327 750 4392 irae,
790 4344 896 4396 quo
931 4329 1170 4384 redditur
1207 4331 1495 4401 unicuique
1523 4335 1818 4388 secundum

229 4432 398 4489 Opera
424 4433 546 4482 sua,
577 4417 717 4473 Deus
740 4430 914 4473 tamen
947 4421 1079 4476 alios
1111 4421 1233 4474 inde
1264 4439 1359 4492 per
1410 4424 1814 4479 misericordem

1925 516 2113 586 quinto
2162 518 2300 586 (cap.
2330 517 2416 586 18)
2449 531 2465 571 :
2501 536 2519 569 (
2551 516 2738 585 Itaque
2760 515 2864 570 isto
2892 512 3058 578 malo,
3085 513 3214 582 quin
3243 511 3506 578 libidinis,
3539 576 3546 586 Ι

1925 624 2045 665 cum
2073 609 2210 663 bene
2239 616 2466 662 utuntur
2506 606 2775 677 conjugati
2807 605 2990 661 ﬁdeles
3012 645 3027 669 ,
3073 619 3106 658 a
3153 604 3306 674 cujus
3351 613 3507 658 reatu

1925 697 2085 754 soluti
2114 705 2242 752 sunt
2284 713 2509 752 munere
2548 695 2848 751 Salvatoris
2872 735 2888 762 ,
2925 695 3168 766 profecto
3197 695 3509 765 quicunque

1927 789 2049 844 inde
2079 797 2395 852 nascuntur,
2431 785 2673 856 ejusdem
2713 801 2937 842 munere
2964 786 3258 850 Creatoris,
3289 801 3396 840 non
3428 786 3510 840 si-

1925 890 2017 937 cut
2043 881 2198 936 nobis
2223 880 2395 936 obicis
2427 880 2481 935 in
2511 895 2737 950 regnum
2767 879 2965 934 diaboli
2995 889 3384 950 prmparantur,
3411 879 3510 936 sed

1926 971 1994 1024 ab
2017 969 2108 1024 illo
2129 969 2307 1038 potius
2332 968 2576 1032 eruendi,
2605 976 2659 1020 ct
2688 968 2739 1021 in
2771 983 2992 1036 regnum
3025 967 3294 1040 Uuigeniti
3327 977 3508 1024 trans-

1924 1061 2150 1118 ferendi.
2195 1081 2214 1112 ι
2264 1061 2394 1114 Item
2439 1061 2491 1115 in
2531 1061 2718 1115 eodem
2752 1060 2889 1115 libro
2919 1077 2934 1114 :
2971 1078 2989 1109 ί
3017 1059 3150 1114 Nam
3180 1076 3402 1130 prorsus
3441 1075 3511 1116 ea

1926 1169 2034 1207 non
2061 1151 2266 1223 perpeti
2296 1167 2418 1207 cum
2447 1151 2539 1205 hic
2580 1151 2800 1214 vivitur,
2835 1150 2983 1205 nullo
3013 1151 3192 1214 modo,
3232 1151 3375 1205 nulla
3419 1166 3511 1205 ra-

1926 1243 2071 1297 tione
2113 1243 2398 1312 quisquam
2452 1251 2630 1312 potest
2663 1259 2677 1296 :
2708 1257 2808 1296 nec
2847 1251 3027 1295 tamen
3076 1241 3191 1296 sive
3238 1241 3510 1306 maximis,

1924 1336 2039 1390 sive
2083 1335 2321 1390 minimis
2359 1343 2640 1406 urgeatur,
2678 1333 2761 1389 fas
2797 1341 2881 1388 est
2922 1342 2982 1386 ut
3019 1333 3163 1388 dicat
3210 1332 3262 1387 ei
3313 1332 3406 1402 qui
3450 1347 3514 1388 se

1927 1425 2100 1491 ﬁnxit,
2131 1426 2377 1496 quamvis
2409 1425 2786 1496 omnipotenti,
2817 1426 2962 1495 justo
2995 1434 3050 1480 et
3096 1426 3272 1481 bono:
3332 1425 3515 1490 Quare

1925 1535 2007 1573 me
2031 1519 2107 1572 sic
2134 1518 2347 1586 fecisti?
2374 1525 2430 1572 et
2455 1518 2521 1572 de
2549 1518 2678 1588 jugo
2705 1517 2880 1587 gravi,
2909 1517 3050 1587 quod
3078 1525 3163 1572 est
3190 1531 3351 1586 super
3373 1515 3514 1574 ﬁlios

1925 1609 2083 1679 primi
2112 1611 2281 1663 Adam
2308 1650 2322 1672 ,
2356 1625 2513 1664 nemo
2551 1609 2749 1664 liberat
2778 1608 2880 1662 nisi
2929 1608 3200 1663 secundus
3245 1608 3439 1663 Adam.
3485 1627 3508 1660 ι

1928 1700 1996 1754 Et
2021 1709 2143 1770 post
2167 1700 2442 1769 paululum
2475 1719 2490 1754 :
2525 1719 2543 1751 ι
2571 1699 2723 1756 Licet
2760 1700 2860 1769 ipsi
2893 1701 2996 1756 hoc
3023 1701 3297 1766 nesciant,
3339 1700 3513 1755 donec

1853 1780 1899 1839 Β
1927 1791 1972 1846 si
2021 1805 2086 1846 ex
2137 1790 2227 1844 illo
2278 1799 2406 1844 sunt
2469 1791 2975 1860 praedestinatorum
3000 1791 3022 1860 ,ἶ
3049 1806 3314 1856 numero,
3362 1791 3512 1846 acci-

1923 1883 2074 1952 piant
2103 1880 2362 1952 Spiritum
2401 1883 2490 1952 qui
2522 1898 2587 1937 ex
2618 1883 2726 1936 Deo
2751 1892 2852 1948 est,
2881 1890 2940 1937 ut
2965 1882 3141 1936 sciant
3169 1898 3288 1953 qua:
3326 1898 3354 1936 a
3398 1880 3514 1938 Deo

1923 1973 2118 2028 donata
2145 1984 2271 2029 sunt
2303 1975 2402 2029 eis.
2438 1993 2456 2025 ι
2498 1974 2563 2028 Ει
2598 1975 2725 2028 item
2757 1975 2811 2028 in
2838 1975 3027 2030 eodem
3055 1975 3194 2029 libro
3221 1992 3235 2028 :
3269 1993 3288 2027 ι
3321 1973 3379 2028 Si
3405 1975 3514 2029 hoc

1922 2065 2241 2137 profundius
2278 2081 2399 2122 esse
2425 2066 2706 2136 perspicis,
2741 2082 2901 2137 quam
2928 2076 2990 2121 ut
3018 2068 3115 2122 abs
3144 2075 3197 2122 te
3221 2067 3401 2122 valeat
3428 2069 3512 2122 in~

1925 2158 2119 2224 veniri,
2156 2167 2446 2228 utrumque
2493 2159 2708 2230 utrique
2759 2167 3005 2214 nostrum
3056 2157 3381 2227 profundum
3417 2159 3507 2223 sit,

1925 2265 2023 2305 cur
2046 2258 2100 2304 et
2132 2250 2185 2304 in
2218 2249 2511 2318 majoribus
2535 2259 2590 2304 et
2615 2251 2667 2304 in
2699 2250 2999 2305 minoribus
3022 2249 3164 2305 Deus
3194 2250 3324 2312 velit
3347 2249 3507 2304 alteri

1923 2346 1980 2392 et
2004 2338 2140 2392 nolit
2165 2338 2320 2393 alteri
2347 2338 2636 2393 subvenire
2667 2356 2680 2392 :
2725 2339 2852 2393 dum
2883 2347 3062 2394 tamen
3087 2348 3296 2394 certum
3325 2347 3382 2394 et
3408 2339 3512 2394 im-

1925 2428 2121 2484 mobile
2163 2439 2463 2495 teneamus,
2492 2443 2596 2483 non
2626 2443 2746 2484 esse
2777 2428 3113 2498 iniquitatem
3141 2429 3280 2500 apud
3314 2431 3513 2494 Deum,

1925 2533 2031 2587 qua
2071 2533 2396 2588 quemquam
2445 2519 2562 2572 sine
2591 2517 2747 2572 malis
2781 2518 2990 2572 meritis
3018 2517 3261 2582 damnet,
3301 2527 3354 2574 et
3387 2532 3512 2574 esse

1924 2606 2216 2660 bonitatem
2238 2607 2378 2675 apud
2398 2607 2586 2672 Deum,
2617 2622 2722 2676 qua
2753 2606 2950 2661 multos
2977 2607 3094 2661 sine
3118 2607 3273 2662 bonis
3298 2607 3512 2663 meritis

1923 2699 2136 2762 liberet,
2167 2700 2541 2753 demonstrans
2571 2699 2623 2753 in
2654 2700 2732 2754 eis
2759 2715 2894 2769 quos
2922 2699 3142 2754 damnat
3171 2703 3298 2772 quid
3328 2702 3508 2756 omni-

1922 2786 2025 2840 bus
2053 2787 2328 2853 debeatur,
2359 2797 2419 2841 ut
2448 2787 2574 2842 hinc
2603 2788 2815 2844 discant
2839 2803 2974 2858 quos
3004 2789 3222 2855 liberat,
3252 2806 3373 2861 quae
3399 2792 3503 2846 sibi

1923 2890 2084 2946 poena
2109 2877 2290 2931 debita
2336 2877 2626 2942 relaxetur,
2666 2885 2723 2932 et
2747 2893 2866 2948 quae
2901 2879 3138 2934 indebita
3166 2881 3339 2949 gratia
3370 2895 3507 2935 con-

1925 2967 2171 3023 donetur.
2207 2986 2226 3018 ›
2283 2967 2349 3021 Et
2394 2968 2518 3023 item
2566 2968 2622 3022 in
2674 2967 2812 3024 libro
2857 2969 3090 3039 quinto:
3135 2991 3153 3022 ι
3183 2972 3290 3026 Aut
3334 2982 3508 3038 certe,

1925 3058 2050 3126 quia
2081 3073 2270 3128 parum
2299 3069 2418 3114 erat
2452 3060 2618 3114 vitam
2656 3076 2817 3130 quam
2855 3063 3126 3119 nascendo
3152 3065 3375 3120 sortitus
3399 3074 3509 3130 est.

1847 3150 1892 3212 C
1926 3148 2044 3201 ideo
2075 3147 2281 3202 addidit
2318 3157 2375 3203 et
2410 3149 2836 3205 misericordiam
2867 3165 2883 3204 :
2911 3167 2979 3206 ne
3014 3164 3320 3210 remaneret
3348 3164 3509 3217 natu-

1923 3237 2113 3291 raliter
2142 3237 2282 3293 ﬁlius
2327 3239 2422 3294 ira:
2447 3239 2590 3293 sicut
2627 3241 2829 3297 caeteri.
2863 3250 3026 3311 atque
3061 3242 3203 3298 inter
3229 3259 3357 3300 vasa
3388 3244 3507 3313 ira,

1921 3343 2025 3382 non
2073 3328 2214 3382 inter
2258 3344 2390 3384 vasa
2441 3329 2827 3384 misericordia:
2871 3331 3045 3386 ﬁeret.
3087 3351 3107 3384 ι
3164 3333 3233 3387 Et
3267 3335 3320 3389 in
3367 3335 3512 3391 libro

1918 3426 2070 3472 sexto
2106 3418 2242 3487 (cap.
2277 3419 2330 3490 I)
2372 3435 2387 3472 :
2434 3437 2453 3470 c
2490 3419 2634 3486 Quos
2661 3419 2876 3488 quidem
2927 3421 2994 3475 ab
3026 3422 3132 3476 isto
3183 3431 3332 3478 tanto
3359 3425 3511 3482 malo

1918 3518 2094 3579 potest
2121 3510 2294 3579 gratia
2322 3511 2416 3565 Dei
2454 3527 2552 3582 per
2580 3512 2896 3581 sanguinem
2929 3511 3236 3570 Mediatoris
3270 3532 3506 3587 eruere;

1918 3604 2013 3659 sed
2041 3606 2181 3660 unde
2219 3615 2512 3676 potuerunt
2552 3608 2605 3661 in
2649 3615 2858 3662 tantum
2904 3607 3105 3662 malum
3133 3623 3312 3674 ruere,
3345 3609 3392 3664 si
3421 3610 3505 3665 di-

1917 3696 2044 3750 vino
2079 3696 2284 3762 judicio
2322 3697 2470 3752 nulla
2507 3698 2698 3769 origini
2739 3698 2968 3754 debetur
3007 3714 3166 3770 pcena
3201 3701 3439 3755 vitiatae?
3475 3720 3498 3754 ι

1916 3786 2048 3840 Item
2079 3785 2132 3839 in
2163 3785 2350 3842 eodem
2380 3787 2517 3843 libro
2547 3787 2683 3857 (cap.
2714 3788 2769 3857 4)
2806 3806 2819 3842 :
2854 3808 2873 3840 ‹
2901 3788 2956 3843 In
2984 3789 3062 3844 eis
3090 3805 3239 3860 ergo,
3273 3799 3332 3845 ut
3358 3806 3509 3862 saepe

1917 3876 2175 3940 diximus,
2199 3876 2292 3930 ira?
2313 3877 2459 3932 vasis
2487 3885 2641 3932 notas
2667 3877 2815 3943 facit,
2840 3879 3131 3933 secundum
3160 3877 3505 3948 Apostolum,

1918 3964 2133 4018 divitias
2157 3963 2342 4035 gloria:
2365 3981 2474 4020 suae
2500 3965 2554 4019 in
2582 3981 2711 4020 vasa
2740 3966 3140 4031 misericordiae,
3170 3981 3238 4020 ne
3265 3966 3510 4035 glorien-

1919 4066 2006 4110 tur
2038 4065 2289 4126 tanquam
2323 4057 2388 4112 de
2430 4057 2638 4111 meritis
2667 4057 2790 4110 vitae
2831 4072 2960 4121 suae,
3006 4073 3127 4112 cum
3167 4067 3504 4128 cognoscant

1919 4147 2021 4202 hoc
2043 4147 2145 4201 sibi
2168 4147 2469 4218 justissimc
2497 4148 2646 4201 reddi
2678 4148 2936 4216 potuisse,
2962 4147 3105 4217 quod
3135 4149 3320 4204 vident
3347 4148 3503 4205 reddi

1918 4239 2138 4309 paribus
2171 4239 2512 4301 consortibus
2541 4237 2731 4291 mortis
2757 4253 2886 4291 suae.
2917 4255 2935 4286 ι
2973 4237 3038 4290 Ει
3068 4237 3194 4290 item
3225 4238 3277 4291 in
3307 4240 3498 4293 eodem

1918 4327 2055 4383 libro
2086 4327 2221 4400 (cap.
2249 4328 2310 4398 5)
2345 4347 2356 4381 :
2398 4346 2416 4378 ε
2445 4326 2606 4382 Certe
2633 4328 2744 4389 hic,
2781 4326 2869 4381 ubi
2902 4325 2993 4380 lati
3025 4326 3167 4380 nulla
3193 4336 3275 4381 est
3305 4327 3507 4382 immo--

1919 4420 2133 4484 bilitas,
2174 4419 2318 4473 nulla
2350 4418 2580 4473 fortuna:
2608 4418 2914 4482 temeritas,
2954 4416 3094 4472 nulla
3127 4432 3373 4487 persona:
3417 4418 3500 4473 di-

230 4507 533 4564 bonitatcm
560 4511 776 4564 adducit
803 4512 868 4564 ad
903 4489 1278 4582 pmnitentiaui
1299 4554 1314 4579 ,
1355 4515 1489 4570 alios
1517 4516 1814 4572 secundum
1842 4489 2127 4582 DgnilaS.
2176 4511 2303 4582 quid
2350 4520 2518 4566 restat
2565 4511 2668 4566 nisi
2719 4509 3100 4565 misericordia}
3143 4509 3506 4580 veritatisque

223 4599 435 4670 justum
464 4598 726 4665 judicium
763 4616 866 4652 non
908 4603 1147 4666 adducit,
1183 4622 1200 4653 ι
1254 4612 1309 4658 et
1350 4613 1542 4659 cmtera
1592 4622 1712 4675 qua:
1761 4607 1813 4662 in

233 4690 424 4744 eodem
475 4689 595 4744 loco
638 4692 1003 4760 prosequitur.
1066 4694 1140 4748 De
1190 4709 1296 4764 quo
1342 4695 1579 4764 capitqu
1625 4706 1814 4751 contra

233 4781 503 4835 decimam
568 4782 780 4836 tertiam
842 4783 1200 4852 objectioncm
1264 4783 1536 4840 Gallorum
1597 4796 1817 4842 sanctus

233 4867 471 4938 Prosper
498 4869 763 4926 catholico
787 4880 842 4924 et
869 4871 1196 4927 sullicicntcr
1222 4876 1353 4928 satis
1382 4876 1654 4930 disseruit.
1684 4877 1814 4931 Item

233 4970 458 5016 sanctus
500 4960 829 5031 Augustinus
873 4972 1058 5016 contra
1102 4962 1372 5018 lulianum
1403 4965 1454 5018 in
1487 4965 1624 5020 libro
1658 4967 1815 5022 tertio

234 5053 372 5121 (cap.
405 5052 517 5123 I7).
571 5071 590 5103 ι
624 5052 753 5119 Quis
796 5064 976 5108 autem
1015 5053 1358 5109 Christianus
1406 5056 1636 5128 ignoret,
1672 5058 1814 5128 quod

233 5143 322 5197 ille
348 5145 440 5213 qui
471 5144 703 5214 primum
733 5145 1001 5199 hominem
1031 5145 1156 5200 fecit
1181 5162 1247 5200 ex
1273 5147 1493 5216 pulvere
1519 5164 1706 5204 omnes
1734 5149 1815 5202 la-

232 5236 476 5290 brixretur
504 5251 574 5290 ex
598 5237 844 5292 semine?
889 5238 982 5292 sed
1013 5253 1082 5292 ex
1110 5239 1315 5294 semine
1344 5239 1456 5312 94
1483 5240 1595 5310 jam
1626 5241 1819 5296 vitiato

235 5331 393 5392 atque
422 5325 679 5379 damnato
705 5341 719 5378 :
752 5327 842 5394 qui
868 5327 1062 5396 partim
1092 5343 1190 5398 per
1219 5329 1503 5383 veritatem
1534 5340 1818 5386 remanent

236 5413 288 5469 in
315 5416 599 5486 supplicio,
627 5418 820 5486 partim
868 5434 964 5488 per
1005 5419 1428 5475 misericordiam
1458 5421 1757 5477 liberantur
1784 5437 1812 5477 a

237 5506 396 5561 malo.
429 5525 449 5557 ι
502 5505 637 5561 Item
688 5507 740 5561 in
785 5508 924 5563 libro
987 5510 1150 5564 tertio
1188 5528 1200 5563 :
1248 5530 1265 5560 ι
1294 5510 1474 5566 Bonus
1519 5522 1603 5567 est
1649 5512 1814 5578 Deus,

230 5595 409 5666 justus
439 5606 520 5651 est
550 5599 690 5651 Deus
715 5616 728 5653 :
755 5609 930 5669 potest
957 5600 1164 5671 aliquos
1191 5601 1307 5655 sine
1332 5603 1489 5658 bonis
1514 5603 1721 5658 meritis
1747 5603 1814 5658 li-

241 5691 454 5753 herarc,
483 5689 612 5756 quia.
637 5691 806 5745 bonus
834 5701 943 5746 cst'
994 5709 1098 5748 non
1139 5702 1316 5748 nntcst
1343 5709 1666 5756 aucmquam
1696 5697 1810 5751 sine

1916 4601 2289 4673 profunditas?
2329 4610 2386 4654 ut
2427 4602 2661 4655 sciamus
2697 4609 2752 4653 et
2782 4615 2848 4654 ex
2894 4599 2996 4653 hoc
3035 4598 3498 4668 incomprehensi-

1915 4696 2024 4750 bile
2075 4694 2626 4765 comprehendanms,
2670 4692 2822 4762 juxta
2851 4690 2984 4746 duos
3013 4690 3281 4755 homines,
3327 4705 3501 4745 unum

1917 4801 2017 4856 per
2044 4801 2203 4855 quem
2239 4793 2517 4854 peccatum
2557 4783 2778 4837 intravit
2822 4781 2871 4834 in
2924 4781 3184 4834 mundum
3208 4820 3223 4846 ,
3262 4780 3503 4835 alterum

1918 4876 2009 4945 qui
2062 4875 2198 4929 tollit
2244 4882 2525 4944 peccatum
2577 4872 2794 4935 mundi,
2825 4885 3014 4926 omnes
3063 4869 3200 4924 ﬁlios
3243 4870 3496 4940 concupi-

1921 4967 2140 5023 scentiae
2183 4966 2434 5030 carnalis,
2468 4966 2822 5034 undecunque
2868 4972 3181 5027 nascantur,
3213 4966 3278 5016 ad
3305 4963 3494 5032 jugum

1921 5072 2083 5128 grave
2135 5056 2362 5108 ﬁliorum
2408 5054 2578 5109 Adam
2624 5055 2814 5108 merito
2851 5053 3153 5122 pertinere,
3195 5060 3250 5105 et
3293 5067 3362 5105 ex
3410 5051 3504 5106 his

1918 5165 2107 5204 omnes
2139 5149 2278 5203 ﬁlios
2305 5149 2491 5218 gratim
2539 5145 2820 5218 spiritalis,
2863 5147 3218 5217 undecunque
3265 5161 3498 5200 nascan-

1921 5248 2028 5305 tur,
2079 5240 2146 5293 ad
2192 5239 2379 5310 jugum
2415 5256 2578 5294 suave
2611 5240 2835 5295 ﬁliorum
2871 5238 2964 5293 Dei
2996 5239 3113 5293 sine
3149 5237 3343 5292 merito
3372 5251 3497 5306 per-

1923 5329 2144 5384 venire?
2178 5348 2196 5381 ι
2250 5330 2317 5383 Et
2367 5330 2494 5385 item
2542 5330 2595 5384 in
2641 5330 2822 5386 eodem
2859 5329 2996 5383 libro
3033 5331 3169 5398 (cap.
3195 5327 3252 5400 8)
3285 5345 3299 5382 :
3338 5345 3357 5378 ‹
3384 5327 3500 5388 Cur

1921 5418 2031 5488 95
2072 5427 2322 5489 putamus
2348 5420 2416 5474 ab
2455 5419 2572 5488 ejus
2617 5419 2866 5490 Operibus
2902 5418 3215 5484 abhorrere,
3253 5417 3396 5488 quod
3425 5418 3502 5475 ab

1922 5511 2131 5582 origine
2165 5511 2356 5565 vitiata
2394 5510 2725 5566 damnabiles
2770 5509 3129 5563 illo'creante
3172 5519 3498 5574 nascuntur,

1921 5606 2011 5676 qui
2043 5613 2259 5660 creator
2285 5614 2370 5660 est
2397 5604 2662 5669 omnium,
2689 5611 2740 5656 et
2771 5617 2869 5672 per
2896 5600 3242 5656 Mediatorcm
3272 5614 3498 5671 regene-

1923 5698 2023 5752 rati
2056 5713 2084 5751 a
2127 5697 2475 5752 damnatione
2522 5696 2813 5749 liberantur
2856 5692 3075 5777 debita,
3117 5692 3210 5748 sed
3257 5690 3501 5762 gratuih
