  <div class='ocr_page' id='page_1' title='image "/cluster/home/n/w/nwhite01/storage/ocr_20150623/125/hvd.32044015471667/085.png"; bbox 0 0 4052 6334; ppageno 0'>
   <div class='ocr_carea' id='block_1_1' title="bbox 532 289 638 347">
    <p class='ocr_par' dir='ltr' id='par_1_1' title="bbox 532 289 638 347">
     <span class='ocr_line' id='line_1_1' title="bbox 532 289 638 347; baseline 0 -1"><span class='ocrx_word' id='word_1_1' title='bbox 532 289 638 347; x_wconf 66' lang='grc'><strong>159</strong></span> 
     </span>
    </p>
   </div>
   <div class='ocr_carea' id='block_1_2' title="bbox 1524 278 2843 340">
    <p class='ocr_par' dir='ltr' id='par_1_2' title="bbox 1524 278 2843 340">
     <span class='ocr_line' id='line_1_2' title="bbox 1524 278 2843 340; baseline -0.003 0"><span class='ocrx_word' id='word_1_2' title='bbox 1524 280 1857 340; x_wconf 79' lang='lat' dir='ltr'><strong>HlNCMARl</strong></span> <span class='ocrx_word' id='word_1_3' title='bbox 1897 280 2292 337; x_wconf 74' lang='lat' dir='ltr'><strong>RHEMENSIS</strong></span> <span class='ocrx_word' id='word_1_4' title='bbox 2326 278 2843 338; x_wconf 78' lang='lat' dir='ltr'><strong>ARCHIEPISCOPI</strong></span> 
     </span>
    </p>
   </div>
   <div class='ocr_carea' id='block_1_3' title="bbox 3702 286 3841 343">
    <p class='ocr_par' dir='ltr' id='par_1_3' title="bbox 3702 286 3841 343">
     <span class='ocr_line' id='line_1_3' title="bbox 3702 286 3841 343; baseline 0.007 -1"><span class='ocrx_word' id='word_1_5' title='bbox 3702 286 3841 343; x_wconf 72' lang='lat'><strong>160</strong></span> 
     </span>
    </p>
   </div>
   <div class='ocr_carea' id='block_1_4' title="bbox 528 384 3841 475">
    <p class='ocr_par' dir='ltr' id='par_1_4' title="bbox 528 384 3841 475">
     <span class='ocr_line' id='line_1_4' title="bbox 528 384 3841 475; baseline -0.002 -13"><span class='ocrx_word' id='word_1_6' title='bbox 528 405 874 462; x_wconf 94' lang='lat' dir='ltr'><strong>miseratione</strong></span> <span class='ocrx_word' id='word_1_7' title='bbox 905 418 1008 458; x_wconf 88' lang='lat' dir='ltr'><strong>non</strong></span> <span class='ocrx_word' id='word_1_8' title='bbox 1060 400 1240 459; x_wconf 84' lang='lat' dir='ltr'><strong>debila</strong></span> <span class='ocrx_word' id='word_1_9' title='bbox 1270 420 1284 456; x_wconf 89' lang='lat'><strong>:</strong></span> <span class='ocrx_word' id='word_1_10' title='bbox 1316 414 1453 470; x_wconf 89' lang='lat' dir='ltr'><strong>quos</strong></span> <span class='ocrx_word' id='word_1_11' title='bbox 1479 400 1640 475; x_wconf 74' lang='lat' dir='ltr'><strong>elegit</strong></span> <span class='ocrx_word' id='word_1_12' title='bbox 1686 407 1812 455; x_wconf 91' lang='lat' dir='ltr'><strong>ante</strong></span> <span class='ocrx_word' id='word_1_13' title='bbox 1847 395 2110 453; x_wconf 88' lang='lat' dir='ltr'><strong>constitu—</strong></span> <span class='ocrx_word' id='word_1_14' title='bbox 2141 401 2182 457; x_wconf 81' lang='grc' dir='ltr'><strong>Α</strong></span> <span class='ocrx_word' id='word_1_15' title='bbox 2213 384 2376 449; x_wconf 81' lang='lat' dir='ltr'><strong>esset.</strong></span> <span class='ocrx_word' id='word_1_16' title='bbox 2409 394 2466 449; x_wconf 89' lang='lat' dir='ltr'><strong>Si</strong></span> <span class='ocrx_word' id='word_1_17' title='bbox 2494 396 2638 448; x_wconf 89' lang='lat' dir='ltr'><strong>enim</strong></span> <span class='ocrx_word' id='word_1_18' title='bbox 2669 395 2790 449; x_wconf 84' lang='lat' dir='ltr'><strong>talis</strong></span> <span class='ocrx_word' id='word_1_19' title='bbox 2816 394 2990 449; x_wconf 83' lang='lat' dir='ltr'><strong>factus</strong></span> <span class='ocrx_word' id='word_1_20' title='bbox 3009 404 3172 459; x_wconf 87' lang='lat' dir='ltr'><strong>esset,</strong></span> <span class='ocrx_word' id='word_1_21' title='bbox 3201 394 3540 464; x_wconf 84' lang='lat' dir='ltr'><strong>iaculpabilis</strong></span> <span class='ocrx_word' id='word_1_22' title='bbox 3558 408 3739 464; x_wconf 88' lang='lat' dir='ltr'><strong>esset,</strong></span> <span class='ocrx_word' id='word_1_23' title='bbox 3762 410 3841 454; x_wconf 77' lang='lat' dir='ltr'><strong>et</strong></span> 
     </span>
    </p>
   </div>
   <div class='ocr_carea' id='block_1_5' title="bbox 530 488 2111 565">
    <p class='ocr_par' dir='ltr' id='par_1_5' title="bbox 530 488 2111 565">
     <span class='ocr_line' id='line_1_5' title="bbox 530 488 2111 565; baseline -0.009 -11"><span class='ocrx_word' id='word_1_24' title='bbox 530 499 731 554; x_wconf 81' lang='lat' dir='ltr'><strong>tionem</strong></span> <span class='ocrx_word' id='word_1_25' title='bbox 763 497 946 549; x_wconf 85' lang='lat' dir='ltr'><strong>mundi</strong></span> <span class='ocrx_word' id='word_1_26' title='bbox 974 511 1072 565; x_wconf 89' lang='lat' dir='ltr'><strong>per</strong></span> <span class='ocrx_word' id='word_1_27' title='bbox 1096 493 1418 550; x_wconf 72' lang='lat' dir='ltr'><strong>electionem</strong></span> <span class='ocrx_word' id='word_1_28' title='bbox 1446 493 1655 565; x_wconf 51' lang='lat' dir='ltr'><strong>gratiae,</strong></span> <span class='ocrx_word' id='word_1_29' title='bbox 1689 506 1799 545; x_wconf 92' lang='lat' dir='ltr'><strong>non</strong></span> <span class='ocrx_word' id='word_1_30' title='bbox 1828 504 1892 544; x_wconf 81' lang='lat' dir='ltr'><strong>ex</strong></span> <span class='ocrx_word' id='word_1_31' title='bbox 1931 488 2111 558; x_wconf 80' lang='lat' dir='ltr'><strong>Operi-</strong></span> 
     </span>
    </p>
   </div>
   <div class='ocr_carea' id='block_1_6' title="bbox 525 579 2114 655">
    <p class='ocr_par' dir='ltr' id='par_1_6' title="bbox 525 579 2114 655">
     <span class='ocr_line' id='line_1_6' title="bbox 525 579 2114 655; baseline -0.009 -9"><span class='ocrx_word' id='word_1_32' title='bbox 525 586 631 646; x_wconf 83' lang='lat' dir='ltr'><strong>bus</strong></span> <span class='ocrx_word' id='word_1_33' title='bbox 658 628 674 651; x_wconf 91' lang='lat'><strong>,</strong></span> <span class='ocrx_word' id='word_1_34' title='bbox 709 586 793 641; x_wconf 90' lang='lat' dir='ltr'><strong>vel</strong></span> <span class='ocrx_word' id='word_1_35' title='bbox 842 585 1133 655; x_wconf 67' lang='lat' dir='ltr'><strong>praeteritis</strong></span> <span class='ocrx_word' id='word_1_36' title='bbox 1159 626 1174 650; x_wconf 95' lang='lat'><strong>,</strong></span> <span class='ocrx_word' id='word_1_37' title='bbox 1214 584 1299 640; x_wconf 85' lang='lat' dir='ltr'><strong>vel</strong></span> <span class='ocrx_word' id='word_1_38' title='bbox 1333 583 1691 654; x_wconf 65' lang='lat' dir='ltr'><strong>prassentibus</strong></span> <span class='ocrx_word' id='word_1_39' title='bbox 1714 622 1729 646; x_wconf 95' lang='lat'><strong>,</strong></span> <span class='ocrx_word' id='word_1_40' title='bbox 1766 580 1850 635; x_wconf 87' lang='lat' dir='ltr'><strong>vel</strong></span> <span class='ocrx_word' id='word_1_41' title='bbox 1882 579 2114 633; x_wconf 81' lang='lat' dir='ltr'><strong>futuris?</strong></span> 
     </span>
    </p>
   </div>
   <div class='ocr_carea' id='block_1_7' title="bbox 527 671 2114 746">
    <p class='ocr_par' dir='ltr' id='par_1_7' title="bbox 527 671 2114 746">
     <span class='ocr_line' id='line_1_7' title="bbox 527 671 2114 746; baseline -0.006 -17"><span class='ocrx_word' id='word_1_42' title='bbox 527 674 765 744; x_wconf 80' lang='lat' dir='ltr'><strong>alioquin</strong></span> <span class='ocrx_word' id='word_1_43' title='bbox 786 672 1080 746; x_wconf 78' lang='lat' dir='ltr'><strong>gratiajani</strong></span> <span class='ocrx_word' id='word_1_44' title='bbox 1101 688 1206 729; x_wconf 90' lang='lat' dir='ltr'><strong>non</strong></span> <span class='ocrx_word' id='word_1_45' title='bbox 1225 681 1309 728; x_wconf 87' lang='lat' dir='ltr'><strong>est</strong></span> <span class='ocrx_word' id='word_1_46' title='bbox 1330 673 1522 744; x_wconf 81' lang='lat' dir='ltr'><strong>gratia.</strong></span> <span class='ocrx_word' id='word_1_47' title='bbox 1546 691 1565 724; x_wconf 75' lang='grc' dir='ltr'><strong>ι</strong></span> <span class='ocrx_word' id='word_1_48' title='bbox 1594 671 1720 727; x_wconf 60' lang='lat' dir='ltr'><strong>Haec</strong></span> <span class='ocrx_word' id='word_1_49' title='bbox 1739 671 1917 724; x_wconf 85' lang='lat' dir='ltr'><strong>omnia</strong></span> <span class='ocrx_word' id='word_1_50' title='bbox 1933 682 2114 723; x_wconf 81' lang='lat' dir='ltr'><strong>exem-</strong></span> 
     </span>
    </p>
   </div>
   <div class='ocr_carea' id='block_1_8' title="bbox 525 758 2113 836">
    <p class='ocr_par' dir='ltr' id='par_1_8' title="bbox 525 758 2113 836">
     <span class='ocr_line' id='line_1_8' title="bbox 525 758 2113 836; baseline -0.004 -17"><span class='ocrx_word' id='word_1_51' title='bbox 525 764 613 836; x_wconf 81' lang='lat' dir='ltr'><strong>pla</strong></span> <span class='ocrx_word' id='word_1_52' title='bbox 650 760 925 820; x_wconf 86' lang='lat' dir='ltr'><strong>intueatur</strong></span> <span class='ocrx_word' id='word_1_53' title='bbox 953 763 1142 827; x_wconf 78' lang='lat' dir='ltr'><strong>lector,</strong></span> <span class='ocrx_word' id='word_1_54' title='bbox 1171 763 1214 817; x_wconf 89' lang='lat' dir='ltr'><strong>si</strong></span> <span class='ocrx_word' id='word_1_55' title='bbox 1245 762 1606 832; x_wconf 90' lang='lat' dir='ltr'><strong>astipulentur</strong></span> <span class='ocrx_word' id='word_1_56' title='bbox 1640 760 1874 830; x_wconf 92' lang='lat' dir='ltr'><strong>capitulo</strong></span> <span class='ocrx_word' id='word_1_57' title='bbox 1901 774 1930 813; x_wconf 93' lang='lat' dir='ltr'><strong>a</strong></span> <span class='ocrx_word' id='word_1_58' title='bbox 1956 758 2113 813; x_wconf 88' lang='lat' dir='ltr'><strong>nobis</strong></span> 
     </span>
    </p>
   </div>
   <div class='ocr_carea' id='block_1_9' title="bbox 525 849 2112 925">
    <p class='ocr_par' dir='ltr' id='par_1_9' title="bbox 525 849 2112 925">
     <span class='ocr_line' id='line_1_9' title="bbox 525 849 2112 925; baseline -0.006 -14"><span class='ocrx_word' id='word_1_59' title='bbox 525 863 803 925; x_wconf 82' lang='lat' dir='ltr'><strong>excerpto,</strong></span> <span class='ocrx_word' id='word_1_60' title='bbox 823 854 875 908; x_wconf 91' lang='lat' dir='ltr'><strong>in</strong></span> <span class='ocrx_word' id='word_1_61' title='bbox 904 868 1011 924; x_wconf 94' lang='lat' dir='ltr'><strong>quo</strong></span> <span class='ocrx_word' id='word_1_62' title='bbox 1035 853 1298 923; x_wconf 90' lang='lat' dir='ltr'><strong>scriptum</strong></span> <span class='ocrx_word' id='word_1_63' title='bbox 1330 860 1446 907; x_wconf 90' lang='lat' dir='ltr'><strong>est:</strong></span> <span class='ocrx_word' id='word_1_64' title='bbox 1480 850 1652 906; x_wconf 82' lang='lat' dir='ltr'><strong>Homo</strong></span> <span class='ocrx_word' id='word_1_65' title='bbox 1691 849 1853 905; x_wconf 85' lang='lat' dir='ltr'><strong>libero</strong></span> <span class='ocrx_word' id='word_1_66' title='bbox 1893 849 2112 904; x_wconf 81' lang='lat' dir='ltr'><strong>arbitrio</strong></span> 
     </span>
    </p>
   </div>
   <div class='ocr_carea' id='block_1_10' title="bbox 523 942 2108 1014">
    <p class='ocr_par' dir='ltr' id='par_1_10' title="bbox 523 942 2108 1014">
     <span class='ocr_line' id='line_1_10' title="bbox 523 942 2108 1014; baseline -0.004 -14"><span class='ocrx_word' id='word_1_67' title='bbox 523 944 664 1000; x_wconf 84' lang='lat' dir='ltr'><strong>tnale</strong></span> <span class='ocrx_word' id='word_1_68' title='bbox 714 955 863 999; x_wconf 87' lang='lat' dir='ltr'><strong>utens</strong></span> <span class='ocrx_word' id='word_1_69' title='bbox 900 943 1125 1014; x_wconf 74' lang='lat' dir='ltr'><strong>peccavit</strong></span> <span class='ocrx_word' id='word_1_70' title='bbox 1174 951 1224 997; x_wconf 93' lang='lat' dir='ltr'><strong>et</strong></span> <span class='ocrx_word' id='word_1_71' title='bbox 1261 942 1469 1007; x_wconf 90' lang='lat' dir='ltr'><strong>cecidit,</strong></span> <span class='ocrx_word' id='word_1_72' title='bbox 1509 951 1558 997; x_wconf 88' lang='lat' dir='ltr'><strong>et</strong></span> <span class='ocrx_word' id='word_1_73' title='bbox 1594 942 1767 1010; x_wconf 78' lang='lat' dir='ltr'><strong>factus</strong></span> <span class='ocrx_word' id='word_1_74' title='bbox 1816 951 1892 995; x_wconf 89' lang='lat' dir='ltr'><strong>est</strong></span> <span class='ocrx_word' id='word_1_75' title='bbox 1932 956 2108 994; x_wconf 85' lang='lat' dir='ltr'><strong>massa</strong></span> 
     </span>
    </p>
   </div>
   <div class='ocr_carea' id='block_1_11' title="bbox 523 1031 2112 1105">
    <p class='ocr_par' dir='ltr' id='par_1_11' title="bbox 523 1031 2112 1105">
     <span class='ocr_line' id='line_1_11' title="bbox 523 1031 2112 1105; baseline -0.003 -16"><span class='ocrx_word' id='word_1_76' title='bbox 523 1034 829 1105; x_wconf 86' lang='lat' dir='ltr'><strong>perditionis</strong></span> <span class='ocrx_word' id='word_1_77' title='bbox 879 1043 1036 1088; x_wconf 77' lang='lat' dir='ltr'><strong>totius</strong></span> <span class='ocrx_word' id='word_1_78' title='bbox 1073 1034 1291 1087; x_wconf 83' lang='lat' dir='ltr'><strong>humani</strong></span> <span class='ocrx_word' id='word_1_79' title='bbox 1336 1034 1559 1104; x_wconf 75' lang='lat' dir='ltr'><strong>generis.</strong></span> <span class='ocrx_word' id='word_1_80' title='bbox 1585 1032 1726 1087; x_wconf 88' lang='lat' dir='ltr'><strong>Deus</strong></span> <span class='ocrx_word' id='word_1_81' title='bbox 1748 1040 1923 1085; x_wconf 87' lang='lat' dir='ltr'><strong>autem</strong></span> <span class='ocrx_word' id='word_1_82' title='bbox 1946 1031 2112 1085; x_wconf 84' lang='lat' dir='ltr'><strong>bonus</strong></span> 
     </span>
    </p>
   </div>
   <div class='ocr_carea' id='block_1_12' title="bbox 522 1120 2110 1195">
    <p class='ocr_par' dir='ltr' id='par_1_12' title="bbox 522 1120 2110 1195">
     <span class='ocr_line' id='line_1_12' title="bbox 522 1120 2110 1195; baseline -0.004 -16"><span class='ocrx_word' id='word_1_83' title='bbox 522 1128 579 1179; x_wconf 81' lang='lat' dir='ltr'><strong>et</strong></span> <span class='ocrx_word' id='word_1_84' title='bbox 605 1124 783 1195; x_wconf 86' lang='lat' dir='ltr'><strong>justus</strong></span> <span class='ocrx_word' id='word_1_85' title='bbox 826 1123 976 1193; x_wconf 86' lang='lat' dir='ltr'><strong>elegit</strong></span> <span class='ocrx_word' id='word_1_86' title='bbox 1008 1138 1075 1177; x_wconf 79' lang='lat' dir='ltr'><strong>ea:</strong></span> <span class='ocrx_word' id='word_1_87' title='bbox 1095 1122 1277 1176; x_wconf 89' lang='lat' dir='ltr'><strong>eadem</strong></span> <span class='ocrx_word' id='word_1_88' title='bbox 1299 1139 1473 1176; x_wconf 88' lang='lat' dir='ltr'><strong>massa</strong></span> <span class='ocrx_word' id='word_1_89' title='bbox 1495 1122 1802 1193; x_wconf 72' lang='lat' dir='ltr'><strong>perditionis</strong></span> <span class='ocrx_word' id='word_1_90' title='bbox 1824 1120 2110 1175; x_wconf 86' lang='lat' dir='ltr'><strong>secundum</strong></span> 
     </span>
    </p>
   </div>
   <div class='ocr_carea' id='block_1_13' title="bbox 524 1209 2110 1284">
    <p class='ocr_par' dir='ltr' id='par_1_13' title="bbox 524 1209 2110 1284">
     <span class='ocr_line' id='line_1_13' title="bbox 524 1209 2110 1284; baseline -0.003 -18"><span class='ocrx_word' id='word_1_91' title='bbox 524 1214 908 1284; x_wconf 79' lang='lat' dir='ltr'><strong>prtescientiam</strong></span> <span class='ocrx_word' id='word_1_92' title='bbox 956 1227 1130 1273; x_wconf 85' lang='lat' dir='ltr'><strong>suam.</strong></span> <span class='ocrx_word' id='word_1_93' title='bbox 1157 1227 1288 1282; x_wconf 85' lang='lat' dir='ltr'><strong>quos</strong></span> <span class='ocrx_word' id='word_1_94' title='bbox 1330 1220 1424 1279; x_wconf 85' lang='lat' dir='ltr'><strong>per</strong></span> <span class='ocrx_word' id='word_1_95' title='bbox 1453 1211 1679 1281; x_wconf 87' lang='lat' dir='ltr'><strong>gratiam</strong></span> <span class='ocrx_word' id='word_1_96' title='bbox 1722 1209 2110 1281; x_wconf 76' lang='lat' dir='ltr'><strong>prcedestinavit</strong></span> 
     </span>
    </p>
   </div>
   <div class='ocr_carea' id='block_1_14' title="bbox 525 1294 2111 1373">
    <p class='ocr_par' dir='ltr' id='par_1_14' title="bbox 525 1294 2111 1373">
     <span class='ocr_line' id='line_1_14' title="bbox 525 1294 2111 1373; baseline -0.001 -15"><span class='ocrx_word' id='word_1_97' title='bbox 525 1304 596 1358; x_wconf 86' lang='lat' dir='ltr'><strong>ad</strong></span> <span class='ocrx_word' id='word_1_98' title='bbox 624 1304 799 1365; x_wconf 85' lang='lat' dir='ltr'><strong>vitam,</strong></span> <span class='ocrx_word' id='word_1_99' title='bbox 829 1313 877 1358; x_wconf 90' lang='lat' dir='ltr'><strong>et</strong></span> <span class='ocrx_word' id='word_1_100' title='bbox 905 1294 1066 1357; x_wconf 80' lang='lat' dir='ltr'><strong>vitam</strong></span> <span class='ocrx_word' id='word_1_101' title='bbox 1111 1302 1217 1357; x_wconf 89' lang='lat' dir='ltr'><strong>illis</strong></span> <span class='ocrx_word' id='word_1_102' title='bbox 1261 1302 1647 1373; x_wconf 76' lang='lat' dir='ltr'><strong>pra&#39;destinavit</strong></span> <span class='ocrx_word' id='word_1_103' title='bbox 1679 1311 1931 1357; x_wconf 67' lang='lat' dir='ltr'><strong>(eternam</strong></span> <span class='ocrx_word' id='word_1_104' title='bbox 1958 1317 1977 1356; x_wconf 90' lang='lat'><strong><em>:</em></strong></span> <span class='ocrx_word' id='word_1_105' title='bbox 2003 1318 2111 1356; x_wconf 77' lang='lat' dir='ltr'><strong>ca:-</strong></span> 
     </span>
    </p>
   </div>
   <div class='ocr_carea' id='block_1_15' title="bbox 523 1394 2116 1468">
    <p class='ocr_par' dir='ltr' id='par_1_15' title="bbox 523 1394 2116 1468">
     <span class='ocr_line' id='line_1_15' title="bbox 523 1394 2116 1468; baseline -0.004 -16"><span class='ocrx_word' id='word_1_106' title='bbox 523 1400 661 1454; x_wconf 77' lang='lat' dir='ltr'><strong>teros</strong></span> <span class='ocrx_word' id='word_1_107' title='bbox 709 1402 917 1462; x_wconf 82' lang='lat' dir='ltr'><strong>autem,</strong></span> <span class='ocrx_word' id='word_1_108' title='bbox 947 1414 1077 1468; x_wconf 87' lang='lat' dir='ltr'><strong>quos</strong></span> <span class='ocrx_word' id='word_1_109' title='bbox 1100 1396 1327 1467; x_wconf 67' lang='lat' dir='ltr'><strong>justitia:</strong></span> <span class='ocrx_word' id='word_1_110' title='bbox 1355 1397 1563 1467; x_wconf 88' lang='lat' dir='ltr'><strong>judicio</strong></span> <span class='ocrx_word' id='word_1_111' title='bbox 1608 1397 1663 1449; x_wconf 84' lang='lat' dir='ltr'><strong>in</strong></span> <span class='ocrx_word' id='word_1_112' title='bbox 1706 1409 1881 1448; x_wconf 89' lang='lat' dir='ltr'><strong>massa</strong></span> <span class='ocrx_word' id='word_1_113' title='bbox 1937 1394 2116 1463; x_wconf 85' lang='lat' dir='ltr'><strong>perdi-</strong></span> 
     </span>
    </p>
   </div>
   <div class='ocr_carea' id='block_1_16' title="bbox 521 1478 2117 1559">
    <p class='ocr_par' dir='ltr' id='par_1_16' title="bbox 521 1478 2117 1559">
     <span class='ocr_line' id='line_1_16' title="bbox 521 1478 2117 1559; baseline -0.003 -17"><span class='ocrx_word' id='word_1_114' title='bbox 521 1488 677 1543; x_wconf 79' lang='lat' dir='ltr'><strong>tionis</strong></span> <span class='ocrx_word' id='word_1_115' title='bbox 726 1487 952 1557; x_wconf 87' lang='lat' dir='ltr'><strong>reliquit,</strong></span> <span class='ocrx_word' id='word_1_116' title='bbox 980 1489 1239 1559; x_wconf 85' lang='lat' dir='ltr'><strong>perituros</strong></span> <span class='ocrx_word' id='word_1_117' title='bbox 1276 1488 1555 1557; x_wconf 63' lang='lat' dir='ltr'><strong>praesciuit,</strong></span> <span class='ocrx_word' id='word_1_118' title='bbox 1589 1486 1679 1540; x_wconf 85' lang='lat' dir='ltr'><strong>sed</strong></span> <span class='ocrx_word' id='word_1_119' title='bbox 1731 1502 1834 1539; x_wconf 89' lang='lat' dir='ltr'><strong>non</strong></span> <span class='ocrx_word' id='word_1_120' title='bbox 1872 1494 1928 1538; x_wconf 87' lang='lat' dir='ltr'><strong>ut</strong></span> <span class='ocrx_word' id='word_1_121' title='bbox 1967 1478 2117 1553; x_wconf 83' lang='lat' dir='ltr'><strong>peri-</strong></span> 
     </span>
    </p>
   </div>
   <div class='ocr_carea' id='block_1_17' title="bbox 522 1574 2111 1650">
    <p class='ocr_par' dir='ltr' id='par_1_17' title="bbox 522 1574 2111 1650">
     <span class='ocr_line' id='line_1_17' title="bbox 522 1574 2111 1650; baseline -0.003 -18"><span class='ocrx_word' id='word_1_122' title='bbox 522 1588 645 1634; x_wconf 81' lang='lat' dir='ltr'><strong>rent</strong></span> <span class='ocrx_word' id='word_1_123' title='bbox 683 1579 1113 1650; x_wconf 68' lang='lat' dir='ltr'><strong>praedestinavit:</strong></span> <span class='ocrx_word' id='word_1_124' title='bbox 1142 1595 1346 1650; x_wconf 72' lang='lat' dir='ltr'><strong>paruam</strong></span> <span class='ocrx_word' id='word_1_125' title='bbox 1393 1588 1568 1631; x_wconf 86' lang='lat' dir='ltr'><strong>autem</strong></span> <span class='ocrx_word' id='word_1_126' title='bbox 1610 1574 1737 1642; x_wconf 88' lang='lat' dir='ltr'><strong>illis,</strong></span> <span class='ocrx_word' id='word_1_127' title='bbox 1768 1576 1893 1646; x_wconf 82' lang='lat' dir='ltr'><strong><em>quia</em></strong></span> <span class='ocrx_word' id='word_1_128' title='bbox 1931 1574 2111 1644; x_wconf 88' lang='lat' dir='ltr'><strong>justus</strong></span> 
     </span>
    </p>
   </div>
   <div class='ocr_carea' id='block_1_18' title="bbox 519 1671 1341 1741">
    <p class='ocr_par' dir='ltr' id='par_1_18' title="bbox 519 1671 1341 1741">
     <span class='ocr_line' id='line_1_18' title="bbox 519 1671 1341 1741; baseline -0.002 -16"><span class='ocrx_word' id='word_1_129' title='bbox 519 1674 618 1737; x_wconf 76' lang='lat' dir='ltr'><strong>est,</strong></span> <span class='ocrx_word' id='word_1_130' title='bbox 650 1671 1040 1741; x_wconf 68' lang='lat' dir='ltr'><strong>praedestinavit</strong></span> <span class='ocrx_word' id='word_1_131' title='bbox 1072 1680 1341 1725; x_wconf 70' lang='lat' dir='ltr'><strong>cateruam.</strong></span> 
     </span>
    </p>
   </div>
   <div class='ocr_carea' id='block_1_19' title="bbox 1099 1802 1528 1860">
    <p class='ocr_par' dir='ltr' id='par_1_19' title="bbox 1099 1802 1528 1860">
     <span class='ocr_line' id='line_1_19' title="bbox 1099 1802 1528 1860; baseline -0.005 0"><span class='ocrx_word' id='word_1_132' title='bbox 1099 1802 1326 1860; x_wconf 82' lang='lat' dir='ltr'><strong>CAPUT</strong></span> <span class='ocrx_word' id='word_1_133' title='bbox 1362 1802 1528 1859; x_wconf 78' lang='lat' dir='ltr'><strong>XVII.</strong></span> 
     </span>
    </p>
   </div>
   <div class='ocr_carea' id='block_1_20' title="bbox 519 1910 2105 1989">
    <p class='ocr_par' dir='ltr' id='par_1_20' title="bbox 519 1910 2105 1989">
     <span class='ocr_line' id='line_1_20' title="bbox 519 1910 2105 1989; baseline -0.009 -13"><span class='ocrx_word' id='word_1_134' title='bbox 519 1917 625 1989; x_wconf 14' lang='lat' dir='ltr'><strong>De,</strong></span> <span class='ocrx_word' id='word_1_135' title='bbox 662 1935 722 1974; x_wconf 93' lang='lat' dir='ltr'><strong>eo</strong></span> <span class='ocrx_word' id='word_1_136' title='bbox 787 1918 927 1989; x_wconf 89' lang='lat' dir='ltr'><strong>quod</strong></span> <span class='ocrx_word' id='word_1_137' title='bbox 987 1916 1365 1989; x_wconf 75' lang='lat' dir='ltr'><strong>Gothescalcus</strong></span> <span class='ocrx_word' id='word_1_138' title='bbox 1426 1912 1719 1989; x_wconf 75' lang='lat' dir='ltr'><strong>exemplum</strong></span> <span class='ocrx_word' id='word_1_139' title='bbox 1787 1911 1908 1965; x_wconf 85' lang='lat' dir='ltr'><strong>libri</strong></span> <span class='ocrx_word' id='word_1_140' title='bbox 1969 1910 2105 1989; x_wconf 79' lang='lat' dir='ltr'><strong>beati</strong></span> 
     </span>
    </p>
   </div>
   <div class='ocr_carea' id='block_1_21' title="bbox 592 1981 2105 2059">
    <p class='ocr_par' dir='ltr' id='par_1_21' title="bbox 592 1981 2105 2059">
     <span class='ocr_line' id='line_1_21' title="bbox 592 1981 2105 2059; baseline -0.007 -17"><span class='ocrx_word' id='word_1_141' title='bbox 592 1981 1062 2059; x_wconf 79' lang='lat' dir='ltr'><strong>Augustini,quem</strong></span> <span class='ocrx_word' id='word_1_142' title='bbox 1076 1988 1159 2042; x_wconf 88' lang='lat' dir='ltr'><strong>sui</strong></span> <span class='ocrx_word' id='word_1_143' title='bbox 1173 1987 1452 2059; x_wconf 78' lang='lat' dir='ltr'><strong>‘complices</strong></span> <span class='ocrx_word' id='word_1_144' title='bbox 1467 1981 1711 2059; x_wconf 68' lang='lat' dir='ltr'><strong>ejusdem</strong></span> <span class='ocrx_word' id='word_1_145' title='bbox 1743 1998 1853 2059; x_wconf 77' lang='lat' dir='ltr'><strong>esse</strong></span> <span class='ocrx_word' id='word_1_146' title='bbox 1874 1981 2105 2059; x_wconf 74' lang='lat' dir='ltr'><strong>auctoris</strong></span> 
     </span>
    </p>
   </div>
   <div class='ocr_carea' id='block_1_22' title="bbox 530 2053 2102 2129">
    <p class='ocr_par' dir='ltr' id='par_1_22' title="bbox 530 2053 2102 2129">
     <span class='ocr_line' id='line_1_22' title="bbox 530 2053 2102 2129; baseline -0.009 -15"><span class='ocrx_word' id='word_1_147' title='bbox 530 2056 535 2061; x_wconf 72' lang='grc'><strong>’</strong></span> <span class='ocrx_word' id='word_1_148' title='bbox 594 2053 871 2129; x_wconf 66' lang='lat' dir='ltr'><strong>denegata,</strong></span> <span class='ocrx_word' id='word_1_149' title='bbox 886 2053 954 2112; x_wconf 80' lang='lat' dir='ltr'><strong>ad</strong></span> <span class='ocrx_word' id='word_1_150' title='bbox 976 2074 1126 2113; x_wconf 90' lang='lat' dir='ltr'><strong>suam</strong></span> <span class='ocrx_word' id='word_1_151' title='bbox 1150 2053 1565 2129; x_wconf 71' lang='lat' dir='ltr'><strong>conﬁrmandam</strong></span> <span class='ocrx_word' id='word_1_152' title='bbox 1576 2053 1888 2129; x_wconf 82' lang='lat' dir='ltr'><strong>sententiam</strong></span> <span class='ocrx_word' id='word_1_153' title='bbox 1909 2053 2102 2129; x_wconf 69' lang='lat' dir='ltr'><strong>posuit,</strong></span> 
     </span>
    </p>
   </div>
   <div class='ocr_carea' id='block_1_23' title="bbox 532 2119 2101 2190">
    <p class='ocr_par' dir='ltr' id='par_1_23' title="bbox 532 2119 2101 2190">
     <span class='ocr_line' id='line_1_23' title="bbox 532 2119 2101 2190; baseline -0.006 -7"><span class='ocrx_word' id='word_1_154' title='bbox 532 2158 541 2168; x_wconf 69' lang='grc' dir='ltr'><strong>ν</strong></span> <span class='ocrx_word' id='word_1_155' title='bbox 594 2139 644 2183; x_wconf 85' lang='lat' dir='ltr'><strong>et</strong></span> <span class='ocrx_word' id='word_1_156' title='bbox 670 2119 880 2183; x_wconf 52' lang='lat' dir='ltr'><strong>de&#39;alit&#39;s</strong></span> <span class='ocrx_word' id='word_1_157' title='bbox 903 2138 1205 2182; x_wconf 87' lang='lat' dir='ltr'><strong>sanctorum</strong></span> <span class='ocrx_word' id='word_1_158' title='bbox 1227 2119 1492 2180; x_wconf 46' lang='lat' dir='ltr'><strong>s&#39;entetuiis</strong></span> <span class='ocrx_word' id='word_1_159' title='bbox 1517 2125 1585 2178; x_wconf 84' lang='lat' dir='ltr'><strong>ad</strong></span> <span class='ocrx_word' id='word_1_160' title='bbox 1607 2133 1803 2178; x_wconf 88' lang='lat' dir='ltr'><strong>statum</strong></span> <span class='ocrx_word' id='word_1_161' title='bbox 1825 2119 2043 2190; x_wconf 85' lang='lat' dir='ltr'><strong>capituli</strong></span> <span class='ocrx_word' id='word_1_162' title='bbox 2066 2138 2101 2173; x_wconf 90' lang='lat' dir='ltr'><strong>a</strong></span> 
     </span>
    </p>
   </div>
   <div class='ocr_carea' id='block_1_24' title="bbox 595 2198 1324 2270">
    <p class='ocr_par' dir='ltr' id='par_1_24' title="bbox 595 2198 1324 2270">
     <span class='ocr_line' id='line_1_24' title="bbox 595 2198 1324 2270; baseline -0.003 -16"><span class='ocrx_word' id='word_1_163' title='bbox 595 2200 743 2254; x_wconf 82' lang='lat' dir='ltr'><strong>nobis</strong></span> <span class='ocrx_word' id='word_1_164' title='bbox 769 2202 995 2270; x_wconf 73' lang='lat' dir='ltr'><strong>excerpti</strong></span> <span class='ocrx_word' id='word_1_165' title='bbox 1025 2198 1324 2269; x_wconf 71' lang='lat' dir='ltr'><strong>propositis.</strong></span> 
     </span>
    </p>
   </div>
   <div class='ocr_carea' id='block_1_25' title="bbox 532 2304 2107 2389">
    <p class='ocr_par' dir='ltr' id='par_1_25' title="bbox 532 2304 2107 2389">
     <span class='ocr_line' id='line_1_25' title="bbox 532 2304 2107 2389; baseline -0.01 -21"><span class='ocrx_word' id='word_1_166' title='bbox 532 2326 539 2332; x_wconf 87' lang='lat'>&#39;</span> <span class='ocrx_word' id='word_1_167' title='bbox 592 2310 834 2381; x_wconf 85' lang='lat' dir='ltr'><strong>Denique</strong></span> <span class='ocrx_word' id='word_1_168' title='bbox 886 2308 1275 2389; x_wconf 74' lang='lat' dir='ltr'><strong>Gotliescalcus</strong></span> <span class='ocrx_word' id='word_1_169' title='bbox 1323 2308 1388 2362; x_wconf 91' lang='lat' dir='ltr'><strong>de</strong></span> <span class='ocrx_word' id='word_1_170' title='bbox 1453 2306 1593 2361; x_wconf 89' lang='lat' dir='ltr'><strong>libro</strong></span> <span class='ocrx_word' id='word_1_171' title='bbox 1648 2304 2107 2375; x_wconf 83' lang='lat' dir='ltr'><strong>Hypomncsticon</strong></span> 
     </span>
    </p>
   </div>
   <div class='ocr_carea' id='block_1_26' title="bbox 521 2396 2107 2477">
    <p class='ocr_par' dir='ltr' id='par_1_26' title="bbox 521 2396 2107 2477">
     <span class='ocr_line' id='line_1_26' title="bbox 521 2396 2107 2477; baseline -0.009 -14"><span class='ocrx_word' id='word_1_172' title='bbox 521 2405 807 2477; x_wconf 75' lang='lat' dir='ltr'><strong>Augustini</strong></span> <span class='ocrx_word' id='word_1_173' title='bbox 841 2404 983 2459; x_wconf 90' lang='lat' dir='ltr'><strong>inter</strong></span> <span class='ocrx_word' id='word_1_174' title='bbox 1008 2414 1201 2458; x_wconf 69' lang='lat' dir='ltr'><strong>caetera</strong></span> <span class='ocrx_word' id='word_1_175' title='bbox 1232 2403 1299 2457; x_wconf 90' lang='lat' dir='ltr'><strong>ad</strong></span> <span class='ocrx_word' id='word_1_176' title='bbox 1329 2401 1756 2457; x_wconf 81' lang='lat' dir='ltr'><strong>conﬁrmandam</strong></span> <span class='ocrx_word' id='word_1_177' title='bbox 1782 2396 2107 2452; x_wconf 86' lang='lat' dir='ltr'><strong>sententiam</strong></span> 
     </span>
    </p>
   </div>
   <div class='ocr_carea' id='block_1_27' title="bbox 524 2491 2109 2565">
    <p class='ocr_par' dir='ltr' id='par_1_27' title="bbox 524 2491 2109 2565">
     <span class='ocr_line' id='line_1_27' title="bbox 524 2491 2109 2565; baseline -0.008 -14"><span class='ocrx_word' id='word_1_178' title='bbox 524 2499 700 2561; x_wconf 67' lang='lat' dir='ltr'><strong>Suam,</strong></span> <span class='ocrx_word' id='word_1_179' title='bbox 719 2495 843 2565; x_wconf 83' lang='lat' dir='ltr'><strong>quia</strong></span> <span class='ocrx_word' id='word_1_180' title='bbox 865 2494 973 2550; x_wconf 90' lang='lat' dir='ltr'><strong>sint</strong></span> <span class='ocrx_word' id='word_1_181' title='bbox 988 2494 1201 2563; x_wconf 83' lang='lat' dir='ltr'><strong>reprobi</strong></span> <span class='ocrx_word' id='word_1_182' title='bbox 1222 2508 1251 2546; x_wconf 91' lang='lat' dir='ltr'><strong>a</strong></span> <span class='ocrx_word' id='word_1_183' title='bbox 1269 2495 1377 2547; x_wconf 80' lang='lat' dir='ltr'><strong>Deo</strong></span> <span class='ocrx_word' id='word_1_184' title='bbox 1392 2492 1755 2562; x_wconf 61' lang='lat' dir='ltr'><strong>prmrlestinati</strong></span> <span class='ocrx_word' id='word_1_185' title='bbox 1780 2491 1844 2543; x_wconf 86' lang='lat' dir='ltr'><strong>ad</strong></span> <span class='ocrx_word' id='word_1_186' title='bbox 1868 2502 2109 2558; x_wconf 75' lang='lat' dir='ltr'><strong>poenam,</strong></span> 
     </span>
    </p>
   </div>
   <div class='ocr_carea' id='block_1_28' title="bbox 524 2579 2111 2656">
    <p class='ocr_par' dir='ltr' id='par_1_28' title="bbox 524 2579 2111 2656">
     <span class='ocr_line' id='line_1_28' title="bbox 524 2579 2111 2656; baseline -0.007 -14"><span class='ocrx_word' id='word_1_187' title='bbox 524 2587 630 2642; x_wconf 86' lang='lat' dir='ltr'><strong>hoc</strong></span> <span class='ocrx_word' id='word_1_188' title='bbox 669 2587 819 2656; x_wconf 88' lang='lat' dir='ltr'><strong>ponit</strong></span> <span class='ocrx_word' id='word_1_189' title='bbox 849 2584 1153 2654; x_wconf 85' lang='lat' dir='ltr'><strong>exemplum</strong></span> <span class='ocrx_word' id='word_1_190' title='bbox 1187 2585 1372 2638; x_wconf 86' lang='lat' dir='ltr'><strong>dicens</strong></span> <span class='ocrx_word' id='word_1_191' title='bbox 1405 2583 1470 2636; x_wconf 91' lang='lat' dir='ltr'><strong>de</strong></span> <span class='ocrx_word' id='word_1_192' title='bbox 1496 2580 1669 2635; x_wconf 84' lang='lat' dir='ltr'><strong>Juda:</strong></span> <span class='ocrx_word' id='word_1_193' title='bbox 1706 2600 1724 2631; x_wconf 78' lang='grc' dir='ltr'><strong>ι</strong></span> <span class='ocrx_word' id='word_1_194' title='bbox 1747 2581 1802 2634; x_wconf 89' lang='lat' dir='ltr'><strong>Si</strong></span> <span class='ocrx_word' id='word_1_195' title='bbox 1837 2579 1975 2639; x_wconf 86' lang='lat' dir='ltr'><strong>talis,</strong></span> <span class='ocrx_word' id='word_1_196' title='bbox 2022 2579 2111 2633; x_wconf 81' lang='lat' dir='ltr'><strong>in-</strong></span> 
     </span>
    </p>
   </div>
   <div class='ocr_carea' id='block_1_29' title="bbox 528 2671 2110 2750">
    <p class='ocr_par' dir='ltr' id='par_1_29' title="bbox 528 2671 2110 2750">
     <span class='ocr_line' id='line_1_29' title="bbox 528 2671 2110 2750; baseline -0.005 -17"><span class='ocrx_word' id='word_1_197' title='bbox 528 2680 647 2750; x_wconf 84' lang='lat' dir='ltr'><strong>quit</strong></span> <span class='ocrx_word' id='word_1_198' title='bbox 704 2681 893 2735; x_wconf 85' lang='lat' dir='ltr'><strong>beatus</strong></span> <span class='ocrx_word' id='word_1_199' title='bbox 939 2676 1291 2746; x_wconf 82' lang='lat' dir='ltr'><strong>Augustinus,</strong></span> <span class='ocrx_word' id='word_1_200' title='bbox 1325 2675 1500 2729; x_wconf 78' lang='lat' dir='ltr'><strong>iactus</strong></span> <span class='ocrx_word' id='word_1_201' title='bbox 1546 2683 1709 2735; x_wconf 82' lang='lat' dir='ltr'><strong>esset,</strong></span> <span class='ocrx_word' id='word_1_202' title='bbox 1768 2671 2110 2741; x_wconf 83' lang='lat' dir='ltr'><strong>inculpabilis</strong></span> 
     </span>
    </p>
   </div>
   <div class='ocr_carea' id='block_1_30' title="bbox 521 2767 2113 2841">
    <p class='ocr_par' dir='ltr' id='par_1_30' title="bbox 521 2767 2113 2841">
     <span class='ocr_line' id='line_1_30' title="bbox 521 2767 2113 2841; baseline -0.004 -12"><span class='ocrx_word' id='word_1_203' title='bbox 521 2781 682 2835; x_wconf 89' lang='lat' dir='ltr'><strong>esset,</strong></span> <span class='ocrx_word' id='word_1_204' title='bbox 715 2781 769 2827; x_wconf 93' lang='lat' dir='ltr'><strong>et</strong></span> <span class='ocrx_word' id='word_1_205' title='bbox 799 2772 887 2826; x_wconf 90' lang='lat' dir='ltr'><strong>Dei</strong></span> <span class='ocrx_word' id='word_1_206' title='bbox 915 2771 1131 2841; x_wconf 82' lang='lat' dir='ltr'><strong>Opilieio</strong></span> <span class='ocrx_word' id='word_1_207' title='bbox 1163 2778 1528 2839; x_wconf 89' lang='lat' dir='ltr'><strong>reputaretur,</strong></span> <span class='ocrx_word' id='word_1_208' title='bbox 1556 2784 1661 2823; x_wconf 88' lang='lat' dir='ltr'><strong>non</strong></span> <span class='ocrx_word' id='word_1_209' title='bbox 1701 2767 1872 2822; x_wconf 67' lang='lat' dir='ltr'><strong>Judae.</strong></span> <span class='ocrx_word' id='word_1_210' title='bbox 1910 2767 2113 2837; x_wconf 85' lang='lat' dir='ltr'><strong>Injuste</strong></span> 
     </span>
    </p>
   </div>
   <div class='ocr_carea' id='block_1_31' title="bbox 521 2859 2108 2930">
    <p class='ocr_par' dir='ltr' id='par_1_31' title="bbox 521 2859 2108 2930">
     <span class='ocr_line' id='line_1_31' title="bbox 521 2859 2108 2930; baseline -0.003 -14"><span class='ocrx_word' id='word_1_211' title='bbox 521 2865 688 2919; x_wconf 75' lang='lat' dir='ltr'><strong>etiam</strong></span> <span class='ocrx_word' id='word_1_212' title='bbox 738 2865 790 2918; x_wconf 93' lang='lat' dir='ltr'><strong>in</strong></span> <span class='ocrx_word' id='word_1_213' title='bbox 835 2879 901 2917; x_wconf 92' lang='lat' dir='ltr'><strong>eo</strong></span> <span class='ocrx_word' id='word_1_214' title='bbox 940 2864 1160 2930; x_wconf 67' lang='lat' dir='ltr'><strong>praelata</strong></span> <span class='ocrx_word' id='word_1_215' title='bbox 1208 2863 1481 2917; x_wconf 85' lang='lat' dir='ltr'><strong>damnatio</strong></span> <span class='ocrx_word' id='word_1_216' title='bbox 1512 2871 1674 2917; x_wconf 78' lang='lat' dir='ltr'><strong>esset.</strong></span> <span class='ocrx_word' id='word_1_217' title='bbox 1721 2861 1851 2914; x_wconf 86' lang='lat' dir='ltr'><strong>ltem</strong></span> <span class='ocrx_word' id='word_1_218' title='bbox 1893 2859 2108 2923; x_wconf 85' lang='lat' dir='ltr'><strong>Petrus,</strong></span> 
     </span>
    </p>
   </div>
   <div class='ocr_carea' id='block_1_32' title="bbox 527 2951 2108 3025">
    <p class='ocr_par' dir='ltr' id='par_1_32' title="bbox 527 2951 2108 3025">
     <span class='ocr_line' id='line_1_32' title="bbox 527 2951 2108 3025; baseline -0.003 -17"><span class='ocrx_word' id='word_1_219' title='bbox 527 2955 729 3021; x_wconf 81' lang='lat' dir='ltr'><strong>Quibus</strong></span> <span class='ocrx_word' id='word_1_220' title='bbox 750 2955 1011 3025; x_wconf 85' lang='lat' dir='ltr'><strong>judicium</strong></span> <span class='ocrx_word' id='word_1_221' title='bbox 1032 2955 1149 3025; x_wconf 89' lang='lat' dir='ltr'><strong>jam</strong></span> <span class='ocrx_word' id='word_1_222' title='bbox 1177 2952 1300 3007; x_wconf 88' lang='lat' dir='ltr'><strong>olim</strong></span> <span class='ocrx_word' id='word_1_223' title='bbox 1331 2970 1434 3007; x_wconf 90' lang='lat' dir='ltr'><strong>non</strong></span> <span class='ocrx_word' id='word_1_224' title='bbox 1459 2962 1650 3015; x_wconf 86' lang='lat' dir='ltr'><strong>cessat,</strong></span> <span class='ocrx_word' id='word_1_225' title='bbox 1680 2962 1727 3005; x_wconf 90' lang='lat' dir='ltr'><strong>et</strong></span> <span class='ocrx_word' id='word_1_226' title='bbox 1763 2951 1985 3021; x_wconf 84' lang='lat' dir='ltr'><strong>perditio</strong></span> <span class='ocrx_word' id='word_1_227' title='bbox 2020 2966 2108 3003; x_wconf 90' lang='lat' dir='ltr'><strong>eo-</strong></span> 
     </span>
    </p>
   </div>
   <div class='ocr_carea' id='block_1_33' title="bbox 525 3040 2112 3114">
    <p class='ocr_par' dir='ltr' id='par_1_33' title="bbox 525 3040 2112 3114">
     <span class='ocr_line' id='line_1_33' title="bbox 525 3040 2112 3114; baseline -0.004 -15"><span class='ocrx_word' id='word_1_228' title='bbox 525 3062 642 3099; x_wconf 88' lang='lat' dir='ltr'><strong>rum</strong></span> <span class='ocrx_word' id='word_1_229' title='bbox 697 3062 799 3099; x_wconf 91' lang='lat' dir='ltr'><strong>non</strong></span> <span class='ocrx_word' id='word_1_230' title='bbox 837 3046 1084 3098; x_wconf 89' lang='lat' dir='ltr'><strong>dormitat</strong></span> <span class='ocrx_word' id='word_1_231' title='bbox 1116 3045 1178 3114; x_wconf 87' lang='grc' dir='ltr'><strong>(ιι</strong></span> <span class='ocrx_word' id='word_1_232' title='bbox 1210 3042 1354 3097; x_wconf 85' lang='lat' dir='ltr'><strong>Petr.</strong></span> <span class='ocrx_word' id='word_1_233' title='bbox 1392 3058 1451 3107; x_wconf 85' lang='grc' dir='ltr'>ιι,</span> <span class='ocrx_word' id='word_1_234' title='bbox 1478 3043 1554 3113; x_wconf 80' lang='lat'><strong>5).</strong></span> <span class='ocrx_word' id='word_1_235' title='bbox 1603 3043 1667 3096; x_wconf 83' lang='lat' dir='ltr'><strong>Et</strong></span> <span class='ocrx_word' id='word_1_236' title='bbox 1695 3042 1880 3104; x_wconf 72' lang='lat' dir='ltr'><strong>ludas,</strong></span> <span class='ocrx_word' id='word_1_237' title='bbox 1917 3040 2112 3095; x_wconf 88' lang='lat' dir='ltr'><strong>Subin-</strong></span> 
     </span>
    </p>
   </div>
   <div class='ocr_carea' id='block_1_34' title="bbox 2215 486 3838 560">
    <p class='ocr_par' dir='ltr' id='par_1_34' title="bbox 2215 486 3838 560">
     <span class='ocr_line' id='line_1_34' title="bbox 2215 486 3838 560; baseline 0.003 -19"><span class='ocrx_word' id='word_1_238' title='bbox 2215 487 2307 543; x_wconf 89' lang='lat' dir='ltr'><strong>Dei</strong></span> <span class='ocrx_word' id='word_1_239' title='bbox 2341 488 2557 557; x_wconf 81' lang='lat' dir='ltr'><strong>opiﬁeio</strong></span> <span class='ocrx_word' id='word_1_240' title='bbox 2587 496 2948 557; x_wconf 87' lang='lat' dir='ltr'><strong>reputaretur,</strong></span> <span class='ocrx_word' id='word_1_241' title='bbox 2986 503 3091 542; x_wconf 91' lang='lat' dir='ltr'><strong>non</strong></span> <span class='ocrx_word' id='word_1_242' title='bbox 3119 486 3288 542; x_wconf 66' lang='lat' dir='ltr'><strong>Iudae.</strong></span> <span class='ocrx_word' id='word_1_243' title='bbox 3320 488 3522 560; x_wconf 88' lang='lat' dir='ltr'><strong>lnjuste</strong></span> <span class='ocrx_word' id='word_1_244' title='bbox 3553 492 3731 546; x_wconf 86' lang='lat' dir='ltr'><strong>etiam</strong></span> <span class='ocrx_word' id='word_1_245' title='bbox 3765 492 3838 547; x_wconf 83' lang='lat' dir='ltr'><strong>iu</strong></span> 
     </span>
    </p>
   </div>
   <div class='ocr_carea' id='block_1_35' title="bbox 2214 578 3840 647">
    <p class='ocr_par' dir='ltr' id='par_1_35' title="bbox 2214 578 3840 647">
     <span class='ocr_line' id='line_1_35' title="bbox 2214 578 3840 647; baseline 0.004 -15"><span class='ocrx_word' id='word_1_246' title='bbox 2214 592 2335 632; x_wconf 90' lang='lat' dir='ltr'><strong>eum</strong></span> <span class='ocrx_word' id='word_1_247' title='bbox 2366 578 2586 647; x_wconf 68' lang='lat' dir='ltr'><strong>praelata</strong></span> <span class='ocrx_word' id='word_1_248' title='bbox 2622 579 2897 633; x_wconf 84' lang='lat' dir='ltr'><strong>damnatio</strong></span> <span class='ocrx_word' id='word_1_249' title='bbox 2917 587 3080 634; x_wconf 84' lang='lat' dir='ltr'><strong>esset.</strong></span> <span class='ocrx_word' id='word_1_250' title='bbox 3112 578 3220 634; x_wconf 89' lang='lat' dir='ltr'><strong>Sed</strong></span> <span class='ocrx_word' id='word_1_251' title='bbox 3246 579 3388 634; x_wconf 83' lang='lat' dir='ltr'><strong>ab&#39;sit</strong></span> <span class='ocrx_word' id='word_1_252' title='bbox 3412 583 3514 637; x_wconf 84' lang='lat' dir='ltr'><strong>hoc</strong></span> <span class='ocrx_word' id='word_1_253' title='bbox 3532 598 3562 636; x_wconf 91' lang='lat' dir='ltr'><strong>a</strong></span> <span class='ocrx_word' id='word_1_254' title='bbox 3586 598 3840 638; x_wconf 85' lang='lat' dir='ltr'><strong>summe</strong></span> 
     </span>
    </p>
   </div>
   <div class='ocr_carea' id='block_1_36' title="bbox 2212 669 3840 739">
    <p class='ocr_par' dir='ltr' id='par_1_36' title="bbox 2212 669 3840 739">
     <span class='ocr_line' id='line_1_36' title="bbox 2212 669 3840 739; baseline 0.004 -15"><span class='ocrx_word' id='word_1_255' title='bbox 2212 669 2554 738; x_wconf 87' lang='lat' dir='ltr'><strong>bonojudice</strong></span> <span class='ocrx_word' id='word_1_256' title='bbox 2580 680 2801 725; x_wconf 89' lang='lat' dir='ltr'><strong>auctore</strong></span> <span class='ocrx_word' id='word_1_257' title='bbox 2839 670 3080 726; x_wconf 87' lang='lat' dir='ltr'><strong>omnium</strong></span> <span class='ocrx_word' id='word_1_258' title='bbox 3112 672 3376 727; x_wconf 91' lang='lat' dir='ltr'><strong>bonorum</strong></span> <span class='ocrx_word' id='word_1_259' title='bbox 3405 674 3534 739; x_wconf 88' lang='lat' dir='ltr'><strong>Deo,</strong></span> <span class='ocrx_word' id='word_1_260' title='bbox 3573 675 3840 730; x_wconf 80' lang='lat' dir='ltr'><strong>damna-</strong></span> 
     </span>
    </p>
   </div>
   <div class='ocr_carea' id='block_1_37' title="bbox 2212 761 3835 832">
    <p class='ocr_par' dir='ltr' id='par_1_37' title="bbox 2212 761 3835 832">
     <span class='ocr_line' id='line_1_37' title="bbox 2212 761 3835 832; baseline 0.004 -18"><span class='ocrx_word' id='word_1_261' title='bbox 2212 768 2330 815; x_wconf 89' lang='lat' dir='ltr'><strong>tore</strong></span> <span class='ocrx_word' id='word_1_262' title='bbox 2360 775 2488 815; x_wconf 89' lang='lat' dir='ltr'><strong>vero</strong></span> <span class='ocrx_word' id='word_1_263' title='bbox 2528 766 2852 815; x_wconf 86' lang='lat' dir='ltr'><strong>cunctorum</strong></span> <span class='ocrx_word' id='word_1_264' title='bbox 2894 761 3180 827; x_wconf 89' lang='lat' dir='ltr'><strong>malorum,</strong></span> <span class='ocrx_word' id='word_1_265' title='bbox 3209 762 3301 831; x_wconf 90' lang='lat' dir='ltr'><strong>qui</strong></span> <span class='ocrx_word' id='word_1_266' title='bbox 3344 764 3545 819; x_wconf 85' lang='lat' dir='ltr'><strong>malum</strong></span> <span class='ocrx_word' id='word_1_267' title='bbox 3575 764 3835 832; x_wconf 71' lang='lat' dir='ltr'><strong>ludam,</strong></span> 
     </span>
    </p>
   </div>
   <div class='ocr_carea' id='block_1_38' title="bbox 2212 852 3839 927">
    <p class='ocr_par' dir='ltr' id='par_1_38' title="bbox 2212 852 3839 927">
     <span class='ocr_line' id='line_1_38' title="bbox 2212 852 3839 927; baseline 0.003 -20"><span class='ocrx_word' id='word_1_268' title='bbox 2212 861 2275 907; x_wconf 90' lang='lat' dir='ltr'><strong>ut</strong></span> <span class='ocrx_word' id='word_1_269' title='bbox 2307 852 2553 924; x_wconf 75' lang='lat' dir='ltr'><strong>praedixi,</strong></span> <span class='ocrx_word' id='word_1_270' title='bbox 2592 853 2868 923; x_wconf 66' lang='lat' dir='ltr'><strong>praescivit</strong></span> <span class='ocrx_word' id='word_1_271' title='bbox 2896 867 3001 908; x_wconf 90' lang='lat' dir='ltr'><strong>non</strong></span> <span class='ocrx_word' id='word_1_272' title='bbox 3044 852 3191 921; x_wconf 79' lang='lat' dir='ltr'><strong>fecit,</strong></span> <span class='ocrx_word' id='word_1_273' title='bbox 3222 863 3278 908; x_wconf 90' lang='lat' dir='ltr'><strong>et</strong></span> <span class='ocrx_word' id='word_1_274' title='bbox 3307 864 3487 911; x_wconf 89' lang='lat' dir='ltr'><strong>tamen</strong></span> <span class='ocrx_word' id='word_1_275' title='bbox 3519 855 3573 910; x_wconf 92' lang='lat' dir='ltr'><strong>in</strong></span> <span class='ocrx_word' id='word_1_276' title='bbox 3600 857 3839 927; x_wconf 76' lang='lat' dir='ltr'><strong>quibus</strong></span> 
     </span>
    </p>
   </div>
   <div class='ocr_carea' id='block_1_39' title="bbox 2214 944 3843 1016">
    <p class='ocr_par' dir='ltr' id='par_1_39' title="bbox 2214 944 3843 1016">
     <span class='ocr_line' id='line_1_39' title="bbox 2214 944 3843 1016; baseline 0.001 -15"><span class='ocrx_word' id='word_1_277' title='bbox 2214 945 2503 1015; x_wconf 69' lang='lat' dir='ltr'><strong>prasscivit,</strong></span> <span class='ocrx_word' id='word_1_278' title='bbox 2548 944 2755 1015; x_wconf 86' lang='lat' dir='ltr'><strong>judicio</strong></span> <span class='ocrx_word' id='word_1_279' title='bbox 2797 945 2948 1015; x_wconf 83' lang='lat' dir='ltr'><strong>justo</strong></span> <span class='ocrx_word' id='word_1_280' title='bbox 2988 945 3211 1001; x_wconf 87' lang='lat' dir='ltr'><strong>tradens</strong></span> <span class='ocrx_word' id='word_1_281' title='bbox 3253 960 3378 1001; x_wconf 87' lang='lat' dir='ltr'><strong>eum</strong></span> <span class='ocrx_word' id='word_1_282' title='bbox 3421 947 3475 1001; x_wconf 90' lang='lat' dir='ltr'><strong>in</strong></span> <span class='ocrx_word' id='word_1_283' title='bbox 3506 948 3843 1016; x_wconf 77' lang='lat' dir='ltr'><strong>reprobum</strong></span> 
     </span>
    </p>
   </div>
   <div class='ocr_carea' id='block_1_40' title="bbox 2213 1026 3834 1110">
    <p class='ocr_par' dir='ltr' id='par_1_40' title="bbox 2213 1026 3834 1110">
     <span class='ocr_line' id='line_1_40' title="bbox 2213 1026 3834 1110; baseline 0.001 -18"><span class='ocrx_word' id='word_1_284' title='bbox 2213 1052 2453 1103; x_wconf 84' lang='lat' dir='ltr'><strong>sensum,</strong></span> <span class='ocrx_word' id='word_1_285' title='bbox 2475 1045 2537 1091; x_wconf 90' lang='lat' dir='ltr'><strong>ut</strong></span> <span class='ocrx_word' id='word_1_286' title='bbox 2564 1036 2813 1107; x_wconf 85' lang='lat' dir='ltr'><strong>impleret</strong></span> <span class='ocrx_word' id='word_1_287' title='bbox 2837 1037 3119 1107; x_wconf 83' lang='lat' dir='ltr'><strong>permisit;</strong></span> <span class='ocrx_word' id='word_1_288' title='bbox 3148 1045 3205 1092; x_wconf 90' lang='lat' dir='ltr'><strong>et</strong></span> <span class='ocrx_word' id='word_1_289' title='bbox 3226 1026 3348 1093; x_wconf 87' lang='lat' dir='ltr'><strong>ideo</strong></span> <span class='ocrx_word' id='word_1_290' title='bbox 3373 1039 3640 1109; x_wconf 82' lang='lat' dir='ltr'><strong>permisit,</strong></span> <span class='ocrx_word' id='word_1_291' title='bbox 3670 1040 3834 1110; x_wconf 78' lang='lat' dir='ltr'><strong>quia</strong></span> 
     </span>
    </p>
   </div>
   <div class='ocr_carea' id='block_1_41' title="bbox 2213 1118 3836 1200">
    <p class='ocr_par' dir='ltr' id='par_1_41' title="bbox 2213 1118 3836 1200">
     <span class='ocr_line' id='line_1_41' title="bbox 2213 1118 3836 1200; baseline 0.002 -19"><span class='ocrx_word' id='word_1_292' title='bbox 2213 1143 2311 1198; x_wconf 87' lang='lat' dir='ltr'><strong>per</strong></span> <span class='ocrx_word' id='word_1_293' title='bbox 2361 1125 2621 1197; x_wconf 79' lang='lat' dir='ltr'><strong>Spiritum</strong></span> <span class='ocrx_word' id='word_1_294' title='bbox 2671 1118 2916 1183; x_wconf 83' lang='lat' dir='ltr'><strong>sanctum</strong></span> <span class='ocrx_word' id='word_1_295' title='bbox 2952 1120 3090 1183; x_wconf 82' lang='lat' dir='ltr'><strong>eum</strong></span> <span class='ocrx_word' id='word_1_296' title='bbox 3140 1128 3441 1197; x_wconf 86' lang='lat' dir='ltr'><strong>periturum</strong></span> <span class='ocrx_word' id='word_1_297' title='bbox 3486 1140 3617 1186; x_wconf 86' lang='lat' dir='ltr'><strong>ante</strong></span> <span class='ocrx_word' id='word_1_298' title='bbox 3663 1145 3836 1200; x_wconf 70' lang='lat' dir='ltr'><strong>pras-</strong></span> 
     </span>
    </p>
   </div>
   <div class='ocr_carea' id='block_1_42' title="bbox 2214 1217 3839 1292">
    <p class='ocr_par' dir='ltr' id='par_1_42' title="bbox 2214 1217 3839 1292">
     <span class='ocr_line' id='line_1_42' title="bbox 2214 1217 3839 1292; baseline 0.004 -20"><span class='ocrx_word' id='word_1_299' title='bbox 2214 1217 2368 1272; x_wconf 76' lang='lat' dir='ltr'><strong>dixit.</strong></span> <span class='ocrx_word' id='word_1_300' title='bbox 2402 1237 2421 1269; x_wconf 76' lang='grc' dir='ltr'><strong>ι</strong></span> <span class='ocrx_word' id='word_1_301' title='bbox 2455 1217 2524 1272; x_wconf 83' lang='lat' dir='ltr'><strong>Et</strong></span> <span class='ocrx_word' id='word_1_302' title='bbox 2546 1224 2672 1287; x_wconf 89' lang='lat' dir='ltr'><strong>post</strong></span> <span class='ocrx_word' id='word_1_303' title='bbox 2693 1217 2968 1287; x_wconf 90' lang='lat' dir='ltr'><strong>paululum</strong></span> <span class='ocrx_word' id='word_1_304' title='bbox 2997 1237 3012 1273; x_wconf 87' lang='lat'><strong>:</strong></span> <span class='ocrx_word' id='word_1_305' title='bbox 3050 1239 3071 1270; x_wconf 76' lang='grc' dir='ltr'><strong>ι</strong></span> <span class='ocrx_word' id='word_1_306' title='bbox 3106 1217 3255 1275; x_wconf 89' lang='lat' dir='ltr'><strong>Talis</strong></span> <span class='ocrx_word' id='word_1_307' title='bbox 3274 1235 3408 1291; x_wconf 86' lang='lat' dir='ltr'><strong>ergo</strong></span> <span class='ocrx_word' id='word_1_308' title='bbox 3432 1222 3839 1292; x_wconf 83' lang='lat' dir='ltr'><strong>periturorum</strong></span> 
     </span>
    </p>
   </div>
   <div class='ocr_carea' id='block_1_43' title="bbox 2213 1303 3831 1383">
    <p class='ocr_par' dir='ltr' id='par_1_43' title="bbox 2213 1303 3831 1383">
     <span class='ocr_line' id='line_1_43' title="bbox 2213 1303 3831 1383; baseline 0.002 -19"><span class='ocrx_word' id='word_1_309' title='bbox 2213 1303 2455 1364; x_wconf 79' lang='lat' dir='ltr'><strong>omniuni</strong></span> <span class='ocrx_word' id='word_1_310' title='bbox 2486 1325 2653 1365; x_wconf 87' lang='lat' dir='ltr'><strong>causa</strong></span> <span class='ocrx_word' id='word_1_311' title='bbox 2678 1318 2782 1375; x_wconf 88' lang='lat' dir='ltr'><strong>est,</strong></span> <span class='ocrx_word' id='word_1_312' title='bbox 2811 1310 2938 1367; x_wconf 90' lang='lat' dir='ltr'><strong>licet</strong></span> <span class='ocrx_word' id='word_1_313' title='bbox 2967 1311 3123 1383; x_wconf 90' lang='lat' dir='ltr'><strong>culpa</strong></span> <span class='ocrx_word' id='word_1_314' title='bbox 3153 1313 3277 1367; x_wconf 90' lang='lat' dir='ltr'><strong>sita</strong></span> <span class='ocrx_word' id='word_1_315' title='bbox 3308 1312 3462 1382; x_wconf 90' lang='lat' dir='ltr'><strong>culpa</strong></span> <span class='ocrx_word' id='word_1_316' title='bbox 3495 1312 3831 1369; x_wconf 86' lang='lat' dir='ltr'><strong>dissimilis.</strong></span> 
     </span>
    </p>
   </div>
   <div class='ocr_carea' id='block_1_44' title="bbox 2176 1400 3833 1479">
    <p class='ocr_par' dir='ltr' id='par_1_44' title="bbox 2176 1400 3833 1479">
     <span class='ocr_line' id='line_1_44' title="bbox 2176 1400 3833 1479; baseline 0.003 -23"><span class='ocrx_word' id='word_1_317' title='bbox 2176 1470 2181 1479; x_wconf 32' lang='lat'><em>.</em></span> <span class='ocrx_word' id='word_1_318' title='bbox 2213 1400 2411 1456; x_wconf 82' lang='lat' dir='ltr'><strong>Verum</strong></span> <span class='ocrx_word' id='word_1_319' title='bbox 2435 1408 2617 1456; x_wconf 88' lang='lat' dir='ltr'><strong>autem</strong></span> <span class='ocrx_word' id='word_1_320' title='bbox 2644 1416 2764 1457; x_wconf 86' lang='lat' dir='ltr'><strong>esse</strong></span> <span class='ocrx_word' id='word_1_321' title='bbox 2789 1403 2932 1472; x_wconf 84' lang='lat' dir='ltr'><strong>quod</strong></span> <span class='ocrx_word' id='word_1_322' title='bbox 2959 1403 3217 1468; x_wconf 77' lang='lat' dir='ltr'><strong>diximus,</strong></span> <span class='ocrx_word' id='word_1_323' title='bbox 3247 1403 3375 1460; x_wconf 88' lang='lat' dir='ltr'><strong>licet</strong></span> <span class='ocrx_word' id='word_1_324' title='bbox 3401 1404 3561 1474; x_wconf 87' lang='lat' dir='ltr'><strong>plene</strong></span> <span class='ocrx_word' id='word_1_325' title='bbox 3599 1406 3676 1460; x_wconf 86' lang='lat' dir='ltr'><strong>sit</strong></span> <span class='ocrx_word' id='word_1_326' title='bbox 3728 1406 3833 1461; x_wconf 51' lang='lat' dir='ltr'><strong>di;</strong></span> 
     </span>
    </p>
   </div>
   <div class='ocr_carea' id='block_1_45' title="bbox 2212 1492 3831 1571">
    <p class='ocr_par' dir='ltr' id='par_1_45' title="bbox 2212 1492 3831 1571">
     <span class='ocr_line' id='line_1_45' title="bbox 2212 1492 3831 1571; baseline 0.002 -25"><span class='ocrx_word' id='word_1_327' title='bbox 2212 1499 2508 1562; x_wconf 90' lang='lat' dir='ltr'><strong>sputatum,</strong></span> <span class='ocrx_word' id='word_1_328' title='bbox 2543 1492 2595 1546; x_wconf 88' lang='lat' dir='ltr'><strong>id</strong></span> <span class='ocrx_word' id='word_1_329' title='bbox 2610 1500 2692 1547; x_wconf 89' lang='lat' dir='ltr'><strong>est</strong></span> <span class='ocrx_word' id='word_1_330' title='bbox 2705 1493 2962 1563; x_wconf 89' lang='lat' dir='ltr'><strong>perituris</strong></span> <span class='ocrx_word' id='word_1_331' title='bbox 2973 1498 3189 1564; x_wconf 77' lang='lat' dir='ltr'><strong>ptenain</strong></span> <span class='ocrx_word' id='word_1_332' title='bbox 3206 1508 3327 1550; x_wconf 90' lang='lat' dir='ltr'><strong>esse</strong></span> <span class='ocrx_word' id='word_1_333' title='bbox 3338 1496 3831 1571; x_wconf 61' lang='lat' dir='ltr'><strong>praedestinatum,</strong></span> 
     </span>
    </p>
   </div>
   <div class='ocr_carea' id='block_1_46' title="bbox 2214 1582 3836 1656">
    <p class='ocr_par' dir='ltr' id='par_1_46' title="bbox 2214 1582 3836 1656">
     <span class='ocr_line' id='line_1_46' title="bbox 2214 1582 3836 1656; baseline 0.002 -19"><span class='ocrx_word' id='word_1_334' title='bbox 2214 1583 2338 1638; x_wconf 80' lang='lat' dir='ltr'><strong>audi</strong></span> <span class='ocrx_word' id='word_1_335' title='bbox 2369 1584 2586 1638; x_wconf 87' lang='lat' dir='ltr'><strong>Petrum</strong></span> <span class='ocrx_word' id='word_1_336' title='bbox 2609 1583 2933 1653; x_wconf 89' lang='lat' dir='ltr'><strong>apostolum,</strong></span> <span class='ocrx_word' id='word_1_337' title='bbox 2953 1599 3074 1638; x_wconf 90' lang='lat' dir='ltr'><strong>cum</strong></span> <span class='ocrx_word' id='word_1_338' title='bbox 3098 1582 3306 1639; x_wconf 83' lang='lat' dir='ltr'><strong>futuros</strong></span> <span class='ocrx_word' id='word_1_339' title='bbox 3326 1599 3447 1639; x_wconf 90' lang='lat' dir='ltr'><strong>esse</strong></span> <span class='ocrx_word' id='word_1_340' title='bbox 3468 1585 3836 1656; x_wconf 72' lang='lat' dir='ltr'><strong>pseudopro-</strong></span> 
     </span>
    </p>
   </div>
   <div class='ocr_carea' id='block_1_47' title="bbox 2138 1674 3835 1745">
    <p class='ocr_par' dir='ltr' id='par_1_47' title="bbox 2138 1674 3835 1745">
     <span class='ocr_line' id='line_1_47' title="bbox 2138 1674 3835 1745; baseline 0.001 -16"><span class='ocrx_word' id='word_1_341' title='bbox 2138 1710 2143 1717; x_wconf 70' lang='grc' dir='ltr'><em>ς</em></span> <span class='ocrx_word' id='word_1_342' title='bbox 2213 1676 2424 1745; x_wconf 89' lang='lat' dir='ltr'><strong>phetas,</strong></span> <span class='ocrx_word' id='word_1_343' title='bbox 2451 1683 2504 1728; x_wconf 91' lang='lat' dir='ltr'><strong>et</strong></span> <span class='ocrx_word' id='word_1_344' title='bbox 2519 1675 2805 1745; x_wconf 80' lang='lat' dir='ltr'><strong>magistros</strong></span> <span class='ocrx_word' id='word_1_345' title='bbox 2825 1674 3130 1738; x_wconf 81' lang='lat' dir='ltr'><strong>mendaces,</strong></span> <span class='ocrx_word' id='word_1_346' title='bbox 3148 1685 3202 1730; x_wconf 89' lang='lat' dir='ltr'><strong>et</strong></span> <span class='ocrx_word' id='word_1_347' title='bbox 3226 1684 3501 1744; x_wconf 86' lang='lat' dir='ltr'><strong>apostatas</strong></span> <span class='ocrx_word' id='word_1_348' title='bbox 3528 1676 3583 1730; x_wconf 91' lang='lat' dir='ltr'><strong>in</strong></span> <span class='ocrx_word' id='word_1_349' title='bbox 3614 1676 3835 1731; x_wconf 62' lang='lat' dir='ltr'><strong>Eccleo</strong></span> 
     </span>
    </p>
   </div>
   <div class='ocr_carea' id='block_1_48' title="bbox 2132 1762 3830 1845">
    <p class='ocr_par' dir='ltr' id='par_1_48' title="bbox 2132 1762 3830 1845">
     <span class='ocr_line' id='line_1_48' title="bbox 2132 1762 3830 1845; baseline -0.001 -24"><span class='ocrx_word' id='word_1_350' title='bbox 2132 1762 2179 1821; x_wconf 86' lang='lat' dir='ltr'><strong>B</strong></span> <span class='ocrx_word' id='word_1_351' title='bbox 2208 1768 2285 1821; x_wconf 91' lang='lat' dir='ltr'><strong>sia</strong></span> <span class='ocrx_word' id='word_1_352' title='bbox 2330 1767 2480 1831; x_wconf 82' lang='lat' dir='ltr'><strong>dicit,</strong></span> <span class='ocrx_word' id='word_1_353' title='bbox 2520 1766 2676 1845; x_wconf 0' lang='lat' dir='ltr'><strong>psicut</strong></span> <span class='ocrx_word' id='word_1_354' title='bbox 2728 1764 2947 1819; x_wconf 80' lang='lat' dir='ltr'><strong>fuerunt</strong></span> <span class='ocrx_word' id='word_1_355' title='bbox 2968 1766 3021 1819; x_wconf 90' lang='lat' dir='ltr'><strong>in</strong></span> <span class='ocrx_word' id='word_1_356' title='bbox 3070 1765 3266 1836; x_wconf 87' lang='lat' dir='ltr'><strong>populo</strong></span> <span class='ocrx_word' id='word_1_357' title='bbox 3317 1766 3484 1820; x_wconf 82' lang='lat' dir='ltr'><strong>veteri</strong></span> <span class='ocrx_word' id='word_1_358' title='bbox 3516 1764 3830 1832; x_wconf 45' lang='lat' dir='ltr'><strong>{Quibus</strong></span> 
     </span>
    </p>
   </div>
   <div class='ocr_carea' id='block_1_49' title="bbox 2104 1854 3831 1927">
    <p class='ocr_par' dir='ltr' id='par_1_49' title="bbox 2104 1854 3831 1927">
     <span class='ocr_line' id='line_1_49' title="bbox 2104 1854 3831 1927; baseline 0.001 -17"><span class='ocrx_word' id='word_1_359' title='bbox 2104 1874 2109 1919; x_wconf 68' lang='grc' dir='ltr'><em>τ</em></span> <span class='ocrx_word' id='word_1_360' title='bbox 2203 1856 2487 1927; x_wconf 83' lang='lat' dir='ltr'><strong>judicium,</strong></span> <span class='ocrx_word' id='word_1_361' title='bbox 2540 1855 2735 1919; x_wconf 89' lang='lat' dir='ltr'><strong>innuit,</strong></span> <span class='ocrx_word' id='word_1_362' title='bbox 2778 1854 2897 1925; x_wconf 87' lang='lat' dir='ltr'><strong>jam</strong></span> <span class='ocrx_word' id='word_1_363' title='bbox 2928 1854 3075 1909; x_wconf 82' lang='lat' dir='ltr'><strong>olim&#39;</strong></span> <span class='ocrx_word' id='word_1_364' title='bbox 3101 1872 3205 1910; x_wconf 88' lang='lat' dir='ltr'><strong>non</strong></span> <span class='ocrx_word' id='word_1_365' title='bbox 3249 1864 3439 1920; x_wconf 86' lang='lat' dir='ltr'><strong>cessat,</strong></span> <span class='ocrx_word' id='word_1_366' title='bbox 3483 1866 3535 1911; x_wconf 86' lang='lat' dir='ltr'><strong>et</strong></span> <span class='ocrx_word' id='word_1_367' title='bbox 3575 1856 3831 1925; x_wconf 79' lang='lat' dir='ltr'><strong>perditio</strong></span> 
     </span>
    </p>
   </div>
   <div class='ocr_carea' id='block_1_50' title="bbox 2209 1944 3835 2019">
    <p class='ocr_par' dir='ltr' id='par_1_50' title="bbox 2209 1944 3835 2019">
     <span class='ocr_line' id='line_1_50' title="bbox 2209 1944 3835 2019; baseline 0 -16"><span class='ocrx_word' id='word_1_368' title='bbox 2209 1964 2389 2003; x_wconf 87' lang='lat' dir='ltr'><strong>eorum</strong></span> <span class='ocrx_word' id='word_1_369' title='bbox 2421 1964 2524 2002; x_wconf 89' lang='lat' dir='ltr'><strong>non</strong></span> <span class='ocrx_word' id='word_1_370' title='bbox 2561 1947 2810 2001; x_wconf 86' lang='lat' dir='ltr'><strong>dormitat</strong></span> <span class='ocrx_word' id='word_1_371' title='bbox 2860 1946 2930 2016; x_wconf 85' lang='lat' dir='ltr'><strong>(ll</strong></span> <span class='ocrx_word' id='word_1_372' title='bbox 2964 1944 3081 2002; x_wconf 88' lang='lat' dir='ltr'><strong>Pet.</strong></span> <span class='ocrx_word' id='word_1_373' title='bbox 3106 1964 3166 2011; x_wconf 86' lang='grc' dir='ltr'>ιι,</span> <span class='ocrx_word' id='word_1_374' title='bbox 3201 1946 3279 2019; x_wconf 79' lang='lat'><strong>&#39;5).</strong></span> <span class='ocrx_word' id='word_1_375' title='bbox 3318 1948 3450 2003; x_wconf 84' lang='lat' dir='ltr'><strong>Item</strong></span> <span class='ocrx_word' id='word_1_376' title='bbox 3476 1947 3647 2003; x_wconf 74' lang='lat' dir='ltr'><strong>ludas</strong></span> <span class='ocrx_word' id='word_1_377' title='bbox 3675 1965 3835 2019; x_wconf 80' lang='lat' dir='ltr'><strong>apo—</strong></span> 
     </span>
    </p>
   </div>
   <div class='ocr_carea' id='block_1_51' title="bbox 2210 2039 3825 2111">
    <p class='ocr_par' dir='ltr' id='par_1_51' title="bbox 2210 2039 3825 2111">
     <span class='ocr_line' id='line_1_51' title="bbox 2210 2039 3825 2111; baseline -0.002 -13"><span class='ocrx_word' id='word_1_378' title='bbox 2210 2041 2411 2098; x_wconf 88' lang='lat' dir='ltr'><strong>stolus:</strong></span> <span class='ocrx_word' id='word_1_379' title='bbox 2439 2039 2883 2104; x_wconf 86' lang='lat' dir='ltr'><strong>Subintroierunt,</strong></span> <span class='ocrx_word' id='word_1_380' title='bbox 2909 2039 3001 2100; x_wconf 85' lang='lat' dir='ltr'><strong>ait,</strong></span> <span class='ocrx_word' id='word_1_381' title='bbox 3031 2039 3246 2110; x_wconf 86' lang='lat' dir='ltr'><strong>quidam</strong></span> <span class='ocrx_word' id='word_1_382' title='bbox 3271 2040 3528 2103; x_wconf 86' lang='lat' dir='ltr'><strong>homines,</strong></span> <span class='ocrx_word' id='word_1_383' title='bbox 3553 2041 3645 2111; x_wconf 84' lang='lat' dir='ltr'><strong>qui</strong></span> <span class='ocrx_word' id='word_1_384' title='bbox 3671 2042 3825 2094; x_wconf 83' lang='lat' dir='ltr'><strong>olim</strong></span> 
     </span>
    </p>
   </div>
   <div class='ocr_carea' id='block_1_52' title="bbox 2209 2132 3834 2205">
    <p class='ocr_par' dir='ltr' id='par_1_52' title="bbox 2209 2132 3834 2205">
     <span class='ocr_line' id='line_1_52' title="bbox 2209 2132 3834 2205; baseline 0.001 -18"><span class='ocrx_word' id='word_1_385' title='bbox 2209 2134 2501 2205; x_wconf 62' lang='lat' dir='ltr'><strong>praescripti</strong></span> <span class='ocrx_word' id='word_1_386' title='bbox 2523 2142 2646 2187; x_wconf 88' lang='lat' dir='ltr'><strong>sunt</strong></span> <span class='ocrx_word' id='word_1_387' title='bbox 2668 2134 2725 2186; x_wconf 87' lang='lat' dir='ltr'><strong>in</strong></span> <span class='ocrx_word' id='word_1_388' title='bbox 2747 2133 2844 2186; x_wconf 85' lang='lat' dir='ltr'><strong>hoc</strong></span> <span class='ocrx_word' id='word_1_389' title='bbox 2860 2132 3122 2203; x_wconf 81' lang='lat' dir='ltr'><strong>judicium</strong></span> <span class='ocrx_word' id='word_1_390' title='bbox 3147 2134 3317 2204; x_wconf 88' lang='lat' dir='ltr'><strong>impii,</strong></span> <span class='ocrx_word' id='word_1_391' title='bbox 3340 2135 3565 2204; x_wconf 85' lang='lat' dir='ltr'><strong>gratiam</strong></span> <span class='ocrx_word' id='word_1_392' title='bbox 3586 2136 3834 2190; x_wconf 73' lang='lat' dir='ltr'><strong>Domini</strong></span> 
     </span>
    </p>
   </div>
   <div class='ocr_carea' id='block_1_53' title="bbox 2211 2220 3831 2292">
    <p class='ocr_par' dir='ltr' id='par_1_53' title="bbox 2211 2220 3831 2292">
     <span class='ocr_line' id='line_1_53' title="bbox 2211 2220 3831 2292; baseline 0.001 -14"><span class='ocrx_word' id='word_1_393' title='bbox 2211 2224 2380 2278; x_wconf 86' lang='lat' dir='ltr'><strong>nostri</strong></span> <span class='ocrx_word' id='word_1_394' title='bbox 2399 2223 2529 2278; x_wconf 75' lang='lat' dir='ltr'><strong>Iesu</strong></span> <span class='ocrx_word' id='word_1_395' title='bbox 2559 2220 2755 2277; x_wconf 84' lang='lat' dir='ltr'><strong>Christi</strong></span> <span class='ocrx_word' id='word_1_396' title='bbox 2778 2223 3149 2292; x_wconf 80' lang='lat' dir='ltr'><strong>transferentes</strong></span> <span class='ocrx_word' id='word_1_397' title='bbox 3170 2224 3225 2277; x_wconf 87' lang='lat' dir='ltr'><strong>in</strong></span> <span class='ocrx_word' id='word_1_398' title='bbox 3248 2222 3537 2290; x_wconf 76' lang='lat' dir='ltr'><strong>luxuriam,</strong></span> <span class='ocrx_word' id='word_1_399' title='bbox 3558 2234 3609 2278; x_wconf 88' lang='lat' dir='ltr'><strong>et</strong></span> <span class='ocrx_word' id='word_1_400' title='bbox 3633 2224 3831 2279; x_wconf 79' lang='lat' dir='ltr'><strong>solum</strong></span> 
     </span>
    </p>
   </div>
   <div class='ocr_carea' id='block_1_54' title="bbox 2212 2315 3833 2389">
    <p class='ocr_par' dir='ltr' id='par_1_54' title="bbox 2212 2315 3833 2389">
     <span class='ocr_line' id='line_1_54' title="bbox 2212 2315 3833 2389; baseline 0.001 -17"><span class='ocrx_word' id='word_1_401' title='bbox 2212 2317 2379 2372; x_wconf 89' lang='lat' dir='ltr'><strong>Deum</strong></span> <span class='ocrx_word' id='word_1_402' title='bbox 2405 2327 2667 2372; x_wconf 88' lang='lat' dir='ltr'><strong>auctorem</strong></span> <span class='ocrx_word' id='word_1_403' title='bbox 2696 2326 2744 2371; x_wconf 88' lang='lat' dir='ltr'><strong>et</strong></span> <span class='ocrx_word' id='word_1_404' title='bbox 2769 2315 3053 2370; x_wconf 83' lang='lat' dir='ltr'><strong>Dominum</strong></span> <span class='ocrx_word' id='word_1_405' title='bbox 3092 2315 3279 2371; x_wconf 75' lang='lat' dir='ltr'><strong>Iesum</strong></span> <span class='ocrx_word' id='word_1_406' title='bbox 3311 2316 3833 2389; x_wconf 48' lang='lat' dir='ltr'><strong>Christum‘negan-</strong></span> 
     </span>
    </p>
   </div>
   <div class='ocr_carea' id='block_1_55' title="bbox 2211 2406 3827 2482">
    <p class='ocr_par' dir='ltr' id='par_1_55' title="bbox 2211 2406 3827 2482">
     <span class='ocr_line' id='line_1_55' title="bbox 2211 2406 3827 2482; baseline 0.002 -19"><span class='ocrx_word' id='word_1_407' title='bbox 2211 2406 2286 2465; x_wconf 84' lang='lat' dir='ltr'><strong>tes</strong></span> <span class='ocrx_word' id='word_1_408' title='bbox 2311 2410 2464 2478; x_wconf 83' lang='lat' dir='ltr'><strong>(Jud.</strong></span> <span class='ocrx_word' id='word_1_409' title='bbox 2489 2409 2564 2482; x_wconf 69' lang='grc'><strong>4).</strong></span> <span class='ocrx_word' id='word_1_410' title='bbox 2593 2410 2661 2464; x_wconf 93' lang='lat' dir='ltr'><strong>Et</strong></span> <span class='ocrx_word' id='word_1_411' title='bbox 2682 2409 2942 2465; x_wconf 90' lang='lat' dir='ltr'><strong>Dominus</strong></span> <span class='ocrx_word' id='word_1_412' title='bbox 2971 2409 3023 2464; x_wconf 92' lang='lat' dir='ltr'><strong>in</strong></span> <span class='ocrx_word' id='word_1_413' title='bbox 3055 2410 3348 2480; x_wconf 79' lang='lat' dir='ltr'><strong>Evangelia</strong></span> <span class='ocrx_word' id='word_1_414' title='bbox 3377 2412 3777 2479; x_wconf 88' lang='lat' dir='ltr'><strong>peccatoribus</strong></span> <span class='ocrx_word' id='word_1_415' title='bbox 3808 2428 3827 2466; x_wconf 90' lang='lat'><strong>:</strong></span> 
     </span>
    </p>
   </div>
   <div class='ocr_carea' id='block_1_56' title="bbox 2211 2501 3826 2573">
    <p class='ocr_par' dir='ltr' id='par_1_56' title="bbox 2211 2501 3826 2573">
     <span class='ocr_line' id='line_1_56' title="bbox 2211 2501 3826 2573; baseline 0 -16"><span class='ocrx_word' id='word_1_416' title='bbox 2211 2502 2294 2557; x_wconf 84' lang='lat' dir='ltr'><strong>Ite</strong></span> <span class='ocrx_word' id='word_1_417' title='bbox 2339 2505 2395 2557; x_wconf 89' lang='lat' dir='ltr'><strong>in</strong></span> <span class='ocrx_word' id='word_1_418' title='bbox 2432 2503 2604 2573; x_wconf 77' lang='lat' dir='ltr'><strong>ignem</strong></span> <span class='ocrx_word' id='word_1_419' title='bbox 2652 2511 2940 2567; x_wconf 66' lang='lat' dir='ltr'><strong>aeternum,</strong></span> <span class='ocrx_word' id='word_1_420' title='bbox 2987 2518 3139 2571; x_wconf 88' lang='lat' dir='ltr'><strong>quem</strong></span> <span class='ocrx_word' id='word_1_421' title='bbox 3186 2502 3391 2571; x_wconf 85' lang='lat' dir='ltr'><strong>paravit</strong></span> <span class='ocrx_word' id='word_1_422' title='bbox 3442 2501 3826 2557; x_wconf 46' lang='lat' dir='ltr'><strong>Pater’meus</strong></span> 
     </span>
    </p>
   </div>
   <div class='ocr_carea' id='block_1_57' title="bbox 2212 2589 3826 2661">
    <p class='ocr_par' dir='ltr' id='par_1_57' title="bbox 2212 2589 3826 2661">
     <span class='ocr_line' id='line_1_57' title="bbox 2212 2589 3826 2661; baseline 0.001 -16"><span class='ocrx_word' id='word_1_423' title='bbox 2212 2591 2421 2646; x_wconf 85' lang='lat' dir='ltr'><strong>diabolo</strong></span> <span class='ocrx_word' id='word_1_424' title='bbox 2450 2600 2497 2645; x_wconf 87' lang='lat' dir='ltr'><strong>et</strong></span> <span class='ocrx_word' id='word_1_425' title='bbox 2531 2589 2732 2661; x_wconf 87' lang='lat' dir='ltr'><strong>angelis</strong></span> <span class='ocrx_word' id='word_1_426' title='bbox 2753 2592 2906 2660; x_wconf 83' lang='lat' dir='ltr'><strong>ejus:</strong></span> <span class='ocrx_word' id='word_1_427' title='bbox 2935 2591 3333 2660; x_wconf 70' lang='lat' dir='ltr'><strong>prtedestinatis</strong></span> <span class='ocrx_word' id='word_1_428' title='bbox 3359 2598 3560 2657; x_wconf 89' lang='lat' dir='ltr'><strong>autem,</strong></span> <span class='ocrx_word' id='word_1_429' title='bbox 3597 2590 3826 2657; x_wconf 85' lang='lat' dir='ltr'><strong>Venite,</strong></span> 
     </span>
    </p>
   </div>
   <div class='ocr_carea' id='block_1_58' title="bbox 2213 2680 3828 2752">
    <p class='ocr_par' dir='ltr' id='par_1_58' title="bbox 2213 2680 3828 2752">
     <span class='ocr_line' id='line_1_58' title="bbox 2213 2680 3828 2752; baseline 0.002 -17"><span class='ocrx_word' id='word_1_430' title='bbox 2213 2682 2467 2736; x_wconf 86' lang='lat' dir='ltr'><strong>benedicti</strong></span> <span class='ocrx_word' id='word_1_431' title='bbox 2491 2680 2671 2735; x_wconf 89' lang='lat' dir='ltr'><strong>Patris</strong></span> <span class='ocrx_word' id='word_1_432' title='bbox 2703 2681 2826 2745; x_wconf 87' lang='lat' dir='ltr'><strong>mei,</strong></span> <span class='ocrx_word' id='word_1_433' title='bbox 2854 2681 3102 2751; x_wconf 85' lang='lat' dir='ltr'><strong>percipite</strong></span> <span class='ocrx_word' id='word_1_434' title='bbox 3127 2697 3343 2752; x_wconf 86' lang='lat' dir='ltr'><strong>regnum</strong></span> <span class='ocrx_word' id='word_1_435' title='bbox 3381 2691 3622 2750; x_wconf 89' lang='lat' dir='ltr'><strong>paratum</strong></span> <span class='ocrx_word' id='word_1_436' title='bbox 3660 2681 3828 2738; x_wconf 80' lang='lat' dir='ltr'><strong>vobis</strong></span> 
     </span>
    </p>
   </div>
   <div class='ocr_carea' id='block_1_59' title="bbox 2213 2768 3826 2845">
    <p class='ocr_par' dir='ltr' id='par_1_59' title="bbox 2213 2768 3826 2845">
     <span class='ocr_line' id='line_1_59' title="bbox 2213 2768 3826 2845; baseline 0.002 -20"><span class='ocrx_word' id='word_1_437' title='bbox 2213 2776 2277 2826; x_wconf 85' lang='lat' dir='ltr'><strong>ab</strong></span> <span class='ocrx_word' id='word_1_438' title='bbox 2314 2772 2519 2842; x_wconf 88' lang='lat' dir='ltr'><strong>origine</strong></span> <span class='ocrx_word' id='word_1_439' title='bbox 2552 2770 2736 2825; x_wconf 90' lang='lat' dir='ltr'><strong>mundi</strong></span> <span class='ocrx_word' id='word_1_440' title='bbox 2764 2768 2979 2825; x_wconf 79' lang='lat' dir='ltr'><strong>(Matth.</strong></span> <span class='ocrx_word' id='word_1_441' title='bbox 3014 2787 3146 2838; x_wconf 78' lang='lat' dir='ltr'><strong>xxv,</strong></span> <span class='ocrx_word' id='word_1_442' title='bbox 3174 2771 3264 2836; x_wconf 67' lang='lat'><strong>4‘1,</strong></span> <span class='ocrx_word' id='word_1_443' title='bbox 3292 2770 3408 2845; x_wconf 73' lang='grc'><strong>⁸54),</strong></span> <span class='ocrx_word' id='word_1_444' title='bbox 3438 2772 3623 2827; x_wconf 89' lang='lat' dir='ltr'><strong>idest</strong></span> <span class='ocrx_word' id='word_1_445' title='bbox 3660 2788 3826 2843; x_wconf 74' lang='lat' dir='ltr'><strong>pnn-</strong></span> 
     </span>
    </p>
   </div>
   <div class='ocr_carea' id='block_1_60' title="bbox 2215 2860 2618 2915">
    <p class='ocr_par' dir='ltr' id='par_1_60' title="bbox 2215 2860 2618 2915">
     <span class='ocr_line' id='line_1_60' title="bbox 2215 2860 2618 2915; baseline -0.01 0"><span class='ocrx_word' id='word_1_446' title='bbox 2215 2860 2566 2915; x_wconf 88' lang='lat' dir='ltr'><strong>destinatum.</strong></span> <span class='ocrx_word' id='word_1_447' title='bbox 2597 2879 2618 2911; x_wconf 72' lang='grc' dir='ltr'><strong>ι</strong></span> 
     </span>
    </p>
   </div>
   <div class='ocr_carea' id='block_1_61' title="bbox 2285 2950 3827 3020">
    <p class='ocr_par' dir='ltr' id='par_1_61' title="bbox 2285 2950 3827 3020">
     <span class='ocr_line' id='line_1_61' title="bbox 2285 2950 3827 3020; baseline 0.005 -16"><span class='ocrx_word' id='word_1_448' title='bbox 2285 2950 2422 3005; x_wconf 81' lang='lat' dir='ltr'><strong>Hinc</strong></span> <span class='ocrx_word' id='word_1_449' title='bbox 2465 2965 2682 3020; x_wconf 89' lang='lat' dir='ltr'><strong>quoque</strong></span> <span class='ocrx_word' id='word_1_450' title='bbox 2717 2951 2849 3005; x_wconf 86' lang='lat' dir='ltr'><strong>nihil</strong></span> <span class='ocrx_word' id='word_1_451' title='bbox 2876 2961 3067 3008; x_wconf 90' lang='lat' dir='ltr'><strong>contra</strong></span> <span class='ocrx_word' id='word_1_452' title='bbox 3100 2953 3348 3008; x_wconf 90' lang='lat' dir='ltr'><strong>eumdem</strong></span> <span class='ocrx_word' id='word_1_453' title='bbox 3384 2952 3827 3011; x_wconf 87' lang='lat' dir='ltr'><strong>Gothescalcum</strong></span> 
     </span>
    </p>
   </div>
   <div class='ocr_carea' id='block_1_62' title="bbox 2217 3040 3829 3115">
    <p class='ocr_par' dir='ltr' id='par_1_62' title="bbox 2217 3040 3829 3115">
     <span class='ocr_line' id='line_1_62' title="bbox 2217 3040 3829 3115; baseline 0.004 -20"><span class='ocrx_word' id='word_1_454' title='bbox 2217 3040 2363 3111; x_wconf 90' lang='lat' dir='ltr'><strong>loqui</strong></span> <span class='ocrx_word' id='word_1_455' title='bbox 2401 3041 2731 3106; x_wconf 90' lang='lat' dir='ltr'><strong>censuimus,</strong></span> <span class='ocrx_word' id='word_1_456' title='bbox 2758 3058 2880 3097; x_wconf 90' lang='lat' dir='ltr'><strong>cum</strong></span> <span class='ocrx_word' id='word_1_457' title='bbox 2911 3044 3045 3098; x_wconf 87' lang='lat' dir='ltr'><strong>satis</strong></span> <span class='ocrx_word' id='word_1_458' title='bbox 3073 3044 3416 3115; x_wconf 85' lang='lat' dir='ltr'><strong>apertissime</strong></span> <span class='ocrx_word' id='word_1_459' title='bbox 3453 3054 3677 3100; x_wconf 91' lang='lat' dir='ltr'><strong>sanctus</strong></span> <span class='ocrx_word' id='word_1_460' title='bbox 3702 3047 3829 3101; x_wconf 65' lang='lat' dir='ltr'><strong>Am</strong></span> 
     </span>
    </p>
   </div>
   <div class='ocr_carea' id='block_1_63' title="bbox 527 3110 3825 3205">
    <p class='ocr_par' dir='ltr' id='par_1_63' title="bbox 527 3110 3825 3205">
     <span class='ocr_line' id='line_1_63' title="bbox 527 3110 3825 3205; baseline 0.002 -18"><span class='ocrx_word' id='word_1_461' title='bbox 527 3135 781 3188; x_wconf 86' lang='lat' dir='ltr'><strong>troierunt</strong></span> <span class='ocrx_word' id='word_1_462' title='bbox 809 3134 1023 3205; x_wconf 88' lang='lat' dir='ltr'><strong>quidam</strong></span> <span class='ocrx_word' id='word_1_463' title='bbox 1054 3110 1308 3197; x_wconf 77' lang='lat' dir='ltr'><strong>homines,</strong></span> <span class='ocrx_word' id='word_1_464' title='bbox 1330 3134 1417 3203; x_wconf 84' lang='lat' dir='ltr'><strong>qui</strong></span> <span class='ocrx_word' id='word_1_465' title='bbox 1441 3110 1565 3186; x_wconf 87' lang='lat' dir='ltr'><strong>olim</strong></span> <span class='ocrx_word' id='word_1_466' title='bbox 1585 3132 1877 3202; x_wconf 75' lang='lat' dir='ltr'><strong>prwscripti</strong></span> <span class='ocrx_word' id='word_1_467' title='bbox 1904 3140 2022 3184; x_wconf 87' lang='lat' dir='ltr'><strong>sunt</strong></span> <span class='ocrx_word' id='word_1_468' title='bbox 2054 3130 2107 3183; x_wconf 85' lang='lat' dir='ltr'><strong>in</strong></span> <span class='ocrx_word' id='word_1_469' title='bbox 2138 3110 2183 3170; x_wconf 79' lang='lat' dir='ltr'><strong><em>C</em></strong></span> <span class='ocrx_word' id='word_1_470' title='bbox 2217 3110 2463 3204; x_wconf 79' lang='lat' dir='ltr'><strong>gustiuus</strong></span> <span class='ocrx_word' id='word_1_471' title='bbox 2488 3147 2587 3202; x_wconf 93' lang='lat' dir='ltr'><strong>pro</strong></span> <span class='ocrx_word' id='word_1_472' title='bbox 2612 3147 2669 3188; x_wconf 86' lang='lat' dir='ltr'><strong>se</strong></span> <span class='ocrx_word' id='word_1_473' title='bbox 2707 3142 2895 3187; x_wconf 86' lang='lat' dir='ltr'><strong>contra</strong></span> <span class='ocrx_word' id='word_1_474' title='bbox 2941 3149 3064 3189; x_wconf 91' lang='lat' dir='ltr'><strong>eum</strong></span> <span class='ocrx_word' id='word_1_475' title='bbox 3106 3110 3384 3205; x_wconf 78' lang='lat' dir='ltr'><strong>loquatur.</strong></span> <span class='ocrx_word' id='word_1_476' title='bbox 3425 3133 3592 3204; x_wconf 82' lang='lat' dir='ltr'><strong>Cujus</strong></span> <span class='ocrx_word' id='word_1_477' title='bbox 3618 3138 3825 3194; x_wconf 86' lang='lat' dir='ltr'><strong>sensui</strong></span> 
     </span>
    </p>
   </div>
   <div class='ocr_carea' id='block_1_64' title="bbox 505 3220 2114 3295">
    <p class='ocr_par' dir='ltr' id='par_1_64' title="bbox 505 3220 2114 3295">
     <span class='ocr_line' id='line_1_64' title="bbox 505 3220 2114 3295; baseline -0.004 -17"><span class='ocrx_word' id='word_1_478' title='bbox 505 3270 508 3272; x_wconf 81' lang='grc'>.</span> <span class='ocrx_word' id='word_1_479' title='bbox 536 3223 634 3278; x_wconf 80' lang='lat' dir='ltr'><strong>hoc</strong></span> <span class='ocrx_word' id='word_1_480' title='bbox 650 3224 913 3295; x_wconf 86' lang='lat' dir='ltr'><strong>judicium</strong></span> <span class='ocrx_word' id='word_1_481' title='bbox 942 3223 1093 3293; x_wconf 79' lang='lat' dir='ltr'><strong>impii</strong></span> <span class='ocrx_word' id='word_1_482' title='bbox 1118 3220 1270 3292; x_wconf 82' lang='lat' dir='ltr'><strong>(Jud.</strong></span> <span class='ocrx_word' id='word_1_483' title='bbox 1299 3222 1408 3293; x_wconf 74' lang='grc'><strong>4).»</strong></span> <span class='ocrx_word' id='word_1_484' title='bbox 1435 3221 1599 3289; x_wconf 88' lang='lat' dir='ltr'><strong>Cujus</strong></span> <span class='ocrx_word' id='word_1_485' title='bbox 1619 3222 1833 3275; x_wconf 69' lang='lat' dir='ltr'><strong>etecilas</strong></span> <span class='ocrx_word' id='word_1_486' title='bbox 1858 3236 1963 3274; x_wconf 92' lang='lat' dir='ltr'><strong>non</strong></span> <span class='ocrx_word' id='word_1_487' title='bbox 1995 3228 2114 3273; x_wconf 87' lang='lat' dir='ltr'><strong>tan-</strong></span> 
     </span>
    </p>
   </div>
   <div class='ocr_carea' id='block_1_65' title="bbox 527 3310 2111 3382">
    <p class='ocr_par' dir='ltr' id='par_1_65' title="bbox 527 3310 2111 3382">
     <span class='ocr_line' id='line_1_65' title="bbox 527 3310 2111 3382; baseline -0.004 -12"><span class='ocrx_word' id='word_1_488' title='bbox 527 3322 642 3370; x_wconf 85' lang='lat' dir='ltr'><strong>tum</strong></span> <span class='ocrx_word' id='word_1_489' title='bbox 689 3313 1004 3369; x_wconf 87' lang='lat' dir='ltr'><strong>admiranda</strong></span> <span class='ocrx_word' id='word_1_490' title='bbox 1066 3322 1325 3382; x_wconf 85' lang='lat' dir='ltr'><strong>quantum</strong></span> <span class='ocrx_word' id='word_1_491' title='bbox 1384 3312 1800 3366; x_wconf 75' lang='lat' dir='ltr'><strong>demonstranda</strong></span> <span class='ocrx_word' id='word_1_492' title='bbox 1853 3310 2111 3365; x_wconf 87' lang='lat' dir='ltr'><strong>videtur:</strong></span> 
     </span>
    </p>
   </div>
   <div class='ocr_carea' id='block_1_66' title="bbox 527 3404 2114 3478">
    <p class='ocr_par' dir='ltr' id='par_1_66' title="bbox 527 3404 2114 3478">
     <span class='ocr_line' id='line_1_66' title="bbox 527 3404 2114 3478; baseline -0.003 -16"><span class='ocrx_word' id='word_1_493' title='bbox 527 3407 656 3478; x_wconf 88' lang='lat' dir='ltr'><strong>quia</strong></span> <span class='ocrx_word' id='word_1_494' title='bbox 720 3406 993 3462; x_wconf 88' lang='lat' dir='ltr'><strong>derelictis</strong></span> <span class='ocrx_word' id='word_1_495' title='bbox 1060 3404 1518 3460; x_wconf 77' lang='lat' dir='ltr'><strong>manifestissimis</strong></span> <span class='ocrx_word' id='word_1_496' title='bbox 1581 3404 1778 3459; x_wconf 91' lang='lat' dir='ltr'><strong>talibus</strong></span> <span class='ocrx_word' id='word_1_497' title='bbox 1843 3404 2114 3472; x_wconf 89' lang='lat' dir='ltr'><strong>tantisque</strong></span> 
     </span>
    </p>
   </div>
   <div class='ocr_carea' id='block_1_67' title="bbox 528 3493 2119 3566">
    <p class='ocr_par' dir='ltr' id='par_1_67' title="bbox 528 3493 2119 3566">
     <span class='ocr_line' id='line_1_67' title="bbox 528 3493 2119 3566; baseline -0.003 -15"><span class='ocrx_word' id='word_1_498' title='bbox 528 3496 810 3566; x_wconf 82' lang='lat' dir='ltr'><strong>exemplis,</strong></span> <span class='ocrx_word' id='word_1_499' title='bbox 841 3511 962 3565; x_wconf 72' lang='lat' dir='ltr'><strong>qute</strong></span> <span class='ocrx_word' id='word_1_500' title='bbox 992 3510 1059 3550; x_wconf 82' lang='lat' dir='ltr'><strong>ex</strong></span> <span class='ocrx_word' id='word_1_501' title='bbox 1098 3494 1286 3549; x_wconf 85' lang='lat' dir='ltr'><strong>eodem</strong></span> <span class='ocrx_word' id='word_1_502' title='bbox 1323 3494 1460 3548; x_wconf 86' lang='lat' dir='ltr'><strong>libro</strong></span> <span class='ocrx_word' id='word_1_503' title='bbox 1501 3494 1800 3563; x_wconf 88' lang='lat' dir='ltr'><strong>posuimus,</strong></span> <span class='ocrx_word' id='word_1_504' title='bbox 1835 3493 1951 3548; x_wconf 58' lang='lat' dir='ltr'><strong>haec</strong></span> <span class='ocrx_word' id='word_1_505' title='bbox 1994 3501 2119 3547; x_wconf 77' lang='lat' dir='ltr'><strong>tan-</strong></span> 
     </span>
    </p>
   </div>
   <div class='ocr_carea' id='block_1_68' title="bbox 529 3570 2111 3663">
    <p class='ocr_par' dir='ltr' id='par_1_68' title="bbox 529 3570 2111 3663">
     <span class='ocr_line' id='line_1_68' title="bbox 529 3570 2111 3663; baseline -0.002 -21"><span class='ocrx_word' id='word_1_506' title='bbox 529 3598 641 3642; x_wconf 87' lang='lat' dir='ltr'><strong>tum</strong></span> <span class='ocrx_word' id='word_1_507' title='bbox 694 3588 795 3641; x_wconf 84' lang='lat' dir='ltr'><strong>tria</strong></span> <span class='ocrx_word' id='word_1_508' title='bbox 843 3587 1087 3663; x_wconf 81' lang='lat' dir='ltr'><strong>exempla</strong></span> <span class='ocrx_word' id='word_1_509' title='bbox 1137 3570 1457 3651; x_wconf 74' lang='lat' dir='ltr'><strong>decurtavit,</strong></span> <span class='ocrx_word' id='word_1_510' title='bbox 1489 3595 1544 3641; x_wconf 85' lang='lat' dir='ltr'><strong>et</strong></span> <span class='ocrx_word' id='word_1_511' title='bbox 1588 3587 1656 3641; x_wconf 92' lang='lat' dir='ltr'><strong>ad</strong></span> <span class='ocrx_word' id='word_1_512' title='bbox 1695 3602 1909 3641; x_wconf 88' lang='lat' dir='ltr'><strong>sensum</strong></span> <span class='ocrx_word' id='word_1_513' title='bbox 1958 3601 2111 3640; x_wconf 88' lang='lat' dir='ltr'><strong>suum</strong></span> 
     </span>
    </p>
   </div>
   <div class='ocr_carea' id='block_1_69' title="bbox 531 3677 2114 3750">
    <p class='ocr_par' dir='ltr' id='par_1_69' title="bbox 531 3677 2114 3750">
     <span class='ocr_line' id='line_1_69' title="bbox 531 3677 2114 3750; baseline -0.002 -17"><span class='ocrx_word' id='word_1_514' title='bbox 531 3680 877 3750; x_wconf 83' lang='lat' dir='ltr'><strong>impudenter</strong></span> <span class='ocrx_word' id='word_1_515' title='bbox 917 3678 1142 3733; x_wconf 82' lang='lat' dir='ltr'><strong>inﬂexit.</strong></span> <span class='ocrx_word' id='word_1_516' title='bbox 1191 3679 1326 3733; x_wconf 84' lang='lat' dir='ltr'><strong>Nam</strong></span> <span class='ocrx_word' id='word_1_517' title='bbox 1370 3679 1593 3747; x_wconf 87' lang='lat' dir='ltr'><strong>loquens</strong></span> <span class='ocrx_word' id='word_1_518' title='bbox 1641 3678 1693 3732; x_wconf 92' lang='lat' dir='ltr'><strong>in</strong></span> <span class='ocrx_word' id='word_1_519' title='bbox 1737 3678 1925 3733; x_wconf 89' lang='lat' dir='ltr'><strong>eodem</strong></span> <span class='ocrx_word' id='word_1_520' title='bbox 1974 3677 2114 3731; x_wconf 93' lang='lat' dir='ltr'><strong>libro</strong></span> 
     </span>
    </p>
   </div>
   <div class='ocr_carea' id='block_1_70' title="bbox 529 3764 2109 3843">
    <p class='ocr_par' dir='ltr' id='par_1_70' title="bbox 529 3764 2109 3843">
     <span class='ocr_line' id='line_1_70' title="bbox 529 3764 2109 3843; baseline -0.003 -16"><span class='ocrx_word' id='word_1_521' title='bbox 529 3772 723 3827; x_wconf 88' lang='lat' dir='ltr'><strong>beatus</strong></span> <span class='ocrx_word' id='word_1_522' title='bbox 774 3772 1103 3843; x_wconf 77' lang='lat' dir='ltr'><strong>Augustinus</strong></span> <span class='ocrx_word' id='word_1_523' title='bbox 1157 3764 1229 3827; x_wconf 27' lang='lat' dir='ltr'><strong>de.</strong></span> <span class='ocrx_word' id='word_1_524' title='bbox 1279 3772 1755 3842; x_wconf 69' lang='lat' dir='ltr'><strong>prmdestinatinne</strong></span> <span class='ocrx_word' id='word_1_525' title='bbox 1795 3770 2109 3835; x_wconf 88' lang='lat' dir='ltr'><strong>electorum,</strong></span> 
     </span>
    </p>
   </div>
   <div class='ocr_carea' id='block_1_71' title="bbox 531 3861 2111 3933">
    <p class='ocr_par' dir='ltr' id='par_1_71' title="bbox 531 3861 2111 3933">
     <span class='ocr_line' id='line_1_71' title="bbox 531 3861 2111 3933; baseline 0 -15"><span class='ocrx_word' id='word_1_526' title='bbox 531 3872 585 3919; x_wconf 87' lang='lat' dir='ltr'><strong>et</strong></span> <span class='ocrx_word' id='word_1_527' title='bbox 614 3863 896 3918; x_wconf 85' lang='lat' dir='ltr'><strong>relictione</strong></span> <span class='ocrx_word' id='word_1_528' title='bbox 922 3863 1294 3932; x_wconf 88' lang='lat' dir='ltr'><strong>reproborum,</strong></span> <span class='ocrx_word' id='word_1_529' title='bbox 1319 3863 1389 3917; x_wconf 85' lang='lat' dir='ltr'><strong>ita</strong></span> <span class='ocrx_word' id='word_1_530' title='bbox 1414 3863 1544 3917; x_wconf 87' lang='lat' dir='ltr'><strong>dicit</strong></span> <span class='ocrx_word' id='word_1_531' title='bbox 1572 3861 1859 3933; x_wconf 81' lang='lat' dir='ltr'><strong>(Hypomn.</strong></span> <span class='ocrx_word' id='word_1_532' title='bbox 1888 3861 1981 3916; x_wconf 88' lang='lat' dir='ltr'><strong>lib.</strong></span> <span class='ocrx_word' id='word_1_533' title='bbox 2000 3863 2111 3933; x_wconf 73' lang='lat' dir='ltr'><strong>vr):</strong></span> 
     </span>
    </p>
   </div>
   <div class='ocr_carea' id='block_1_72' title="bbox 539 3956 2113 4026">
    <p class='ocr_par' dir='ltr' id='par_1_72' title="bbox 539 3956 2113 4026">
     <span class='ocr_line' id='line_1_72' title="bbox 539 3956 2113 4026; baseline 0.003 -19"><span class='ocrx_word' id='word_1_534' title='bbox 539 3977 556 4007; x_wconf 76' lang='grc' dir='ltr'><strong>ι</strong></span> <span class='ocrx_word' id='word_1_535' title='bbox 589 3956 835 4012; x_wconf 83' lang='lat' dir='ltr'><strong>Diximus</strong></span> <span class='ocrx_word' id='word_1_536' title='bbox 895 3970 1128 4024; x_wconf 87' lang='lat' dir='ltr'><strong>namque</strong></span> <span class='ocrx_word' id='word_1_537' title='bbox 1178 3957 1243 4009; x_wconf 89' lang='lat' dir='ltr'><strong>de</strong></span> <span class='ocrx_word' id='word_1_538' title='bbox 1289 3956 1579 4009; x_wconf 87' lang='lat' dir='ltr'><strong>damnabili</strong></span> <span class='ocrx_word' id='word_1_539' title='bbox 1624 3956 1846 4011; x_wconf 87' lang='lat' dir='ltr'><strong>humani</strong></span> <span class='ocrx_word' id='word_1_540' title='bbox 1897 3956 2113 4026; x_wconf 77' lang='lat' dir='ltr'><strong>generis</strong></span> 
     </span>
    </p>
   </div>
   <div class='ocr_carea' id='block_1_73' title="bbox 534 4044 2112 4115">
    <p class='ocr_par' dir='ltr' id='par_1_73' title="bbox 534 4044 2112 4115">
     <span class='ocr_line' id='line_1_73' title="bbox 534 4044 2112 4115; baseline 0.001 -16"><span class='ocrx_word' id='word_1_541' title='bbox 534 4059 714 4099; x_wconf 83' lang='lat' dir='ltr'><strong>massa</strong></span> <span class='ocrx_word' id='word_1_542' title='bbox 761 4044 925 4098; x_wconf 89' lang='lat' dir='ltr'><strong>Deum</strong></span> <span class='ocrx_word' id='word_1_543' title='bbox 967 4045 1267 4115; x_wconf 63' lang='lat' dir='ltr'><strong>praescisse,</strong></span> <span class='ocrx_word' id='word_1_544' title='bbox 1312 4045 1682 4115; x_wconf 84' lang='lat' dir='ltr'><strong>misericordia</strong></span> <span class='ocrx_word' id='word_1_545' title='bbox 1730 4061 1839 4100; x_wconf 91' lang='lat' dir='ltr'><strong>non</strong></span> <span class='ocrx_word' id='word_1_546' title='bbox 1884 4046 2112 4111; x_wconf 87' lang='lat' dir='ltr'><strong>meritis,</strong></span> 
     </span>
    </p>
   </div>
   <div class='ocr_carea' id='block_1_74' title="bbox 535 4136 2115 4207">
    <p class='ocr_par' dir='ltr' id='par_1_74' title="bbox 535 4136 2115 4207">
     <span class='ocr_line' id='line_1_74' title="bbox 535 4136 2115 4207; baseline 0.003 -18"><span class='ocrx_word' id='word_1_547' title='bbox 535 4151 672 4206; x_wconf 90' lang='lat' dir='ltr'><strong>quos</strong></span> <span class='ocrx_word' id='word_1_548' title='bbox 691 4144 744 4190; x_wconf 93' lang='lat' dir='ltr'><strong>et</strong></span> <span class='ocrx_word' id='word_1_549' title='bbox 766 4136 1030 4190; x_wconf 89' lang='lat' dir='ltr'><strong>electione</strong></span> <span class='ocrx_word' id='word_1_550' title='bbox 1059 4137 1242 4206; x_wconf 72' lang='lat' dir='ltr'><strong>gratia:</strong></span> <span class='ocrx_word' id='word_1_551' title='bbox 1267 4137 1665 4207; x_wconf 75' lang='lat' dir='ltr'><strong>prmdestinavit</strong></span> <span class='ocrx_word' id='word_1_552' title='bbox 1694 4138 1760 4191; x_wconf 91' lang='lat' dir='ltr'><strong>ad</strong></span> <span class='ocrx_word' id='word_1_553' title='bbox 1783 4139 1948 4192; x_wconf 85' lang='lat' dir='ltr'><strong>vitam</strong></span> <span class='ocrx_word' id='word_1_554' title='bbox 1969 4155 1983 4202; x_wconf 92' lang='lat'>;</span> <span class='ocrx_word' id='word_1_555' title='bbox 2010 4154 2115 4193; x_wconf 72' lang='lat' dir='ltr'><strong>ete-</strong></span> 
     </span>
    </p>
   </div>
   <div class='ocr_carea' id='block_1_75' title="bbox 536 4227 2117 4304">
    <p class='ocr_par' dir='ltr' id='par_1_75' title="bbox 536 4227 2117 4304">
     <span class='ocr_line' id='line_1_75' title="bbox 536 4227 2117 4304; baseline 0 -20"><span class='ocrx_word' id='word_1_556' title='bbox 536 4238 681 4284; x_wconf 89' lang='lat' dir='ltr'><strong>teros</strong></span> <span class='ocrx_word' id='word_1_557' title='bbox 714 4245 866 4294; x_wconf 88' lang='lat' dir='ltr'><strong>vero,</strong></span> <span class='ocrx_word' id='word_1_558' title='bbox 904 4229 992 4298; x_wconf 88' lang='lat' dir='ltr'><strong>qui</strong></span> <span class='ocrx_word' id='word_1_559' title='bbox 1032 4227 1233 4297; x_wconf 88' lang='lat' dir='ltr'><strong>judicio</strong></span> <span class='ocrx_word' id='word_1_560' title='bbox 1274 4229 1496 4297; x_wconf 74' lang='lat' dir='ltr'><strong>justitize</strong></span> <span class='ocrx_word' id='word_1_561' title='bbox 1540 4229 1657 4298; x_wconf 86' lang='lat' dir='ltr'><strong>ejus</strong></span> <span class='ocrx_word' id='word_1_562' title='bbox 1691 4231 1760 4284; x_wconf 88' lang='lat' dir='ltr'><strong>ab</strong></span> <span class='ocrx_word' id='word_1_563' title='bbox 1805 4231 1908 4304; x_wconf 83' lang='lat' dir='ltr'><strong>hac</strong></span> <span class='ocrx_word' id='word_1_564' title='bbox 1942 4231 2117 4300; x_wconf 82' lang='lat' dir='ltr'><strong>gratia</strong></span> 
     </span>
    </p>
   </div>
   <div class='ocr_carea' id='block_1_76' title="bbox 535 4318 2116 4389">
    <p class='ocr_par' dir='ltr' id='par_1_76' title="bbox 535 4318 2116 4389">
     <span class='ocr_line' id='line_1_76' title="bbox 535 4318 2116 4389; baseline 0 -14"><span class='ocrx_word' id='word_1_565' title='bbox 535 4318 840 4375; x_wconf 81' lang='lat' dir='ltr'><strong>elliciuntur</strong></span> <span class='ocrx_word' id='word_1_566' title='bbox 868 4329 1135 4389; x_wconf 75' lang='lat' dir='ltr'><strong>expertes,</strong></span> <span class='ocrx_word' id='word_1_567' title='bbox 1174 4321 1453 4388; x_wconf 70' lang='lat' dir='ltr'><strong>przescisse</strong></span> <span class='ocrx_word' id='word_1_568' title='bbox 1497 4329 1700 4374; x_wconf 88' lang='lat' dir='ltr'><strong>tantum</strong></span> <span class='ocrx_word' id='word_1_569' title='bbox 1741 4320 1873 4373; x_wconf 84' lang='lat' dir='ltr'><strong>vitio</strong></span> <span class='ocrx_word' id='word_1_570' title='bbox 1899 4320 2116 4389; x_wconf 87' lang='lat' dir='ltr'><strong>proprio</strong></span> 
     </span>
    </p>
   </div>
   <div class='ocr_carea' id='block_1_77' title="bbox 540 4410 2114 4483">
    <p class='ocr_par' dir='ltr' id='par_1_77' title="bbox 540 4410 2114 4483">
     <span class='ocr_line' id='line_1_77' title="bbox 540 4410 2114 4483; baseline -0.002 -16"><span class='ocrx_word' id='word_1_571' title='bbox 540 4413 830 4483; x_wconf 86' lang='lat' dir='ltr'><strong>perituros,</strong></span> <span class='ocrx_word' id='word_1_572' title='bbox 863 4426 967 4465; x_wconf 89' lang='lat' dir='ltr'><strong>non</strong></span> <span class='ocrx_word' id='word_1_573' title='bbox 1007 4420 1066 4463; x_wconf 91' lang='lat' dir='ltr'><strong>ut</strong></span> <span class='ocrx_word' id='word_1_574' title='bbox 1099 4411 1337 4479; x_wconf 89' lang='lat' dir='ltr'><strong>perirent</strong></span> <span class='ocrx_word' id='word_1_575' title='bbox 1375 4410 1809 4479; x_wconf 62' lang='lat' dir='ltr'><strong>praedestinasse.</strong></span> <span class='ocrx_word' id='word_1_576' title='bbox 1844 4429 1863 4461; x_wconf 74' lang='grc' dir='ltr'><strong>ι</strong></span> <span class='ocrx_word' id='word_1_577' title='bbox 1902 4411 1969 4464; x_wconf 85' lang='grc' dir='ltr'>Ει</span> <span class='ocrx_word' id='word_1_578' title='bbox 1993 4419 2114 4478; x_wconf 89' lang='lat' dir='ltr'><strong>post</strong></span> 
     </span>
    </p>
   </div>
   <div class='ocr_carea' id='block_1_78' title="bbox 542 4500 2114 4574">
    <p class='ocr_par' dir='ltr' id='par_1_78' title="bbox 542 4500 2114 4574">
     <span class='ocr_line' id='line_1_78' title="bbox 542 4500 2114 4574; baseline -0.003 -16"><span class='ocrx_word' id='word_1_579' title='bbox 542 4502 818 4574; x_wconf 89' lang='lat' dir='ltr'><strong>paululum</strong></span> <span class='ocrx_word' id='word_1_580' title='bbox 847 4520 859 4555; x_wconf 90' lang='lat'><strong>:</strong></span> <span class='ocrx_word' id='word_1_581' title='bbox 900 4521 917 4552; x_wconf 78' lang='grc' dir='ltr'><strong>ι</strong></span> <span class='ocrx_word' id='word_1_582' title='bbox 946 4500 1041 4554; x_wconf 85' lang='lat' dir='ltr'><strong>His</strong></span> <span class='ocrx_word' id='word_1_583' title='bbox 1067 4515 1280 4569; x_wconf 85' lang='lat' dir='ltr'><strong>poenam</strong></span> <span class='ocrx_word' id='word_1_584' title='bbox 1298 4501 1729 4570; x_wconf 62' lang='lat' dir='ltr'><strong>prtedestinatam</strong></span> <span class='ocrx_word' id='word_1_585' title='bbox 1762 4514 1882 4555; x_wconf 89' lang='lat' dir='ltr'><strong>esse</strong></span> <span class='ocrx_word' id='word_1_586' title='bbox 1905 4502 2005 4555; x_wconf 86' lang='lat' dir='ltr'><strong>rite</strong></span> <span class='ocrx_word' id='word_1_587' title='bbox 2030 4500 2114 4554; x_wconf 84' lang='lat' dir='ltr'><strong>fa-</strong></span> 
     </span>
    </p>
   </div>
   <div class='ocr_carea' id='block_1_79' title="bbox 540 4591 2116 4660">
    <p class='ocr_par' dir='ltr' id='par_1_79' title="bbox 540 4591 2116 4660">
     <span class='ocr_line' id='line_1_79' title="bbox 540 4591 2116 4660; baseline 0 -13"><span class='ocrx_word' id='word_1_588' title='bbox 540 4603 736 4647; x_wconf 90' lang='lat' dir='ltr'><strong>temur.</strong></span> <span class='ocrx_word' id='word_1_589' title='bbox 788 4591 938 4658; x_wconf 88' lang='lat' dir='ltr'><strong>Quod</strong></span> <span class='ocrx_word' id='word_1_590' title='bbox 971 4600 1029 4645; x_wconf 92' lang='lat' dir='ltr'><strong>ut</strong></span> <span class='ocrx_word' id='word_1_591' title='bbox 1078 4591 1305 4660; x_wconf 88' lang='lat' dir='ltr'><strong>probare</strong></span> <span class='ocrx_word' id='word_1_592' title='bbox 1334 4592 1631 4655; x_wconf 88' lang='lat' dir='ltr'><strong>valeamus,</strong></span> <span class='ocrx_word' id='word_1_593' title='bbox 1660 4592 1832 4646; x_wconf 90' lang='lat' dir='ltr'><strong>solum</strong></span> <span class='ocrx_word' id='word_1_594' title='bbox 1884 4608 2005 4647; x_wconf 90' lang='lat' dir='ltr'><strong>reor</strong></span> <span class='ocrx_word' id='word_1_595' title='bbox 2046 4593 2116 4647; x_wconf 87' lang='lat' dir='ltr'><strong>ad</strong></span> 
     </span>
    </p>
   </div>
   <div class='ocr_carea' id='block_1_80' title="bbox 538 4680 2115 4752">
    <p class='ocr_par' dir='ltr' id='par_1_80' title="bbox 538 4680 2115 4752">
     <span class='ocr_line' id='line_1_80' title="bbox 538 4680 2115 4752; baseline 0 -14"><span class='ocrx_word' id='word_1_596' title='bbox 538 4682 843 4752; x_wconf 73' lang='lat' dir='ltr'><strong>exemplum</strong></span> <span class='ocrx_word' id='word_1_597' title='bbox 900 4680 1144 4736; x_wconf 75' lang='lat' dir='ltr'><strong>sulﬁcere</strong></span> <span class='ocrx_word' id='word_1_598' title='bbox 1189 4681 1396 4736; x_wconf 79' lang='lat' dir='ltr'><strong>Iudam.</strong></span> <span class='ocrx_word' id='word_1_599' title='bbox 1438 4682 1587 4736; x_wconf 78' lang='lat' dir='ltr'><strong>llttnc</strong></span> <span class='ocrx_word' id='word_1_600' title='bbox 1616 4683 1763 4738; x_wconf 88' lang='lat' dir='ltr'><strong>enim</strong></span> <span class='ocrx_word' id='word_1_601' title='bbox 1814 4684 1955 4738; x_wconf 91' lang='lat' dir='ltr'><strong>Deus</strong></span> <span class='ocrx_word' id='word_1_602' title='bbox 1992 4699 2115 4738; x_wconf 89' lang='lat' dir='ltr'><strong>cum</strong></span> 
     </span>
    </p>
   </div>
   <div class='ocr_carea' id='block_1_81' title="bbox 540 4775 2116 4848">
    <p class='ocr_par' dir='ltr' id='par_1_81' title="bbox 540 4775 2116 4848">
     <span class='ocr_line' id='line_1_81' title="bbox 540 4775 2116 4848; baseline 0 -17"><span class='ocrx_word' id='word_1_603' title='bbox 540 4778 847 4848; x_wconf 62' lang='lat' dir='ltr'><strong>praescisset</strong></span> <span class='ocrx_word' id='word_1_604' title='bbox 894 4775 946 4830; x_wconf 90' lang='lat' dir='ltr'><strong>in</strong></span> <span class='ocrx_word' id='word_1_605' title='bbox 1007 4775 1154 4829; x_wconf 83' lang='lat' dir='ltr'><strong>vitiis</strong></span> <span class='ocrx_word' id='word_1_606' title='bbox 1207 4777 1433 4847; x_wconf 76' lang='lat' dir='ltr'><strong>propriae</strong></span> <span class='ocrx_word' id='word_1_607' title='bbox 1482 4776 1770 4831; x_wconf 87' lang='lat' dir='ltr'><strong>voluntatis</strong></span> <span class='ocrx_word' id='word_1_608' title='bbox 1823 4777 2116 4847; x_wconf 86' lang='lat' dir='ltr'><strong>pessimum</strong></span> 
     </span>
    </p>
   </div>
   <div class='ocr_carea' id='block_1_82' title="bbox 541 4868 2118 4939">
    <p class='ocr_par' dir='ltr' id='par_1_82' title="bbox 541 4868 2118 4939">
     <span class='ocr_line' id='line_1_82' title="bbox 541 4868 2118 4939; baseline -0.001 -15"><span class='ocrx_word' id='word_1_609' title='bbox 541 4869 678 4935; x_wconf 83' lang='lat' dir='ltr'><strong>fore,</strong></span> <span class='ocrx_word' id='word_1_610' title='bbox 706 4869 759 4923; x_wconf 90' lang='lat' dir='ltr'><strong>id</strong></span> <span class='ocrx_word' id='word_1_611' title='bbox 792 4878 876 4924; x_wconf 92' lang='lat' dir='ltr'><strong>est</strong></span> <span class='ocrx_word' id='word_1_612' title='bbox 903 4868 1165 4923; x_wconf 87' lang='lat' dir='ltr'><strong>electione</strong></span> <span class='ocrx_word' id='word_1_613' title='bbox 1191 4868 1535 4939; x_wconf 85' lang='lat' dir='ltr'><strong>discipulatus</strong></span> <span class='ocrx_word' id='word_1_614' title='bbox 1563 4870 1642 4923; x_wconf 90' lang='lat' dir='ltr'><strong>sui</strong></span> <span class='ocrx_word' id='word_1_615' title='bbox 1674 4870 1811 4924; x_wconf 81' lang='lat' dir='ltr'><strong>bene</strong></span> <span class='ocrx_word' id='word_1_616' title='bbox 1841 4885 1869 4923; x_wconf 86' lang='lat' dir='ltr'><strong>a</strong></span> <span class='ocrx_word' id='word_1_617' title='bbox 1901 4869 2118 4924; x_wconf 82' lang='lat' dir='ltr'><strong>Christo</strong></span> 
     </span>
    </p>
   </div>
   <div class='ocr_carea' id='block_1_83' title="bbox 543 4960 2119 5031">
    <p class='ocr_par' dir='ltr' id='par_1_83' title="bbox 543 4960 2119 5031">
     <span class='ocr_line' id='line_1_83' title="bbox 543 4960 2119 5031; baseline -0.002 -15"><span class='ocrx_word' id='word_1_618' title='bbox 543 4960 867 5016; x_wconf 84' lang='lat' dir='ltr'><strong>conferenda</strong></span> <span class='ocrx_word' id='word_1_619' title='bbox 910 4960 1047 5014; x_wconf 88' lang='lat' dir='ltr'><strong>male</strong></span> <span class='ocrx_word' id='word_1_620' title='bbox 1085 4975 1321 5025; x_wconf 90' lang='lat' dir='ltr'><strong>usurum,</strong></span> <span class='ocrx_word' id='word_1_621' title='bbox 1350 4960 1462 5031; x_wconf 78' lang='lat'><strong><em>96</em></strong></span> <span class='ocrx_word' id='word_1_622' title='bbox 1483 4970 1537 5013; x_wconf 92' lang='lat' dir='ltr'><strong>et</strong></span> <span class='ocrx_word' id='word_1_623' title='bbox 1565 4961 1794 5014; x_wconf 86' lang='lat' dir='ltr'><strong>avaritia</strong></span> <span class='ocrx_word' id='word_1_624' title='bbox 1841 4961 2119 5014; x_wconf 88' lang='lat' dir='ltr'><strong>ardentem</strong></span> 
     </span>
    </p>
   </div>
   <div class='ocr_carea' id='block_1_84' title="bbox 544 5046 2119 5123">
    <p class='ocr_par' dir='ltr' id='par_1_84' title="bbox 544 5046 2119 5123">
     <span class='ocr_line' id='line_1_84' title="bbox 544 5046 2119 5123; baseline -0.001 -18"><span class='ocrx_word' id='word_1_625' title='bbox 544 5046 947 5123; x_wconf 20' lang='lat' dir='ltr'><strong>pretio‘Judaeis</strong></span> <span class='ocrx_word' id='word_1_626' title='bbox 974 5050 1255 5105; x_wconf 84' lang='lat' dir='ltr'><strong>Dominum</strong></span> <span class='ocrx_word' id='word_1_627' title='bbox 1282 5052 1625 5113; x_wconf 86' lang='lat' dir='ltr'><strong>traditurum,</strong></span> <span class='ocrx_word' id='word_1_628' title='bbox 1656 5066 1871 5120; x_wconf 63' lang='lat' dir='ltr'><strong>plenam</strong></span> <span class='ocrx_word' id='word_1_629' title='bbox 1898 5051 1946 5103; x_wconf 90' lang='lat' dir='ltr'><strong>ei</strong></span> <span class='ocrx_word' id='word_1_630' title='bbox 1979 5065 2119 5119; x_wconf 66' lang='lat' dir='ltr'><strong>pra:-</strong></span> 
     </span>
    </p>
   </div>
   <div class='ocr_carea' id='block_1_85' title="bbox 546 5141 2122 5211">
    <p class='ocr_par' dir='ltr' id='par_1_85' title="bbox 546 5141 2122 5211">
     <span class='ocr_line' id='line_1_85' title="bbox 546 5141 2122 5211; baseline -0.003 -13"><span class='ocrx_word' id='word_1_631' title='bbox 546 5143 839 5200; x_wconf 86' lang='lat' dir='ltr'><strong>destinavit</strong></span> <span class='ocrx_word' id='word_1_632' title='bbox 865 5160 929 5198; x_wconf 78' lang='lat' dir='ltr'><strong>ex</strong></span> <span class='ocrx_word' id='word_1_633' title='bbox 959 5142 1166 5197; x_wconf 87' lang='lat' dir='ltr'><strong>merito.</strong></span> <span class='ocrx_word' id='word_1_634' title='bbox 1200 5162 1216 5195; x_wconf 81' lang='grc' dir='ltr'><strong>ι</strong></span> <span class='ocrx_word' id='word_1_635' title='bbox 1251 5141 1397 5210; x_wconf 85' lang='lat' dir='ltr'><strong>Quod</strong></span> <span class='ocrx_word' id='word_1_636' title='bbox 1430 5158 1552 5197; x_wconf 89' lang='lat' dir='ltr'><strong>cum</strong></span> <span class='ocrx_word' id='word_1_637' title='bbox 1586 5142 1846 5211; x_wconf 77' lang='lat' dir='ltr'><strong>exemplis</strong></span> <span class='ocrx_word' id='word_1_638' title='bbox 1874 5141 2122 5211; x_wconf 80' lang='lat' dir='ltr'><strong>Scriptu-</strong></span> 
     </span>
    </p>
   </div>
   <div class='ocr_carea' id='block_1_86' title="bbox 544 5232 2124 5302">
    <p class='ocr_par' dir='ltr' id='par_1_86' title="bbox 544 5232 2124 5302">
     <span class='ocr_line' id='line_1_86' title="bbox 544 5232 2124 5302; baseline -0.005 -10"><span class='ocrx_word' id='word_1_639' title='bbox 544 5249 731 5292; x_wconf 80' lang='lat' dir='ltr'><strong>rarum</strong></span> <span class='ocrx_word' id='word_1_640' title='bbox 758 5233 1030 5289; x_wconf 88' lang='lat' dir='ltr'><strong>satissime</strong></span> <span class='ocrx_word' id='word_1_641' title='bbox 1061 5232 1424 5298; x_wconf 83' lang='lat' dir='ltr'><strong>conﬁrmaret,</strong></span> <span class='ocrx_word' id='word_1_642' title='bbox 1459 5233 1524 5286; x_wconf 88' lang='lat' dir='ltr'><strong>ad</strong></span> <span class='ocrx_word' id='word_1_643' title='bbox 1554 5234 1696 5287; x_wconf 76' lang='lat' dir='ltr'><strong>luuic</strong></span> <span class='ocrx_word' id='word_1_644' title='bbox 1727 5232 1902 5287; x_wconf 89' lang='lat' dir='ltr'><strong>locum</strong></span> <span class='ocrx_word' id='word_1_645' title='bbox 1933 5245 2124 5302; x_wconf 86' lang='lat' dir='ltr'><strong>perve-</strong></span> 
     </span>
    </p>
   </div>
   <div class='ocr_carea' id='block_1_87' title="bbox 545 5323 2118 5395">
    <p class='ocr_par' dir='ltr' id='par_1_87' title="bbox 545 5323 2118 5395">
     <span class='ocr_line' id='line_1_87' title="bbox 545 5323 2118 5395; baseline -0.003 -15"><span class='ocrx_word' id='word_1_646' title='bbox 545 5325 650 5391; x_wconf 89' lang='lat' dir='ltr'><strong>nit,</strong></span> <span class='ocrx_word' id='word_1_647' title='bbox 694 5339 853 5395; x_wconf 90' lang='lat' dir='ltr'><strong>quem</strong></span> <span class='ocrx_word' id='word_1_648' title='bbox 895 5323 1281 5379; x_wconf 81' lang='lat' dir='ltr'><strong>Gothescalcus</strong></span> <span class='ocrx_word' id='word_1_649' title='bbox 1307 5325 1677 5379; x_wconf 89' lang='lat' dir='ltr'><strong>detruncatum</strong></span> <span class='ocrx_word' id='word_1_650' title='bbox 1713 5338 1974 5393; x_wconf 89' lang='lat' dir='ltr'><strong>usurpare</strong></span> <span class='ocrx_word' id='word_1_651' title='bbox 2011 5337 2118 5376; x_wconf 89' lang='lat' dir='ltr'><strong>non</strong></span> 
     </span>
    </p>
   </div>
   <div class='ocr_carea' id='block_1_88' title="bbox 550 5413 2115 5485">
    <p class='ocr_par' dir='ltr' id='par_1_88' title="bbox 550 5413 2115 5485">
     <span class='ocr_line' id='line_1_88' title="bbox 550 5413 2115 5485; baseline -0.002 -15"><span class='ocrx_word' id='word_1_652' title='bbox 550 5416 745 5470; x_wconf 88' lang='lat' dir='ltr'><strong>timuit.</strong></span> <span class='ocrx_word' id='word_1_653' title='bbox 804 5420 829 5466; x_wconf 76' lang='grc' dir='ltr'>ι’</span> <span class='ocrx_word' id='word_1_654' title='bbox 854 5413 955 5471; x_wconf 89' lang='lat' dir='ltr'><strong>Ubi</strong></span> <span class='ocrx_word' id='word_1_655' title='bbox 1010 5429 1158 5485; x_wconf 77' lang='lat' dir='ltr'><strong>ergo,</strong></span> <span class='ocrx_word' id='word_1_656' title='bbox 1217 5413 1462 5483; x_wconf 82' lang='lat' dir='ltr'><strong>inquiens</strong></span> <span class='ocrx_word' id='word_1_657' title='bbox 1517 5415 1707 5469; x_wconf 87' lang='lat' dir='ltr'><strong>beatus</strong></span> <span class='ocrx_word' id='word_1_658' title='bbox 1763 5413 2115 5484; x_wconf 79' lang='lat' dir='ltr'><strong>Augustinus,</strong></span> 
     </span>
    </p>
   </div>
   <div class='ocr_carea' id='block_1_89' title="bbox 548 5490 2122 5577">
    <p class='ocr_par' dir='ltr' id='par_1_89' title="bbox 548 5490 2122 5577">
     <span class='ocr_line' id='line_1_89' title="bbox 548 5490 2122 5577; baseline -0.001 -18"><span class='ocrx_word' id='word_1_659' title='bbox 548 5490 992 5561; x_wconf 86' lang='lat' dir='ltr'><strong>commemoratio</strong></span> <span class='ocrx_word' id='word_1_660' title='bbox 1033 5521 1254 5575; x_wconf 88' lang='lat' dir='ltr'><strong>operum</strong></span> <span class='ocrx_word' id='word_1_661' title='bbox 1303 5506 1416 5577; x_wconf 83' lang='lat' dir='ltr'><strong>ejus</strong></span> <span class='ocrx_word' id='word_1_662' title='bbox 1466 5505 1730 5560; x_wconf 86' lang='lat' dir='ltr'><strong>malorum</strong></span> <span class='ocrx_word' id='word_1_663' title='bbox 1763 5520 1791 5559; x_wconf 93' lang='lat' dir='ltr'><strong>a</strong></span> <span class='ocrx_word' id='word_1_664' title='bbox 1830 5513 2020 5559; x_wconf 89' lang='lat' dir='ltr'><strong>sancto</strong></span> <span class='ocrx_word' id='word_1_665' title='bbox 2062 5502 2122 5558; x_wconf 88' lang='lat' dir='ltr'><strong>lit</strong></span> 
     </span>
    </p>
   </div>
   <div class='ocr_carea' id='block_1_90' title="bbox 552 5595 2122 5668">
    <p class='ocr_par' dir='ltr' id='par_1_90' title="bbox 552 5595 2122 5668">
     <span class='ocr_line' id='line_1_90' title="bbox 552 5595 2122 5668; baseline 0 -17"><span class='ocrx_word' id='word_1_666' title='bbox 552 5595 754 5667; x_wconf 82' lang='lat' dir='ltr'><strong>Spiritu</strong></span> <span class='ocrx_word' id='word_1_667' title='bbox 798 5596 849 5650; x_wconf 92' lang='lat' dir='ltr'><strong>in</strong></span> <span class='ocrx_word' id='word_1_668' title='bbox 897 5597 1137 5668; x_wconf 84' lang='lat' dir='ltr'><strong>psalmis,</strong></span> <span class='ocrx_word' id='word_1_669' title='bbox 1167 5597 1477 5668; x_wconf 87' lang='lat' dir='ltr'><strong>priusquam</strong></span> <span class='ocrx_word' id='word_1_670' title='bbox 1522 5606 1666 5652; x_wconf 80' lang='lat' dir='ltr'><strong>esset</strong></span> <span class='ocrx_word' id='word_1_671' title='bbox 1714 5597 1993 5665; x_wconf 66' lang='lat' dir='ltr'><strong>prmscitus</strong></span> <span class='ocrx_word' id='word_1_672' title='bbox 2038 5605 2122 5651; x_wconf 86' lang='lat' dir='ltr'><strong>est.</strong></span> 
     </span>
    </p>
   </div>
   <div class='ocr_carea' id='block_1_91' title="bbox 551 5676 2125 5760">
    <p class='ocr_par' dir='ltr' id='par_1_91' title="bbox 551 5676 2125 5760">
     <span class='ocr_line' id='line_1_91' title="bbox 551 5676 2125 5760; baseline -0.001 -16"><span class='ocrx_word' id='word_1_673' title='bbox 551 5704 658 5745; x_wconf 89' lang='lat' dir='ltr'><strong>non</strong></span> <span class='ocrx_word' id='word_1_674' title='bbox 688 5687 883 5757; x_wconf 78' lang='lat' dir='ltr'><strong>factus,</strong></span> <span class='ocrx_word' id='word_1_675' title='bbox 917 5690 1058 5760; x_wconf 85' lang='lat' dir='ltr'><strong>quod</strong></span> <span class='ocrx_word' id='word_1_676' title='bbox 1090 5689 1211 5745; x_wconf 87' lang='lat' dir='ltr'><strong>talis</strong></span> <span class='ocrx_word' id='word_1_677' title='bbox 1254 5676 1503 5745; x_wconf 83' lang='lat' dir='ltr'><strong>adversus</strong></span> <span class='ocrx_word' id='word_1_678' title='bbox 1533 5689 1723 5744; x_wconf 85' lang='lat' dir='ltr'><strong>Filium</strong></span> <span class='ocrx_word' id='word_1_679' title='bbox 1774 5688 1863 5742; x_wconf 83' lang='lat' dir='ltr'><strong>Dei</strong></span> <span class='ocrx_word' id='word_1_680' title='bbox 1912 5687 2125 5744; x_wconf 83' lang='lat' dir='ltr'><strong>futums</strong></span> 
     </span>
    </p>
   </div>
   <div class='ocr_carea' id='block_1_92' title="bbox 2216 3223 3835 3297">
    <p class='ocr_par' dir='ltr' id='par_1_92' title="bbox 2216 3223 3835 3297">
     <span class='ocr_line' id='line_1_92' title="bbox 2216 3223 3835 3297; baseline 0.003 -19"><span class='ocrx_word' id='word_1_681' title='bbox 2216 3232 2270 3278; x_wconf 90' lang='lat' dir='ltr'><strong>et</strong></span> <span class='ocrx_word' id='word_1_682' title='bbox 2296 3223 2476 3278; x_wconf 91' lang='lat' dir='ltr'><strong>verbis</strong></span> <span class='ocrx_word' id='word_1_683' title='bbox 2505 3224 2571 3278; x_wconf 91' lang='lat' dir='ltr'><strong>de</strong></span> <span class='ocrx_word' id='word_1_684' title='bbox 2597 3238 2765 3295; x_wconf 78' lang='lat' dir='ltr'><strong>regno</strong></span> <span class='ocrx_word' id='word_1_685' title='bbox 2798 3226 3001 3280; x_wconf 90' lang='lat' dir='ltr'><strong>sanctis</strong></span> <span class='ocrx_word' id='word_1_686' title='bbox 3029 3226 3435 3297; x_wconf 62' lang='lat' dir='ltr'><strong>prtedestinato,</strong></span> <span class='ocrx_word' id='word_1_687' title='bbox 3458 3235 3511 3281; x_wconf 90' lang='lat' dir='ltr'><strong>et</strong></span> <span class='ocrx_word' id='word_1_688' title='bbox 3531 3226 3597 3280; x_wconf 89' lang='lat' dir='ltr'><strong>de</strong></span> <span class='ocrx_word' id='word_1_689' title='bbox 3626 3228 3835 3296; x_wconf 76' lang='lat' dir='ltr'><strong>poenis</strong></span> 
     </span>
    </p>
   </div>
   <div class='ocr_carea' id='block_1_93' title="bbox 2216 3312 3827 3386">
    <p class='ocr_par' dir='ltr' id='par_1_93' title="bbox 2216 3312 3827 3386">
     <span class='ocr_line' id='line_1_93' title="bbox 2216 3312 3827 3386; baseline 0.002 -19"><span class='ocrx_word' id='word_1_690' title='bbox 2216 3312 2461 3383; x_wconf 87' lang='lat' dir='ltr'><strong>reprobis</strong></span> <span class='ocrx_word' id='word_1_691' title='bbox 2488 3313 2825 3382; x_wconf 70' lang='lat' dir='ltr'><strong>pneparatis,</strong></span> <span class='ocrx_word' id='word_1_692' title='bbox 2850 3323 3068 3368; x_wconf 89' lang='lat' dir='ltr'><strong>sanctus</strong></span> <span class='ocrx_word' id='word_1_693' title='bbox 3092 3313 3328 3370; x_wconf 84' lang='lat' dir='ltr'><strong>Joannes</strong></span> <span class='ocrx_word' id='word_1_694' title='bbox 3349 3314 3827 3386; x_wconf 84' lang='lat' dir='ltr'><strong>Constantinopo-</strong></span> 
     </span>
    </p>
   </div>
   <div class='ocr_carea' id='block_1_94' title="bbox 2214 3396 3829 3476">
    <p class='ocr_par' dir='ltr' id='par_1_94' title="bbox 2214 3396 3829 3476">
     <span class='ocr_line' id='line_1_94' title="bbox 2214 3396 3829 3476; baseline 0.003 -18"><span class='ocrx_word' id='word_1_695' title='bbox 2214 3404 2435 3466; x_wconf 84' lang='lat' dir='ltr'><strong>litanus,</strong></span> <span class='ocrx_word' id='word_1_696' title='bbox 2469 3422 2577 3461; x_wconf 93' lang='lat' dir='ltr'><strong>uno</strong></span> <span class='ocrx_word' id='word_1_697' title='bbox 2616 3407 2832 3475; x_wconf 88' lang='lat' dir='ltr'><strong>spiritu,</strong></span> <span class='ocrx_word' id='word_1_698' title='bbox 2864 3422 2973 3460; x_wconf 91' lang='lat' dir='ltr'><strong>uno</strong></span> <span class='ocrx_word' id='word_1_699' title='bbox 3021 3407 3224 3471; x_wconf 90' lang='lat' dir='ltr'><strong>animo,</strong></span> <span class='ocrx_word' id='word_1_700' title='bbox 3270 3396 3485 3476; x_wconf 79' lang='lat' dir='ltr'><strong>unoque</strong></span> <span class='ocrx_word' id='word_1_701' title='bbox 3531 3422 3627 3462; x_wconf 86' lang='lat' dir='ltr'><strong>ore</strong></span> <span class='ocrx_word' id='word_1_702' title='bbox 3676 3423 3829 3463; x_wconf 85' lang='lat' dir='ltr'><strong>eou-</strong></span> 
     </span>
    </p>
   </div>
   <div class='ocr_carea' id='block_1_95' title="bbox 2217 3495 3837 3570">
    <p class='ocr_par' dir='ltr' id='par_1_95' title="bbox 2217 3495 3837 3570">
     <span class='ocr_line' id='line_1_95' title="bbox 2217 3495 3837 3570; baseline 0.003 -20"><span class='ocrx_word' id='word_1_703' title='bbox 2217 3495 2408 3550; x_wconf 89' lang='lat' dir='ltr'><strong>cordat</strong></span> <span class='ocrx_word' id='word_1_704' title='bbox 2455 3496 2508 3550; x_wconf 89' lang='lat' dir='ltr'><strong>in</strong></span> <span class='ocrx_word' id='word_1_705' title='bbox 2563 3496 2700 3551; x_wconf 90' lang='lat' dir='ltr'><strong>libro</strong></span> <span class='ocrx_word' id='word_1_706' title='bbox 2742 3498 2810 3551; x_wconf 91' lang='lat' dir='ltr'><strong>de</strong></span> <span class='ocrx_word' id='word_1_707' title='bbox 2851 3495 3213 3566; x_wconf 76' lang='lat' dir='ltr'><strong>Reparatione</strong></span> <span class='ocrx_word' id='word_1_708' title='bbox 3264 3497 3424 3567; x_wconf 86' lang='lat' dir='ltr'><strong>lapsi,</strong></span> <span class='ocrx_word' id='word_1_709' title='bbox 3465 3498 3601 3553; x_wconf 89' lang='lat' dir='ltr'><strong>sicut</strong></span> <span class='ocrx_word' id='word_1_710' title='bbox 3641 3514 3837 3570; x_wconf 74' lang='lat' dir='ltr'><strong>supra</strong></span> 
     </span>
    </p>
   </div>
   <div class='ocr_carea' id='block_1_96' title="bbox 2215 3587 3827 3658">
    <p class='ocr_par' dir='ltr' id='par_1_96' title="bbox 2215 3587 3827 3658">
     <span class='ocr_line' id='line_1_96' title="bbox 2215 3587 3827 3658; baseline 0.005 -18"><span class='ocrx_word' id='word_1_711' title='bbox 2215 3587 2494 3657; x_wconf 90' lang='lat' dir='ltr'><strong>posuimus</strong></span> <span class='ocrx_word' id='word_1_712' title='bbox 2527 3605 2540 3642; x_wconf 93' lang='lat'>:</span> <span class='ocrx_word' id='word_1_713' title='bbox 2570 3588 2663 3657; x_wconf 89' lang='lat' dir='ltr'><strong>qui</strong></span> <span class='ocrx_word' id='word_1_714' title='bbox 2714 3603 2781 3642; x_wconf 88' lang='lat' dir='ltr'><strong>ex</strong></span> <span class='ocrx_word' id='word_1_715' title='bbox 2826 3588 3133 3658; x_wconf 81' lang='lat' dir='ltr'><strong>evangelica</strong></span> <span class='ocrx_word' id='word_1_716' title='bbox 3183 3590 3417 3644; x_wconf 89' lang='lat' dir='ltr'><strong>veritate</strong></span> <span class='ocrx_word' id='word_1_717' title='bbox 3467 3590 3827 3648; x_wconf 77' lang='lat' dir='ltr'><strong>demonstrat</strong></span> 
     </span>
    </p>
   </div>
   <div class='ocr_carea' id='block_1_97' title="bbox 2217 3679 3816 3750">
    <p class='ocr_par' dir='ltr' id='par_1_97' title="bbox 2217 3679 3816 3750">
     <span class='ocr_line' id='line_1_97' title="bbox 2217 3679 3816 3750; baseline 0.003 -17"><span class='ocrx_word' id='word_1_718' title='bbox 2217 3680 2366 3749; x_wconf 81' lang='lat' dir='ltr'><strong>regni</strong></span> <span class='ocrx_word' id='word_1_719' title='bbox 2398 3679 2658 3734; x_wconf 68' lang='lat' dir='ltr'><strong>caelorum</strong></span> <span class='ocrx_word' id='word_1_720' title='bbox 2690 3679 2916 3750; x_wconf 80' lang='lat' dir='ltr'><strong>gloriam</strong></span> <span class='ocrx_word' id='word_1_721' title='bbox 2944 3688 3163 3750; x_wconf 89' lang='lat' dir='ltr'><strong>propter</strong></span> <span class='ocrx_word' id='word_1_722' title='bbox 3199 3681 3469 3744; x_wconf 84' lang='lat' dir='ltr'><strong>homines,</strong></span> <span class='ocrx_word' id='word_1_723' title='bbox 3495 3681 3816 3750; x_wconf 81' lang='lat' dir='ltr'><strong>gehennam</strong></span> 
     </span>
    </p>
   </div>
   <div class='ocr_carea' id='block_1_98' title="bbox 2216 3770 3819 3840">
    <p class='ocr_par' dir='ltr' id='par_1_98' title="bbox 2216 3770 3819 3840">
     <span class='ocr_line' id='line_1_98' title="bbox 2216 3770 3819 3840; baseline 0.004 -19"><span class='ocrx_word' id='word_1_724' title='bbox 2216 3784 2432 3839; x_wconf 88' lang='lat' dir='ltr'><strong>quoque</strong></span> <span class='ocrx_word' id='word_1_725' title='bbox 2461 3770 2656 3823; x_wconf 80' lang='lat' dir='ltr'><strong>factam</strong></span> <span class='ocrx_word' id='word_1_726' title='bbox 2685 3779 2907 3840; x_wconf 85' lang='lat' dir='ltr'><strong>propter</strong></span> <span class='ocrx_word' id='word_1_727' title='bbox 2933 3771 3225 3825; x_wconf 84' lang='lat' dir='ltr'><strong>diabolum.</strong></span> <span class='ocrx_word' id='word_1_728' title='bbox 3267 3771 3373 3825; x_wconf 90' lang='lat' dir='ltr'><strong>Sed</strong></span> <span class='ocrx_word' id='word_1_729' title='bbox 3399 3780 3454 3825; x_wconf 88' lang='lat' dir='ltr'><strong>et</strong></span> <span class='ocrx_word' id='word_1_730' title='bbox 3480 3772 3547 3825; x_wconf 89' lang='lat' dir='ltr'><strong>de</strong></span> <span class='ocrx_word' id='word_1_731' title='bbox 3583 3770 3726 3826; x_wconf 83' lang='lat' dir='ltr'><strong>Juda</strong></span> <span class='ocrx_word' id='word_1_732' title='bbox 3756 3774 3819 3827; x_wconf 87' lang='lat' dir='ltr'><strong>in</strong></span> 
     </span>
    </p>
   </div>
   <div class='ocr_carea' id='block_1_99' title="bbox 2216 3861 3821 3919">
    <p class='ocr_par' dir='ltr' id='par_1_99' title="bbox 2216 3861 3821 3919">
     <span class='ocr_line' id='line_1_99' title="bbox 2216 3861 3821 3919; baseline 0.002 -3"><span class='ocrx_word' id='word_1_733' title='bbox 2216 3862 2404 3917; x_wconf 89' lang='lat' dir='ltr'><strong>eodem</strong></span> <span class='ocrx_word' id='word_1_734' title='bbox 2436 3861 2572 3915; x_wconf 91' lang='lat' dir='ltr'><strong>libro</strong></span> <span class='ocrx_word' id='word_1_735' title='bbox 2607 3861 2744 3915; x_wconf 89' lang='lat' dir='ltr'><strong>idem</strong></span> <span class='ocrx_word' id='word_1_736' title='bbox 2774 3871 2996 3916; x_wconf 89' lang='lat' dir='ltr'><strong>sanctus</strong></span> <span class='ocrx_word' id='word_1_737' title='bbox 3024 3862 3261 3917; x_wconf 80' lang='lat' dir='ltr'><strong>Joannes</strong></span> <span class='ocrx_word' id='word_1_738' title='bbox 3290 3863 3365 3918; x_wconf 88' lang='lat' dir='ltr'><strong>ita</strong></span> <span class='ocrx_word' id='word_1_739' title='bbox 3404 3863 3533 3918; x_wconf 88' lang='lat' dir='ltr'><strong>dicit</strong></span> <span class='ocrx_word' id='word_1_740' title='bbox 3564 3876 3579 3916; x_wconf 86' lang='lat'><strong>:</strong></span> <span class='ocrx_word' id='word_1_741' title='bbox 3624 3884 3642 3915; x_wconf 77' lang='grc' dir='ltr'><strong>ι</strong></span> <span class='ocrx_word' id='word_1_742' title='bbox 3670 3862 3821 3919; x_wconf 82' lang='lat' dir='ltr'><strong>Pro-</strong></span> 
     </span>
    </p>
   </div>
   <div class='ocr_carea' id='block_1_100' title="bbox 2216 3946 3819 4023">
    <p class='ocr_par' dir='ltr' id='par_1_100' title="bbox 2216 3946 3819 4023">
     <span class='ocr_line' id='line_1_100' title="bbox 2216 3946 3819 4023; baseline 0.004 -18"><span class='ocrx_word' id='word_1_743' title='bbox 2216 3962 2402 4023; x_wconf 88' lang='lat' dir='ltr'><strong>pterea</strong></span> <span class='ocrx_word' id='word_1_744' title='bbox 2434 3952 2685 4021; x_wconf 89' lang='lat' dir='ltr'><strong>denique,</strong></span> <span class='ocrx_word' id='word_1_745' title='bbox 2730 3953 2998 4022; x_wconf 88' lang='lat' dir='ltr'><strong>inquiens,</strong></span> <span class='ocrx_word' id='word_1_746' title='bbox 3049 3946 3104 4007; x_wconf 82' lang='lat' dir='ltr'><strong>et</strong></span> <span class='ocrx_word' id='word_1_747' title='bbox 3149 3954 3340 4009; x_wconf 87' lang='lat' dir='ltr'><strong>Judam</strong></span> <span class='ocrx_word' id='word_1_748' title='bbox 3393 3954 3647 4009; x_wconf 90' lang='lat' dir='ltr'><strong>inimicus</strong></span> <span class='ocrx_word' id='word_1_749' title='bbox 3681 3956 3819 4011; x_wconf 83' lang='lat' dir='ltr'><strong>hinc</strong></span> 
     </span>
    </p>
   </div>
   <div class='ocr_carea' id='block_1_101' title="bbox 2218 4043 3819 4116">
    <p class='ocr_par' dir='ltr' id='par_1_101' title="bbox 2218 4043 3819 4116">
     <span class='ocr_line' id='line_1_101' title="bbox 2218 4043 3819 4116; baseline 0.002 -18"><span class='ocrx_word' id='word_1_750' title='bbox 2218 4046 2417 4116; x_wconf 82' lang='lat' dir='ltr'><strong>rapuit,</strong></span> <span class='ocrx_word' id='word_1_751' title='bbox 2449 4059 2515 4099; x_wconf 90' lang='lat' dir='ltr'><strong>ne</strong></span> <span class='ocrx_word' id='word_1_752' title='bbox 2554 4043 2711 4106; x_wconf 84' lang='lat' dir='ltr'><strong>forte,</strong></span> <span class='ocrx_word' id='word_1_753' title='bbox 2746 4047 2869 4114; x_wconf 91' lang='lat' dir='ltr'><strong>quia</strong></span> <span class='ocrx_word' id='word_1_754' title='bbox 2913 4048 3122 4102; x_wconf 87' lang='lat' dir='ltr'><strong>sciebat</strong></span> <span class='ocrx_word' id='word_1_755' title='bbox 3160 4048 3303 4116; x_wconf 90' lang='lat' dir='ltr'><strong>quod</strong></span> <span class='ocrx_word' id='word_1_756' title='bbox 3331 4054 3477 4101; x_wconf 89' lang='lat' dir='ltr'><strong>esset</strong></span> <span class='ocrx_word' id='word_1_757' title='bbox 3500 4047 3711 4101; x_wconf 90' lang='lat' dir='ltr'><strong>reditus</strong></span> <span class='ocrx_word' id='word_1_758' title='bbox 3742 4048 3819 4102; x_wconf 82' lang='lat' dir='ltr'><strong>ad</strong></span> 
     </span>
    </p>
   </div>
   <div class='ocr_carea' id='block_1_102' title="bbox 2219 4135 3817 4210">
    <p class='ocr_par' dir='ltr' id='par_1_102' title="bbox 2219 4135 3817 4210">
     <span class='ocr_line' id='line_1_102' title="bbox 2219 4135 3817 4210; baseline 0.003 -21"><span class='ocrx_word' id='word_1_759' title='bbox 2219 4137 2468 4201; x_wconf 89' lang='lat' dir='ltr'><strong>salutem,</strong></span> <span class='ocrx_word' id='word_1_760' title='bbox 2511 4135 2719 4205; x_wconf 89' lang='lat' dir='ltr'><strong>lapsum</strong></span> <span class='ocrx_word' id='word_1_761' title='bbox 2750 4152 2906 4190; x_wconf 90' lang='lat' dir='ltr'><strong>suum</strong></span> <span class='ocrx_word' id='word_1_762' title='bbox 2958 4138 3276 4207; x_wconf 71' lang='lat' dir='ltr'><strong>poenitentia</strong></span> <span class='ocrx_word' id='word_1_763' title='bbox 3318 4136 3660 4192; x_wconf 80' lang='lat' dir='ltr'><strong>reformaret.</strong></span> <span class='ocrx_word' id='word_1_764' title='bbox 3698 4138 3817 4210; x_wconf 80' lang='lat' dir='ltr'><strong>Ego</strong></span> 
     </span>
    </p>
   </div>
   <div class='ocr_carea' id='block_1_103' title="bbox 2218 4225 3816 4294">
    <p class='ocr_par' dir='ltr' id='par_1_103' title="bbox 2218 4225 3816 4294">
     <span class='ocr_line' id='line_1_103' title="bbox 2218 4225 3816 4294; baseline 0.001 -15"><span class='ocrx_word' id='word_1_765' title='bbox 2218 4227 2387 4288; x_wconf 88' lang='lat' dir='ltr'><strong>enim,</strong></span> <span class='ocrx_word' id='word_1_766' title='bbox 2429 4225 2642 4279; x_wconf 87' lang='lat' dir='ltr'><strong>etiamsi</strong></span> <span class='ocrx_word' id='word_1_767' title='bbox 2692 4227 2888 4279; x_wconf 88' lang='lat' dir='ltr'><strong>mirum</strong></span> <span class='ocrx_word' id='word_1_768' title='bbox 2941 4227 3152 4280; x_wconf 85' lang='lat' dir='ltr'><strong>videtur</strong></span> <span class='ocrx_word' id='word_1_769' title='bbox 3195 4242 3316 4282; x_wconf 91' lang='lat' dir='ltr'><strong>esse</strong></span> <span class='ocrx_word' id='word_1_770' title='bbox 3358 4226 3498 4294; x_wconf 88' lang='lat' dir='ltr'><strong>quod</strong></span> <span class='ocrx_word' id='word_1_771' title='bbox 3546 4226 3693 4290; x_wconf 89' lang='lat' dir='ltr'><strong>dico,</strong></span> <span class='ocrx_word' id='word_1_772' title='bbox 3740 4242 3816 4281; x_wconf 84' lang='lat' dir='ltr'><strong>ne</strong></span> 
     </span>
    </p>
   </div>
   <div class='ocr_carea' id='block_1_104' title="bbox 2220 4317 3820 4392">
    <p class='ocr_par' dir='ltr' id='par_1_104' title="bbox 2220 4317 3820 4392">
     <span class='ocr_line' id='line_1_104' title="bbox 2220 4317 3820 4392; baseline 0.002 -22"><span class='ocrx_word' id='word_1_773' title='bbox 2220 4318 2349 4392; x_wconf 81' lang='lat' dir='ltr'><strong>illud</strong></span> <span class='ocrx_word' id='word_1_774' title='bbox 2394 4318 2607 4386; x_wconf 88' lang='lat' dir='ltr'><strong>quidem</strong></span> <span class='ocrx_word' id='word_1_775' title='bbox 2669 4317 2819 4372; x_wconf 71' lang='lat' dir='ltr'><strong>Juda:</strong></span> <span class='ocrx_word' id='word_1_776' title='bbox 2860 4328 3140 4388; x_wconf 88' lang='lat' dir='ltr'><strong>peccatum</strong></span> <span class='ocrx_word' id='word_1_777' title='bbox 3186 4319 3414 4374; x_wconf 82' lang='lat' dir='ltr'><strong>dixerim</strong></span> <span class='ocrx_word' id='word_1_778' title='bbox 3459 4317 3603 4372; x_wconf 87' lang='lat' dir='ltr'><strong>vires</strong></span> <span class='ocrx_word' id='word_1_779' title='bbox 3649 4333 3820 4373; x_wconf 81' lang='lat' dir='ltr'><strong>exce-</strong></span> 
     </span>
    </p>
   </div>
   <div class='ocr_carea' id='block_1_105' title="bbox 2220 4409 3819 4480">
    <p class='ocr_par' dir='ltr' id='par_1_105' title="bbox 2220 4409 3819 4480">
     <span class='ocr_line' id='line_1_105' title="bbox 2220 4409 3819 4480; baseline -0.001 -15"><span class='ocrx_word' id='word_1_780' title='bbox 2220 4412 2346 4466; x_wconf 90' lang='lat' dir='ltr'><strong>dere</strong></span> <span class='ocrx_word' id='word_1_781' title='bbox 2393 4410 2726 4480; x_wconf 72' lang='lat' dir='ltr'><strong>ptenitcntia:</strong></span> <span class='ocrx_word' id='word_1_782' title='bbox 2771 4411 3027 4480; x_wconf 90' lang='lat' dir='ltr'><strong>potuisse.</strong></span> <span class='ocrx_word' id='word_1_783' title='bbox 3061 4431 3079 4464; x_wconf 73' lang='grc' dir='ltr'><strong>ι</strong></span> <span class='ocrx_word' id='word_1_784' title='bbox 3125 4410 3277 4466; x_wconf 91' lang='lat' dir='ltr'><strong>Unde</strong></span> <span class='ocrx_word' id='word_1_785' title='bbox 3321 4419 3374 4466; x_wconf 88' lang='lat' dir='ltr'><strong>et</strong></span> <span class='ocrx_word' id='word_1_786' title='bbox 3418 4419 3637 4465; x_wconf 90' lang='lat' dir='ltr'><strong>sanctus</strong></span> <span class='ocrx_word' id='word_1_787' title='bbox 3676 4409 3819 4464; x_wconf 84' lang='lat' dir='ltr'><strong>Am-</strong></span> 
     </span>
    </p>
   </div>
   <div class='ocr_carea' id='block_1_106' title="bbox 2220 4499 3816 4569">
    <p class='ocr_par' dir='ltr' id='par_1_106' title="bbox 2220 4499 3816 4569">
     <span class='ocr_line' id='line_1_106' title="bbox 2220 4499 3816 4569; baseline -0.002 -14"><span class='ocrx_word' id='word_1_788' title='bbox 2220 4500 2451 4563; x_wconf 88' lang='lat' dir='ltr'><strong>brosius,</strong></span> <span class='ocrx_word' id='word_1_789' title='bbox 2505 4515 2627 4555; x_wconf 78' lang='lat' dir='ltr'><strong>cum</strong></span> <span class='ocrx_word' id='word_1_790' title='bbox 2659 4509 2954 4569; x_wconf 85' lang='lat' dir='ltr'><strong>exponeret</strong></span> <span class='ocrx_word' id='word_1_791' title='bbox 2982 4516 3201 4555; x_wconf 89' lang='lat' dir='ltr'><strong>versum</strong></span> <span class='ocrx_word' id='word_1_792' title='bbox 3229 4500 3428 4555; x_wconf 79' lang='lat' dir='ltr'><strong>Psalmi</strong></span> <span class='ocrx_word' id='word_1_793' title='bbox 3450 4515 3615 4554; x_wconf 74' lang='lat' dir='ltr'><strong>cxvm</strong></span> <span class='ocrx_word' id='word_1_794' title='bbox 3644 4516 3658 4552; x_wconf 87' lang='lat'><strong>:</strong></span> <span class='ocrx_word' id='word_1_795' title='bbox 3696 4499 3816 4553; x_wconf 85' lang='lat' dir='ltr'><strong>Po-</strong></span> 
     </span>
    </p>
   </div>
   <div class='ocr_carea' id='block_1_107' title="bbox 2221 4588 3816 4662">
    <p class='ocr_par' dir='ltr' id='par_1_107' title="bbox 2221 4588 3816 4662">
     <span class='ocr_line' id='line_1_107' title="bbox 2221 4588 3816 4662; baseline -0.001 -16"><span class='ocrx_word' id='word_1_796' title='bbox 2221 4601 2435 4646; x_wconf 88' lang='lat' dir='ltr'><strong>suerunt</strong></span> <span class='ocrx_word' id='word_1_797' title='bbox 2489 4600 2786 4662; x_wconf 86' lang='lat' dir='ltr'><strong>peccatores</strong></span> <span class='ocrx_word' id='word_1_798' title='bbox 2846 4591 3091 4662; x_wconf 84' lang='lat' dir='ltr'><strong>laqueum</strong></span> <span class='ocrx_word' id='word_1_799' title='bbox 3146 4590 3311 4657; x_wconf 87' lang='lat' dir='ltr'><strong>mihi,</strong></span> <span class='ocrx_word' id='word_1_800' title='bbox 3363 4591 3495 4644; x_wconf 89' lang='lat' dir='ltr'><strong>ait:</strong></span> <span class='ocrx_word' id='word_1_801' title='bbox 3548 4609 3565 4640; x_wconf 73' lang='lat' dir='ltr'><strong>c</strong></span> <span class='ocrx_word' id='word_1_802' title='bbox 3601 4588 3681 4643; x_wconf 84' lang='lat' dir='ltr'><strong>Ac</strong></span> <span class='ocrx_word' id='word_1_803' title='bbox 3743 4605 3816 4644; x_wconf 86' lang='lat' dir='ltr'><strong>ne</strong></span> 
     </span>
    </p>
   </div>
   <div class='ocr_carea' id='block_1_108' title="bbox 2224 4679 3815 4753">
    <p class='ocr_par' dir='ltr' id='par_1_108' title="bbox 2224 4679 3815 4753">
     <span class='ocr_line' id='line_1_108' title="bbox 2224 4679 3815 4753; baseline -0.003 -16"><span class='ocrx_word' id='word_1_804' title='bbox 2224 4684 2548 4739; x_wconf 90' lang='lat' dir='ltr'><strong>mediocrem</strong></span> <span class='ocrx_word' id='word_1_805' title='bbox 2568 4683 2726 4737; x_wconf 64' lang='lat' dir='ltr'><strong>hunc</strong></span> <span class='ocrx_word' id='word_1_806' title='bbox 2758 4683 3007 4751; x_wconf 87' lang='lat' dir='ltr'><strong>laqueum</strong></span> <span class='ocrx_word' id='word_1_807' title='bbox 3037 4691 3212 4753; x_wconf 87' lang='lat' dir='ltr'><strong>putes,</strong></span> <span class='ocrx_word' id='word_1_808' title='bbox 3241 4683 3326 4736; x_wconf 90' lang='lat' dir='ltr'><strong>hic</strong></span> <span class='ocrx_word' id='word_1_809' title='bbox 3362 4682 3585 4752; x_wconf 82' lang='lat' dir='ltr'><strong>laqueus</strong></span> <span class='ocrx_word' id='word_1_810' title='bbox 3612 4679 3815 4734; x_wconf 70' lang='lat' dir='ltr'><strong>ludam</strong></span> 
     </span>
    </p>
   </div>
   <div class='ocr_carea' id='block_1_109' title="bbox 2223 4772 3814 4848">
    <p class='ocr_par' dir='ltr' id='par_1_109' title="bbox 2223 4772 3814 4848">
     <span class='ocr_line' id='line_1_109' title="bbox 2223 4772 3814 4848; baseline -0.003 -19"><span class='ocrx_word' id='word_1_811' title='bbox 2223 4775 2523 4845; x_wconf 88' lang='lat' dir='ltr'><strong>apostolum</strong></span> <span class='ocrx_word' id='word_1_812' title='bbox 2561 4774 2960 4845; x_wconf 80' lang='lat' dir='ltr'><strong>strangulavit:</strong></span> <span class='ocrx_word' id='word_1_813' title='bbox 3002 4775 3089 4829; x_wconf 92' lang='lat' dir='ltr'><strong>cui</strong></span> <span class='ocrx_word' id='word_1_814' title='bbox 3141 4775 3306 4829; x_wconf 90' lang='lat' dir='ltr'><strong>miser</strong></span> <span class='ocrx_word' id='word_1_815' title='bbox 3346 4790 3469 4828; x_wconf 89' lang='lat' dir='ltr'><strong>eum</strong></span> <span class='ocrx_word' id='word_1_816' title='bbox 3499 4772 3814 4848; x_wconf 63' lang='lat' dir='ltr'><strong>cssetjlla-</strong></span> 
     </span>
    </p>
   </div>
   <div class='ocr_carea' id='block_1_110' title="bbox 2225 4858 3817 4941">
    <p class='ocr_par' dir='ltr' id='par_1_110' title="bbox 2225 4858 3817 4941">
     <span class='ocr_line' id='line_1_110' title="bbox 2225 4858 3817 4941; baseline -0.005 -14"><span class='ocrx_word' id='word_1_817' title='bbox 2225 4858 2477 4941; x_wconf 86' lang='lat' dir='ltr'><strong>queatus,</strong></span> <span class='ocrx_word' id='word_1_818' title='bbox 2510 4879 2570 4925; x_wconf 92' lang='lat' dir='ltr'><strong>ut</strong></span> <span class='ocrx_word' id='word_1_819' title='bbox 2616 4872 2871 4941; x_wconf 85' lang='lat' dir='ltr'><strong>proderet</strong></span> <span class='ocrx_word' id='word_1_820' title='bbox 2903 4870 3215 4935; x_wconf 88' lang='lat' dir='ltr'><strong>Dominum,</strong></span> <span class='ocrx_word' id='word_1_821' title='bbox 3248 4868 3339 4923; x_wconf 87' lang='lat' dir='ltr'><strong>ubi</strong></span> <span class='ocrx_word' id='word_1_822' title='bbox 3370 4867 3605 4922; x_wconf 84' lang='lat' dir='ltr'><strong>advertit</strong></span> <span class='ocrx_word' id='word_1_823' title='bbox 3633 4882 3817 4936; x_wconf 87' lang='lat' dir='ltr'><strong>quan-</strong></span> 
     </span>
    </p>
   </div>
   <div class='ocr_carea' id='block_1_111' title="bbox 2221 4950 3818 5029">
    <p class='ocr_par' dir='ltr' id='par_1_111' title="bbox 2221 4950 3818 5029">
     <span class='ocr_line' id='line_1_111' title="bbox 2221 4950 3818 5029; baseline -0.003 -13"><span class='ocrx_word' id='word_1_824' title='bbox 2221 4971 2335 5016; x_wconf 92' lang='lat' dir='ltr'><strong>tum</strong></span> <span class='ocrx_word' id='word_1_825' title='bbox 2384 4961 2605 5016; x_wconf 87' lang='lat' dir='ltr'><strong>sceleris</strong></span> <span class='ocrx_word' id='word_1_826' title='bbox 2650 4968 2794 5017; x_wconf 91' lang='lat' dir='ltr'><strong>esset</strong></span> <span class='ocrx_word' id='word_1_827' title='bbox 2842 4950 3159 5027; x_wconf 88' lang='lat' dir='ltr'><strong>admissum,</strong></span> <span class='ocrx_word' id='word_1_828' title='bbox 3200 4959 3394 5028; x_wconf 85' lang='lat' dir='ltr'><strong>laqueo</strong></span> <span class='ocrx_word' id='word_1_829' title='bbox 3446 4958 3555 5029; x_wconf 82' lang='lat'><strong>97</strong></span> <span class='ocrx_word' id='word_1_830' title='bbox 3599 4970 3659 5011; x_wconf 87' lang='lat' dir='ltr'><strong>se</strong></span> <span class='ocrx_word' id='word_1_831' title='bbox 3696 4958 3818 5026; x_wconf 87' lang='lat' dir='ltr'><strong>ipse</strong></span> 
     </span>
    </p>
   </div>
   <div class='ocr_carea' id='block_1_112' title="bbox 2222 5049 3816 5125">
    <p class='ocr_par' dir='ltr' id='par_1_112' title="bbox 2222 5049 3816 5125">
     <span class='ocr_line' id='line_1_112' title="bbox 2222 5049 3816 5125; baseline -0.004 -15"><span class='ocrx_word' id='word_1_832' title='bbox 2222 5055 2520 5125; x_wconf 89' lang='lat' dir='ltr'><strong>suspendit.</strong></span> <span class='ocrx_word' id='word_1_833' title='bbox 2556 5054 2662 5109; x_wconf 86' lang='lat' dir='ltr'><strong>Sed</strong></span> <span class='ocrx_word' id='word_1_834' title='bbox 2706 5063 2761 5109; x_wconf 88' lang='lat' dir='ltr'><strong>et</strong></span> <span class='ocrx_word' id='word_1_835' title='bbox 2801 5055 2914 5124; x_wconf 88' lang='lat' dir='ltr'><strong>ipse</strong></span> <span class='ocrx_word' id='word_1_836' title='bbox 2956 5053 3179 5124; x_wconf 86' lang='lat' dir='ltr'><strong>laqueus</strong></span> <span class='ocrx_word' id='word_1_837' title='bbox 3209 5051 3407 5107; x_wconf 85' lang='lat' dir='ltr'><strong>diaboli</strong></span> <span class='ocrx_word' id='word_1_838' title='bbox 3458 5049 3582 5115; x_wconf 83' lang='lat' dir='ltr'><strong>fuit,</strong></span> <span class='ocrx_word' id='word_1_839' title='bbox 3612 5057 3671 5104; x_wconf 91' lang='lat' dir='ltr'><strong>ut</strong></span> <span class='ocrx_word' id='word_1_840' title='bbox 3704 5065 3816 5103; x_wconf 91' lang='lat' dir='ltr'><strong>non</strong></span> 
     </span>
    </p>
   </div>
   <div class='ocr_carea' id='block_1_113' title="bbox 2223 5139 3818 5217">
    <p class='ocr_par' dir='ltr' id='par_1_113' title="bbox 2223 5139 3818 5217">
     <span class='ocr_line' id='line_1_113' title="bbox 2223 5139 3818 5217; baseline -0.004 -16"><span class='ocrx_word' id='word_1_841' title='bbox 2223 5153 2406 5217; x_wconf 82' lang='lat' dir='ltr'><strong>ageret</strong></span> <span class='ocrx_word' id='word_1_842' title='bbox 2434 5145 2830 5216; x_wconf 78' lang='lat' dir='ltr'><strong>paenitentiam,</strong></span> <span class='ocrx_word' id='word_1_843' title='bbox 2858 5145 2950 5200; x_wconf 92' lang='lat' dir='ltr'><strong>sed</strong></span> <span class='ocrx_word' id='word_1_844' title='bbox 2987 5145 3179 5214; x_wconf 87' lang='lat' dir='ltr'><strong>laqueo</strong></span> <span class='ocrx_word' id='word_1_845' title='bbox 3208 5160 3267 5199; x_wconf 86' lang='lat' dir='ltr'><strong>se</strong></span> <span class='ocrx_word' id='word_1_846' title='bbox 3303 5141 3617 5198; x_wconf 82' lang='lat' dir='ltr'><strong>sutl&#39;ocaret.</strong></span> <span class='ocrx_word' id='word_1_847' title='bbox 3667 5139 3818 5195; x_wconf 88' lang='lat' dir='ltr'><strong>Deus</strong></span> 
     </span>
    </p>
   </div>
   <div class='ocr_carea' id='block_1_114' title="bbox 2222 5230 3817 5305">
    <p class='ocr_par' dir='ltr' id='par_1_114' title="bbox 2222 5230 3817 5305">
     <span class='ocr_line' id='line_1_114' title="bbox 2222 5230 3817 5305; baseline -0.005 -14"><span class='ocrx_word' id='word_1_848' title='bbox 2222 5238 2365 5291; x_wconf 89' lang='lat' dir='ltr'><strong>enim</strong></span> <span class='ocrx_word' id='word_1_849' title='bbox 2394 5238 2554 5291; x_wconf 80' lang='lat' dir='ltr'><strong>etiam</strong></span> <span class='ocrx_word' id='word_1_850' title='bbox 2597 5236 2652 5289; x_wconf 92' lang='lat' dir='ltr'><strong>in</strong></span> <span class='ocrx_word' id='word_1_851' title='bbox 2704 5235 2851 5305; x_wconf 89' lang='lat' dir='ltr'><strong>ipsos</strong></span> <span class='ocrx_word' id='word_1_852' title='bbox 2878 5236 2998 5305; x_wconf 89' lang='lat' dir='ltr'><strong>pius</strong></span> <span class='ocrx_word' id='word_1_853' title='bbox 3028 5244 3112 5290; x_wconf 89' lang='lat' dir='ltr'><strong>est</strong></span> <span class='ocrx_word' id='word_1_854' title='bbox 3147 5234 3475 5304; x_wconf 89' lang='lat' dir='ltr'><strong>proditores,</strong></span> <span class='ocrx_word' id='word_1_855' title='bbox 3505 5239 3566 5284; x_wconf 92' lang='lat' dir='ltr'><strong>ut</strong></span> <span class='ocrx_word' id='word_1_856' title='bbox 3595 5230 3661 5284; x_wconf 83' lang='lat' dir='ltr'><strong>ad</strong></span> <span class='ocrx_word' id='word_1_857' title='bbox 3691 5244 3817 5300; x_wconf 78' lang='lat' dir='ltr'><strong>pce-</strong></span> 
     </span>
    </p>
   </div>
   <div class='ocr_carea' id='block_1_115' title="bbox 2227 5319 3819 5396">
    <p class='ocr_par' dir='ltr' id='par_1_115' title="bbox 2227 5319 3819 5396">
     <span class='ocr_line' id='line_1_115' title="bbox 2227 5319 3819 5396; baseline -0.004 -16"><span class='ocrx_word' id='word_1_858' title='bbox 2227 5328 2512 5381; x_wconf 87' lang='lat' dir='ltr'><strong>nitentiam</strong></span> <span class='ocrx_word' id='word_1_859' title='bbox 2548 5336 2931 5396; x_wconf 82' lang='lat' dir='ltr'><strong>provocentur,</strong></span> <span class='ocrx_word' id='word_1_860' title='bbox 2961 5336 3123 5395; x_wconf 89' lang='lat' dir='ltr'><strong>atque</strong></span> <span class='ocrx_word' id='word_1_861' title='bbox 3167 5340 3197 5378; x_wconf 89' lang='lat' dir='ltr'><strong>a</strong></span> <span class='ocrx_word' id='word_1_862' title='bbox 3228 5323 3495 5395; x_wconf 72' lang='lat' dir='ltr'><strong>ﬂagitioso</strong></span> <span class='ocrx_word' id='word_1_863' title='bbox 3531 5319 3819 5392; x_wconf 89' lang='lat' dir='ltr'><strong>proposito</strong></span> 
     </span>
    </p>
   </div>
   <div class='ocr_carea' id='block_1_116' title="bbox 2228 5400 3818 5487">
    <p class='ocr_par' dir='ltr' id='par_1_116' title="bbox 2228 5400 3818 5487">
     <span class='ocr_line' id='line_1_116' title="bbox 2228 5400 3818 5487; baseline -0.003 -18"><span class='ocrx_word' id='word_1_864' title='bbox 2228 5400 2598 5481; x_wconf 83' lang='lat' dir='ltr'><strong>reﬂectantur,</strong></span> <span class='ocrx_word' id='word_1_865' title='bbox 2628 5425 2684 5471; x_wconf 90' lang='lat' dir='ltr'><strong>et</strong></span> <span class='ocrx_word' id='word_1_866' title='bbox 2723 5417 3045 5487; x_wconf 89' lang='lat' dir='ltr'><strong>resipiscant</strong></span> <span class='ocrx_word' id='word_1_867' title='bbox 3074 5431 3104 5469; x_wconf 89' lang='lat' dir='ltr'><strong>a</strong></span> <span class='ocrx_word' id='word_1_868' title='bbox 3131 5414 3330 5469; x_wconf 89' lang='lat' dir='ltr'><strong>diaboli</strong></span> <span class='ocrx_word' id='word_1_869' title='bbox 3376 5413 3603 5484; x_wconf 89' lang='lat' dir='ltr'><strong>laqueis,</strong></span> <span class='ocrx_word' id='word_1_870' title='bbox 3636 5425 3666 5464; x_wconf 86' lang='lat' dir='ltr'><strong>a</strong></span> <span class='ocrx_word' id='word_1_871' title='bbox 3706 5425 3818 5479; x_wconf 91' lang='lat' dir='ltr'><strong>quo</strong></span> 
     </span>
    </p>
   </div>
   <div class='ocr_carea' id='block_1_117' title="bbox 2232 5502 3825 5579">
    <p class='ocr_par' dir='ltr' id='par_1_117' title="bbox 2232 5502 3825 5579">
     <span class='ocr_line' id='line_1_117' title="bbox 2232 5502 3825 5579; baseline -0.006 -16"><span class='ocrx_word' id='word_1_872' title='bbox 2232 5510 2375 5579; x_wconf 88' lang='lat' dir='ltr'><strong>capti</strong></span> <span class='ocrx_word' id='word_1_873' title='bbox 2433 5517 2685 5563; x_wconf 87' lang='lat' dir='ltr'><strong>tenentur</strong></span> <span class='ocrx_word' id='word_1_874' title='bbox 2747 5509 2816 5563; x_wconf 85' lang='lat' dir='ltr'><strong>ad</strong></span> <span class='ocrx_word' id='word_1_875' title='bbox 2873 5508 3042 5579; x_wconf 89' lang='lat' dir='ltr'><strong>ipsius</strong></span> <span class='ocrx_word' id='word_1_876' title='bbox 3102 5506 3457 5562; x_wconf 84' lang='lat' dir='ltr'><strong>voluntatem.</strong></span> <span class='ocrx_word' id='word_1_877' title='bbox 3519 5502 3639 5558; x_wconf 84' lang='lat' dir='ltr'><strong>Jam</strong></span> <span class='ocrx_word' id='word_1_878' title='bbox 3705 5516 3825 5556; x_wconf 78' lang='lat' dir='ltr'><strong>non</strong></span> 
     </span>
    </p>
   </div>
   <div class='ocr_carea' id='block_1_118' title="bbox 2233 5590 3825 5665">
    <p class='ocr_par' dir='ltr' id='par_1_118' title="bbox 2233 5590 3825 5665">
     <span class='ocr_line' id='line_1_118' title="bbox 2233 5590 3825 5665; baseline -0.006 -11"><span class='ocrx_word' id='word_1_879' title='bbox 2233 5615 2472 5654; x_wconf 62' lang='lat' dir='ltr'><strong>aerumna</strong></span> <span class='ocrx_word' id='word_1_880' title='bbox 2520 5609 2604 5655; x_wconf 90' lang='lat' dir='ltr'><strong>est</strong></span> <span class='ocrx_word' id='word_1_881' title='bbox 2637 5599 2914 5665; x_wconf 87' lang='lat' dir='ltr'><strong>incidisse,</strong></span> <span class='ocrx_word' id='word_1_882' title='bbox 2949 5599 3043 5654; x_wconf 89' lang='lat' dir='ltr'><strong>sed</strong></span> <span class='ocrx_word' id='word_1_883' title='bbox 3072 5596 3319 5654; x_wconf 90' lang='lat' dir='ltr'><strong>crimen:</strong></span> <span class='ocrx_word' id='word_1_884' title='bbox 3353 5595 3445 5665; x_wconf 91' lang='lat' dir='ltr'><strong>qui</strong></span> <span class='ocrx_word' id='word_1_885' title='bbox 3484 5609 3591 5649; x_wconf 89' lang='lat' dir='ltr'><strong>non</strong></span> <span class='ocrx_word' id='word_1_886' title='bbox 3637 5590 3825 5646; x_wconf 79' lang='lat' dir='ltr'><strong>solum</strong></span> 
     </span>
    </p>
   </div>
   <div class='ocr_carea' id='block_1_119' title="bbox 2234 5683 3821 5759">
    <p class='ocr_par' dir='ltr' id='par_1_119' title="bbox 2234 5683 3821 5759">
     <span class='ocr_line' id='line_1_119' title="bbox 2234 5683 3821 5759; baseline -0.007 -14"><span class='ocrx_word' id='word_1_887' title='bbox 2234 5706 2291 5745; x_wconf 91' lang='lat' dir='ltr'><strong>se</strong></span> <span class='ocrx_word' id='word_1_888' title='bbox 2318 5691 2584 5747; x_wconf 87' lang='lat' dir='ltr'><strong>dederunt</strong></span> <span class='ocrx_word' id='word_1_889' title='bbox 2607 5691 2920 5759; x_wconf 84' lang='lat' dir='ltr'><strong>capiendos,</strong></span> <span class='ocrx_word' id='word_1_890' title='bbox 2949 5691 3042 5745; x_wconf 89' lang='lat' dir='ltr'><strong>sed</strong></span> <span class='ocrx_word' id='word_1_891' title='bbox 3071 5690 3232 5745; x_wconf 89' lang='lat' dir='ltr'><strong>etiam</strong></span> <span class='ocrx_word' id='word_1_892' title='bbox 3259 5687 3324 5743; x_wconf 89' lang='lat' dir='ltr'><strong>ad</strong></span> <span class='ocrx_word' id='word_1_893' title='bbox 3350 5686 3679 5742; x_wconf 83' lang='lat' dir='ltr'><strong>voluntatem</strong></span> <span class='ocrx_word' id='word_1_894' title='bbox 3698 5683 3821 5736; x_wconf 85' lang='lat' dir='ltr'><strong>dia-</strong></span> 
     </span>
    </p>
   </div>
  </div>
