4052 6334
216 352 311 423 tet

1004 350 1089 407 DE
1124 339 1790 430 PRrEDESTINATlONE
1833 350 2294 407 DlSSEﬂTATlO
2332 351 2748 410 POSTERICR.

3376 362 3483 419 162

215 464 320 524 boli
350 472 604 518 tenentur
641 460 876 527 astricti,
907 476 1031 517 cum
1058 463 1269 533 possint
1297 464 1478 519 dicere
1504 478 1517 516 :
1545 462 1791 516 Disrum-
1822 470 1869 527 Α
1897 462 2125 515 cundum
2151 479 2307 531 opera
2336 480 2433 516 sua
2452 480 2471 518 :
2493 465 2574 517 his
2596 466 2802 535 quidem
2829 468 2924 538 'qui
2951 471 3236 526 secundum
3277 476 3482 542 patien-

215 571 395 626 pamus
440 552 650 607 vincula
698 569 896 609 eorum.
954 554 1109 609 Dedit
1161 555 1306 610 enim
1360 555 1458 609 tibi
1512 553 1796 623 Scriptura

218 648 389 705 divina
413 686 429 711 ,
462 655 524 700 ut
566 661 674 699 non
724 645 897 699 solum
942 661 1135 701 caveas
1163 646 1361 701 diaboli
1393 646 1668 718 laqueum,
1704 644 1799 700 sed

218 740 376 814 etiam
402 753 511 809 per
542 738 917 814 penitentiam
948 738 1065 807 ejus
1090 738 1304 792 vincula
1332 738 1655 806 disrumpas.
1690 757 1709 791 ι

230 812 236 825 ’
287 829 556 896 Quantum
588 843 822 897 namque
844 812 983 883 Deus
1006 828 1382 898 pcenitentiam
1404 828 1580 884 omnis
1610 843 1801 897 pecca-

222 920 348 973 toris
390 928 639 986 acceptet
675 927 732 972 ct
764 917 973 988 diligat,
1004 919 1096 987 qui
1124 934 1230 971 non
1259 918 1373 971 vult
1412 927 1801 993 mortem'pec-

221 1008 435 1073 catoris,
462 1008 561 1062 sed
585 1016 1012 1062 utconvertatur
1030 1017 1085 1061 et
1108 1009 1270 1071 vivat,
1300 1017 1354 1063 et
1375 1009 1427 1062 in
1451 1009 1796 1079 evangelicis,

222 1111 275 1157 et
298 1100 347 1154 in
370 1098 704 1169 apostolicis,
735 1106 790 1154 et
821 1098 1227 1170 iu'propheticis
1258 1100 1544 1171 scripturis
1570 1100 1683 1168 ipse
1708 1100 1799 1155 de-

223 1201 499 1247 monstrat.
526 1190 729 1247 Videns
761 1192 906 1246 enim
952 1192 1223 1248 civitatem
1269 1194 1627 1263 peccatricem
1653 1192 1800 1249 ﬂevit

225 1301 380 1356 super
420 1285 565 1338 illam
616 1285 823 1350 dicens,
858 1283 996 1351 Quia
1029 1285 1078 1339 si
1103 1286 1430 1357 cognovisses
1458 1295 1507 1339 et
1549 1296 1606 1338 tu
1642 1285 1794 1356 (Luc.

224 1374 480 1444 13,42),
515 1373 865 1451 subauditur,
912 1374 1245 1449 pandentia:
1297 1373 1555 1445 lacrymis
1603 1373 1792 1439 ﬂeres;

226 1462 342 1532 quia
368 1462 618 1532 gaudium
643 1472 727 1515 est
756 1476 920 1531 super
957 1476 1064 1515 uno
1091 1469 1378 1530 peccatore
1420 1460 1794 1531 paenitentiam

231 1562 409 1625 agente
448 1552 600 1622 (Luc.
631 1568 732 1617 xv,
766 1551 841 1623 7),
866 1567 986 1622 quae
1027 1552 1299 1607 multoties
1339 1553 1683 1622 prtedicatur,
1713 1558 1791 1613 ut,

229 1643 582 1699 Paenitentiam
612 1645 771 1714 agile,
805 1646 1234 1714 appropinquavit
1274 1646 1411 1698 enim
1446 1660 1657 1713 regnum
1691 1660 1793 1696 cae-

229 1732 387 1787 lorum
426 1733 641 1803 (Matth.
683 1750 783 1800 ιιι,
828 1733 900 1804 l).
926 1734 993 1813 Et
1021 1734 1075 1786 in
1107 1733 1396 1804 Evangelio
1417 1732 1605 1795 Marci,
1643 1732 1793 1787 Venit

1898 552 2023 605 tiam
2043 553 2161 606 boni
2183 554 2375 621 operis,
2392 553 2613 623 gloriam
2631 564 2678 609 et
2698 557 2947 611 honorem
2970 569 3016 612 et
3038 561 3483 633 incorruptionem

1897 654 2162 715 quierunt,
2189 645 2344 698 vitam
2366 656 2647 712 cateruam;
2670 649 2750 703 his
2773 666 2889 703 vero
2914 652 3004 719 qui
3026 664 3148 706 sunt
3175 673 3240 709 ex
3267 670 3484 714 conten-

1899 736 2056 800 tione,
2090 746 2138 789 et
2172 737 2258 807 qui
2291 754 2393 791 non
2433 740 2765 808 acquiescant
2794 743 3027 808 veritati,
3055 746 3271 800 credunt
3310 760 3484 804 autem

1898 823 2184 895 iniquitati,
2216 825 2295 879 ira
2320 836 2365 879 et
2394 827 2705 897 indignatio,
2732 840 2779 883 et
2803 835 3046 901 angustia
3082 852 3239 905 super
3275 854 3481 892 omnem

1899 917 2131 995 animam
2159 915 2384 970 hominis
2406 920 2669 987 operantis
2698 920 2895 981 malum
2919 921 3099 993 (Rom.
3126 941 3162 979 ιι
3180 965 3214 991 ,.
3236 924 3374 997 44)).
3399 927 3482 983 De

1898 1008 2096 1077 quibus
2126 1008 2410 1065 Psalmista
2434 1051 2449 1076 ,
2482 1010 2794 1066 Statuerunt
2835 1015 3011 1069 oculos
3051 1034 3173 1071 suos
3219 1020 3483 1078 declinare

1899 1101 1954 1156 in
1972 1102 2186 1167 terram,
2223 1114 2271 1156 ct
2305 1120 2420 1157 ecce
2443 1105 2535 1183 qui
2559 1104 2802 1175 elongant
2833 1124 2887 1160 se
2913 1127 2945 1162 a
2981 1118 3049 1174 te,
3076 1090 3315 1177 Domine,
3342 1115 3483 1185 peri-

1899 1192 2020 1245 bunt
2043 1192 2214 1263 (Psal.
2243 1210 2356 1258 xw,
2388 1193 2497 1265 ll").
2527 1196 2628 1251 Et:
2658 1194 2947 1252 Perdidisti
2985 1217 3160 1255 omnes
3196 1207 3285 1273 qui
3319 1206 3483 1275 [orni-

1897 1291 2085 1335 cantur
2107 1282 2199 1336 abs
2221 1293 2269 1336 te
2298 1282 2468 1354 (Psal.
2496 1302 2667 1351 usu,
2696 1287 2811 1359 27).
2837 1288 2981 1355 Quos
3011 1291 3198 1346 invitat
3224 1294 3482 1353 Dominus

1897 1372 2115 1428 dicens:
2141 1374 2301 1441 Audi,
2324 1376 2545 1446 populus
2568 1396 2736 1443 meus,
2763 1390 2810 1432 et
2835 1384 3164 1438 contestabor
3184 1395 3267 1451 te;
3288 1384 3483 1455 Israel,

1895 1466 1942 1520 si
1973 1467 2206 1521 audieris
2236 1485 2337 1522 me.
2364 1469 2489 1523 Non
2511 1471 2609 1524 erit
2633 1473 2687 1525 in
2706 1483 2755 1526 te
2775 1474 2904 1527 deus
2930 1491 3130 1540 recens,
3154 1493 3318 1547 neque
3349 1480 3484 1533 ado-

1897 1555 2039 1608 rabis
2082 1556 2237 1609 deum
2281 1557 2532 1612 alienum.
2579 1559 2691 1630 Ego
2735 1563 2875 1616 enim
2904 1580 3019 1617 sum
3058 1564 3313 1620 Dominus
3341 1566 3483 1622 Deus

1896 1654 2018 1699 tuus
2037 1646 2204 1718 (Psal.
2233 1664 2394 1713 Lxxx,
2423 1650 2597 1722 9-H).
2618 1652 2686 1706 Et
2712 1652 2778 1707 de
2809 1655 3004 1722 quibus
3029 1655 3223 1711 iterum
3247 1674 3486 1733 conque-

1898 1734 2035 1789 ritur
2081 1736 2303 1790 dicens:
2336 1737 2402 1790 Et
2452 1756 2555 1793 non
2599 1742 2795 1795 audivit
2843 1744 3067 1814 populus
3116 1762 3261 1801 meus
3310 1764 3483 1806 vocem

229 1822 372 1879 Iesus
392 1826 441 1878 in
458 1823 735 1877 Galila'am
762 1824 1057 1894 prcedicans
1079 1824 1419 1896 Evangelium
1442 1826 1585 1896 regni
1611 1825 1726 1891 Dei,
1750 1836 1797 1880 et
1831 1822 1872 1880 Β
1902 1830 2103 1893 meam,
2142 1838 2190 1882 et
2223 1827 2395 1883 Israel
2437 1847 2539 1885 non
2571 1832 2792 1888 intendit
2837 1836 2983 1890 mihi.
3030 1837 3160 1893 Ideo
3194 1841 3370 1896 dimisi
3394 1859 3482 1901 eos

232 1906 431 1968 dicens:
449 1915 711 1982 anniam
735 1915 1001 1986 impletum
1022 1925 1094 1968 est
1111 1925 1328 1987 tempus,
1343 1926 1389 1968 et
1411 1916 1799 1987 appmpinqua-

232 2008 296 2060 cit
339 2023 545 2076 regnum
597 2006 727 2070 Dei,
768 2006 1087 2077 pcenitemini
1142 2017 1189 2060 et
1241 2007 1433 2061 credite
1486 2006 1796 2075 Evangelia.

230 2102 412 2171 (Marc.
441 2120 495 2166 ι,
528 2102 733 2172 14.)οΕι
758 2101 995 2176 Joannes
1022 2102 1279 2175 Baptista
1300 2142 1315 2167 ,
1364 2098 1552 2155 Facite
1593 2100 1796 2168 fructus

228 2195 401 2264 dignos
439 2196 755 2265 patuitentice
785 2195 936 2265 (Luc.
960 2211 1020 2249 ιιι
1043 2236 1056 2260 ,
1085 2195 1164 2266 8).
1200 2196 1264 2249 Et
1294 2195 1519 2261 Petrus,
1565 2193 1797 2248 Paenite-

230 2285 348 2338 mini
376 2296 419 2338 et
450 2286 810 2340 convertimini
837 2296 891 2339 ut
915 2284 1191 2339 deleantur
1217 2294 1384 2339 uestra
1413 2295 1628 2354 peccata
1655 2283 1799 2355 (Act.

233 2389 308 2437 In,
344 2375 446 2446 l9).
474 2376 538 2449 Et
568 2377 694 2449 item
728 2375 1007 2446 Scriptura
1029 2414 1046 2440 ,
1078 2374 1344 2447 Misereris
1379 2375 1610 2429 omnium
1633 2415 1647 2440 ,
1690 2373 1800 2447 Dof

230 2465 375 2527 mine,
401 2477 447 2518 et
475 2464 608 2518 nihil
634 2466 789 2519 odisti
816 2481 1004 2538 eorum.
1034 2481 1153 2535 qua:
1194 2464 1366 2532 fecisti
1392 2505 1407 2530 ,
1454 2462 1797 2519 dissimulans

228 2567 425 2630 peccata
460 2557 732 2611 hominum
758 2567 968 2627 propter
1014 2557 1366 2627 paenitentiam
1404 2556 1557 2629 (Sap.
1588 2574 1665 2622 ιιι,
1694 2558 1797 2627 24,

229 2647 333 2718 25).
359 2648 525 2715 Quam
555 2649 648 2719 qui
679 2664 841 2719 agere
871 2648 1029 2720 fugit,
1054 2664 1161 2703 non
1194 2648 1289 2704 Dei
1327 2649 1800 2719 prmdestinatione

228 2739 391 2809 perit,
420 2738 512 2793 sed
556 2740 759 2809 ipsein
799 2739 1161 2811 perditionem
1206 2755 1264 2795 se
1306 2741 1482 2810 ipsum
1512 2741 1799 2811 dunergit,

230 2829 440 2885 Domino
469 2839 758 2909 attestaute
788 2832 841 2886 in
871 2832 1164 2902 Evangelio
1193 2831 1352 2887 Luca:
1375 2872 1391 2897 ,
1420 2830 1553 2886 Cum
1585 2834 1631 2886 ei
1671 2849 1805 2886 nun-

228 2922 400 2976 tiatum
420 2935 549 2978 esset
575 2943 607 2978 a
635 2924 951 2996 quibusdam
974 2927 1037 2979 de
1059 2924 1318 2991 ﬂalilwis,
1344 2942 1567 2994 quorum
1589 2926 1804 2995 sangui-

228 3026 337 3064 uem
370 3011 569 3067 Pilatus
615 3014 821 3073 miscuit
858 3029 979 3067 cum
1025 3013 1305 3082 sacri/ictis
1347 3030 1562 3077 eorum,
1605 3014 1804 3083 quibus

233 3102 550 3170 respondens
578 3103 745 3159 dixit:
771 3100 982 3156 Putatis
1019 3103 1159 3174 quod
1184 3104 1239 3157 hi
1268 3100 1480 3157 Galila'i
1502 3120 1611 3171 prw
1637 3105 1805 3157 omni-

1899 1919 2183 1973 secundum
2208 1921 2469 1975 desideria
2502 1923 2673 1977 cordis
2706 1941 2886 1978 eorum
2911 1939 2928 1977 :
2957 1926 3103 1981 ibunt
3141 1929 3194 1982 in
3232 1931 3489 1993 adiuvem,

1898 2007 2125 2061 tionibus
2148 2010 2279 2062 suis.
2308 2007 2367 2062 Si
2388 2010 2611 2080 populus
2636 2029 2781 2066 meus
2820 2015 3049 2069 audisset
3097 2034 3194 2080 me,
3237 2017 3406 2073 Israel
3435 2021 3483 2076 si

1898 2098 1954 2183 in
1998 2099 2090 2153 viis
2128 2102 2255 2153 meis
2291 2100 2627 2168 ambulassct,
2654 2120 2750 2174 pro
2795 2105 2956 2160 nihilo
2990 2108 3216 2176 forsitan
3245 2112 3484 2173 inimicos

1898 2206 2078 2244 eorum
2103 2192 2482 2271 humiliassem,
2508 2202 2555 2248 et
2576 2198 3059 2265 supertribulantes
3100 2218 3186 2256 eos
3226 2205 3484 2263 misissem

1900 2295 2114 2334 manum
2143 2298 2334 2336 meam.
2369 2282 2584 2338 Inimici
2607 2285 2818 2341 Domini
2842 2290 3043 2343 mentiti
3067 2302 3187 2346 sunt
3209 2294 3256 2347 ei
3278 2335 3293 2359 ,
3314 2304 3361 2348 et
3384 2297 3483 2354 erit

1900 2377 2100 2439 tempus
2135 2387 2317 2425 eorum
2354 2373 2409 2427 in
2442 2373 2638 2429 swcula
2672 2376 2830 2446 (ibid.
2857 2419 2872 2442 ,
2922 2378 3146 2452 12-16).
3194 2382 3340 2450 Quos
3380 2388 3480 2442 ad-

1900 2457 2008 2533 buc
2036 2459 2090 2512 in
2123 2460 2381 2531 singulari
2409 2477 2640 2533 persona
2670 2465 3021 2537 Evangelium
3043 2470 3204 2527 Luca:
3227 2474 3485 2543 hortatur,

1901 2549 2085 2633 dicens
2111 2568 2124 2605 :
2156 2551 2284 2606 Cum
2308 2565 2484 2608 autem
2511 2556 2656 2635 vadis
2678 2574 2798 2612 cum
2820 2562 3120 2618 adversario
3142 2575 3232 2619 tuo
3253 2569 3323 2621 ad
3336 2570 3485 2639 prino,

1901 2639 2065 2707 cipem
2095 2641 2151 2695 in
2178 2643 2278 2708 via,
2309 2644 2378 2696 da
2402 2661 2613 2715 operam
2638 2646 2851 2702 liberari
2871 2652 2935 2703 ab
2959 2652 3071 2718 illo,
3101 2671 3167 2727 ne
3199 2656 3336 2726 forte
3365 2668 3482 2715 tra-

1902 2729 1993 2782 dat
2030 2741 2079 2784 te
2120 2733 2262 2801 apud
2281 2733 2541 2803 judicem,
2571 2747 2617 2789 et
2638 2738 2807 2807 judex
2847 2744 3024 2797 tradat
3064 2756 3116 2800 te
3142 2752 3407 2818 exactori,
3432 2762 3486 2809 et

1901 2832 2115 2875 exactor
2134 2826 2303 2877 mittat
2330 2827 2383 2878 in
2408 2844 2667 2882 carcerem
2691 2830 2840 2901 (Luc.
2870 2850 2965 2900 xu,
2994 2836 3104 2904 58).
3126 2840 3486 2907 Adversarius

1906 2920 2108 2983 noster,
2135 2913 2311 2982 inquit
2333 2914 2495 2983 Beda,
2526 2918 2581 2972 in
2616 2922 2702 2975 via
2727 2932 2812 2978 est
2835 2940 3016 2983 sermo
3044 2929 3142 2986 Dei
3168 2940 3485 2997 contrarius

1906 3003 2107 3100 nostris
2132 3005 2440 3063 carnalibus
2467 3010 2749 3069 desideriis
2778 3016 2831 3071 iu
2856 3023 3114 3090 praesenti
3138 3025 3251 3081 vita
3276 3047 3292 3084 :
3320 3045 3350 3083 a
3377 3045 3489 3100 quo

1908 3092 2023 3162 ipse
2050 3093 2312 3151 liberatur
2334 3099 2427 3167 qui
2452 3104 2735 3174 praeceptis
2760 3105 2878 3175 ejus
2907 3110 3186 3170 humiliter
3207 3092 3485 3180 subditur.

234 3192 318 3244 bus
340 3191 567 3246 Calilcris
593 3204 883 3262 peccatores
909 3193 1145 3262 fuerunt,
1172 3195 1297 3266 quia
1324 3196 1452 3248 talia
1476 3195 1620 3264 passi
1640 3196 1801 3250 sunt?

1903 3183 2154 3253 Alioquin
2177 3188 2520 3247 adversarius
2534 3192 2727 3261 judici,
2750 3208 2804 3252 et
2823 3200 2989 3269 judex
3017 3206 3191 3261 tradet
3210 3177 3484 3271 exactorii

234 3280 367 3347 Non,
392 3284 505 3337 dico
536 3286 708 3349 vobis;
735 3284 824 3338 sed
851 3285 1327 3355 nisipaenitentiam
1350 3287 1662 3352 habueritis,
1691 3305 1801 3342 om-

234 3359 315 3426 nes
339 3375 571 3427 similiter
590 3375 842 3444 peribitis.
868 3375 1017 3430 Sicut
1039 3386 1087 3429 et
1113 3376 1193 3430 illi
1217 3378 1391 3431 decem
1420 3387 1472 3432 et
1498 3388 1614 3432 octo
1641 3396 1801 3449 supra

234 3478 351 3532 quos
378 3466 555 3517 cecidit
581 3464 742 3517 turris
768 3466 823 3519 in
843 3463 1001 3530 Siloe,
1034 3477 1080 3520 et
1110 3468 1296 3521 occidit
1324 3485 1434 3534 eos,
1464 3471 1660 3540 putatis
1678 3471 1804 3540 quia

236 3567 279 3608 et
300 3559 391 3627 ipsi
425 3558 679 3613 debitores
715 3559 927 3629 fuerunt
961 3573 1154 3630 prwter
1176 3577 1354 3615 omnes
1381 3562 1616 3616 homines
1656 3562 1806 3616 habi-

237 3654 391 3701 tantes
409 3649 460 3702 in
480 3647 775 3703 Jerusalem
793 3650 818 3703 ἲ
839 3648 984 3716 Νοη,
1008 3649 1125 3703 dico
1148 3650 1325 3716 vobis;
1362 3651 1454 3705 sed
1482 3651 1528 3705 si
1566 3669 1671 3706 non
1697 3668 1802 3727 pce-7

238 3741 487 3796 nitentium
517 3742 741 3813 egeritis,
773 3759 949 3797 omnes
971 3743 1211 3797 similiter
1236 3744 1470 3814 peribitis
1496 3745 1650 3817 (Luc.
1677 3762 1797 3812 xm,

239 3834 360 3906 1-5).
388 3836 541 3891 Unde
562 3836 707 3891 Beda
735 3854 748 3891 :
780 3836 846 3891 Et
875 3836 963 3891 isti
988 3837 1424 3910 illierosolymitae
1452 3839 1805 3908 quemadmo-

237 3929 350 3984 dum
375 3931 524 3986 etilli
548 3930 751 3987 ϐειὶίιωί
768 3972 783 3995 ,
807 3946 917 3985 nou
942 3930 1046 3986 soli
1080 3929 1301 3986 fuerunt
1328 3941 1679 4003 peccatores,
1708 3933 1801 3988 sed

233 4019 283 4081 in
308 4030 562 4078 terrorem
587 4032 714 4079 sunt
740 4022 1069 4095 reliquorum
1094 4022 1267 4093 puniti
1294 4023 1424 4093 :qui
1453 4025 1606 4085 ruina
1637 4024 1804 4081 turris

233 4116 459 4183 oppressi
476 4097 852 4184 praenuntiant
884 4130 1074 4171 omnes
1098 4116 1189 4187 qui
1224 4115 1489 4186 pmnitere
1514 4115 1805 4173 noluerunt

231 4209 512 4278 perituros.
544 4208 742 4276 Quales
781 4210 985 4281 plangit
1019 4209 1218 4265 Paulus
1250 4210 1470 4276 dicens,
1502 4207 1569 4262 Ut
1599 4210 1803 4279 lugeam

232 4300 408 4355 multos
446 4318 515 4355 ex
555 4302 637 4355 his
685 4302 776 4372 qui
818 4312 940 4369 ante
979 4309 1351 4371 peccaverunt,
1379 4311 1427 4355 et
1453 4318 1555 4356 non
1591 4309 1805 4371 egerunt

227 4393 573 4462 penitentiam
601 4391 685 4462 (II
714 4391 836 4447 Cor.
865 4408 967 4456 xu,
1001 4391 1120 4463 ll);
1151 4402 1205 4447 et
1242 4395 1309 4447 de
1343 4391 1591 4461 qualibus
1619 4390 1803 4446 Domi-

230 4497 324 4538 nus
342 4483 505 4549 dicit,
538 4481 752 4548 Vocavi,
776 4481 967 4549 dicens
1000 4482 1379 4551 pmnitentiam
1423 4482 1584 4554 agite,
1628 4491 1678 4536 et
1723 4500 1804 4538 re-

231 4576 448 4629 nuistis:
478 4574 688 4629 extendi
716 4590 928 4629 manum
944 4590 1139 4638 meam,
1169 4583 1217 4628 et
1252 4591 1355 4628 non
1381 4573 1483 4643 fuit
1520 4574 1619 4645 qui
1657 4575 1802 4645 aspi-

228 4678 371 4722 ceret.
402 4667 905 4736 Despexislisomne
939 4666 1215 4725 consilium
1257 4684 1450 4733 meum,
1480 4677 1526 4721 et
1566 4668 1805 4743 increpa-

232 4761 382 4814 tiones
413 4775 560 4812 meas
588 4759 889 4829 neglexistis
912 4757 1097 4835 (Prov.
1124 4774 1175 4824 ι,
1205 4757 1323 4827 24).
1351 4757 1639 4829 Propterea
1666 4774 1806 4828 prce-

235 4853 553 4909 destiuatum
597 4853 732 4909 tales
784 4838 969 4923 puniet
1012 4852 1277 4931 judicium
1324 4853 1390 4908 de
1440 4869 1548 4922 quo
1603 4852 1801 4907 ibidem

237 4946 592 5016 subsequitur,
624 4942 737 5016 Ego
766 4946 1054 5017 quoquein
1079 4946 1291 4999 interitu
1313 4954 1483 4999 vestro
1516 4944 1692 4998 ridebo
1711 4984 1726 5008 ,
1753 4952 1803 4998 et

235 5037 578 5101 subsannabo,
609 5053 728 5091 cum
754 5037 893 5092 vobis
913 5036 1050 5106 quod
1076 5036 1336 5091 timebatis
1358 5036 1621 5090 advenerit
1643 5051 1662 5089 :
1687 5051 1805 5089 cum

236 5129 432 5182 irruerit
460 5129 728 5198 repentina
748 5128 1046 5193 calamitas,
1070 5138 1117 5182 et
1132 5127 1397 5198 judicium
1430 5125 1506 5181 vel
1534 5126 1807 5181 damnatio

239 5218 370 5286 quasi
391 5227 673 5287 tempestas
696 5219 982 5289 ingruerit;
1008 5234 1131 5274 cum
1170 5218 1363 5282 venerit
1400 5233 1558 5286 super
1596 5232 1682 5271 vos
1713 5216 1809 5269 Iri»

243 5306 423 5362 bulatio
451 5306 632 5378 98a
661 5309 905 5378 angustia
929 5307 1114 5379 (Prov.
1138 5324 1178 5373 I,
1198 5308 1292 5374 26,
1320 5308 1433 5375 27).
1459 5306 1656 5374 Quales
1677 5307 1809 5361 allo-

242 5401 408 5469 quitur
434 5400 657 5466 Paulus,
680 5403 764 5455 An
782 5401 990 5456 divitias
1029 5401 1273 5455 bonitatis
1315 5401 1410 5455 Dei
1451 5411 1498 5455 et
1542 5401 1808 5470 patientia:

244 5493 548 5546 contemnis?
568 5494 779 5563 ignoras
800 5495 1052 5565 quoniam
1084 5494 1287 5548 bonitas
1319 5494 1433 5564 ejus
1458 5495 1527 5549 ad
1558 5496 1808 5564 paeniten-

245 5580 354 5636 tiam
380 5593 431 5636 te
446 5583 710 5661 adducit?
744 5594 798 5638 tu
837 5594 1012 5639 autem
1049 5585 1334 5646 secundum
1372 5586 1621 5639 duritiam
1660 5594 1807 5637 tuam

245 5680 285 5727 et
307 5691 391 5727 cor
417 5674 761 5742 impaenitens,
784 5678 1113 5731 thesaurizas
1137 5676 1233 5731 tibi
1262 5678 1398 5730 iram
1428 5679 1483 5731 in
1517 5678 1602 5732 die
1636 5679 1730 5732 ira:
1758 5688 1807 5732 et

248 5764 554 5833 reuelationis
574 5768 712 5834 justi
730 5768 926 5836 judicii
951 5768 1069 5836 Dei,
1095 5770 1186 5839 qui
1212 5769 1390 5825 reddet
1417 5770 1694 5841 unicuique
1727 5788 1809 5826 se-

1831 4536 1880 4596 D

1904 3277 2028 3346 quia
2060 3294 2126 3370 ex
2156 3295 2407 3337 sermone
2452 3285 2665 3342 Domini
2707 3300 3016 3364 contempto
3062 3313 3191 3355 reus
3235 3317 3491 3370 peccator

1904 3369 2177 3424 tenebitur
2204 3371 2257 3426 in
2290 3376 2542 3431 examine
2562 3375 2797 3447 iudicis;
2845 3399 3005 3453 quem
3036 3386 3206 3457 judex
3236 3369 3488 3459 fexactori

1904 3462 2115 3529 tradet,
2143 3464 2268 3532 quia
2300 3466 2444 3521 hunc
2474 3469 2709 3541 maligno
2733 3474 2948 3543 spiritui
2983 3480 3049 3534 ad
3082 3481 3338 3542 ultionem
3372 3490 3488 3546 Ira;

1904 3551 2036 3625 bere
2060 3557 2361 3651 permittet,
2396 3566 2455 3613 ut
2482 3563 2817 3633 compulsam
2849 3569 3101 3634 animam,
3123 3574 3239 3644 ipse
3271 3579 3339 3637 ad
3365 3597 3488 3651 pm-

1904 3660 2030 3699 nam
2077 3644 2152 3744 de.
2186 3663 2415 3744 co_rpore
2454 3653 2672 3731 exigat,
2713 3674 2835 3727 qua:
2872 3662 2921 3716 ei
2960 3665 3027 3719 ad
3055 3666 3267 3739 culpam
3296 3644 3490 3744 sponte

1904 3737 2207 3833 consensit.
2226 3738 2461 3833 Dxactor
2488 3744 2656 3800 mittit
2682 3747 2741 3803 iu
2772 3764 3048 3811 carcerem
3065 3797 3082 3822 ,
3109 3737 3233 3829 quia
3257 3737 3354 3833 per
3376 3784 3464 3823 ma

1902 3827 2105 3925 lignum
2130 3830 2380 3900 spiritum
2408 3834 2460 3886 in
2490 3834 2700 3894 inferno
2730 3845 3045 3912 retruditur,
3070 3827 3349 3925 quousque
3370 3860 3488 3918 dies

1895 3918 2084 3991 judicii
2119 3925 2333 3993 veniat,
2378 3941 2445 3983 ex
2487 3945 2594 3999 quo
2613 3930 2728 4001 jam
2759 3936 2811 3990 in
2840 3937 3038 3995 inferni
3081 3918 3293 4015 ignibus
3324 3952 3489 4009 simul

1904 4024 1960 4067 et
1996 4014 2112 4083 ipse
2156 4018 2448 4074 crucietur.
2475 4020 2607 4076 Dico
2649 4025 2777 4090 tibi,
2825 4026 2941 4085 Non
2972 4014 3124 4090 exies
3163 4038 3286 4095 inde
3311 4042 3486 4101 donec

1904 4104 2067 4159 etiam
2114 4106 2470 4163 novissimum
2522 4113 2791 4170 minutum
2834 4121 3062 4188 reddas,
3108 4127 3163 4180 id
3193 4138 3279 4184 est
3314 4132 3487 4192 donec

1904 4196 2067 4294 etiam
2098 4198 2320 4253 minima
2364 4212 2589 4270 peccata
2615 4206 2928 4275 persolvas:
2963 4227 3083 4281 qua:
3117 4219 3244 4285 quia
3272 4236 3489 4294 semper

1905 4288 2118 4359 solvere
2146 4305 2336 4361 prunas
2381 4296 2675 4365 patiendo,
2719 4300 2815 4355 sed
2862 4318 3138 4375 nunquam
3181 4288 3488 4379 persolvere

1906 4379 2121 4434 veniam
2147 4384 2530 4454 conseqneudo
2561 4390 2788 4457 poteris,
2830 4408 3004 4464 neque
3027 4398 3172 4456 enim
3212 4402 3288 4460 ibi
3318 4407 3488 4465 veniae

1907 4471 2059 4528 locus
2080 4475 2214 4540 erit,
2246 4493 2522 4571 nunquam
2551 4483 2699 4538 exies
2720 4484 2877 4551 inde,
2912 4489 3003 4546 ubi
3037 4502 3325 4564 perpetuas
3350 4515 3483 4571 ope.

1908 4581 2026 4621 rum
2057 4582 2248 4638 punias
2275 4570 2413 4639 lues,
2449 4574 2657 4632 scilicet
2679 4561 3067 4649 praedestinato
3081 4561 3287 4656 judicio
3308 4561 3490 4652 exse-

1910 4659 2206 4717 tributione
2225 4663 2499 4733 justitiaa.
3120 4726 3123 4729 .

1980 4753 2047 4807 Et
2071 4756 2196 4850 quia
2225 4756 2345 4850 plus
2371 4773 2534 4850 sensu
2582 4763 2951 4831 pertinacibus
2978 4784 3144 4839 quam
3179 4774 3489 4850 vivacibus,

1906 4853 1963 4939 et
2006 4847 2184 4939 potius
2230 4849 2462 4905 curiosis
2505 4868 2667 4921 quam
2697 4857 2956 4914 studiosis
2983 4864 3229 4933 cogimur
3266 4847 3491 4939 respon;
3560 4931 3569 4939 ,

1909 4933 2057 4996 dere,
2087 4936 2331 4992 dicamus
2364 4939 2469 4995 illis
2500 4944 2642 5011 quod
2670 4956 2890 5002 sanctus
2914 4952 3320 5021 Augustiuusin
3348 4933 3492 5019 libro

1911 5023 1977 5078 de
1998 5024 2475 5085 Pracdestinatione
2512 5042 2830 5090 sanctorum
2870 5038 2983 5094 suis
3018 5044 3294 5113 respondit
3327 5048 3489 5106 dero-

1908 5116 2226 5208 gatoribus:
2262 5137 2281 5170 t
2318 5117 2723 5193 Multaoinquit,
2754 5125 3016 5193 diximus,
3043 5140 3099 5186 et
3119 5131 3352 5193 fortasse
3372 5137 3490 5208 jam

1910 5207 2107 5262 dudum
2136 5211 2411 5279 potuimus
2436 5217 2764 5282 persuadere
2798 5234 2918 5289 qua:
2938 5222 3204 5289 volumus,
3229 5234 3285 5281 et
3308 5207 3493 5289 adhuc

1912 5308 2021 5353 tam
2038 5300 2435 5373 bouisingeniis
2449 5305 2527 5359 sic
2544 5305 2818 5376 loquimur
2841 5311 2993 5379 quasi
3015 5312 3279 5381 obtunsis,
3295 5321 3494 5389 quibus

1902 5399 1967 5455 let
1996 5392 2137 5460 quod
2165 5392 2391 5448 nimium
2413 5404 2516 5459 est,
2540 5412 2647 5451 non
2679 5407 2763 5453 est
2781 5401 2935 5455 satis.
2962 5400 3067 5456 Sed
3094 5404 3223 5459 dent
3243 5410 3490 5469 veniam:

1916 5496 2054 5536 nova
2095 5483 2241 5551 enim
2288 5485 2516 5553 qumstio
2562 5486 2628 5540 ad
2670 5487 2775 5542 hoc
2815 5504 2915 5543 nos
2956 5493 3231 5561 compulit.
3275 5516 3295 5549 ι
3340 5499 3494 5559 Unde

1914 5574 2027 5645 99
2068 5583 2124 5631 et
2153 5576 2439 5646 explosor,
2482 5576 2592 5632 imo
2629 5576 2938 5648 quicunque
2966 5581 3173 5638 fuerint
3215 5587 3282 5644 de
3311 5592 3504 5658 schola

1908 5668 2257 5741 .Gotbescalci
2288 5668 2529 5722 moderni
2554 5668 3020 5726 Praedestiuatiani
3033 5715 3047 5739 ,
3066 5677 3191 5745 quia
3210 5682 3499 5741 audierunt

1918 5782 2039 5837 qua,
2067 5764 2258 5819 beatus
2302 5762 2635 5831 Augustinus
2662 5772 2715 5819 et
2743 5775 2966 5823 sanctus
3005 5767 3239 5843 Prosper
3265 5789 3499 5842 scripse-
