4052 6334
566 372 671 426 163

1535 364 1866 421 lllNCMARl
1906 359 2298 419 llllElllENSlS
2334 360 2850 421 ARCHIEPISCOPI

3736 367 3840 426 l8!-

568 489 694 538 rant
724 486 914 536 contra
949 476 1154 542 Gallos,
1184 476 1447 547 accipiant
1491 493 1613 547 qua:
1652 477 1794 530 idem
1819 476 2014 530 beatus
2036 475 2148 527 Au-
2178 482 2227 536 Α
2257 473 2464 527 tilieati.
2493 472 2647 540 Quod
2677 469 3062 542 autem'posuit
3088 471 3143 526 in
3183 471 3310 538 ﬁne,
3341 472 3461 529 illos
3496 485 3543 530 et
3565 476 3836 546 gloriﬁca-

569 573 817 643 gnstinus
854 570 1148 639 scripserat
1175 578 1364 624 contra
1392 557 1680 622 Africanos
1707 567 2148 621 Praedestinatia-

565 681 672 719 nos
696 665 748 718 in
773 663 910 718 libro
936 663 1003 718 de
1023 661 1377 732 Correptione
1401 671 1456 716 et
1478 660 1686 726 Gratia,
1706 661 1772 715 de
1796 675 1904 730 quo
1931 669 2151 714 sanctus

564 753 802 825 Prosper
827 754 894 809 ad
928 755 1145 808 beatum
1187 754 1551 824 Augustinum
1590 752 1762 816 dicit,
1822 751 1875 805 in
1921 751 2150 819 epistola

565 859 666 916 pro
700 843 1007 915 huiusmodi
1049 844 1266 914 negotio
1296 845 1363 898 ad
1394 843 1543 897 illum
1589 843 1834 897 directa:
1877 861 1895 892 ε
1932 841 2149 904 Evenit,

566 937 764 1008 inquit,
802 952 868 991 ex
919 936 1273 1005 dispositione
1309 933 1697 988 misericordia:
1743 933 1876 997 Dei,
1921 941 1978 985 ut
2029 946 2151 985 cum

575 1029 800 1099 quidam
847 1027 989 1080 intra
1018 1026 1256 1080 Africam
1303 1025 1500 1080 similia
1529 1024 1856 1086 movissent,
1902 1022 2153 1077 videlicet

582 1120 725 1174 sicut
772 1120 887 1188 ipse
915 1118 1282 1188 praescripsit,
1311 1117 1394 1170 bis
1425 1117 1514 1184 qui
1558 1117 1610 1170 in
1657 1115 1976 1170 Massiliensi
2019 1115 2151 1168 urbe

581 1211 914 1275 consistunt,
944 1209 1142 1264 librum
1169 1211 1233 1264 de
1256 1205 1608 1278 Corr'eptione
1633 1217 1688 1262 et
1715 1206 1904 1262 Gratia
1933 1206 2150 1277 plenum

569 1299 766 1356 divina:
816 1298 1155 1354 auctoritatis
1191 1298 1485 1353 emitteres.
1539 1297 1616 1351 De
1647 1312 1776 1366 quo,
1815 1297 1958 1350 sicut
1997 1305 2052 1350 et
2086 1297 2152 1350 de

565 1390 688 1445 aliis
736 1389 890 1444 libris
933 1405 1068 1459 quos
1114 1388 1696 1452 commemoravimus,
1741 1388 2151 1443 convenientius

559 1489 648 1537 est
686 1481 754 1536 ad
798 1481 1156 1536 revineendos
1200 1494 1418 1536 errores
1465 1479 1710 1550 exempla
1766 1495 2006 1548 ponere,
2054 1495 2154 1548 per

560 1586 700 1640 quos
722 1570 890 1625 voluit
912 1570 1027 1641 ipse
1053 1570 1273 1624 eosdem
1313 1583 1532 1622 errores
1560 1568 1862 1632 revincere,
1892 1583 2054 1636 quam
2085 1567 2152 1621 de

563 1660 706 1726 illis,
754 1675 892 1732 quos
941 1660 996 1714 in
1041 1659 1194 1714 libris
1225 1659 1345 1714 istis
1393 1658 1601 1713 studuit
1647 1658 1787 1712 sicut
1817 1667 1899 1712 est
1941 1667 2152 1711 certum

563 1753 862 1826 corrigere.
894 1749 1002 1805 Nos
1032 1752 1086 1805 in
1135 1752 1448 1821 prmscripto
1476 1750 1716 1821 capitulo
1742 1791 1756 1815 ,
1805 1749 1948 1804 sicut
1986 1763 2150 1818 supra

2253 565 2345 628 vit,
2379 564 2644 633 siquidem
2677 564 2763 619 illa
2788 564 2958 635 gloria
2991 571 3077 619 est
3105 565 3195 619 hic
3224 564 3592 637 intciligenda,
3634 567 3700 622 de
3728 584 3837 639 qua

2252 653 2394 709 idem
2419 655 2568 721 dicit,
2591 653 2725 709 Cum
2747 655 2988 711 Christus
3016 660 3324 727 apparuerit
3354 660 3460 712 vita
3491 670 3682 724 vestra,
3707 671 3837 716 tunc

2253 757 2299 800 et
2331 762 2416 800 vos
2457 749 2772 816 apparebitis
2818 764 2937 802 cum
2983 749 3094 819 ipso
3140 750 3196 803 in
3232 750 3403 820 gloria
3443 750 3580 822 (Col.
3627 769 3712 818 ιιι,
3746 752 3834 824 4),

2253 835 2491 889 nondum
2514 835 2713 891 factum
2742 845 2844 892 est.
2869 836 3126 903 Quamvis
3148 847 3204 892 et
3232 839 3318 892 illa
3342 841 3466 904 duo,
3500 841 3552 896 id
3572 850 3658 896 est
3678 859 3837 896 voca-

2253 928 2321 980 vit
2355 937 2400 980 et
2415 927 2750 997 justi/ienuit,
2784 944 2890 983 non
2920 929 2974 982 in
3004 930 3257 985 omnibus
3284 931 3428 986 facta
3460 933 3588 998 sint,
3617 935 3682 988 de
3709 935 3836 1002 qui-

2252 1015 2354 1070 bus
2401 1016 2546 1071 dicta
2587 1028 2750 1071 sunt:
2782 1018 2959 1072 adhuc
3003 1020 3148 1072 enim
3178 1035 3345 1088 usque
3374 1021 3428 1074 in
3461 1020 3620 1075 ﬁnem
3649 1022 3837 1076 saeculi

2253 1108 2408 1162 multi
2446 1108 2674 1162 vocandi
2704 1117 2759 1163 et
2798 1108 3130 1178 justiﬁeandi
3175 1119 3342 1163 sunt:
3377 1119 3429 1165 et
3454 1120 3631 1166 tamen
3663 1113 3834 1166 verba

2253 1199 2512 1268 praztcriti
2557 1201 2818 1269 temporis
2859 1201 3040 1270 posuit
3086 1201 3152 1254 de
3194 1199 3357 1256 rebus
3393 1201 3560 1255 etiam
3604 1201 3832 1268 futuris,

2255 1302 2510 1361 tanquam
2554 1292 2667 1361 jam
2699 1293 2888 1348 fecerit
2933 1295 3101 1360 Deus,
3139 1309 3260 1364 qua:
3296 1296 3410 1366 jam
3439 1306 3501 1350 ut
3531 1297 3723 1352 ﬁerent
3769 1312 3838 1352 ex

2252 1383 2558 1437 mternitate
2599 1385 2884 1454 disposuit.
2929 1385 3054 1440 Ideo
3102 1386 3169 1440 de
3209 1385 3300 1441 illo
3333 1388 3464 1442 dicit
3491 1395 3544 1442 et
3570 1389 3837 1458 propheta

2253 1475 2450 1530 Isaias:
2488 1474 2594 1541 Qui
2620 1476 2741 1546 fecit
2760 1494 2877 1547 quae
2905 1478 3085 1548 futura
3108 1488 3249 1533 sunt.
3277 1479 3594 1550 Quicunque
3624 1495 3754 1551 ergo
3781 1482 3837 1536 in

2253 1565 2348 1620 Dei
2388 1565 2858 1633 providentissima
2888 1566 3242 1636 dispositione
3266 1568 3527 1637 praesciti,
3555 1569 3838 1639 praedesti-

2254 1655 2386 1720 nati,
2416 1655 2724 1725 justiﬁcati,
2760 1666 2814 1711 et
2840 1656 3125 1727 glorilicati
3169 1667 3332 1723 sunt,
3375 1673 3484 1712 non
3521 1660 3645 1715 dico
3669 1661 3838 1714 etiam

2254 1749 2493 1802 nondum
2527 1750 2739 1814 renati,
2783 1749 2876 1804 sed
2921 1750 3087 1804 etiam
3136 1751 3373 1805 nondum
3421 1751 3555 1816 nati,
3591 1752 3705 1820 jam
3737 1749 3836 1805 ﬁlii

575 1852 816 1899 taxatum
862 1851 966 1908 est,
1005 1842 1279 1897 diximus:
1312 1843 1450 1897 Deus
1489 1841 1660 1896 bonus
1697 1849 1752 1894 et
1786 1839 1968 1910 justus
1992 1839 2155 1909 elegit
2183 1835 2229 1893 Β
2257 1839 2354 1893 Dei
2396 1849 2551 1902 sunt,
2587 1849 2642 1895 et
2685 1842 2905 1895 omnino
2933 1841 3109 1910 perire
3137 1858 3244 1896 non
3282 1851 3528 1912 possunt.
3563 1864 3582 1896 ›
3617 1843 3684 1898 Ει
3715 1856 3841 1914 post

559 1949 633 1992 ex
663 1937 852 1991 eadem
873 1950 1051 1990 massa
1077 1935 1396 2005 perditionis
1422 1936 1717 1989 secundum
1748 1933 2150 2003 praiscientiam

567 2039 724 2082 suam
751 2041 887 2096 quos
911 2040 1008 2096 per
1042 2025 1272 2096 gratiam
1307 2025 1711 2095 praedestinavit
1751 2025 1819 2079 ad
1857 2025 2048 2087 vitam,
2097 2031 2153 2078 et

566 2117 734 2170 vitam
774 2115 878 2170 illis
911 2114 1316 2186 praedestinavit
1353 2123 1610 2168 aaternam
1639 2131 1654 2166 :
1686 2122 1912 2168 caeteros
1942 2123 2148 2177 autem,

565 2207 866 2278 quosjusto
884 2205 1089 2276 judicio
1129 2206 1182 2259 in
1229 2219 1408 2260 massa
1438 2204 1760 2274 perditionis
1788 2203 2026 2273 reliquit,
2052 2217 2149 2273 pe-

561 2300 767 2355 rituros
788 2297 1078 2368 praascivit,
1109 2295 1203 2351 sed
1237 2309 1340 2349 non
1365 2303 1419 2348 ut
1446 2293 1687 2364 perirent
1705 2293 2110 2363 praedestinavit
2131 2332 2146 2357 ,

559 2403 778 2462 pinnam
829 2398 1007 2442 autem
1067 2385 1174 2441 illis
1218 2386 1346 2454 quia
1381 2383 1562 2453 justus
1611 2392 1693 2438 est
1738 2383 2148 2453 przedestiuavit

561 2489 841 2534 aeternam.
880 2497 898 2528 ι
929 2477 998 2531 Et
1023 2477 1214 2531 beatus
1234 2475 1570 2546 Augustinus
1594 2473 1649 2527 in
1679 2481 1981 2527 memorato
2009 2473 2148 2526 libro

561 2572 631 2627 de
657 2563 1008 2641 Correptione
1052 2578 1108 2625 et
1135 2568 1322 2624 Gratia
1353 2569 1491 2639 (cap.
1533 2563 1626 2640 7):
1664 2585 1684 2618 ‹
1721 2565 1823 2633 Qui
1853 2581 1980 2620 vero
2005 2605 2020 2631 ,
2069 2565 2150 2619 in-

564 2661 704 2732 quit,
735 2661 1130 2730 perseveraturi
1162 2675 1267 2714 non
1304 2667 1452 2722 sunt,
1468 2672 1532 2712 ac
1551 2657 1630 2712 sic
1651 2673 1682 2711 a
1711 2657 1814 2711 ﬁde
1839 2655 2148 2711 Christiana

562 2757 621 2806 et
638 2749 1049 2805 conversatione
1078 2747 1280 2819 lapsuri
1311 2755 1457 2812 sunt,
1507 2755 1565 2801 ut
1613 2746 1750 2802 tales
1775 2761 1868 2801 eos
1897 2747 2019 2800 vita:
2050 2747 2149 2800 hu-

555 2842 647 2915 jus
674 2842 798 2898 ﬁnis
823 2842 1087 2906 inveniat,
1117 2840 1304 2910 procul
1331 2839 1492 2894 dubio
1517 2852 1619 2893 nec
1658 2838 1749 2894 illo
1777 2848 2019 2909 tempore
2041 2854 2148 2908 quo

557 2935 696 2991 bene
719 2934 910 3003 pieque
929 2929 1119 2986 vivunt
1136 2931 1189 2985 in
1212 2929 1720 3000 praedestinatorum
1749 2945 1974 2984 numero
2001 2945 2150 2984 coni-

558 3021 781 3094 putandi
801 3028 945 3075 sunt.
976 3017 1093 3074 Non
1123 3019 1268 3073 enim
1292 3027 1416 3073 sunt
1445 3035 1476 3074 a
1505 3033 1682 3072 massa
1714 3017 1801 3071 illa
1825 3017 2148 3087 perditionis

557 3110 897 3184 praescientia
948 3108 1044 3164 Dei
1105 3115 1162 3163 et
1207 3107 1680 3178 prtedcstinatione
1723 3107 1960 3161 discreti.
2017 3126 2035 3159 ι
2082 3105 2148 3160 Et

560 3206 690 3262 item
723 3205 860 3277 (cap.
892 3202 987 3273 9):
1041 3221 1059 3254 ι
1093 3200 1205 3256 Nec
1246 3215 1344 3256 nos
1379 3208 1630 3264 moveat,
1678 3201 1821 3268 quod
1865 3199 1990 3254 liliis
2033 3198 2146 3254 suis
2174 3191 2218 3254 C

561 3295 884 3368 quibusdam
910 3292 1053 3348 Deus
1081 3306 1186 3346 non
1213 3290 1308 3346 dat
1336 3283 1496 3346 istam
1522 3289 2003 3360 perseverantiam.
2041 3289 2149 3344 Ab.

559 3387 632 3444 sit
651 3385 796 3442 enim
821 3393 878 3440 ut
907 3384 983 3438 ita
1007 3390 1174 3447 esset,
1205 3381 1252 3437 si
1278 3381 1345 3436 de
1383 3381 1489 3435 illis
1516 3379 1915 3450 praedestinantis
1942 3387 2144 3446 essent,

559 3485 616 3535 et
655 3476 952 3533 secundum
992 3473 1326 3543 propositum
1354 3471 1592 3534 vocatis,
1625 3468 1716 3539 qni
1743 3483 1872 3524 vere
1902 3478 2030 3523 sunt
2054 3468 2147 3522 lilii

561 3565 957 3640 promissionis.
992 3562 1128 3618 Nam
1154 3563 1245 3618 isti
1272 3577 1396 3618 cum
1416 3562 1504 3631 pie
1529 3561 1720 3614 vivunt.
1752 3559 2008 3614 dicuntur
2051 3558 2147 3614 ﬁlii

563 3663 698 3718 Dei:
733 3661 828 3716 sed
856 3658 1112 3730 quoniam
1138 3657 1334 3712 victuri
1370 3665 1499 3711 sunt
1527 3654 1692 3724 impie
1718 3694 1732 3718 ,
1783 3662 1839 3707 et
1867 3653 1918 3707 in
1961 3651 2147 3707 eadem

560 3753 839 3825 impietate
864 3749 1136 3814 morituri,
1159 3762 1266 3802 non
1294 3761 1389 3802 eos
1411 3746 1543 3802 dicit
1567 3745 1708 3800 ﬁlios
1735 3744 1829 3800 Dei
1857 3744 2150 3814 przescien-

566 3847 642 3902 tia
669 3844 788 3901 Dei.
824 3861 845 3896 ι
889 3841 1124 3897 Attende
1151 3854 1323 3910 quare
1343 3855 1450 3894 non
1479 3837 1618 3893 dixit
1644 3837 1751 3900 hic,
1799 3837 1940 3892 sicut
1963 3835 2150 3892 dicunt

563 3933 1136 3999 Praedestinatiani,ad
1167 3933 1441 3988 interitum
1463 3931 1861 4002 praedestinatio
1886 3930 1982 3993 Dei
2007 3947 2023 3986 :
2055 3931 2150 3985 sed

563 4029 701 4086 dixit
729 4029 796 4084 de
818 4026 1008 4083 electis
1032 4025 1260 4094 loquens
1291 4023 1848 4094 prcedestinationem,
1876 4025 1942 4079 de
1967 4037 2150 4093 repro-

561 4123 650 4179 bis
674 4130 854 4177 autem
893 4118 1312 4190 praescientiam.
1359 4116 1426 4170 Et
1450 4127 1571 4185 post
1609 4129 1817 4184 pauca:
1851 4133 1868 4165 ι
1898 4113 2001 4181 Qui
2021 4128 2149 4168 vere

562 4212 660 4268 ﬁlii
690 4219 845 4277 sunt,
882 4209 1117 4282 praesciti
1157 4218 1214 4264 et
1253 4207 1622 4278 praedestinati
1673 4214 1801 4260 sunt
1841 4203 2148 4260 conformes

560 4301 813 4375 imaginis
857 4301 954 4355 lilii
979 4297 1097 4368 ejus
1121 4338 1138 4363 ,
1172 4305 1228 4352 et
1267 4296 1566 4351 secundum
1603 4295 1938 4365 propositum
1969 4295 2144 4350 vocati

561 4401 690 4450 sunt
712 4400 773 4446 ut
795 4389 954 4446 electi
1001 4395 1203 4443 essent.
1236 4385 1355 4440 Non
1383 4385 1530 4440 enim
1574 4385 1717 4454 perit
1746 4385 1887 4440 ﬁlius
1918 4385 2148 4454 promis-

560 4482 770 4548 sionis,
819 4481 919 4536 sed
962 4478 1103 4533 ﬁlius
1145 4477 1484 4548 perditionis.
1531 4476 1773 4531 Fuerunt
1796 4493 1926 4549 ergo
1958 4478 2046 4534 isti
2075 4495 2143 4535 ex

559 4545 902 4630 multitudine
922 4545 1257 4635 vocatorum,
1277 4584 1340 4622 ex
1358 4567 1655 4623 electorum
1676 4545 2142 4641 autempauciu‘itc
2171 4545 2222 4607 θ

559 4680 670 4720 non
697 4662 934 4718 luerunt.
963 4659 1082 4715 Non
1110 4661 1274 4730 igitur
1300 4659 1422 4714 ﬁliis
1441 4661 1554 4716 suis
1581 4661 1977 4730 praedestinatis
2001 4664 2144 4720 Deus

559 4751 1023 4824 perseverantiam
1051 4765 1159 4805 non
1197 4748 1366 4805 dedit.
1398 4749 1672 4805 Haberent
1711 4753 1857 4806 enim
1899 4768 2057 4819 eam,
2097 4754 2142 4809 si

560 4847 618 4903 in
637 4860 705 4901 eo
725 4843 956 4899 ﬁliorum
984 4855 1212 4897 numero
1233 4850 1435 4897 essent.
1466 4841 1571 4912 lpsi
1602 4853 1726 4897 sunt
1750 4845 2140 4914 praedestinati,

559 4939 642 4995 illi
680 4934 1049 5008 prazdestinati
1103 4942 1159 4990 et
1197 4934 1491 4990 secundum
1545 4936 1883 5004 propositum
1932 4938 2139 5002 vocati,

558 5043 794 5101 quorum
838 5026 1018 5082 nullus
1053 5024 1214 5096 perit.
1255 5043 1275 5076 ι
1318 5024 1386 5077 Ει
1431 5025 1600 5080 item:
1639 5045 1656 5076 ι
1692 5025 1760 5080 Et
1799 5026 1913 5095 jam
1964 5028 2018 5082 in
2056 5028 2144 5084 illa

560 5118 1038 5193 pradestinatione
1073 5115 1170 5170 ﬁlii
1197 5122 1325 5170 sunt
1348 5113 1487 5183 ejus.
1525 5113 1792 5187 ’Et'post
1823 5119 2099 5187 aliquanta
2127 5137 2140 5174 :

567 5210 746 5278 «Quos
766 5217 893 5264 ante
907 5205 1181 5278 pratscivit
1197 5213 1253 5258 et
1272 5205 1676 5274 prtedestinavit
1689 5206 1996 5264 conformes
2010 5211 2145 5264 ima-

555 5301 708 5375 ginis
726 5300 849 5356 Filii
873 5298 990 5369 ejus
1005 5313 1020 5352 :
1035 5312 1172 5367 quos
1187 5304 1366 5350 autem
1391 5297 1813 5366 praedestinavit,
1833 5299 1950 5356 illos
1972 5312 2026 5357 et
2050 5317 2143 5358 vo-

561 5394 711 5450 cavit
736 5411 750 5447 :
789 5406 927 5462 quos
946 5400 1131 5445 autem
1163 5386 1396 5452 vocavit,
1426 5387 1544 5442 illos
1573 5398 1628 5442 et
1636 5388 1982 5458 justiﬁcavit:
2008 5410 2146 5464 quos

556 5493 743 5540 autem
776 5480 1092 5554 justiﬁcavit
1116 5519 1131 5546 ,
1178 5480 1323 5549 ipsos
1359 5487 1414 5534 et
1452 5479 1812 5550 gloriﬁcavit:
1851 5484 1940 5538 illa
1983 5486 2142 5556 100

555 5578 741 5634 omnia
761 5575 876 5646 jam
906 5575 1047 5630 facta
1073 5583 1218 5640 sunt,
1247 5574 1540 5643 przescivit,
1581 5579 2007 5646 praedestinavit,
2043 5599 2140 5638 vo-

553 5671 728 5737 cavit,
768 5669 1108 5739 justiﬁcavtt;
1150 5665 1407 5736 quoniam
1441 5675 1496 5721 et
1533 5684 1723 5726 omnes
1763 5672 1876 5741 jam
1905 5675 2142 5743 prueseiti

565 5779 634 5820 ac
667 5761 1036 5836 pra-destinati
1061 5768 1211 5825 sunt,
1237 5763 1292 5812 et
1313 5755 1465 5810 mulli
1490 5758 1602 5828 jam
1629 5764 1803 5818 vocati
1833 5773 1991 5836 atque
2025 5766 2139 5838 jus-

2252 1929 2526 1998 aliquanta
2551 1931 2689 2001 (cap.
2710 1931 2796 2002 10)
2827 1945 2842 1984 :
2879 1950 2899 1982 ‹
2931 1931 2987 1986 Si
3010 1933 3152 1986 enim
3179 1933 3474 1988 secundum
3498 1935 3836 2004 propositqu

2252 2030 2473 2076 vocatus
2501 2021 2622 2085 iste,
2661 2022 2848 2091 procul
2879 2022 3042 2077 dubio
3074 2022 3149 2077 illi
3172 2025 3337 2078 etiam
3364 2024 3509 2095 quod
3541 2025 3838 2094 corripitur

2250 2107 2394 2164 Deus
2405 2119 2729 2179 cooperatur
2744 2111 2795 2164 in
2813 2111 3033 2166 bonum.
3055 2111 3244 2167 Utrum
3260 2115 3442 2167 autem
3467 2114 3569 2167 ista
3590 2113 3661 2168 sit
3675 2128 3838 2168 voca-

2253 2201 2348 2264 tio,
2366 2202 2619 2271 quoniam
2643 2203 2731 2271 qui
2755 2202 2979 2271 corripit
2999 2203 3193 2265 nescit,
3213 2201 3375 2257 faciat
3389 2203 3502 2272 ipse
3517 2218 3638 2257 cum
3656 2203 3842 2257 chari-

2251 2299 2360 2345 tate
2381 2291 2522 2360 quod
2541 2293 2642 2346 scit
2657 2307 2776 2346 esse
2797 2290 3121 2346 faciendum.
3140 2291 3253 2347 Scit
3273 2293 3415 2347 enim
3433 2293 3523 2347 tali
3536 2294 3840 2363 corripien-

2251 2384 2320 2439 do
2350 2383 2619 2438 facturum
2641 2384 2812 2439 Deum
2838 2393 2931 2438 aut
2962 2384 3386 2440 misericordiam
3415 2386 3788 2456 autjudicium
3818 2403 3835 2439 :

2253 2476 2680 2531 misericordiam
2705 2477 2944 2546 quidem,
2968 2476 3014 2532 si
3042 2493 3072 2530 a
3093 2492 3272 2532 massa
3295 2479 3612 2549 perditionis
3635 2479 3726 2534 ille
3742 2479 3838 2548 qui

2253 2567 2546 2637 corripitur
2590 2568 2780 2637 gratiae
2824 2567 3074 2637 largitate
3107 2568 3373 2625 discretus
3397 2581 3499 2635 est,
3533 2580 3720 2626 etnon
3751 2583 3839 2628 est

2251 2657 2394 2712 inter
2407 2673 2534 2712 vasa
2560 2658 2675 2722 irae,
2709 2673 2830 2728 qua:
2857 2658 3096 2728 perfecta
3115 2668 3241 2715 sunt
3265 2661 3320 2715 in
3345 2662 3724 2731 perditionem,
3741 2664 3838 2718 sed

2252 2750 2394 2805 inter
2406 2765 2534 2804 vasa
2554 2750 2958 2817 misericordiaa,
2986 2767 3105 2822 qua:
3126 2756 3451 2823 praeparavit
3477 2755 3529 2808 in
3548 2755 3792 2826 gloriam.
3811 2775 3831 2807 ι

2325 2841 2480 2898 Unde
2501 2850 2557 2897 et
2588 2843 2748 2898 idem'
2766 2843 2960 2898 beatus
2987 2843 3320 2914 Augustinus
3350 2845 3403 2899 in
3437 2845 3573 2901 libro
3599 2846 3665 2901 de
3688 2846 3840 2902 Prae-

2250 2934 2615 2990 destinationc
2636 2936 2824 3006 gratia:
2845 2937 2974 2992 dicit
2999 2936 3136 3008 (cap.
3162 2937 3217 3008 5)
3247 2956 3260 2991 :
3295 2957 3314 2988 σ
3348 2938 3431 2993 Ab
3451 2938 3542 2994 illo
3563 2955 3714 3011 ergo,
3739 2941 3837 3010 qui

2251 3035 2489 3081 aeternus
2513 3034 2568 3080 et
2594 3027 2875 3096 praescius,
2904 3027 2994 3097 qui
3027 3035 3081 3081 et
3102 3025 3282 3096 justus
3308 3038 3362 3084 et
3387 3031 3507 3099 pius
3532 3040 3638 3096 est,
3666 3033 3756 3100 qui
3779 3041 3838 3085 et

2254 3114 2445 3170 exerit
2476 3117 2713 3172 debitam
2743 3119 3083 3173 severitatem
3107 3159 3122 3183 ,
3175 3129 3232 3174 et
3271 3121 3492 3176 exhibet
3537 3122 3835 3177 indebitam

2249 3208 2530 3278 pietatem,
2555 3217 2610 3263 et
2636 3209 2797 3266 habet
2827 3211 2880 3266 in
2901 3212 3153 3284 creandis
3179 3223 3341 3282 atque
3366 3213 3627 3286 eligendis
3649 3217 3832 3270 homi-

2253 3298 2436 3365 nibus,
2471 3301 2615 3355 sicut
2659 3301 2714 3355 in
2747 3301 2858 3356 luto
2905 3302 3120 3374 ﬁgulus,
3155 3313 3500 3373 potestatem,
3537 3303 3677 3359 facta
3709 3316 3841 3362 sunt

2251 3388 2357 3443 alia
2379 3389 2599 3459 quidem
2624 3407 2754 3446 vasa
2787 3393 2841 3447 in
2864 3393 3149 3459 honorem,
3175 3393 3282 3448 alia
3312 3409 3443 3449 vero
3468 3394 3520 3449 in
3553 3404 3838 3451 contume-

2251 3481 2400 3538 liam.
2431 3483 2736 3553 Antequam
2761 3484 2964 3541 faceret
2987 3485 3262 3555 praescivit
3284 3502 3401 3551 nos,
3425 3496 3480 3542 et
3505 3487 3560 3541 iu
3592 3488 3706 3556 ipsa
3731 3503 3835 3543 nos

2251 3572 2592 3642 praescientia
2615 3588 2739 3628 cum
2767 3574 3006 3629 nondum
3034 3574 3255 3630 fecisset
3292 3576 3476 3648 elegit.
3507 3576 3616 3633 Sed
3659 3595 3691 3632 a
3726 3594 3836 3648 quo

2249 3661 2354 3716 hoc
2383 3660 2500 3718 ﬁeri
2524 3663 2719 3732 potuit,
2745 3664 2850 3720 nisi
2873 3665 2940 3720 ab
2960 3680 3026 3721 eo
3048 3665 3139 3735 qui
3162 3677 3311 3721 vocat
3335 3684 3396 3722 ea
3416 3685 3533 3739 qum
3559 3686 3661 3724 non
3687 3680 3835 3736 sunt,

2249 3764 2503 3825 tanquam
2530 3773 2592 3810 ea
2615 3773 2734 3827 qua:
2754 3768 2876 3811 sunt
2899 3757 3077 3828 (Rom.
3108 3774 3182 3824 tv,
3216 3758 3307 3832 l7)
3333 3758 3662 3831 ?Apostolus
3687 3764 3838 3818 enim

2251 3845 2385 3901 dicit
2404 3844 2545 3912 {Qui
2565 3847 2718 3917 elegit
2747 3864 2840 3902 nos
2868 3857 2989 3902 ante
3015 3849 3201 3902 mundi
3223 3851 3642 3905 constitutionem
3667 3850 3835 3923 (Eph.

2250 3951 2293 4002 ι,
2317 3936 2394 4010 4).
2422 3936 2570 3992 Intra
2599 3941 2858 3994 mundum
2888 3939 3018 3996 facti
3059 3955 3247 3997 sumus
3272 3983 3286 4008 ,
3325 3952 3381 3998 et
3419 3953 3546 4000 ante
3571 3946 3838 4001 mundum

2249 4027 2409 4082 electi
2439 4043 2658 4094 sumus;
2711 4039 2873 4101 atque
2899 4029 2976 4085 ita
3020 4046 3130 4086 uno
3167 4033 3486 4102 eodemque,
3523 4048 3624 4089 nec
3655 4042 3839 4090 trans-

2249 4129 2430 4185 eunte,
2463 4135 2564 4176 nec
2591 4119 2794 4188 futuro,
2826 4123 2920 4178 sed
2945 4123 3202 4180 continuo
3232 4133 3494 4194 tempore,
3522 4125 3611 4181 vel
3643 4126 3690 4182 si
3724 4141 3836 4196 quo

2249 4210 2356 4265 alio
2383 4211 2541 4268 modo
2571 4212 2675 4268 dici
2697 4223 2897 4282 potest,
2923 4217 3018 4270 sed
3047 4224 3226 4271 tamen
3260 4225 3458 4288 potest,
3489 4218 3631 4287 apud
3661 4218 3836 4273 Deum

2249 4309 2353 4366 est,
2384 4309 2440 4356 et
2468 4302 2742 4372 praescire,
2766 4313 2822 4358 et
2847 4304 3048 4371 facere,
3073 4315 3129 4360 et
3153 4305 3374 4378 eligere,
3405 4315 3459 4361 et
3483 4307 3834 4376 praescientia

2249 4406 2348 4447 sua
2379 4392 2895 4450 incommutabiliter
2914 4405 3265 4465 permanente
3295 4396 3498 4470 eligere
3525 4397 3833 4465 faciendos,

2250 4497 2387 4552 quos
2412 4481 2654 4538 facturus
2675 4483 2853 4539 fuerat
2875 4486 3172 4554 eligendos.
3210 4507 3228 4540 ι
3260 4487 3328 4541 Ει
3351 4488 3476 4542 item
3493 4487 3635 4543 idem
3662 4488 3717 4544 in
3740 4503 3835 4544 eo-

2249 4576 2370 4630 dem
2401 4576 2540 4631 libro
2567 4576 2708 4648 (cap.
2733 4577 2821 4648 16)
2849 4596 2862 4632 :
2901 4597 2919 4629 ι
2958 4563 3110 4634 Hanc
3137 4579 3320 4650 itaque
3349 4581 3588 4636 divinam
3611 4581 3834 4637 electio-

2246 4681 2394 4732 nem,
2425 4681 2530 4721 non
2558 4668 2768 4723 meritis
2808 4669 2980 4734 reddi,
3017 4669 3110 4725 sed
3141 4669 3254 4726 sola
3291 4669 3588 4727 voluntatis
3613 4673 3838 4727 muniﬁ-

2247 4758 2423 4813 centia
2469 4757 2660 4814 donari
2701 4759 3050 4827 hominibus,
3097 4759 3307 4833 Moyses
3361 4778 3484 4817 cum
3533 4762 3645 4831 jam
3703 4771 3834 4818 tunc

2247 4850 2499 4918 quamvis
2545 4850 2820 4906 carnalem
2860 4852 3117 4921 populum
3162 4853 3385 4908 doceret
3427 4854 3686 4910 ostendit.
3739 4855 3833 4909 Sic

2249 4942 2393 4996 enim
2424 4941 2477 4995 in
2502 4939 2920 4997 Deuteronomio
2963 4943 3095 4998 dicit
3135 4943 3205 4998 ad
3244 4944 3537 5014 populum:
3569 4943 3707 4998 Ecce
3739 4947 3834 4998 do-

2250 5033 2381 5086 mini
2408 5032 2506 5086 Dei
2537 5034 2614 5087 tui
2651 5034 2836 5088 caelum
2861 5074 2876 5101 ,
2905 5043 2955 5088 et
3002 5034 3185 5089 caelum
3221 5037 3333 5090 cwli
3353 5077 3369 5102 ,
3399 5046 3537 5091 terra
3571 5046 3625 5090 et
3650 5039 3832 5091 omnia

2248 5141 2367 5195 qtae
2393 5136 2512 5180 sunt
2535 5125 2591 5181 in
2611 5143 2693 5180 ea.
2731 5124 3099 5181 Verumtamen
3123 5138 3298 5198 patres
3318 5138 3511 5182 vestros
3540 5128 3692 5199 elegit
3714 5129 3829 5183 Da-

2249 5216 2421 5270 minus
2444 5216 2659 5287 diligere
2684 5234 2792 5280 eos,
2815 5218 2906 5287 qui
2929 5216 3082 5288 elegit
3106 5233 3280 5273 semen
3317 5235 3498 5272 eorum
3528 5230 3642 5288 post
3665 5221 3829 5288 ipsos,

2243 5322 2336 5361 vos
2359 5322 2469 5376 pra!
2493 5307 2732 5361 omnibus
2761 5307 2996 5377 gentibus
3033 5307 3213 5379 (Deut.
3241 5324 3297 5374 x,
3347 5307 3461 5378 14).
3493 5307 3562 5361 Ει
3582 5307 3782 5376 adjecit
3811 5326 3827 5363 :

2247 5396 2698 5453 Circumcidimini
2717 5415 2840 5468 ergo
2857 5415 2888 5452 a
2903 5400 3102 5453 duritia
3117 5399 3290 5454 cordis
3311 5400 3486 5462 vestri,
3517 5408 3565 5453 et
3579 5401 3830 5455 cervicem

2244 5498 2472 5544 uestram
2506 5505 2568 5543 ne
2593 5490 2851 5544 induretis
2864 5491 3089 5560 amplius
3116 5491 3293 5562 (ibid.,
3319 5489 3430 5562 lli).
3459 5491 3566 5548 Sed
3593 5492 3735 5547 hanc
3770 5493 3827 5547 in

2250 5581 2404 5650 101
2437 5582 2518 5636 eis
2541 5583 2804 5638 mansisse
2827 5583 3084 5638 duritiam
3106 5585 3304 5650 cordis,
3341 5585 3481 5641 sicut
3521 5601 3684 5654 supra
3709 5585 3828 5655 jam

2245 5672 2377 5737 dixi,
2406 5673 2935 5744 beatusStephanus
2972 5693 3097 5732 cum
3141 5677 3348 5733 ludaros
3378 5679 3619 5747 increpat
3644 5687 3826 5731 osten-

2245 5767 2343 5824 dit.
2381 5765 2450 5824 ,ιιι
2491 5767 2715 5826 Actibus
2762 5770 2907 5825 enim
2949 5772 3318 5844 apostolorum
3366 5771 3479 5842 ipse
3526 5771 3603 5825 sic
3645 5771 3819 5825 dicit:
