4052 6334
220 371 318 430 165

973 368 1067 426 DE
1104 366 1787 425 PREDESTINATIONE
1824 366 2284 425 DlSSEllTA'l‘IO
2323 370 2734 428 POSTERIOR.

3400 377 3503 431 l66

213 492 358 553 Dura
405 463 607 541 cervice
649 493 694 538 et
740 481 1100 539 incircumcisi
1137 486 1294 538 corde
1341 493 1390 538 et
1439 485 1678 544 auribus,
1718 499 1805 536 vos
1835 495 1880 551 Α
1913 482 2142 535 rantiam
2174 498 2345 553 usque
2372 484 2426 537 in
2451 485 2634 538 linem.
2668 485 2792 542 Haec
2825 485 2966 542 Deus
2993 486 3259 543 facturum
3301 501 3360 542 se
3382 503 3505 544 esse

212 597 410 652 semper
452 578 679 649 Spiritui
703 585 886 631 sancto
915 577 1183 632 restitistis
1207 577 1344 648 (Act.
1388 593 1484 637 vn,
1513 576 1624 645 5i).
1653 574 1809 629 Unde

214 675 340 728 dura
365 669 559 726 cervix
587 669 642 723 in
669 683 735 724 eo
754 667 976 738 pupillo,
1003 670 1093 740 qui
1115 685 1183 724 ex
1212 670 1413 725 mundo
1430 669 1634 725 electus
1648 671 1764 724 (τειῖ
1785 690 1802 722 ι

213 763 274 820 Et
321 769 455 834 post
500 760 826 828 aliquanta:
876 769 900 803 4
929 759 1062 814 Cum
1109 759 1224 824 illo,
1269 760 1478 816 scilicet
1526 760 1807 829 Apostolo,

213 854 431 924 quando
463 853 533 906 de
563 851 758 904 talibus
783 851 1050 921 qureritur
1077 841 1432 918 admiremur,
1461 862 1518 908 et
1538 863 1810 926 ‘manente

213 945 488 1001 sententia
520 944 664 1014 quod
695 957 801 996 non
825 944 901 998 sit
931 944 1187 1013 iniquitas
1213 946 1356 1016 apud
1383 945 1575 1012 Deum,
1605 946 1648 1001 si
1680 947 1810 1016 quid

212 1035 338 1090 illud
365 1033 597 1088 modum
620 1031 790 1087 nostri
837 1048 1031 1088 sensus
1065 1035 1382 1099 excesserit,
1412 1043 1468 1089 et
1506 1035 1811 1091 intellectus

211 1126 384 1181 nostri
414 1141 524 1180 non
552 1123 809 1195 dignatur
847 1125 1145 1194 angustias,
1178 1126 1232 1179 in
1255 1126 1345 1181 illa
1369 1125 1618 1196 justitize,
1649 1143 1812 1183 mise-

211 1215 490 1280 ricordiae,
529 1215 992 1286 praescientizeque
1020 1217 1216 1272 divinae
1242 1216 1574 1288 plenitudine
1598 1233 1811 1288 perma-

211 1320 343 1360 nere
390 1306 721 1362 inconcussa
766 1309 1020 1378 aequitate
1060 1308 1347 1365 fateamur.
1379 1332 1397 1365 ι
1433 1311 1500 1366 Et
1545 1312 1675 1367 item
1707 1313 1809 1368 ali-

211 1410 420 1468 quanto
447 1398 703 1469 superius
726 1399 863 1471 (cap.
898 1401 986 1469 l3)
1013 1418 1026 1454 :
1067 1420 1084 1452 ι
1114 1402 1290 1472 Elegit
1317 1418 1446 1457 vasa
1467 1419 1586 1472 qua:
1608 1404 1813 1460 faceret

211 1492 264 1546 in
289 1491 586 1554 honorem,
621 1492 823 1561 ct.i|los
847 1509 877 1547 a
914 1502 1143 1548 ventura
1169 1494 1250 1548 ira
1280 1493 1422 1549 dono
1444 1496 1692 1566 gratuitae
1717 1511 1812 1551 vo-

210 1582 451 1638 cationis
477 1583 733 1649 absblvit,
768 1584 906 1640 alios
941 1585 1326 1658 derelinquens
1371 1589 1438 1643 ad
1484 1590 1810 1658 aequalitatis

203 1673 479 1744 judicium
516 1677 861 1731 reservavit:
901 1676 1030 1731 nulli
1071 1687 1249 1732 tamen
1278 1680 1635 1750 agnoscenda:
1671 1680 1810 1734 veri-

208 1767 341 1821 tatis
388 1765 622 1822 abstulit
666 1766 1002 1824 facultatem.
1054 1770 1122 1824 Et
1171 1772 1243 1824 ita
1286 1771 1564 1842 plenitudo
1614 1773 1809 1828 divina:

1908 574 2183 641 pnescivit
2215 591 2226 626 :
2262 575 2375 643 ipsa
2409 584 2498 629 est
2546 577 2950 646 praedestinatio
2982 588 3295 633 sanctorum
3315 618 3331 643 ,
3362 594 3502 648 quos

1907 661 2069 730 elegit
2095 663 2148 716 in
2180 662 2400 718 Christo
2417 673 2539 718 ante
2561 667 2998 722 constitutionem
3015 669 3220 732 mundi,
3245 677 3302 720 ut
3317 675 3504 722 essent

1909 753 2084 806 sancti
2113 761 2169 808 et
2195 753 2533 808 immaculati
2564 755 2618 808 in
2648 767 2944 827 conspectu
2971 757 3088 826 ejus
3126 759 3178 812 in
3211 759 3497 822 cbaritate,

1909 844 2297 913 praedestinans
2320 860 2416 900 eos
2454 845 2508 900 in
2547 847 2893 918 adoptionem
2925 850 3157 905 ﬁliorum
3187 866 3286 922 per
3315 850 3503 906 Jesum

1909 934 2206 990 Christum.
2240 955 2258 987 ι
2287 936 2356 991 Ει
2395 938 2525 993 item
2555 955 2567 993 :
2616 958 2634 990 ‹
2665 939 2798 996 Illud
2841 951 3020 998 tamen
3064 943 3313 999 ﬁdelibus
3343 941 3504 998 debet

1909 1041 2030 1082 esse
2051 1029 2417 1084 certissimum
2437 1071 2454 1095 ,
2481 1031 2629 1086 hunc
2655 1047 2775 1088 esse
2801 1047 2868 1088 ex
2897 1035 3320 1104 praedestinatis.
3350 1035 3502 1090 illum

1910 1132 2016 1171 non
2047 1133 2185 1173 esse.
2226 1139 2244 1172 ι

1979 1210 2047 1265 ΕΙ.
2076 1210 2441 1268 Cassiodorus
2489 1213 2543 1266 in
2574 1213 2850 1269 Psalmnm
2901 1231 2990 1270 xiv
3027 1234 3040 1270 :
3079 1236 3096 1268 ε
3129 1216 3335 1271 Revera
3359 1257 3374 1282 ,
3420 1217 3503 1272 in-

1911 1301 2059 1370 quit,
2103 1303 2201 1371 ipsi
2235 1304 2484 1358 restituta
2514 1315 2596 1359 est
2623 1307 2936 1371 lucreditas,
2965 1309 3050 1362 cui
3079 1317 3206 1361 ante
3233 1307 3504 1362 conditio-

1911 1411 2034 1450 nem
2067 1413 2249 1451 rerum
2291 1399 2467 1453 fuerat
2508 1401 2561 1453 in
2606 1401 3084 1468 prwdestinatione
3131 1401 3344 1455 collata.
3378 1420 3399 1451 ι
3434 1401 3504 1455 Et

1912 1487 2079 1542 item:
2120 1505 2137 1539 ι
2179 1487 2479 1544 Hzereditas
2527 1489 2726 1544 Christi
2775 1501 2860 1545 est
2901 1491 3285 1560 praedestinata
3318 1491 3502 1545 multi-

1914 1583 2042 1637 tudo
2085 1594 2420 1638 sanctorum.
2457 1604 2474 1634 ι
2526 1584 2594 1638 Ει
2643 1585 2694 1638 in
2726 1585 2941 1640 Psalmo
2977 1601 3103 1640 χιιι
3134 1603 3148 1638 :
3183 1603 3201 1636 ι
3235 1585 3504 1640 Memento

1911 1675 2052 1743 quod
2083 1691 2180 1744 per
2209 1675 2308 1730 has
2337 1676 2629 1730 allusiones
2669 1677 3174 1746 pnedestinatorum
3211 1693 3501 1733 numerum

1912 1765 2199 1834 signiﬁcat,
2228 1781 2333 1819 non
2365 1767 2430 1820 de
2468 1767 2582 1821 sola
2619 1765 2901 1838 Synagoga
2934 1767 3240 1822 Judzeorum
3267 1808 3282 1834 ,
3313 1770 3408 1824 sed
3435 1769 3503 1824 de

208 1856 578 1928 praseientice
605 1859 659 1914 in
688 1859 822 1915 alios
850 1869 1105 1917 manante
1126 1861 1360 1931 justitia,
1395 1866 1446 1918 in
1469 1865 1605 1919 alios
1633 1867 1805 1937 gratia
1840 1851 1883 1910 Β
1912 1855 2125 1910 cuneus
2188 1856 2439 1925 εειιιίὺιιε
2491 1873 2612 1912 esse
2661 1859 3011 1928 οοηιΡΙθιυω·
3043 1878 3062 1910 ³
3117 1859 3184 1913 ΕΙ»
3235 1860 3291 1914 ίιι
3352 1859 3503 1914 Ρ⁵³¹“

209 1952 523 2020 proﬂuente
563 1951 828 2020 completa
869 1961 970 2007 est.
1003 1973 1023 2006 ι
1079 1954 1208 2007 ltem
1243 1955 1434 2010 beatus
1475 1955 1808 2027 Augustinus

211 2043 263 2096 in
291 2043 439 2098 libro
473 2042 540 2096 de
567 2041 921 2114 Cnrreptione
951 2054 1006 2099 et
1045 2045 1230 2101 Gratia
1261 2047 1399 2118 (cap.
1467 2048 1554 2116 12)
1582 2067 1593 2102 :
1640 2069 1658 2099 ‹
1691 2049 1808 2117 lpse

210 2134 384 2203 igitur
410 2148 513 2188 eos
540 2133 674 2188 facit
693 2150 1048 2205 perseverare
1067 2136 1120 2190 in
1146 2137 1310 2200 bono,
1327 2139 1417 2208 qui
1443 2137 1572 2193 facit
1600 2139 1801 2194 bonos:

209 2225 302 2294 qui
332 2233 525 2278 autem
557 2226 761 2280 cadunt
801 2234 856 2280 et
896 2235 1166 2298 pereunt,
1213 2228 1266 2282 in
1295 2230 1806 2298 praedestinatorum

213 2330 447 2369 numero
476 2329 582 2370 non
609 2314 843 2371 fuerunt.
877 2336 896 2369 ›

278 2405 494 2458 Audiat
541 2421 666 2460 cum
720 2407 906 2462 schola
955 2423 1052 2462 sua
1109 2408 1497 2466 Gothescalcus
1551 2411 1806 2482 princeps

211 2506 589 2562 narratorum,
619 2508 676 2552 et
705 2499 867 2570 hujus
908 2501 1102 2570 iniquze
1138 2501 1481 2558 fabulationis
1509 2505 1806 2560 resuscita-

155 2585 160 2594 ’
211 2599 322 2652 tor,
357 2588 489 2656 quid
533 2590 680 2644 dicat
723 2601 944 2646 sanctus
974 2592 1342 2663 Augustinus:
1382 2612 1400 2646 ι
1429 2595 1485 2649 ln
1525 2595 1807 2665 praedesti-

210 2687 472 2732 natorum
497 2694 725 2733 numero
748 2696 854 2735 non
883 2680 1120 2738 fuerunt.
1150 2683 1207 2738 Si
1233 2685 1390 2740 vellet
1414 2693 1468 2738 et
1504 2686 1803 2750 debuisset,

210 2769 605 2824 convenienter
648 2769 828 2825 dicere
856 2773 1136 2841 potuisset,
1163 2773 1265 2842 Qui
1309 2785 1489 2830 autem
1515 2777 1717 2831 cadunt
1750 2785 1807 2831 et

210 2868 471 2929 pereunt,
499 2862 568 2915 ad
613 2860 892 2916 interitum
918 2865 1289 2933 praedestinati
1335 2865 1572 2931 fuerunt,
1602 2879 1656 2922 et
1682 2868 1804 2924 ideo

210 2949 537 3005 ceciderunt
559 2960 616 3006 et
638 2953 934 3021 perierunt.
971 2973 989 3006 ι
1023 2955 1090 3010 Et
1134 2957 1262 3011 item
1307 2969 1526 3014 sanctus
1551 2961 1807 3032 Augusti-

210 3055 318 3094 nus
350 3041 408 3094 in
437 3039 667 3108 praefato
715 3042 853 3098 libro
882 3045 949 3098 ad
992 3044 1170 3100 locum
1195 3045 1332 3118 (cap.
1366 3048 1454 3119 l3)
1487 3067 1500 3103 :
1538 3068 1556 3101 ι
1588 3051 1714 3106 Haec
1738 3052 1804 3107 de

211 3129 298 3184 bis
346 3130 548 3200 loquor
573 3133 665 3204 qui
715 3134 1081 3204 praedestinati
1125 3147 1249 3192 sunt
1285 3139 1353 3193 ad
1391 3155 1616 3210 regnum
1664 3143 1800 3210 Dei,

1915 1960 2006 2000 Ino
2033 1961 2216 2000 Lxxvu
2246 1963 2260 2000 :
2290 1965 2309 1997 r
2340 1945 2556 2001 Parasti
2581 1949 2637 2001 in
2657 1948 2932 2002 dulcedine
2949 1958 3042 2002 tua
3068 1951 3310 2020 pauperi,
3333 1950 3500 2015 Deus,

1912 2035 2146 2104 Parasti,
2163 2038 2436 2108 signiﬁcat
2449 2039 2876 2109 praedestinatos,
2893 2043 2984 2112 qui
3005 2043 3074 2097 ab
3086 2044 3293 2114 origine
3314 2046 3500 2100 mundi

1913 2129 2031 2198 ipso
2045 2131 2340 2185 miserante
2351 2134 2638 2202 praeparati
2653 2143 2797 2188 sunt.
2812 2155 2830 2186 ι
2851 2132 2985 2190 Et-in
3001 2136 3218 2191 Psalmo
3231 2152 3498 2193 Lxxxvm:

1919 2237 1939 2272 ι
1962 2221 2248 2277 Exattetur
2272 2225 2487 2278 dextera
2510 2235 2622 2279 tua.
2640 2225 2981 2282 Clariﬁcetur
3010 2243 3268 2283 numerus
3288 2229 3501 2298 prasde-

1912 2313 2238 2385 stinatorum
2263 2355 2279 2381 ,
2309 2315 2402 2384 qui
2451 2324 2534 2370 est
2559 2317 2628 2370 ad
2668 2317 2945 2372 dexteram
2977 2318 3342 2374 collocandus.
3377 2339 3397 2372 ι
3433 2320 3504 2375 Et

1914 2404 1968 2458 in
1994 2403 2211 2460 Psalmo
2234 2421 2302 2461 xc
2327 2423 2342 2459 :
2383 2426 2402 2459 ο
2425 2406 2542 2462 Νοιι
2572 2408 2718 2462 enim
2749 2420 2977 2478 possunt
3009 2426 3040 2464 a
3085 2410 3256 2465 latere
3285 2410 3500 2466 Domini

1910 2497 1996 2553 vel
2034 2514 2065 2552 a
2096 2498 2303 2554 dextris
2327 2513 2442 2568 ejus
2467 2503 2684 2566 cadere,
2706 2501 2800 2570 qui
2823 2500 2936 2570 jam
2981 2503 3034 2556 in
3071 2502 3355 2558 beatorum
3392 2519 3498 2558 nuo

1913 2602 2069 2642 mero
2090 2588 2460 2657 praedestinatl
2488 2604 2611 2644 esse
2647 2600 2964 2645 noscuntur.
2999 2590 3108 2646 Sed
3138 2592 3242 2646 hoc
3269 2593 3334 2648 de
3360 2607 3500 2663 prte-

1911 2681 2284 2749 sumptoribus
2305 2682 2444 2736 bene
2465 2681 2682 2747 dicitur,
2718 2683 2810 2754 qui
2837 2683 2968 2738 illud
2995 2697 3054 2737 se
3085 2685 3345 2753 consequi
3382 2696 3499 2738 cre-

1910 2769 2044 2824 dunt
2073 2771 2217 2841 quod
2240 2773 2463 2827 minime
2483 2783 2882 2842 promerentur.
2908 2793 2928 2825 υ
2963 2774 3029 2828 Ει
3051 2775 3104 2828 in
3128 2773 3345 2830 Psalmo
3369 2789 3456 2831 xei
3481 2793 3496 2828 :

1915 2877 1938 2911 ‹
1958 2859 2094 2915 Dum
2116 2861 2381 2932 plantatio
2410 2862 2632 2929 dicitur,
2662 2863 3072 2932 praedestinatio
3098 2863 3312 2919 Domini
3333 2863 3501 2934 signi-

1908 2950 2126 3018 ﬁcatur,
2158 2953 2284 3022 quia
2326 2953 2428 3009 nisi
2453 2953 2579 3024 quis
2607 2955 2663 3009 in
2708 2969 2772 3010 ea
2823 2954 3099 3025 plantatus
3145 2954 3328 3021 fuerit,
3372 2970 3498 3011 cre-

1910 3055 2154 3099 mentum
2194 3044 2571 3101 felicissimum
2612 3061 2722 3102 non
2763 3047 3029 3103 habebit:
3069 3066 3091 3101 ι
3126 3047 3196 3103 Et
3239 3047 3294 3102 in
3339 3047 3496 3104 Psal-

1905 3148 1997 3188 mo
2017 3148 2119 3190 xcv
2145 3151 2158 3188 :
2198 3154 2217 3186 ‹
2247 3135 2449 3191 Domus
2489 3136 2636 3191 enim
2675 3137 2797 3200 ista,
2827 3136 2884 3191 id
2911 3145 2998 3192 est
3029 3137 3355 3193 universalis
3392 3137 3494 3192 Ec-

208 3241 448 3296 quorum
473 3228 548 3281 ita
585 3237 769 3284 certus
799 3239 882 3284 est
912 3245 1188 3297 numerus,
1223 3242 1280 3287 ut
1320 3250 1419 3290 nec
1463 3236 1692 3292 addatur
1721 3239 1802 3294 eis
1829 3233 1874 3298 ρ
1907 3225 2090 3283 clesia.
2121 3240 2230 3280 oua
2260 3224 2510 3282 Christus
2557 3227 2846 3292 inhabitat,
2877 3228 3018 3283 vivis
3055 3228 3324 3298 lapidibus
3353 3243 3499 3284 sem-

207 3321 526 3391 quisquam,
562 3337 664 3378 nec
689 3323 962 3378 minuatur
983 3339 1051 3379 ex
1076 3325 1157 3380 eis
1181 3345 1194 3380 :
1221 3343 1326 3382 non
1350 3329 1415 3383 de
1435 3329 1519 3384 his
1541 3331 1654 3400 qui,
1678 3347 1802 3386 cum

209 3414 593 3470 annuntiasset
615 3425 670 3470 et
693 3415 906 3472 locutus
927 3427 1092 3483 esset,
1123 3419 1457 3491 multiplicati
1485 3432 1612 3478 sunt
1642 3440 1805 3494 super

209 3519 522 3559 numerum.
567 3524 585 3558 ι
618 3505 686 3559 Ει
710 3506 839 3561 item
879 3507 934 3561 in
963 3508 1152 3563 eodem
1179 3509 1354 3564 libro:
1391 3532 1408 3563 ι
1437 3510 1505 3567 lli
1549 3527 1678 3568 vero
1709 3516 1802 3586 qui

209 3610 315 3650 non
345 3595 628 3665 pertinent
670 3596 737 3650 ad
767 3597 910 3653 hunc
947 3600 1451 3670 praedestinatorum
1495 3619 1799 3672 numerum,

209 3700 347 3754 quos
375 3685 475 3740 Dei
504 3687 702 3756 gratia,
748 3689 864 3744 sive
893 3689 1132 3745 nondum
1176 3693 1437 3748 habentes
1476 3694 1641 3750 ullum
1672 3697 1804 3753 libe-

210 3791 328 3830 rum
362 3792 480 3831 suae
506 3778 804 3835 voluntatis
826 3781 1132 3847 arbitrium,
1174 3782 1287 3838 sive
1316 3799 1437 3839 cum
1459 3785 1684 3843 arbitrio
1710 3805 1804 3845 vo-

209 3863 441 3919 luntatis
470 3907 486 3932 ,
519 3867 641 3921 ideo
673 3883 802 3922 vero
841 3869 1012 3925 libero
1057 3871 1184 3941 quia
1219 3888 1318 3943 per
1355 3853 1525 3944 ipsam
1573 3880 1803 3950 gratiam

211 3955 469 4024 liberato,
506 3961 754 4028 perducit
776 3962 842 4016 ad
869 3978 1111 4034 regnum,
1146 3965 1201 4019 bi
1225 3980 1376 4034 ergo,
1411 3968 1504 4037 qui
1543 3985 1648 4024 non
1681 3984 1804 4039 per-

211 4050 392 4104 tinent
412 4051 482 4104 ad
513 4052 675 4106 istum
701 4053 1064 4109 certissimum
1106 4065 1162 4110 et
1186 4057 1570 4113 clectissimum
1615 4076 1804 4115 nume-

210 4151 353 4205 rum,
404 4156 508 4208 pro
543 4142 754 4197 meritis
789 4142 1090 4211 justissime
1108 4145 1438 4214 iudicantur.
1471 4169 1490 4202 ι
1523 4150 1590 4204 Ει
1636 4150 1797 4216 item;

213 4249 232 4284 ι
266 4231 327 4287 Si
359 4233 410 4288 is
436 4233 532 4303 qui
561 4236 850 4305 corripitur
873 4236 939 4290 ad
982 4239 1487 4308 praedestinatorum
1516 4258 1802 4298 numerum

207 4325 470 4393 pertinet,
504 4325 576 4379 sit
612 4327 662 4381 ei
689 4330 959 4398 correptio
990 4330 1206 4385 salubre
1228 4332 1681 4390 medicamentum
1708 4352 1723 4388 :
1755 4335 1802 4391 si

209 4426 393 4473 autem
423 4433 534 4474 non
567 4420 820 4489 pertinet,
852 4422 924 4476 sit
947 4423 996 4477 ei
1025 4425 1298 4494 correptio
1326 4426 1542 4496 poenale
1565 4435 1803 4482 tormen-

208 4513 345 4561 tum.
383 4527 403 4561 ι
436 4507 509 4561 Et
555 4508 684 4562 item
731 4511 867 4579 (cap.
901 4510 988 4581 l5)
1017 4528 1030 4564 :
1071 4528 1090 4560 ε
1120 4509 1284 4566 Nobis
1321 4513 1537 4583 quidem
1570 4524 1714 4582 tunc,
1747 4516 1802 4572 id

1906 3334 2006 3390 per
2037 3321 2356 3386 exstruitur,
2389 3321 2516 3390 quia
2542 3321 2787 3390 quotidie
2813 3323 2880 3376 de
2905 3321 3293 3377 conﬁtentibus
3320 3321 3497 3376 aediﬁ-

1906 3410 2139 3465 cationis
2191 3411 2358 3465 sumit
2401 3419 2784 3483 augmentum,
2827 3425 2928 3466 nec
2967 3410 3224 3466 aediﬁcari
3276 3412 3494 3478 desinit,

1905 3502 2078 3557 donec
2103 3516 2274 3572 usque
2300 3503 2368 3556 ad
2392 3502 2553 3556 ﬁnem
2578 3502 2759 3558 saeculi
2780 3503 3289 3573 praedestinatorum
3310 3519 3499 3558 nume-

1905 3608 2000 3648 rus
2026 3592 2332 3663 impleatur.
2359 3612 2378 3646 ›
2410 3593 2478 3648 Et
2503 3594 2557 3648 in
2580 3593 2796 3650 Psalmo
2819 3609 2946 3650 cm:
2985 3613 3005 3646 ι
3033 3594 3103 3649 Et
3132 3595 3274 3649 cedri
3303 3594 3496 3649 Libani

1903 3699 2036 3754 quas
2059 3682 2335 3752 plantasti,
2364 3683 2418 3738 id
2444 3693 2530 3739 est
2557 3698 2678 3754 quae
2708 3695 2799 3739 tua
2844 3685 3324 3757 praedestinatione
3367 3695 3498 3741 sunt

1907 3772 1961 3827 in
1988 3773 2264 3846 religionis
2293 3775 2669 3830 amantissimo
2701 3777 2956 3846 paradiso
2985 3776 3320 3832 constitutae.
3357 3795 3378 3829 ι
3423 3775 3495 3830 Ει

1905 3864 2036 3918 item
2063 3864 2118 3917 in
2157 3864 2348 3919 eodem
2377 3879 2392 3917 :
2431 3883 2450 3916 σ
2481 3863 2673 3920 Omnis
2691 3866 2870 3936 justus
2894 3881 3020 3920 cum
3062 3865 3161 3920 Dei
3191 3864 3495 3920 Ecclesiam

1905 3955 2056 4026 cupit
2079 3957 2286 4026 augeri,
2325 3966 2640 4026 peccatores
2665 3966 2816 4028 optat
2836 3958 2955 4013 sine
2989 3956 3330 4014 dubitatione
3359 3971 3495 4012 con-

1902 4047 2042 4102 verti
2067 4063 2082 4100 :
2121 4048 2359 4104 maxime
2380 4065 2503 4103 cum
2529 4050 2742 4104 noverit
2770 4049 3182 4105 desiderabilem
3203 4049 3493 4104 adventum

1905 4137 2121 4193 Domini
2151 4153 2322 4208 usque
2347 4139 2416 4193 ad
2452 4140 2960 4210 praedestinatorum
3009 4155 3294 4195 numerum
3333 4154 3495 4210 posse

1905 4232 2183 4302 suspendi.
2215 4253 2234 4284 ι
2270 4231 2339 4286 Et
2380 4233 2435 4287 in
2473 4231 2690 4287 Psalmo
2731 4247 2941 4287 cxvm:
2980 4252 2998 4285 ι
3029 4232 3147 4288 Non
3193 4234 3494 4302 incongrue

1905 4323 2203 4379 Ecclesiam
2226 4323 2574 4388 catholicam,
2602 4339 2723 4394 qua:
2749 4323 2926 4379 adhuc
2954 4323 3010 4378 in
3041 4324 3147 4379 isto
3175 4324 3378 4378 mundo
3404 4338 3494 4394 ge-

1905 4415 2066 4479 ritur,
2107 4423 2342 4484 qualuor
2370 4414 2623 4468 cardines
2648 4413 2834 4468 mundi
2876 4413 3124 4468 indicare
3164 4421 3489 4479 noscuntur,

1903 4507 2121 4578 quando
2159 4506 2338 4561 adhuc
2365 4505 2678 4576 imperfecta
2718 4514 2830 4571 est,
2865 4506 3038 4561 donec
3075 4505 3491 4576 praedestinato-

207 4611 285 4655 est
319 4602 547 4671 quando
599 4602 1033 4672 evangelizamus
1059 4643 1075 4668 ,
1111 4603 1296 4673 incipit
1331 4619 1454 4661 esse
1478 4607 1709 4677 quisque
1739 4607 1800 4661 ﬁ-
1826 4600 1880 4660 D
1907 4617 2028 4656 rum
2058 4615 2343 4656 numerum
2379 4608 2751 4668 competenter
2775 4599 3044 4668 acquirat.
3076 4617 3096 4650 ›
3151 4597 3220 4652 Et
3246 4596 3300 4652 in
3339 4595 3491 4652 Psal-

209 4691 312 4746 lius
335 4707 496 4762 pacis
521 4707 644 4746 cum
673 4692 938 4748 obedierit
981 4693 1107 4749 huic
1145 4694 1454 4765 Evangelia,
1499 4706 1554 4751 et
1594 4712 1661 4752 ex
1689 4697 1796 4753 ﬁde

205 4779 538 4854 iustiﬁcatus
567 4799 755 4854 pacem
783 4785 850 4838 ad
878 4784 1045 4840 Deum
1073 4786 1274 4841 habere
1296 4787 1526 4856 coeperit
1559 4805 1573 4842 :
1602 4802 1799 4843 secun-

210 4876 335 4929 dum
370 4874 904 4943 przedestinationem
945 4884 1125 4930 autem
1164 4876 1298 4942 Dei,
1323 4876 1436 4946 jam
1479 4878 1621 4934 ﬁlius
1647 4880 1796 4948 pacis
1836 4909 1848 4924 ο

210 4977 349 5020 erat.
391 4965 581 5036 Neque
606 4967 751 5022 enim
781 4968 984 5023 dictum
1010 4977 1112 5034 est,
1142 4983 1306 5040 super
1326 4985 1487 5040 quem
1516 4973 1798 5044 requieve-

212 5057 281 5110 rit
309 5073 416 5128 pax
444 5067 624 5112 vestra
652 5099 666 5123 ,
701 5058 796 5113 ﬁet
824 5059 964 5114 lilius
1011 5060 1158 5129 pacis
1184 5078 1197 5113 :
1243 5060 1338 5115 sed
1368 5059 1470 5114 Ubi
1505 5061 1686 5130 fuerit,
1718 5063 1801 5117 in-

209 5148 369 5215 quit,
398 5147 546 5216 filius
583 5150 749 5218 pacis,
783 5151 1060 5220 requiescet
1087 5166 1242 5220 super
1268 5149 1415 5204 illam
1447 5152 1659 5205 domum
1694 5169 1800 5224 pax

210 5242 380 5289 uestra
412 5234 567 5306 (Luc.
597 5253 654 5298 x,
685 5236 762 5306 6).
788 5256 807 5290 ι
834 5237 901 5291 Ει
923 5238 1051 5292 item
1083 5257 1096 5291 :
1132 5257 1148 5288 ι
1175 5237 1410 5295 Proinde
1439 5248 1700 5309 quantum
1730 5242 1798 5297 ad

213 5332 311 5380 nos
337 5327 596 5396 pertinet,
632 5327 724 5397 qui
760 5329 1172 5397 praedestinatos
1198 5346 1229 5384 a
1267 5346 1372 5384 non
1402 5331 1798 5400 praedestinatis

213 5416 526 5473 discernere
581 5434 690 5474 non
742 5420 1004 5475 valemus.
1041 5441 1060 5474 ι
1115 5421 1182 5475 Et
1225 5422 1313 5477 hic
1364 5422 1797 5491 attendendum,

215 5524 385 5579 quare
418 5527 524 5566 non
553 5513 688 5566 dixit
708 5523 928 5568 sanctus
950 5515 1306 5582 Augustinus,
1330 5517 1420 5586 qui
1447 5519 1801 5588 praedestina-

216 5609 302 5656 tos
351 5603 508 5674 102
553 5607 621 5658 ad
643 5606 810 5660 vitam
861 5621 891 5660 a
948 5607 1345 5677 prtedestinatis
1391 5609 1458 5662 ad
1521 5610 1798 5664 interitum

215 5693 524 5752 discernere
561 5714 667 5753 non
704 5699 962 5754 valemus.
989 5699 1055 5753 Et
1094 5700 1236 5768 quod
1263 5699 1377 5768 jam
1419 5703 1695 5769 posuimus
1733 5719 1796 5758 ex

213 5777 354 5843 libro
381 5789 448 5846 de
473 5789 621 5846 Bono
647 5791 1058 5865 perseverantiae
1079 5794 1150 5864 :'_c
1182 5793 1323 5849 Deus
1346 5792 1511 5848 donat
1547 5810 1796 5864 persevc-

1902 4707 1992 4747 mo
2026 4706 2192 4746 cxuu
2219 4705 2234 4744 :
2278 4709 2296 4741 ‹
2327 4690 2569 4760 Reputas
2597 4705 2745 4756 eum,
2769 4690 2956 4760 utique
2981 4690 3038 4744 in
3067 4689 3262 4746 ovibus
3292 4689 3399 4745 tuis
3434 4689 3490 4745 in

1901 4796 2132 4838 numero
2176 4781 2711 4852 prmdestinatorum.
2740 4799 2760 4832 ι
2813 4779 2909 4836 His
2948 4781 3233 4837 sententiis
3275 4793 3491 4838 sancto-

1901 4892 2024 4930 rum
2051 4876 2333 4930 doctorum
2380 4874 2741 4929 animadverti
2770 4883 2989 4945 potest,
3019 4873 3148 4944 quia
3197 4890 3305 4930 non
3354 4890 3493 4944 pra:-

1903 4971 2264 5026 destinatione
2301 4969 2397 5026 Dei
2427 4969 2715 5040 quisquam
2751 4970 2924 5040 perit,
2972 4984 3074 5025 nec
3100 4969 3266 5026 Judas
3303 4971 3486 5040 periit,

1904 5077 2006 5118 nec
2033 5066 2199 5118 etiam
2246 5062 2360 5132 ipse
2405 5061 2778 5118 Antichristus
2816 5063 3086 5118 maximus
3134 5061 3308 5132 periet
3340 5079 3353 5115 :
3391 5063 3488 5117 sed

1901 5154 2223 5211 inﬁdelitate
2252 5163 2309 5210 et
2350 5139 2728 5226 persheranti
2771 5156 3056 5226 iniquitate
3103 5165 3330 5225 pereunt
3365 5157 3489 5225 qui-

1902 5262 2114 5317 cunque
2139 5257 2396 5316 pereunt;
2428 5247 2552 5316 quia
2591 5245 2735 5300 Deus
2777 5248 3054 5301 neminem
3095 5246 3296 5300 deserit
3332 5255 3489 5301 ante-

1905 5354 2066 5409 quam
2098 5340 2396 5394 deseratur.
2426 5338 2704 5394 Przescivit
2735 5347 2913 5393 tamen
2953 5337 3096 5392 Deus
3138 5344 3260 5391 ante
3301 5338 3486 5393 omnia

1907 5431 2124 5496 smcula,
2153 5431 2292 5486 sicut
2315 5440 2369 5486 et
2395 5430 2613 5497 ludam,
2645 5446 2835 5486 omnes
2868 5431 3139 5501 perituros
3177 5431 3488 5501 quicunque

1903 5533 2151 5594 pereunt,
2179 5523 2265 5577 vel
2298 5523 2524 5592 perituri
2553 5530 2697 5586 sunt,
2724 5522 2878 5592 juxta
2908 5522 3052 5592 quod
3079 5522 3339 5592 scriptum
3377 5533 3485 5587 est,

1904 5616 2115 5670 Sciebat
2139 5615 2275 5670 enim
2307 5615 2462 5684 103
2498 5615 2655 5669 Iesus
2685 5615 2775 5685 qui
2794 5625 2961 5668 essent
2984 5632 3086 5668 non
3109 5617 3396 5682 credentes,
3435 5623 3487 5668 et

1900 5708 2015 5778 quis
2047 5707 2345 5760 traditurus
2374 5715 2506 5760 esset
2529 5706 2845 5777 eum'(Joan
2877 5723 2955 5774 γι,
2982 5707 3095 5777 65).

1974 5799 2040 5852 Ει
2067 5798 2321 5868 quoniam
2366 5805 2587 5854 sanctus
2615 5797 2961 5871 Augustinus
2976 5799 3127 5871 plura
3159 5797 3367 5854 locutus
3401 5802 3492 5850 est
