4052 6334
572 339 675 422 {c7

1541 345 1875 419 IllNCMAlll
1915 346 2312 416 RllEMENSlS
2343 346 2863 419 ARCIIIEPISCOPI

3729 346 3867 405 {68

566 455 635 509 de
686 463 837 512 certo
884 458 1390 525 prmdestinatorum
1443 476 1702 526 numero,
1746 478 1814 516 ne
1859 461 2145 530 quisquam
2173 471 2222 530 Α
2250 469 2397 524 sunt,
2424 462 2479 517 id
2528 472 2612 517 est
2656 460 2819 517 alieni
2849 476 2880 515 a
2905 459 3179 532 proposito
3202 459 3321 526 Dei,
3359 466 3414 514 et
3454 460 3757 533 perdurant
3788 462 3851 518 in

566 546 707 602 male
736 548 878 602 sicut
913 549 1160 603 diabolus
1208 550 1521 621 Scripturas
1570 553 1951 623 interpretans,
2002 552 2147 608 dicat

561 639 688 706 quia
717 648 901 695 certus
941 650 1026 701 est
1083 658 1340 698 numerus
1400 645 1928 714 praadestinalorum,
1972 657 2029 699 et
2051 644 2145 714 qui

554 740 788 802 pereunt
818 730 872 783 in
917 733 1422 800 praedestinatorum
1470 751 1697 789 numero
1730 750 1833 789 non
1874 735 2094 789 fuerunt
2125 752 2139 789 :

560 828 614 873 et
636 820 724 889 qui
748 823 1121 890 praadestinati
1145 826 1213 879 ad
1242 826 1407 880 vitam
1428 835 1575 891 sunt,
1620 828 1881 897 quidquid
1916 827 2139 892 faciant,

548 911 857 979 quamlibet
887 915 1220 985 negligentes
1260 918 1469 979 vivant;
1521 918 1701 986 perire
1750 934 1856 972 non
1889 926 2141 987 possunt,

554 1002 659 1057 hoc
687 1004 833 1058 enim
872 1014 927 1060 et
971 1016 1179 1061 veteres
1204 1007 1673 1065 Praedestinatiani
1723 1010 1996 1075 dixerunt,
2047 1025 2142 1064 au-

554 1093 707 1171 diant
732 1096 981 1151 eumdem
1021 1098 1081 1151 Β.
1112 1098 1471 1169 Augustinum
1502 1109 1689 1154 contra
1718 1117 1847 1156 suos
1868 1101 2142 1155 obtrecta-

556 1174 700 1241 tores
754 1186 807 1243 in
858 1186 1311 1257 Hypomnesticon
1368 1191 1507 1244 libro
1559 1192 1827 1245 dicentem
1876 1191 1994 1261 (lib.
2046 1191 2136 1263 1):

559 1294 579 1327 ι
614 1277 850 1334 Credere
879 1295 979 1335 nos
1008 1281 1205 1350 qnippe
1232 1282 1314 1336 vel
1337 1283 1635 1351 praedicare
1666 1282 1984 1353 suggillatis,
2011 1283 2139 1353 quia

554 1369 827 1440 cumllege
865 1371 958 1425 Dei
989 1380 1044 1425 et
1071 1373 1374 1441 prophetis,
1427 1390 1550 1428 cum
1588 1374 1879 1445 Evangelia
1933 1374 2138 1429 Christi

550 1458 774 1531 ejusque
834 1462 1111 1530 apostolis,
1181 1464 1717 1532 praedestinationem
1766 1464 2019 1528 dicimus,
2069 1479 2138 1519 eo

722 1550 866 1607 Deus
919 1554 1186 1622 quosdam
1229 1554 1510 1608 hominum
1560 1554 1640 1609 sic
1685 1554 2034 1624 prmdestinet
2065 1556 2136 1609 ad

549 1644 718 1707 vitam
749 1647 903 1716 regni
926 1648 1214 1712 cmlorum,
1247 1658 1307 1702 ut
1329 1649 1375 1704 si
1403 1649 1574 1703 nolint
1593 1664 1755 1703 orare
1779 1658 1835 1703 et
1860 1647 2133 1718 jejunare,

548 1736 725 1789 autin
762 1737 909 1791 omni
941 1753 1109 1806 opere
1151 1738 1340 1794 divino
1368 1739 1559 1808 vigiles
1590 1754 1728 1801 esse,
1776 1754 1870 1795 eos
1911 1740 2134 1794 omnino

2247 548 2505 618 operibus
2534 548 2710 613 malis,
2736 548 2780 616 si
2808 548 2889 603 sic
2911 548 3074 604 etiam
3095 562 3161 602 ex
3191 547 3295 604 hac
3322 548 3429 603 vita
3457 549 3855 619 migraverint,

2246 653 2353 691 non
2383 653 2478 692 eos
2505 638 2758 704 dicimus,
2797 647 2857 693 ut
2884 653 2979 694 vos
3000 638 3224 710 putatis,
3249 640 3323 694 ita
3348 655 3380 694 a
3410 638 3521 695 Deo
3554 640 3855 695 hominum

2244 728 2439 797 opilice
2485 729 2764 784 ordinatos
2817 737 2878 783 ut
2931 729 3196 800 perirent,
3245 738 3506 800 tanquam
3564 730 3682 801 ipse
3733 730 3862 786 illis

2244 835 2425 874 mores
2454 820 2609 875 malae
2637 822 2765 876 vita;r
2787 822 3076 886 creaverit,
3106 822 3222 892 ipse
3249 823 3316 875 ad
3343 836 3505 877 omne
3528 838 3670 892 opus
3692 837 3859 877 mor-

2244 909 2313 964 tis
2343 910 2542 964 invitos
2568 910 3009 981 praecipitaverit.
3039 910 3196 965 Absit
3233 910 3337 965 hoc
3374 926 3405 964 a
3431 911 3613 966 divino
3638 926 3860 981 propo-

2242 1000 2368 1055 sito.
2420 1000 2537 1056 Non
2581 1002 2727 1056 enim
2773 1001 2962 1058 volens
3009 1001 3352 1072 iniquitatem
3407 1010 3493 1056 est
3534 1002 3702 1066 Deus,
3739 1017 3858 1056 nec

2242 1092 2522 1146 mandavit
2542 1093 2795 1163 cuiquam
2816 1093 2979 1161 impie
3009 1108 3188 1163 agere,
3213 1108 3314 1148 nec
3334 1093 3495 1148 alicui
3516 1093 3666 1148 dedit
3684 1093 3856 1147 laxa-

2242 1194 2485 1238 mentum
2533 1185 2815 1255 peccandi.
2856 1184 3010 1241 Fecit
3038 1186 3184 1241 enim
3227 1195 3288 1240 ut
3321 1194 3506 1241 essent
3547 1187 3765 1251 omnia,
3794 1195 3858 1242 et

2240 1274 2512 1345 sanabiles
2557 1276 2807 1341 nationes
2844 1276 2995 1333 orbis
3044 1286 3336 1333 terrarum.
3387 1279 3593 1337 invidia
3647 1288 3855 1335 autem

2240 1364 2438 1420 diaboli
2473 1382 2619 1421 mors
2653 1366 2877 1422 intravit
2908 1367 2964 1422 in
3003 1368 3191 1424 orbem
3224 1378 3510 1423 terrarum.
3543 1369 3857 1424 imitantur

2239 1472 2371 1529 ergo
2412 1457 2562 1513 illum
2593 1460 2685 1528 qui
2715 1466 2927 1514 suntex
2965 1468 3124 1530 parte
3152 1460 3318 1515 illius.
3350 1459 3461 1515 Nec
3484 1460 3748 1525 dicimus,
3787 1470 3853 1514 ut

2239 1548 2463 1619 ﬁngitis,
2492 1557 2549 1604 et
2585 1550 2631 1604 si
2677 1550 2899 1604 credere
2930 1550 3118 1616 velint,
3149 1550 3233 1604 vel
3261 1550 3418 1605 bonis
3447 1551 3710 1620 operibus
3743 1552 3851 1606 Dei

2239 1653 2454 1703 vacare,
2484 1639 2654 1693 Deum
2681 1639 2785 1695 illis
2808 1640 2911 1695 hoc
2935 1640 3078 1695 nolle
3096 1649 3378 1711 praestare,
3409 1656 3531 1695 cum
3556 1640 3847 1711 ejusmodi

2238 1735 2374 1789 velle
2405 1734 2502 1789 Dei
2546 1737 2619 1790 sit
2659 1734 2880 1790 donum.
2914 1735 2971 1791 Si
3002 1750 3131 1806 ergo
3178 1751 3243 1790 ex
3276 1735 3387 1790 Deo
3421 1746 3505 1791 est
3548 1737 3696 1806 quod
3744 1752 3850 1790 vo-

544 1827 725 1897 perire
745 1843 852 1883 nou
882 1844 1060 1899 posse,
1088 1845 1190 1884 nec
1218 1845 1443 1901 prorsus
1469 1831 1667 1886 debere
1707 1832 1789 1886 sui
1831 1847 1954 1887 esse
1979 1832 2130 1887 solli-
2165 1822 2210 1882 Β
2240 1825 2376 1889 lunt,
2426 1825 2541 1879 vult
2584 1825 2726 1880 Deus
2773 1824 3077 1896 perfectum
3126 1825 3245 1880 ﬁeri
3306 1826 3449 1896 quod
3496 1826 3752 1880 donavit.
3783 1826 3846 1882 Si

546 1917 705 1981 citos,
736 1932 873 1987 quos
905 1919 1047 1976 Deus
1088 1920 1214 1989 quia
1265 1921 1436 1975 voluit
1484 1921 1650 1976 semel
1697 1919 1812 1989 jam
1855 1922 2134 1992 eligendos

544 2010 950 2083 praedestinavit
973 2011 1040 2065 ad
1066 2012 1229 2067 vitam
1267 2031 1282 2067 :
1314 2012 1576 2082 quosdam
1597 2026 1728 2067 vero
1749 2012 1829 2068 sic
1857 2013 2137 2083 praedesti-

544 2080 640 2166 iiet
666 2102 719 2156 in
759 2117 975 2179 pugnam
1011 2104 1294 2174 gehennae,
1334 2080 1398 2158 ut
1432 2103 1645 2158 etiamsi
1676 2080 1901 2159 credere
1941 2103 2130 2170 velint,

544 2190 591 2244 si
613 2190 835 2260 jejuniis
871 2199 929 2246 et
953 2192 1316 2256 orationibus,
1357 2194 1614 2262 omnique
1644 2192 1908 2246 voluntati
1936 2193 2137 2248 divina:

544 2296 603 2336 se
633 2281 991 2350 subjecerint,
1023 2282 1079 2337 in
1132 2283 1213 2337 eis
1257 2283 1426 2338 Deum
1474 2300 1584 2339 non
1642 2283 1926 2348 delectari,
1964 2283 2132 2337 vitam

542 2371 651 2427 illis
675 2381 933 2427 azternam
969 2372 1023 2427 in
1053 2381 1165 2428 toto
1212 2372 1333 2427 dari
1365 2389 1469 2428 non
1525 2388 1707 2443 posse,
1754 2373 1835 2428 sic
1863 2372 2133 2429 electione

542 2462 952 2534 praedestinatos
995 2479 1116 2520 esse
1165 2473 1224 2519 ut
1266 2474 1540 2535 pereant:
1582 2465 1751 2521 Demn
1802 2480 1903 2521 nos
1948 2465 2130 2520 taliter

541 2564 856 2625 operantem
878 2572 1237 2627 personarum
1266 2572 1391 2612 esse
1412 2558 1595 2613 dicere
1623 2568 1985 2627 acceptorem.
2008 2557 2129 2612 Non

542 2646 807 2709 mirantur
828 2663 925 2702 vos
950 2648 1018 2702 de
1040 2647 1217 2713 nobis,
1244 2647 1297 2705 id
1324 2657 1411 2704 est
1448 2648 1695 2704 homines
1718 2650 1787 2703 de
1808 2648 2128 2704 hominibus

538 2733 677 2791 falsa
730 2751 889 2807 posse
920 2737 1230 2809 contingere
1273 2753 1289 2792 :
1345 2754 1472 2794 cum
1520 2739 1805 2794 videamus
1841 2755 1942 2795 vos
1985 2739 2065 2795 sic
2095 2754 2126 2794 a

541 2828 754 2883 diabolo
779 2844 904 2883 esse
937 2829 1255 2895 fascinatds,
1284 2840 1345 2886 ut
1372 2829 1685 2902 Scripturas
1709 2840 1926 2887 sanctas
1956 2841 2011 2887 et
2036 2847 2130 2888 ve-

540 2919 741 2973 ridieas
766 2921 835 2973 ad
857 2920 1149 2976 veluntatis
1168 2929 1362 2976 vestrae
1383 2921 1717 2977 intellectum
1750 2930 1966 2977 mutare
1990 2922 2131 2977 nita-

541 3010 695 3074 mihi,
723 3010 885 3064 ﬁdem
908 3010 1111 3066 Christi
1141 3011 1503 3083 apostolorum
1524 3013 1913 3083 praedicatione
1936 3012 2130 3069 funda-

538 3100 655 3155 taiii
677 3101 944 3165 evertere,
970 3096 1382 3172 falsunidogma
1410 3112 1654 3158 vestrum
1679 3112 2010 3174 anteponere
2032 3118 2128 3158 ve—

2236 1924 2415 1971 autem
2439 1931 2508 1971 ex
2547 1916 2657 1971 Deo
2686 1932 2795 1971 non
2824 1926 2926 1982 est,
2951 1918 3046 1973 sed
3074 1926 3158 1972 est
3196 1926 3254 1973 et
3283 1915 3545 1985 jactantia
3592 1921 3847 1989 propria:

2232 2006 2549 2068 voluntatis,
2574 2023 2682 2078 qua
2717 2023 2777 2062 se
2812 2009 3024 2066 meritis
3074 2009 3245 2065 Deum
3289 2011 3568 2065 aestimant
3604 2027 3845 2081 prome-

2232 2099 2366 2180 reri,
2421 2098 2710 2155 manifeste
2748 2101 2892 2170 quod
2935 2101 3123 2156 volunt
3169 2117 3365 2173 capere
3416 2119 3524 2159 non
3571 2114 3839 2175 possunt,

2231 2190 2357 2259 quia
2386 2207 2492 2245 non
2517 2191 2756 2256 uolentis,
2786 2193 2960 2263 inquit
2993 2192 3306 2262 Apostolus,
3346 2212 3508 2266 neque
3534 2199 3841 2259 currentis.

2231 2279 2322 2332 sed
2345 2280 2637 2335 miserantis
2686 2290 2763 2335 est
2815 2280 2914 2339 Dei
2965 2281 3144 2352 (Rom.
3178 2283 3395 2353 1x,16).
3437 2284 3505 2339 Et
3551 2286 3681 2354 quia
3719 2302 3843 2343 non

2230 2381 2407 2440 potest
2439 2374 2601 2428 homo
2633 2389 2663 2428 a
2693 2388 2754 2429 se
2788 2373 2972 2429 facere
2995 2374 3313 2445 quidquam,
3364 2376 3468 2431 nisi
3515 2377 3709 2431 datum
3756 2380 3839 2434 illi

2231 2460 2395 2519 fuerit
2425 2465 2678 2534 desuper,
2716 2479 2823 2520 non
2877 2465 2983 2520 hoc
3036 2466 3148 2537 agit
3202 2467 3346 2521 Deus
3399 2483 3614 2524 summe
3648 2470 3839 2527 bonus

2230 2554 2455 2618 malitia,
2500 2555 2596 2610 sed
2627 2553 2841 2621 justitia
2891 2574 2905 2609 :
2954 2571 3053 2611 nec
3090 2571 3444 2625 personarum
3482 2561 3834 2630 acceptione,

2230 2643 2325 2699 sed
2356 2658 2646 2699 causarum
2672 2653 3009 2700 secretarum
3037 2646 3386 2702 discretione.
3421 2666 3441 2699 ι
3840 2700 3845 2707 ,

2301 2736 2371 2792 Et
2420 2737 2548 2791 item
2593 2737 2740 2792 idem
2783 2738 2837 2792 in
2884 2737 3024 2792 libro
3069 2740 3137 2794 de
3191 2737 3342 2797 Bono
3398 2742 3836 2809 perseverantia

2230 2826 2371 2899 (cap.
2416 2827 2552 2900 22):
2589 2848 2608 2881 ‹
2652 2827 2783 2895 Vos,
2841 2827 3040 2896 inquit,
3091 2830 3256 2886 etiam
3298 2831 3472 2900 ipsam
3528 2831 3833 2886 obediendi

2227 2919 2689 2989 perseverantiam
2739 2934 2771 2973 a
2815 2929 2974 2990 patre
3026 2919 3311 2985 luminum,
3341 2936 3372 2975 a
3400 2930 3509 2991 quo
3537 2921 3839 2978 descendit

2228 3023 2391 3065 omne
2419 3010 2605 3064 datum
2634 3009 2920 3079 optimum,
2955 3018 3012 3066 et
3058 3024 3222 3066 omne
3271 3011 3468 3066 donum
3514 3011 3837 3081 perfecnum

2232 3097 2375 3169 (Jac.
2406 3114 2447 3163 ι,
2476 3098 2587 3171 l7),
2613 3113 2834 3170 sperare
2854 3098 3087 3167 debetis,
3111 3109 3167 3154 et
3194 3100 3523 3169 quotidianis
3552 3100 3837 3154 orationi-

537 3194 709 3249 ritati.
736 3192 876 3257 Hinc
903 3202 990 3249 est
1031 3195 1240 3265 utique,
1270 3171 1355 3249 fut
1402 3210 1510 3251 non
1554 3196 1780 3267 possitis
1809 3171 2124 3267 agnoscere
2151 3171 2197 3234 (ἶ
2227 3189 2329 3246 bus
2358 3204 2603 3262 poscere,
2644 3200 2807 3263 atque
2834 3191 2938 3246 hoc
2986 3190 3234 3267 faciendo
3259 3190 3554 3265 conlidere,
3584 3207 3692 3247 non
3722 3207 3834 3257 vos

537 3286 847 3341 veritatem.
874 3274 989 3345 luto
1019 3286 1144 3342 hinc
1168 3297 1274 3353 est,
1309 3296 1371 3343 ut
1394 3290 1638 3359 corrupti
1660 3299 1715 3345 et
1733 3289 2127 3347 abominabiles

536 3375 668 3446 facti
697 3376 817 3431 sitis
843 3376 898 3432 in
922 3376 1292 3432 voluntatibus
1323 3378 1541 3435 vestris.
1582 3397 1601 3431 ι

606 3466 679 3523 Et
706 3462 837 3521 item
857 3466 928 3521 ad
952 3467 1131 3522 locum
1164 3484 1180 3522 :
1224 3484 1244 3518 ι
1283 3465 1440 3522 Velut
1467 3468 1626 3523 nobis
1659 3467 1990 3524 calumniam
2021 3470 2127 3527 ob.

533 3555 722 3627 iicitis,
749 3556 894 3627 quod
928 3557 1144 3626 operari
1197 3556 1359 3623 bona,
1404 3565 1460 3612 et
1500 3569 1753 3628 oportere
1789 3561 1994 3617 essein
2027 3560 2125 3616 Dei

536 3645 814 3718 proposito
840 3644 1099 3700 sollicitos
1125 3645 1529 3715 prohibeamus.
1559 3646 1697 3714 Quin
1734 3649 1915 3717 potius
1943 3650 2037 3721 qui
2064 3666 2127 3708 se

540 3736 682 3792 dono
708 3735 898 3807 gratiae
917 3735 985 3790 ad
1004 3734 1100 3790 Dei
1121 3737 1550 3792 misericordiam
1573 3739 1815 3795 sentiunt
1831 3742 2146 3811 pertinere,‘

541 3830 821 3887 hortamur
849 3836 1103 3897 oportere
1136 3829 1451 3885 incumbere
1479 3832 1841 3901 orationibus,
1875 3834 2128 3891 obsecra-

537 3920 795 3985 tionibus,
822 3918 1071 3990 jejuniis,
1116 3921 1335 3990 vigiliis,
1359 3923 1613 3992 omnique
1634 3926 1786 3995 operi
1831 3926 2129 3984 voluntatis

537 4009 755 4064 divinae.
798 4008 1204 4067 Praadestinatis
1249 4012 1394 4067 enim
1449 4013 1649 4070 dicitur
1681 4018 1964 4087 apostolis,
1998 4036 2127 4076 cum

540 4108 721 4154 tamen
749 4100 1002 4171 generale
1029 4100 1100 4156 sit
1128 4102 1271 4171 quod
1301 4102 1409 4158 illis
1431 4103 1632 4159 dicitur
1654 4120 1685 4162 a
1711 4106 1950 4174 Christo,
1986 4126 2127 4181 prae-

540 4198 811 4253 destinato
834 4198 1135 4254 secundum
1170 4213 1393 4255 carnem
1418 4215 1489 4255 ex
1514 4201 1720 4259 semine
1757 4202 1946 4270 David,
1984 4221 2129 4275 pra:-

536 4289 855 4357 destinante.
882 4297 1063 4353 autem
1116 4290 1415 4346 secundum
1457 4294 1753 4360 potentiam
1793 4294 1890 4350 Dei
1946 4295 2125 4354 Patris

535 4394 660 4437 cum
688 4378 849 4434 Patre
871 4388 927 4433 et
952 4378 1157 4448 Spiritu
1179 4388 1388 4444 sancto,
1425 4379 1651 4450 Vigilate
1677 4392 1725 4437 et
1749 4393 1913 4449 orate,
1939 4395 1994 4440 ut
2019 4401 2124 4441 non

534 4472 739 4526 intretis
759 4473 815 4525 in
845 4473 1181 4527 tentationem
1206 4456 1425 4543 (Matth.
1452 4490 1604 4540 xxvi,
1630 4475 1745 4546 M).
1790 4477 1946 4544 Item,
1986 4477 2125 4550 Vigi-

535 4560 641 4615 late
660 4562 716 4616 in
745 4563 884 4616 omni
918 4572 1147 4632 tempore
1165 4573 1400 4628 orantes,
1432 4576 1490 4620 ut
1535 4566 1681 4637 digni
1707 4568 2006 4624 habeamini
2043 4572 2123 4641 {u-

532 4667 655 4724 gere
683 4652 785 4706 ista
815 4653 994 4707 omnia
1027 4670 1146 4724 qua:
1169 4653 1352 4723 futura
1385 4666 1526 4722 sunt,
1549 4668 1598 4712 et
1634 4668 1778 4719 stare
1805 4670 1928 4716 ante
1949 4662 2121 4730 ﬁlium

535 4744 940 4816 hominis-(Luc.
972 4762 1086 4813 xxx,
1111 4747 1225 4823 36).
1267 4747 1425 4815 Item,
1455 4748 1764 4806 Contendite
1800 4752 2000 4808 intrare
2028 4770 2124 4824 per

533 4847 816 4908 angustam
862 4848 1066 4907 portam
1117 4835 1269 4910 (Luc.
1302 4842 1420 4904 ιιίι,
1471 4838 1587 4909 24).
1616 4839 1770 4907 Item,
1830 4839 1933 4897 Vos
1963 4843 2123 4899 antici

532 4928 637 4983 mei
661 4929 808 4992 estis,
843 4928 890 4982 si
915 4926 1141 4997 feceritis
1181 4945 1301 5000 qua:
1326 4929 1574 4999 prircipio
1616 4929 1756 4984 vobis
1801 4930 1980 4996 (Joan.
2026 4948 2131 4996 xv,

532 5020 647 5092 24).
674 5020 741 5099 Et
767 5020 933 5075 multa
979 5019 1107 5088 alia,
1135 5036 1256 5091 qua:
1301 5020 1519 5092 longum
1571 5030 1655 5078 est
1700 5037 1979 5078 enarrare.
2011 5023 2119 5079 Sed

531 5121 594 5169 ut
629 5114 877 5185 superius
917 5112 1235 5179 memoravi,
1275 5114 1370 5184 qui
1414 5114 1494 5169 eis
1530 5113 1692 5179 dixit,
1716 5110 1844 5171 Sine
1869 5129 1956 5171 me
1983 5114 2120 5170 nihil

530 5207 758 5278 potestis
819 5205 1021 5274 facere,
1068 5222 1168 5279 per
1221 5207 1399 5277 ipsum
1443 5223 1565 5277 qua:
1612 5194 1875 5276 iubentur
1937 5207 2117 5264 facere

529 5306 777 5369 possunt.
818 5296 1137 5371 Hujusmodi
1185 5298 1239 5353 in
1277 5298 1495 5354 Christo
1521 5314 1644 5356 esse
1670 5299 1873 5356 electos
1914 5300 2009 5356 Dei
2041 5301 2119 5355 ait

528 5390 851 5460 Apostolus,
873 5389 940 5445 In
967 5407 1069 5462 quo
1099 5391 1455 5461 prwdestinati
1482 5392 1767 5445 secundant
1790 5393 2113 5462 propositum

528 5484 644 5553 ejus
671 5486 762 5555 qui
786 5486 963 5540 omnia
988 5494 1235 5557 operatur
1274 5484 1490 5557 (Ephes.
1532 5499 1574 5551 pl,
1607 5484 1717 5555 ll).
1748 5483 1987 5556 lntellige
2029 5484 2112 5547 di—

529 5583 679 5631 ctum
706 5576 793 5644 qui
837 5577 1012 5631 omnia
1066 5556 1329 5645 operatur,
1376 5584 1431 5629 et
1478 5574 1640 5649 crede
1674 5589 1811 5645 esse
1840 5566 1975 5645 opus
2018 5574 2113 5653 Dei

527 5682 694 5738 Opera
732 5682 921 5723 eorum
955 5666 1114 5745 104.
1140 5668 1232 5739 qui
1264 5668 1539 5723 ambulant
1590 5669 1886 5724 secundum
1921 5682 2116 5736 propoe

520 5759 692 5818 situm
726 5757 843 5817 Dei.
880 5760 982 5828 Qui
1012 5776 1151 5823 vero.
1176 5761 1387 5833 absque
1424 5758 1913 5831 prmtlestinationis
1939 5757 2113 5825 gratia

2226 3294 2349 3337 esse
2400 3296 2433 3336 a
2484 3282 2956 3352 praedestinatione
3011 3282 3196 3352 populi
3247 3282 3365 3353 ejus
3409 3282 3637 3348 alienos,
3686 3284 3831 3353 quia

2226 3374 2390 3430 etiam
2429 3374 2535 3429 hoc
2583 3383 2643 3428 ut
2684 3373 2904 3429 faciatis
2933 3374 3048 3444 ipse
3085 3374 3334 3446 largitur.
3382 3375 3539 3430 Absit
3566 3384 3750 3429 autem
3785 3391 3832 3430 a

2224 3465 2402 3533 vobis,
2435 3464 2557 3521 ideo
2592 3465 2883 3536 desperare
2931 3465 2998 3519 de
3046 3464 3219 3528 vobis,
3256 3465 3511 3535 quoniam
3543 3480 3694 3535 spem
3724 3480 3832 3519 ve-

2226 3564 2394 3612 stram
2419 3556 2473 3611 in
2498 3555 2616 3626 ipso
2644 3555 2848 3611 habere
2868 3555 3156 3627 jubemini,
3198 3570 3304 3610 non
3353 3555 3409 3610 in
3437 3554 3611 3610 vobis.
3657 3554 3832 3610 Male-

2225 3647 2403 3705 dictus
2438 3650 2585 3705 enim
2614 3648 2792 3704 omnis
2821 3648 2912 3720 qui
2960 3662 3112 3718 spem
3142 3647 3309 3703 habet
3335 3648 3390 3703 in
3421 3646 3643 3703 homine
3673 3644 3825 3717 (Jer.

2223 3758 2359 3808 xvu,
2392 3742 2471 3813 5),
2501 3750 2558 3803 et
2592 3742 2793 3797 bonum
2823 3749 2908 3796 est
2942 3738 3216 3797 conlidere
3259 3739 3313 3793 in
3365 3738 3615 3804 Domino,
3648 3754 3823 3809 quam

2223 3835 2500 3892 conlidere
2526 3835 2597 3889 in‘
2612 3834 2831 3889 homine
2858 3831 3032 3904 (Psal.
3064 3848 3231 3897 cxvu,
3260 3831 3337 3902 8),
3356 3831 3489 3901 quia
3526 3830 3669 3886 beati
3697 3846 3831 3886 om-

2224 3942 2323 3983 nes
2371 3924 2464 3997 qui
2520 3924 2796 3980 contidunt
2849 3924 2906 3978 in
2951 3938 3096 3980 eum.
3134 3922 3288 3977 Hanc
3340 3936 3493 3991 spem
3541 3930 3827 3986 tenentes,

2224 4018 2427 4075 servile
2456 4017 2691 4072 Domino
2722 4016 2775 4071 in
2815 4015 3030 4081 timore,
3058 4022 3115 4070 et
3140 4013 3413 4069 exsultate
3440 4011 3490 4066 ei
3538 4028 3661 4069 cum
3708 4022 3826 4066 tre-

2224 4126 2378 4167 more
2408 4107 2587 4182 (Psal.
2620 4125 2684 4175 ιι,
2714 4108 2803 4173 15,
2842 4108 2930 4178 tl)
2963 4122 2979 4159 :
3010 4105 3267 4178 quoniam
3316 4105 3384 4161 de
3428 4105 3538 4159 vita
3583 4112 3823 4170 interna,

2223 4218 2387 4274 quam
2411 4202 2535 4257 [iliis
2559 4198 2937 4273 promissionis
2963 4197 3213 4269 promisit
3257 4212 3363 4253 non
3406 4194 3641 4251 mendax
3667 4192 3819 4250 Deus

2225 4302 2351 4349 ante
2371 4302 2615 4364 tempora
2636 4301 2862 4356 aeterna,
2891 4304 3055 4346 nemo
3078 4298 3260 4362 potest
3284 4304 3405 4345 esse
3426 4304 3674 4354 securus,
3706 4290 3821 4346 nisi

2222 4399 2345 4439 cum
2376 4392 2750 4439 consummata
2788 4380 2954 4436 fuerit
2988 4380 3091 4435 ista
3120 4380 3253 4445 vita,
3301 4395 3423 4449 qua
3461 4379 3687 4435 tentatio
3730 4387 3821 4436 est

2226 4489 2389 4545 super
2419 4484 2643 4529 terram.
2679 4473 2786 4529 Sed
2814 4472 2980 4528 faciat
3006 4487 3105 4528 nos
3137 4486 3358 4542 Sperare
3386 4472 3440 4527 in
3466 4486 3526 4528 se
3551 4487 3723 4543 usque
3755 4473 3820 4529 in

2228 4563 2389 4635 hujus
2418 4565 2543 4621 vita:
2572 4564 2755 4628 linem.
2788 4564 2875 4620 cui
2906 4563 3149 4633 quotidie
3188 4562 3444 4626 dicimus,
3480 4561 3562 4617 Ne
3599 4580 3694 4618 nos
3725 4565 3816 4618 in-

2227 4658 2367 4725 feras
2392 4657 2447 4710 in
2478 4657 2814 4712 tentationem
2852 4653 3068 4727 (Matth.
3111 4669 3190 4719 vt,
3224 4653 3391 4723 15).-›
3418 4651 3484 4708 Et
3514 4652 3644 4708 item
3690 4662 3821 4724 post

2225 4748 2498 4817 aliquanta
2552 4748 2693 4818 (cap.
2746 4745 2837 4816 9.3)
2886 4761 2901 4800 :
2953 4764 2972 4799 ‹
3026 4744 3326 4800 Attendant
3356 4758 3489 4815 ergo
3538 4748 3817 4815 quomodo

2188 4894 2193 4901 _
2222 4840 2479 4895 fallantur
2505 4840 2596 4909 qui
2622 4846 2815 4909 putant
2839 4852 2961 4893 esse
2991 4853 3024 4893 a
3053 4837 3232 4903 nobis,
3270 4852 3378 4892 non
3404 4837 3522 4891 dari
3545 4835 3725 4901 nobis,
3750 4845 3814 4891 ut

2221 4940 2491 4999 petamus,
2520 4943 2853 4999 quaeramus,
2877 4926 3154 4997 pulsemus
3184 4944 3200 4980 :
3236 4934 3292 4980 et
3330 4925 3436 4980 hoc
3465 4939 3587 4980 esse
3620 4924 3816 4982 dicunt

2223 5022 2366 5090 quod
2393 5020 2566 5090 gratia
2605 5017 2928 5088 praeceditur
2952 5017 3148 5071 merito
3189 5024 3398 5086 nostro,
3446 5023 3506 5069 ut
3547 5023 3817 5084 sequatur

2224 5091 2337 5178 illa,
2371 5125 2494 5165 cum
2525 5108 2821 5178 accipimus
2845 5115 3112 5177 petentes,
3142 5114 3194 5160 et
3223 5105 3532 5160 invenimus
3560 5118 3818 5173 qureren‘

2223 5213 2325 5269 tes,
2356 5184 2713 5274 aperiturque
2732 5200 3095 5272 pulsantibus.
3128 5198 3238 5253 Nec
3261 5197 3450 5253 volunt
3481 5194 3812 5268 intelligere,

2220 5296 2382 5352 etiam
2412 5296 2514 5352 hoc
2538 5294 2707 5350 divini
2755 5308 2877 5348 esse
2916 5292 3177 5355 muneris,
3219 5298 3279 5344 ut
3302 5304 3546 5353 oremus,
3575 5287 3678 5342 hoc
3701 5296 3811 5353 est,

2219 5399 2487 5465 pcta-nius,
2534 5402 2874 5458 quaeramus,
2928 5395 3092 5453 atque
3140 5382 3419 5453 pulsemns
3453 5397 3466 5434 :
3500 5377 3810 5449 Accepimus

2218 5482 2363 5547 enim
2395 5481 2641 5559 spirigunt
2666 5478 2964 5548 adeptionis
2987 5476 3247 5546 ﬁliorum,
3279 5475 3332 5545 in
3359 5490 3462 5553 quo
3516 5471 3810 5524 clamamus

2218 5572 2391 5641 Abba,
2422 5558 2586 5628 Pater
2624 5558 2803 5643 (Rom.
2831 5586 2949 5627 vui.
2991 5568 3111 5641 15)..
3152 5566 3308 5633 Quod
3350 5565 3483 5619 vidit
3521 5571 3576 5617 et
3617 5562 3811 5625 beatus

2217 5663 2558 5737 Ambrosius.
2592 5664 2699 5737 ΔΛὶι
2746 5651 2893 5719 enim
2936 5660 3252 5737 (Comment.
3308 5674 3426 5731 sup.
3482 5652 3619 5724 Isa.)
3676 5672 3688 5729 ς
3743 5654 3811 5709 Et

2217 5769 2376 5814 orare
2425 5734 2831 5825 Dcumigratiac
2886 5751 3147 5823 spiritalis
3197 5734 3313 5819 eSt;
3360 5748 3500 5802 sicut
3542 5746 3812 5815 scriptum,
