3998 5404
138 419 232 474 ιεο
913 415 1002 470 DE
1033 410 1705 470 PﬂAiDESTINATlONE
1755 410 2211 468 DlSSERTATIO
2261 410 2676 469 POSTERIOR.

3301 413 3400 470 ΠΟ

137 529 284 602 ιω
308 537 394 583 est
424 546 440 580 :
477 527 648 584 Nemo
676 529 801 583 dicit
829 528 1088 583 Dominus
1121 528 1278 583 Jesus
1304 529 1406 582 nisi
1429 529 1482 582 in
1513 525 1715 596 Spiritu
1746 530 1793 588 Α
1823 533 2028 587 tuntur,
2059 525 2172 581 sive
2199 542 2322 581 cum
2347 526 2678 596 pra-liantur,
2727 528 2840 583 sive
2883 543 3005 582 cum
3046 537 3393 584 coronantur.

131 629 322 675 sancto.
353 617 484 673 [hec
510 619 676 690 igitur
699 633 818 688 qua:
843 619 1019 690 poscit
1045 635 1074 672 a
1113 619 1370 683 Domino,
1414 627 1470 672 et
1501 631 1716 686 semper

131 726 192 765 es
234 725 338 779 quo
382 723 510 764 esse
553 710 722 780 coepit
753 711 998 780 poposcit
1026 709 1294 772 Ecclesia,
1330 708 1404 764 ita
1441 709 1578 762 Deus
1622 721 1717 762 vo-

133 802 264 856 catis
292 802 408 855 suis
433 801 693 856 daturum
724 817 782 856 se
806 816 922 856 esse
953 801 1243 872 praescivit,
1268 809 1326 855 ut
1355 801 1408 854 in
1438 800 1552 870 ipsa
1577 812 1716 869 prte-

131 889 486 944 destinatione
518 887 634 957 jam
681 890 906 945 dederit.
939 890 1092 957 Quod
1119 889 1410 960 Apostolus
1439 889 1556 944 sine
1601 904 1715 942 am-

130 979 385 1050 biguitate
413 979 683 1034 declarat.
713 978 968 1035 Scribens
1005 981 1201 1052 quippe
1233 981 1300 1036 ad
1347 980 1710 1046 Timotheum,

126 1071 399 1124 Collabora
419 1111 436 1135 ,
468 1072 676 1142 inquit,
711 1069 997 1142 Evangelia
1027 1074 1314 1127 secundum
1347 1074 1586 1127 virtutem
1614 1071 1712 1126 Dei

122 1161 291 1216 alvos
317 1179 413 1217 uos
450 1163 718 1232 facientis,
740 1174 788 1217 et
816 1166 1048 1219 vocantis
1076 1165 1345 1219 vocatione
1379 1180 1477 1218 sua
1505 1173 1709 1228 sancta,

125 1269 231 1306 non
257 1255 544 1308 “cundum
568 1272 724 1326 opera
752 1267 950 1320 nostra,
981 1258 1071 1311 sed
1101 1258 1387 1312 secundum
1413 1273 1565 1310 suum
1595 1273 1713 1324 pro-

121 1348 342 1415 positum
370 1358 418 1402 et
447 1350 680 1418 gratiam
707 1366 825 1420 qua:
849 1350 977 1404 data
1000 1360 1073 1405 est
1098 1350 1244 1405 nobis
1271 1350 1326 1404 in
1356 1349 1560 1404 Christo
1582 1348 1711 1404 Iesu

121 1447 244 1490 ante
261 1447 494 1508 tempora
509 1449 734 1506 caterua,
764 1442 1098 1511 manifestata
1120 1455 1291 1497 autem
1317 1452 1439 1496 sunt
1465 1459 1602 1496 nunc
1621 1459 1713 1510 per

120 1528 397 1582 detritum
423 1529 720 1585 Saluatoris
745 1534 911 1586 nostri
934 1533 1064 1586 Jesu
1088 1531 1284 1586 Christi
1305 1531 1390 1602 (11
1415 1531 1546 1586 Tim.
1576 1531 1708 1603 |,8).

121 1617 184 1672 Et
215 1617 335 1673 item
363 1619 493 1675 hinc
525 1621 667 1676 idem
699 1622 753 1675 in
779 1621 917 1678 libro
942 1623 1009 1678 de
1034 1621 1386 1693 Correptione
1417 1633 1475 1679 et
1498 1621 1708 1678 Gratia.

684 1753 912 1810 CAPUT
949 1754 1133 1810 XVIII.

377 1860 457 1915 De
492 1871 633 1918 certo
672 1880 886 1920 numero
927 1864 1450 1922 Prtedestinatorum.

198 1987 218 2020 s
251 1970 474 2026 Certum
505 1987 637 2030 vero
679 1987 804 2030 esse
844 1991 1129 2032 numerum
1173 1977 1490 2042 electorum,
1534 1992 1712 2048 neque

121 2061 446 2131 augendum,
479 2077 657 2132 neque
699 2065 1052 2121 minuendum
1088 2068 1340 2137 quamvis
1378 2077 1432 2124 et
1473 2067 1712 2124 Joannes

122 2149 365 2222 Baptista
410 2154 705 2226 signiﬁcet,
754 2157 843 2212 ubi
889 2159 1056 2214 dicit:
1114 2157 1297 2214 Facite
1343 2176 1465 2232 ergo
1495 2161 1712 2231 dignum

126 2242 358 2307 fructum
403 2245 739 2313 partitentia',
783 2257 829 2301 et
862 2249 1018 2303 nolite
1045 2250 1218 2304 dicere
1261 2251 1403 2320 apud
1434 2253 1710 2322 vosmetip-

126 2350 204 2387 ιω
219 2351 240 2388 :
273 2333 490 2390 Patrem
514 2338 768 2393 habemus
790 2341 1073 2395 Abraham.
1103 2339 1295 2395 Potens
1317 2351 1391 2396 est
1407 2343 1543 2396 enim
1569 2343 1710 2396 Deus

126 2425 182 2480 de
212 2426 480 2495 lapidibus
516 2430 631 2484 istis
655 2432 915 2486 suscitare
933 2432 1073 2500 [ilics
1107 2432 1334 2487 Abraha:
1360 2433 1578 2502 (Matth.
1622 2448 1705 2497 In,

130 2516 203 2585 8),
237 2527 298 2572 ut
342 2520 593 2574 ostendat
639 2522 720 2576 sic
755 2536 876 2577 esse
925 2523 1057 2578 istos
1103 2524 1464 2593 amputandos
1508 2525 1554 2579 si
1602 2540 1710 2580 non

127 2606 354 2664 lacerint
394 2608 654 2676 fructum,
686 2621 747 2666 ut
772 2627 879 2667 non
907 2613 1047 2670 desit
1078 2629 1336 2670 numerus
1363 2615 1456 2684 qui
1482 2615 1714 2684 promis-

125 2714 211 2754 sus
239 2711 326 2755 est
355 2701 624 2768 Abrahae;
669 2713 853 2762 tamen
895 2706 1138 2775 apertius
1181 2707 1235 2760 in
1284 2706 1711 2777 Apocalypsi.di-

124 2790 298 2844 citur:
331 2791 471 2847 Tene
499 2795 639 2864 quod
663 2794 847 2860 habes,
896 2812 959 2850 ne
998 2796 1136 2850 alius
1193 2797 1422 2866 accipiat
1463 2813 1712 2851 coronam

122 2891 261 2936 tuam
284 2883 480 2952 (Apoc.
521 2886 632 2957 tu).
682 2887 741 2943 Si
771 2889 916 2944 enim
953 2888 1093 2944 alius
1135 2904 1241 2945 non
1273 2897 1358 2944 est
1391 2898 1711 2959 accepturus

123 2973 218 3028 nisi
250 2974 358 3029 iste
389 2977 710 3046 perdiderit,
742 2988 926 3035 certus
968 2989 1051 3036 est
1102 2995 1362 3035 numerus
1390 2979 1706 3036 electorum.

122 3062 268 3129 Quod
301 3076 490 3122 autem
532 3069 697 3123 etiam
750 3071 1185 3140 perseveraturis
1247 3072 1452 3127 sanctis
1481 3072 1558 3126 sic
1606 3074 1710 3126 ista

123 3153 392 3223 dicuntur,
437 3160 594 3228 quasi
638 3176 736 3215 eos
777 3172 1218 3230 perseveratum
1244 3162 1709 3223 babeaturincer-

1823 612 1954 668 Nam
1983 623 2040 669 et
2081 623 2209 670 tunc
2236 630 2357 670 esse
2399 616 2503 671 illis
2543 616 2634 670 Dei
2669 617 3096 672 misericordiam
3143 633 3395 674 necessa-

1819 705 1952 760 riam
1982 715 2170 761 sancta
2199 705 2482 776 Scriptura
2528 716 2775 773 testatur,
2807 707 2895 762 ubi
2927 717 3144 764 sanctus
3187 709 3254 763 de
3295 710 3394 764 Do.

1817 796 1964 849 mino
1988 794 2098 849 Deo
2123 811 2221 850 suo
2271 796 2401 850 dicit
2430 796 2623 852 anima:
2675 812 2814 850 sum:
2854 796 2958 863 Qui
2984 809 3198 852 coronat
3252 809 3300 851 te
3347 802 3399 852 in

1816 884 2152 937 miseratione
2172 893 2220 937 et
2249 885 2612 938 misericordia
2644 882 2818 954 (Psnl.
2844 886 2962 956 cu).
3005 905 3022 937 ι
3056 886 3161 941 Sed
3188 896 3242 941 ct
3273 896 3404 942 tunc

1817 987 1914 1042 pro
1944 973 2207 1027 bonorum
2247 989 2474 1044 operum
2525 975 2738 1029 meritis
2782 974 2931 1042 justo
2976 975 3183 1046 judicio
3231 978 3398 1033 etiam

1817 1065 2193 1120 misericordia
2222 1067 2510 1122 tribuetur.
2535 1065 2689 1133 Quod
2719 1067 2848 1121 vidit
2873 1067 3061 1122 beatus
3088 1069 3400 1139 Gregorius.

1817 1154 2005 1222 prima:
2037 1163 2091 1208 et
2115 1165 2318 1209 sancta:
2349 1155 2493 1210 sedis
2525 1155 2783 1210 Romanae
2811 1167 3035 1211 ornatus
3071 1159 3396 1228 praecipuus,

1815 1243 2000 1296 dicens
2044 1243 2096 1296 in
2142 1243 2280 1298 libro
2309 1244 2486 1313 primo
2515 1243 2856 1313 Dialogorum
2901 1246 3040 1314 (cap.
3073 1245 3127 1315 8)
3161 1263 3172 1295 :
3211 1264 3228 1296 ι
3269 1247 3400 1313 Qua:

1813 1338 2092 1407 perennis,
2121 1337 2314 1406 inquit,
2359 1337 2508 1407 regni
2539 1337 2944 1406 praedestinatio
2978 1339 3049 1392 ita
3076 1346 3160 1392 est
3189 1339 3256 1394 ab
3285 1354 3401 1393 omn

1814 1429 2093 1498 nipotente
2126 1429 2233 1482 Deo
2259 1428 2542 1497 disposita,
2576 1438 2634 1482 ut
2666 1428 2733 1482 ad
2769 1429 2871 1484 hoc
2902 1429 3060 1484 electi
3102 1445 3166 1483 ex
3213 1430 3400 1486 labore

1813 1520 2156 1588 perveniant,
2210 1528 2479 1588 quatenus
2527 1518 2849 1588 postulando
2893 1530 3204 1574 mereantur
3255 1520 3402 1575 acci-

1814 1624 1943 1678 pere
1970 1610 2112 1678 quod
2137 1609 2217 1664 eis
2245 1608 2590 1678 omnipotens
2633 1607 2776 1662 Deus
2817 1617 2944 1662 ante
2986 1608 3181 1663 sa-cula
3220 1609 3400 1680 dispo-

1813 1699 1923 1752 suit
1943 1698 2167 1752 donarc.
2205 1715 2222 1748 s
2277 1696 2428 1752 Unde
2463 1705 2518 1752 et
2558 1698 2700 1752 sicut
2741 1697 2793 1751 in
2836 1699 3003 1768 gestis
3031 1697 3398 1753 Romanorum

1817 1788 2131 1860 pontiﬁcum
2182 1788 2398 1858 legitur,
2447 1789 2669 1843 arcanis
2726 1797 3193 1844 sacramentorum
3240 1788 3404 1844 code-

1741 1884 1788 1944 B
1817 1881 1979 1935 stium
2003 1889 2358 1952 augmentare
2394 1880 2626 1944 curavit,
2677 1879 2748 1934 Ut
2794 1879 2911 1934 dies
2954 1892 3166 1936 nostros
3199 1882 3249 1935 in
3302 1897 3400 1936 sua

1815 1987 1949 2042 pace
1998 1973 2266 2042 disponat,
2323 1981 2485 2040 atque
2536 1970 2604 2024 ab
2647 1980 2851 2025 aeterna
2888 1973 3238 2026 damnatione
3294 1989 3393 2027 nos

1814 2063 1973 2132 eripi,
2015 2073 2070 2118 et
2097 2064 2150 2117 in
2182 2063 2483 2118 electorum
2513 2078 2732 2118 suorum
2773 2064 2962 2133 jubeat
2991 2080 3154 2134 grege
3201 2082 3396 2120 nume-

1814 2154 1943 2218 rari,
1977 2167 2075 2222 per
2095 2152 2371 2208 Christum
2402 2151 2686 2207 Dominum
2732 2162 2996 2214 nostrum.
3042 2153 3402 2222 prmdestina-
3433 2208 3466 2224 _

1815 2230 1994 2299 torum
2034 2254 2092 2300 et
2123 2245 2417 2301 electorum
2459 2252 2640 2312 caput,
2680 2243 2822 2299 Deus
2863 2253 2920 2298 et
2959 2243 3119 2299 Pater
3151 2246 3394 2316 ejusdem

1813 2334 2027 2389 Domini
2056 2335 2226 2389 nostri
2269 2332 2396 2390 Jesu
2425 2333 2647 2399 Christi,
2681 2335 2749 2388 ad
2786 2351 2946 2406 quem
2978 2337 3120 2390 sacri
3160 2353 3402 2393 canones

1811 2413 2005 2495 preces
2039 2425 2107 2480 ad
2149 2425 2322 2480 altare
2375 2426 2632 2480 dicendas
2667 2441 2697 2479 a
2728 2427 3102 2482 sacerdotibus
3141 2425 3288 2482 fundi
3313 2425 3400 2496 ju-

1813 2515 1964 2579 bent,
1994 2531 2090 2585 per
2119 2515 2365 2569 eumdem
2396 2514 2587 2568 Filium
2612 2531 2770 2570 suum
2809 2516 3096 2570 Dominum
3124 2525 3393 2581 nostrum,

1813 2609 1898 2663 cui
1928 2623 2051 2663 cum
2091 2625 2157 2664 eo
2203 2610 2255 2663 in
2291 2610 2498 2664 unitate
2551 2609 2785 2680 Spiritus
2834 2611 3009 2665 sancti
3064 2619 3148 2667 est
3200 2612 3396 2682 gloria,

1812 2701 1986 2756 virtus
2014 2709 2069 2758 et
2114 2702 2421 2772 imperium,
2454 2717 2552 2772 per
2592 2703 2775 2757 omnia
2805 2702 3002 2757 secula
3047 2703 3392 2758 saeculorum.

1811 2791 2003 2846 Amen.
2029 2811 2048 2844 ι

2375 2861 2602 2918 CAPUT
2675 2863 2820 2918 XIX.

1813 2949 2053 3023 Qualiter
2075 2968 2179 3006 una
2202 2951 2298 3023 Qei
2318 2953 2708 3023 pra'destinatio
2729 2954 2935 3022 gemina
2965 2953 3194 3021 ﬁdeliter
3231 2956 3394 3022 possit

1881 3020 2009 3094 dici,
2035 3023 2170 3076 unde
2195 3020 2564 3076 Gotliescalcus
2585 3039 2702 3076 cum
2732 3020 2836 3076 sua
2877 3020 3143 3093 synagoga
3176 3020 3399 3094 peccan-

1880 3091 2034 3155 tium,
2085 3109 2240 3164 prave
2261 3095 2531 3164 sentiendo
2580 3103 2734 3164 atque
2786 3091 3201 3163 interpretando,
3242 3096 3398 3150 anxie

1883 3178 1948 3213 ac
1971 3161 2262 3230 perniciose
2285 3161 2516 3217 laborat.

124 3256 248 3313 tum,
281 3263 393 3303 non
425 3249 587 3304 aliter
614 3251 730 3307 hac
773 3253 962 3308 audire
1003 3254 1202 3309 debent
1247 3253 1446 3324 quibus
1491 3253 1708 3325 expedit
1734 3231 1780 3293 (ἶ
1879 3250 2115 3307 Laborat
2142 3253 2494 3308 nihilominus
2519 3252 2862 3309 Gothescalci
2895 3255 3198 3325 complexio
3232 3263 3291 3310 ut
3317 3257 3396 3311 sic

123 3354 218 3394 non
249 3341 425 3396 altum
455 3357 650 3413 sapere
669 3345 765 3400 sed
794 3346 1002 3402 timere.
1043 3347 1174 3414 Quis
1201 3347 1347 3402 enim
1376 3363 1442 3402 ex
1469 3347 1711 3402 multitu-

121 3432 236 3486 dine
261 3433 530 3500 ﬁdelium,
573 3437 808 3505 quandiu
864 3439 917 3493 in
971 3440 1072 3495 hac
1120 3439 1451 3495 mortalitate
1487 3440 1708 3505 vivitur,

124 3525 170 3578 in
213 3542 447 3582 numero
497 3530 1002 3597 prtedcstinatorum
1069 3548 1126 3587 se
1188 3548 1311 3589 esse
1374 3533 1710 3604 praesumat?

122 3615 246 3682 Quia
283 3617 337 3671 id
369 3619 638 3674 occultari
669 3635 807 3689 opus
836 3630 918 3676 est
959 3623 1012 3676 in
1060 3623 1162 3678 hoc
1205 3621 1344 3688 loco,
1379 3621 1470 3676 ubi
1510 3621 1588 3677 sic
1619 3636 1712 3676 ca-

122 3709 288 3767 venda
316 3718 402 3764 est
424 3709 616 3775 elatio,
646 3720 704 3766 ut
750 3713 914 3766 etiam
952 3728 1048 3783 per
1079 3712 1295 3767 Satana:
1325 3713 1598 3784 angelum,
1643 3726 1709 3767 ne

121 3800 492 3865 extolleretur,
532 3802 978 3872 colaphizaretur
1015 3811 1198 3858 tantus
1235 3803 1529 3872 apostolus.
1571 3801 1708 3856 Hinc

122 3889 376 3959 apostolis
403 3892 692 3948 dicebatur
715 3913 728 3946 :
759 3893 822 3949 Si
849 3894 1142 3949 manseritis
1165 3895 1221 3948 in
1247 3910 1349 3959 me,
1377 3893 1591 3949 dicente
1618 3893 1708 3948 illo

117 3985 324 4054 quieos
360 3986 553 4055 utique
603 3987 815 4042 sciebat
846 4002 964 4042 esse
1002 4001 1318 4051 mansuros;
1369 3993 1423 4039 et
1453 4001 1550 4056 per
1590 4000 1709 4056 pro-

116 4076 330 4145 phetam
359 4097 373 4130 :
407 4077 472 4133 Si
497 4077 768 4133 volueritis
798 4088 845 4132 et
872 4077 1212 4132 obaudieritis
1255 4093 1353 4138 me,
1396 4091 1519 4130 cum
1543 4076 1709 4130 sciret

117 4168 226 4236 ipse
252 4169 304 4222 in
338 4169 542 4238 quibus
576 4177 899 4238 operaretur
936 4178 989 4224 et
1021 4168 1184 4233 velle;
1215 4175 1271 4222 et
1297 4165 1496 4222 similia
1538 4165 1706 4220 multa

115 4257 386 4312 dicuntur.
419 4279 439 4312 ι
483 4258 610 4314 H:ec
639 4259 909 4314 sententia
939 4260 1134 4328 saapius
1173 4256 1495 4312 revolvenda
1531 4265 1586 4311 et
1616 4257 1710 4310 lir-

115 4347 272 4401 mitcr
302 4349 588 4404 retinenda
617 4358 721 4414 est,
768 4357 960 4404 contra
1005 4364 1100 4404 eos
1139 4348 1231 4418 qui
1262 4349 1487 4403 dicunt:
1535 4346 1704 4415 Quid-

113 4443 236 4511 quid
269 4443 400 4499 facit
427 4445 853 4514 praedestinatus
892 4445 958 4499 ad
999 4444 1184 4509 vitam,
1217 4443 1286 4498 ad
1328 4457 1554 4510 regnum
1583 4456 1708 4511 per-

114 4534 287 4588 veniet
313 4535 751 4605 sempiternum;
800 4544 856 4589 et
886 4535 1143 4604 quidquid
1167 4533 1331 4589 etiam
1364 4533 1524 4588 faciet
1566 4548 1704 4603 prte-

1812 3343 2081 3414 geminam
2113 3343 2641 3412 prtedestinationem
2670 3344 2943 3409 ostendat,
2968 3354 3234 3414 quatenus
3254 3346 3399 3401 sicut

1811 3434 1967 3489 electi
1999 3451 2029 3489 a
2058 3435 2168 3490 Deo
2193 3438 2648 3506 praedestinantur
2668 3437 2735 3491 ad
2779 3445 2965 3500 vitam,
3002 3437 3072 3491 ita
3114 3438 3329 3508 reprobi
3361 3453 3393 3492 a

1812 3522 1922 3578 Deo
1950 3524 2404 3594 prmdestinentur
2427 3528 2494 3580 ad
2535 3534 2784 3579 mortem.
2809 3525 2907 3580 Cui
2938 3541 3082 3580 nunc
3105 3527 3207 3581 hoc
3230 3527 3391 3583 modo

1812 3617 2058 3672 sensibus
2085 3625 2140 3671 et
2163 3617 2343 3672 verbis
2378 3617 2766 3672 catholicorum
2799 3616 3018 3672 Patrum
3068 3619 3398 3690 respondere

1811 3707 2140 3762 censuimus.
2170 3707 2367 3763 Beatus
2395 3707 2690 3777 Gregorius
2725 3708 2778 3762 in
2818 3708 2958 3763 libro
2995 3725 3061 3762 xx
3111 3709 3393 3765 Moralium

1811 3801 1950 3870 (cap.
1984 3801 2099 3870 25).
2132 3819 2150 3851 t
2190 3801 2418 3865 Dicitur,
2460 3802 2727 3872 inquiens,
2764 3803 2902 3858 Deus
2947 3803 3151 3869 zclans,
3198 3805 3397 3860 dicitur

1811 3890 2005 3955 iratus,
2034 3891 2234 3946 dicitur
2278 3892 2568 3962 ptnnitens,
2601 3893 2800 3947 dicitur
2826 3895 3157 3960 misericors,
3197 3897 3397 3951 dicitur

1810 3984 2087 4053 praescius,
2126 3987 2252 4038 dum
2299 3997 2398 4038 nec
2439 3983 2607 4048 zelus,
2639 3999 2740 4039 nec
2770 3985 2872 4051 ira,
2920 4002 3020 4040 nec
3050 3988 3392 4057 paenitentia.

1811 4088 1910 4129 nec
1933 4076 2152 4144 proprie
2179 4075 2568 4140 misericordia,
2588 4090 2686 4130 nec
2715 4077 3056 4145 praescientia
3080 4093 3198 4133 esse
3220 4081 3394 4150 possit

1811 4165 1863 4219 in
1893 4166 2023 4220 Deo.
2056 4166 2182 4220 Haec
2223 4180 2456 4235 namque
2502 4167 2682 4220 omnia
2729 4169 2797 4221 ab
2841 4169 3091 4225 humanis
3137 4171 3191 4224 in
3244 4172 3400 4228 illum

1811 4255 2165 4326 qualitatibus
2206 4265 2375 4311 tracta
2407 4267 2552 4311 sunt.
2589 4256 2644 4310 In
2675 4256 2764 4312 illo
2790 4258 2935 4312 enim
2969 4274 3068 4314 nec
3094 4263 3391 4328 praeterita,

1812 4362 1912 4411 nec
1950 4347 2130 4403 futura
2183 4348 2406 4418 reperiri
2457 4357 2683 4417 queunt,
2729 4349 2824 4404 sed
2876 4359 3073 4405 cuncta
3116 4353 3399 4408 mutabilia

1813 4437 2222 4492 immutabiliter
2266 4437 2482 4501 durant,
2515 4447 2716 4509 etquae
2753 4438 2804 4492 in
2838 4439 3032 4509 seipsis
3075 4441 3236 4496 simul
3276 4445 3393 4499 exi-

1811 4536 1953 4583 stere
1985 4543 2090 4583 non
2121 4537 2372 4598 possunt,
2401 4527 2478 4582 illi
2518 4529 2680 4584 simul
2724 4529 2905 4584 omnia
2937 4531 3219 4586 assistunt.
3259 4532 3398 4589 Nam

114 4625 410 4682 destinatus
435 4583 522 4683 rad
552 4627 856 4689 interitum,
900 4625 954 4680 in
999 4583 1226 4681 mortem
1281 4625 1381 4679 ibit
1421 4635 1702 4679 aeternam.
1737 4583 1785 4642 ο
1815 4623 1943 4678 dum
1971 4624 2117 4680 circa
2147 4639 2244 4678 nos
2267 4623 2512 4694 quoidam
2542 4637 2801 4694 prospera
2834 4632 2889 4677 et
2924 4625 3151 4680 adversa
3180 4627 3402 4684 varian-

116 4719 261 4786 Quod
309 4719 573 4774 dixerunt
629 4727 690 4773 et
741 4716 924 4772 tumuli
975 4719 1146 4774 sancti
1193 4717 1506 4787 Augustini,
1563 4717 1705 4772 sicut

117 4810 340 4881 Prosper
379 4811 434 4865 in
476 4809 878 4878 objectionibus
915 4810 1393 4874 calumniatorum,
1434 4824 1570 4879 quas
1614 4826 1704 4865 or-

118 4901 340 4957 thodoxe
380 4901 656 4966 dissolvit,
687 4898 980 4956 manifeste
1005 4902 1364 4965 demonstrat,
1395 4909 1449 4954 et
1475 4917 1574 4957 nos
1603 4917 1704 4972 pro

118 5001 288 5046 nostra
323 4991 710 5047 mediocritate
752 4993 1320 5048 commemoravimus.
1355 4989 1507 5045 Unde
1533 4992 1700 5046 etiam

118 5082 164 5137 in
189 5083 438 5153 epistolis
461 5099 603 5153 quas
625 5081 697 5136 ad
732 5081 952 5136 beatum
977 5081 1338 5155 Augustinum
1365 5081 1701 5146 direxerant,

119 5175 264 5231 iidem
319 5175 560 5245 Prosper
609 5181 669 5229 et
735 5171 971 5228 Hilarius
1032 5173 1369 5234 Arelatensis
1417 5175 1702 5244 conquesti

119 5268 339 5336 fuerant,
367 5270 440 5324 ad
465 5285 588 5328 quae
635 5268 755 5315 Imm
804 5265 987 5302 Ιιοαιιιο
1040 5271 1368 5314 Annonariam
1410 5270 1705 5315 regi-ring».-

1819 4722 1921 4778 tur,
1956 4713 2008 4768 in
2030 4729 2095 4769 eo
2126 4714 2270 4783 quod
2311 4729 2407 4770 nos
2439 4723 2744 4778 mutantur,
2773 4714 2927 4783 quasi
2964 4715 3083 4786 ejus
3109 4717 3254 4772 circa
3303 4735 3403 4776 nos

1814 4815 2078 4870 mutatum
2109 4805 2349 4862 animum
2393 4806 2753 4876 suspicamur.
2799 4804 2918 4874 Ipse
2955 4821 3086 4860 vero
3128 4806 3180 4861 in
3225 4824 3282 4863 se
3326 4810 3405 4864 in-

1789 4898 2214 4966 commutabilis
2240 4912 2571 4968 permanens
2599 4897 2754 4951 aliter
2781 4905 2944 4965 atque
2976 4898 3136 4951 aliter
3169 4899 3220 4953 in
3257 4903 3403 4968 cogi-

1814 4989 2258 5045 tationesentitur
2287 4989 2566 5048 Itoniiinum
2593 5003 2690 5058 pro
2721 4988 2983 5056 qua’itatc
3009 4987 3346 5043 ineritorum.
3381 5010 3398 5040 ι

1809 5084 1925 5148 Qua
1973 5083 2039 5136 de
2083 5097 2162 5145 re,
2206 5097 2477 5152 quantum
2520 5085 2585 5138 ad
2641 5079 3027 5150 proprietatem
3093 5080 3404 5143 nominum,

1807 5180 1861 5227 et
1886 5171 2121 5225 divinam
2156 5171 2320 5250 107
2353 5185 2562 5246 spectat
2586 5169 2902 5234 essentiam,
2931 5170 3070 5223 sicut
3101 5168 3242 5221 beati
3273 5169 3408 5224 Gre—

2601 5260 2996 5303 ur-ncnianii-‘nn
3038 5260 3088 5294 in
3134 5257 3242 5294 nun
3269 5299 3277 5303 _
3319 5259 3406 5303 (sui

1807 5261 1941 5308 tmrii
1976 5262 2152 5308 vat-his
2179 5267 2525 5314 netpmlimna
