4052 6334
611 348 712 406 ΠΙ

1597 344 1928 403 lilNCMABl
1968 342 2363 402 RHEMENSIS
2401 340 2943 403 ARCHIEPISCOH.

3786 350 3890 407 17!

615 448 853 529 Domine,
881 464 969 534 qui
1008 461 1144 516 uasti
1172 461 1350 516 omnia
1375 467 1655 531 antequam
1688 458 1820 528 ﬁant
1850 456 2029 529 (Dan.
2057 472 2154 512 xm
2177 497 2191 524 ,
2223 463 2272 522 Α
2297 454 2440 524 ejus,
2465 470 2588 526 qua:
2618 457 2741 513 sine
2766 456 3112 528 praescientia
3135 469 3261 513 esse
3288 471 3399 514 non
3422 464 3602 530 potest
3622 497 3641 526 ,
3682 470 3794 514 un
3836 469 3891 516 et

604 551 746 629 42),
775 563 830 611 et
857 555 924 610 ‘de
950 567 1059 624 quo
1096 552 1353 622 scriptum
1380 560 1464 606 est
1501 569 1515 605 :
1557 549 1662 616 Qui
1697 549 1819 618 fecit
1854 564 1972 620 quae
2006 547 2189 617 futura

605 653 749 710 sunt,
772 643 954 699 dicere
980 656 1086 698 non
1115 639 1376 697 valemus.
1392 639 1776 695 Verumtamen
1804 636 2084 708 Scriptum
2110 649 2192 690 sa-

605 745 723 798 cra,
775 746 893 802 quae
941 729 1315 786 excellentiam
1362 743 1515 784 suam
1565 727 1724 782 aliter
1773 726 1929 782 nobis
1972 723 2194 780 demon-

605 834 781 882 strare
816 838 924 881 non
964 831 1142 895 potest
1168 823 1272 878 nisi
1298 819 1777 877 condescendendo
1822 817 1979 873 nobis
1993 815 2197 871 talibus

602 916 784 974 verbis
830 920 1093 986 congruat
1119 954 1134 981 ,
1184 911 1380 982 quibus
1426 925 1526 967 nos
1573 910 1640 965 ad
1693 923 1847 965 suam
1897 907 2197 977 intelligeno

606 1010 737 1066 tiam
775 1009 990 1065 trahere
1028 1013 1082 1062 et
1122 1004 1402 1063 sublevare
1438 1001 1747 1075 pratvaleat,
1787 1000 1944 1057 nobis
1981 997 2198 1071 propria

604 1099 906 1172 usurpavit,
938 1106 997 1153 ut
1024 1094 1126 1153 sibi
1152 1095 1369 1169 propria
1398 1109 1496 1151 nos
1526 1095 1778 1159 doceret,
1810 1098 2075 1162 quatenus
2104 1102 2201 1159 per

606 1190 924 1262 impropria,
947 1196 1208 1260 quantum
1236 1186 1361 1242 licet
1387 1184 1725 1250 mortalibus,
1749 1183 1969 1255 propria
1994 1196 2200 1253 cogno-

605 1297 839 1339 scamus.
889 1280 1042 1337 Sicut
1083 1280 1211 1335 item
1252 1286 1474 1334 sanctus
1500 1276 1791 1349 Gregorius
1821 1276 1873 1330 in
1902 1274 2041 1329 libro
2067 1287 2199 1326 xxxx

604 1370 886 1429 Moralium
902 1372 1040 1444 (cap.
1066 1370 1121 1442 i)
1159 1369 1319 1425 dicit:
1347 1387 1366 1420 ι
1392 1367 1651 1424 Dominus
1676 1365 1818 1423 Deus
1838 1372 2023 1422 noster
2046 1362 2202 1419 Jesus

604 1461 873 1528 Christus,
891 1461 943 1516 in
962 1474 1027 1516 eo
1042 1459 1183 1533 quod
1205 1458 1374 1514 virtus
1386 1466 1440 1513 et
1457 1457 1718 1530 sapientia
1737 1456 1829 1511 Dei
1844 1464 1947 1523 est,
1962 1455 2028 1511 de
2040 1452 2203 1508 Patre

609 1561 736 1609 ante
767 1560 1009 1624 tempora
1051 1559 1213 1607 natus
1257 1560 1361 1621 est,
1399 1549 1482 1605 vel
1518 1549 1720 1622 potius,
1753 1548 1878 1619 quia
1909 1559 2010 1602 nec
2037 1544 2204 1617 coepit

604 1647 753 1703 nasci
786 1661 886 1702 nec
912 1644 1131 1711 desinit,
1173 1643 1418 1700 dicamus
1446 1644 1626 1698 verius
1655 1656 1855 1711 semper
1881 1650 2054 1693 nutus.
2086 1636 2202 1693 Non

610 1722 789 1792 autem
819 1750 1106 1807 possumus
1129 1735 1311 1790 dicere
1338 1750 1537 1804 semper
1561 1733 1826 1797 nascitur,
1853 1745 1920 1785 ne
1947 1727 2203 1800 imperfe-

2290 546 2431 602 hona
2458 554 2515 602 et
2539 547 2684 617 justa
2712 556 2816 612 est,
2847 562 2967 617 quae
2992 556 3086 603 aut
3115 550 3184 605 sd
3204 549 3404 604 donum
3425 549 3888 620 pertinetgntia,

2292 646 2387 694 aut
2427 638 2496 694 ad
2536 640 2947 696 retributionem
2982 639 3242 710 iustitiae,
3285 640 3428 696 sicut
3462 652 3686 697 sanctus
3709 641 3893 713 Auga-

2292 729 2468 786 stinus
2502 729 2558 785 in
2600 729 2740 786 libro
2764 731 2831 786 de
2857 731 3007 787 Bono
3031 731 3450 801 perseverantiae
3485 730 3619 787 dicit
3662 750 3676 785 :
3708 751 3727 783 ι
3758 731 3891 788 Sine

2292 819 2612 891 poenitentia
2634 828 2763 876 sunt
2784 822 2925 878 dona
2946 829 3006 878 et
3024 821 3241 879 vocatio
3269 821 3387 878 Dei.
3415 821 3663 893 Namque
3686 823 3744 876 in
3767 837 3890 887 sua,

2294 926 2417 983 quae
2454 910 2567 966 falli
2602 913 2912 984 mutarique
2946 929 3055 969 non
3093 922 3298 985 potest,
3338 915 3675 985 praseientis
3718 920 3889 983 Opera

2297 1017 2394 1058 sua
2422 1002 2602 1057 hitura
2631 1003 2942 1075 disponere,
2966 1005 3023 1059 id
3046 1003 3269 1060 omnino
3295 1018 3399 1060 nec
3418 1003 3565 1059 aliud
3591 1004 3891 1074 quidth

2296 1101 2384 1150 est
2429 1094 2836 1164 praedestinare.
2863 1115 2880 1149 ι
2932 1095 3002 1151 Et
3031 1095 3085 1151 in
3122 1096 3262 1152 libro
3300 1096 3370 1153 de
3406 1096 3896 1153 Prmdestinations

2297 1193 2610 1240 sanctorum
2644 1201 2659 1239 :
2692 1204 2713 1237 ί
2744 1183 3230 1243 Prtedestinatioue
3256 1187 3455 1258 quippe
3480 1187 3623 1243 Deus
3648 1201 3716 1241 ea
3754 1202 3896 1258 pre-

2299 1277 2460 1333 scivit
2494 1292 2617 1348 qua:
2658 1276 2836 1332 fuerat
2876 1277 2992 1347 ipse
3024 1275 3300 1345 facturus;
3338 1279 3485 1333 unde
3515 1278 3725 1335 dictum
3758 1287 3891 1335 est:

2302 1366 2449 1423 Fecit
2470 1384 2590 1439 qua
2611 1367 2792 1438 futura
2815 1377 2958 1422 sunt.
2982 1387 3002 1420 ι
3020 1366 3170 1434 Quia
3193 1407 3208 1431 ,
3249 1376 3311 1422 ut
3336 1368 3452 1437 ipse
3478 1367 3534 1422 in
3564 1369 3726 1424 tertio
3756 1369 3895 1427 lituo

2299 1458 2368 1514 de
2402 1457 2668 1514 Trinitate
2692 1457 2865 1513 dicit‘:
2909 1475 2930 1508 ι
2952 1457 3011 1513 In
3037 1457 3131 1512 illa
3155 1471 3367 1512 summa
3391 1458 3627 1514 essentia
3654 1473 3763 1514 nec
3784 1460 3896 1515 ori-

2302 1550 2509 1604 tur'nec
2531 1547 2760 1604 moritur
2783 1546 3012 1618 aliquid,
3032 1562 3133 1602 nec
3152 1546 3342 1617 incipit
3360 1560 3482 1603 esse
3505 1561 3608 1603 nec
3630 1548 3887 1604 desitum

2301 1643 2370 1698 Et
2405 1644 2459 1698 in
2501 1642 2637 1699 libro
2670 1642 3125 1715 Hyponn;estic0n
3174 1640 3304 1713 (lib.
3336 1657 3410 1707 vr,
3453 1641 3550 1696 sub
3594 1642 3888 1715 initium):

2308 1754 2326 1787 ι
2357 1735 2622 1803 Deus,cui
2641 1735 2977 1806 praescientia
2996 1750 3100 1790 non
3129 1734 3381 1790 accidens
3395 1743 3499 1799 est,
3529 1735 3623 1791 sed
3652 1736 3892 1791 essentia

607 1833 726 1880 ctus
745 1823 1008 1879 videatur.
1039 1823 1109 1878 At
1138 1837 1267 1879 vero
1295 1831 1355 1878 ut
1379 1831 1615 1879 aeternus
1645 1821 1913 1893 designari
1943 1819 2116 1875 valeat
2140 1828 2197 1874 et
2226 1817 2273 1880 Β
2302 1826 2406 1882 fuit
2430 1840 2644 1898 semper
2665 1837 2841 1894 etest,
2866 1828 3125 1898 quidquid
3148 1841 3437 1899 antequam
3461 1829 3531 1886 sit
3550 1831 3630 1885 sic
3652 1831 3888 1900 praestat,

604 1910 911 1986 perfectus,
943 1925 998 1970 et
1021 1931 1221 1987 semper
1248 1915 1492 1971 dicamus
1527 1925 1584 1970 et
1616 1923 1804 1979 natus,
1838 1921 2105 1983 quatenus
2143 1922 2199 1968 et

607 2019 761 2065 natus
799 2007 867 2064 ad
892 2006 1278 2080 perfectionem
1305 2008 1595 2079 pertineat,
1625 2016 1681 2063 et
1718 2023 1921 2077 semper
1950 2007 2016 2061 ad
2043 2013 2199 2062 aeter-

540 2110 565 2129 ³
604 2102 830 2158 nitatem
857 2120 870 2156 :
902 2107 962 2157 ut
989 2115 1310 2171 quocunque
1336 2100 1497 2156 modo
1531 2099 1619 2154 illa
1646 2098 1880 2155 essentia
1912 2098 2030 2153 sine
2059 2105 2198 2152 tem-

516 2240 519 2241 ν
600 2212 736 2269 pore
772 2194 1054 2265 temporali
1096 2193 1273 2248 valeat
1316 2190 1587 2264 designari
1628 2205 1899 2247 sermone.
1943 2187 2201 2257 Quamvis

600 2275 711 2343 hoc
737 2288 853 2358 ipso
878 2287 1021 2358 quod
1053 2283 1351 2357 perfectum
1382 2285 1644 2350 dicimus,
1672 2282 1899 2338 multum
1947 2281 2016 2336 ab
2059 2279 2201 2336 illius

598 2362 849 2433 veritatis
886 2376 1237 2447 expressione
1276 2374 1597 2440 deviamus,
1642 2374 1768 2445 quia
1813 2371 1955 2443 quod
1999 2371 2198 2427 factum

604 2462 709 2524 non
737 2479 855 2536 est,
886 2486 990 2524 non
1023 2476 1199 2539 potest
1238 2465 1344 2522 dici
1387 2465 1709 2537 perfectum.
1744 2465 1809 2522 Et
1835 2474 2016 2521 tamen
2046 2463 2199 2519 iuiir-

602 2558 807 2633 unitatis
851 2567 1052 2613 nostra:
1090 2556 1269 2613 verbis
1308 2556 1570 2613 Dominus
1595 2556 2053 2621 condescendens,
2082 2554 2197 2610 ait:

604 2647 785 2706 Estotc
811 2648 1028 2719 perfecti
1058 2649 1192 2703 sicut
1219 2658 1266 2703 et
1301 2644 1461 2703 Pater
1489 2659 1654 2703 vester
1685 2646 1903 2703 caelestis
1940 2645 2200 2719 perfectus

603 2751 677 2795 est
710 2739 905 2812 (Marc.
931 2756 982 2805 v,
998 2739 1075 2808 5).
1115 2759 1133 2793 ι
1171 2737 1285 2794 Hoc
1309 2739 1453 2794 enim
1475 2738 1543 2795 de
1567 2738 1748 2795 radice
1774 2738 2042 2793 traximus
2058 2737 2201 2808 quod

600 2832 657 2887 in
686 2833 851 2886 ramis
879 2839 1159 2903 portamus
1182 2868 1201 2898 ,
1232 2837 1292 2885 ut
1319 2829 1516 2887 talibus
1544 2846 1608 2887 ac
1634 2830 1814 2886 taliter
1840 2829 2023 2887 doceri
2063 2830 2201 2885 indi-

2298 1917 2683 1990 praedestinat,
2727 1927 2784 1973 et
2813 1928 3100 1990 propterea
3143 1920 3526 1991 praedestinat,
3565 1921 3693 1990 quia
3730 1920 3894 1990 quale

2298 2005 2541 2062 futurum
2563 2008 2633 2062 sit
2654 2008 2876 2078 przcscit
2901 2024 2915 2061 :
2939 2009 3032 2063 sed
3055 2023 3158 2063 non
3177 2008 3341 2065 omne
3359 2010 3503 2080 quod
3525 2010 3743 2080 praescii
3759 2025 3895 2080 pra:-

2296 2098 2552 2165 destinat;
2582 2098 2722 2152 mala
2746 2100 2889 2153 enim
2921 2107 3130 2154 tantum
3158 2101 3395 2171 praescit,
3424 2102 3563 2157 bona
3593 2116 3725 2158 vero
3752 2117 3892 2175 prro

2299 2188 2402 2244 scit
2428 2197 2483 2244 et
2505 2190 2873 2261 praedestinat.
2901 2189 3055 2258 Quod
3080 2207 3213 2262 ergo
3239 2192 3438 2249 bonum
3465 2203 3568 2260 est,
3600 2198 3893 2266 praescieri-

2299 2280 2373 2334 tia
2410 2281 2789 2351 praedestinat,
2841 2282 2895 2337 id
2941 2292 3061 2349 est,
3101 2284 3415 2353 priusquam
3451 2285 3523 2340 sit
3563 2286 3617 2341 in
3655 2301 3717 2342 re
3755 2301 3893 2358 pra-

2298 2369 2546 2435 ordinat,
2584 2368 2685 2424 hoc
2712 2384 2837 2425 cum
2867 2372 2985 2441 ipso
3018 2380 3238 2428 auctore
3275 2388 3396 2429 esse
3422 2377 3670 2444 coeperit,
3708 2385 3892 2444 vocat,

2299 2464 2517 2520 ordinat
2538 2470 2594 2520 et
2620 2463 2880 2536 disponit.
2916 2484 2933 2516 ι

2371 2552 2487 2621 Qua
2514 2554 2852 2625 praescientia
2878 2564 2936 2610 et
2961 2556 3438 2627 praedestinatione
3460 2556 3604 2612 Deus
3632 2557 3812 2613 bonus
3832 2568 3894 2614 et

2296 2643 2474 2714 justus
2518 2660 2854 2716 quaecunque
2893 2646 3024 2703 fecit
3060 2649 3113 2702 in
3156 2655 3432 2720 tempore,
3474 2650 3689 2719 et'ipsa
3720 2651 3892 2705 etiam

2303 2742 2564 2806 tempora,
2595 2737 2688 2805 qui
2709 2736 2829 2806 fecit
2850 2750 2969 2807 qua:
2996 2737 3179 2808 futura
3206 2748 3345 2804 sunt,
3373 2741 3643 2811 prmscivit
3669 2749 3896 2813 etpra—

2300 2822 2590 2879 destinavit
2624 2822 2741 2880 sine
2775 2834 3048 2896 tempore,
3095 2828 3221 2898 quia
3258 2838 3384 2884 ante
3418 2830 3601 2885 omnia
3643 2838 3892 2901 tempora

601 2935 857 2992 gcamus;
888 2922 1143 2992 quoniam
1175 2937 1364 2992 corpus
1398 2921 1536 2993 quod
1566 2921 1919 2991 corrumpitur
1946 2930 2198 2992 aggravat
2300 2916 2574 3005 hominem
2598 2933 2721 2974 cum
2748 2918 2922 2975 libero
2943 2919 3169 2976 arbitrio
3197 2936 3257 2977 se
3286 2917 3579 2979 facturum.
3609 2922 3896 2981 Praescivit

602 3012 857 3076 animam,
886 3019 935 3066 et
956 3010 1199 3081 deprimit
1227 3020 1432 3065 ten-eno
1460 3010 1770 3065 inhabitatio
1795 3025 2004 3065 sensum
2030 3008 2198 3063 multa
2301 3015 2515 3073 autem,
2548 3008 2655 3062 non
2702 3010 3135 3079 praedestinavit,
3179 3013 3430 3068 eumdem
3476 3014 3767 3071 hominem.
3790 3030 3892 3086 per

600 3100 913 3173 cogitantem
950 3098 1104 3173 (Sap.
1142 3114 1221 3165 Ix,
1263 3098 1376 3171 15),
1414 3108 1468 3153 et
1510 3099 1746 3168 quandiu
1779 3113 1967 3154 sumus
1996 3098 2050 3152 in
2094 3098 2199 3153 hoc
2241 3173 2268 3177 _
2302 3096 2445 3152 idem
2473 3098 2701 3154 liberum
2730 3100 3018 3156 arbitrium
3045 3118 3298 3158 casurum
3321 3144 3335 3167 ,
3367 3112 3422 3158 et
3454 3119 3687 3161 massam
3710 3107 3895 3177 perdi-

603 3208 862 3265 corpore,
906 3193 1315 3264 peregrinamur
1355 3207 1384 3246 a
1415 3191 1673 3258 Domino,
1715 3198 1769 3247 et
1798 3190 2200 3262 ingemiscimus
2225 3173 2271 3236 C
2304 3189 2467 3245 tionis
2530 3191 2697 3246 totius
2753 3193 2975 3248 humani
3030 3196 3248 3265 generis
3291 3194 3557 3252 futurum.
3606 3173 3894 3253 Praescivit
3984 3268 3991 3273 θ

602 3285 810 3357 gravati
839 3327 854 3351 ,
887 3284 1203 3356 superindui
1230 3284 1506 3356 cupientes
1540 3283 1927 3340 habitationem
1967 3297 2088 3353 quae
2133 3282 2201 3339 de

602 3378 744 3435 coelo
769 3387 871 3433 est.
900 3376 1035 3433 Cum
1065 3386 1242 3432 autem
1283 3375 1652 3446 corruptivum
1691 3375 1796 3431 hoc
1836 3372 2071 3430 induerit
2111 3374 2199 3429 in-

603 3469 1025 3539 corruptionem,
1062 3475 1116 3523 et
1147 3465 1373 3521 mortale
1414 3465 1518 3521 hoc
1557 3465 1793 3520 induerit
1824 3464 2200 3521 immortalita-

590 3554 733 3627 tem,
756 3562 897 3631 quod
922 3574 1065 3615 nunc
1089 3558 1268 3615 verbis
1286 3557 1385 3614 sibi
1403 3557 1712 3629 impropriis
1735 3557 1914 3613 divina
1938 3556 2194 3620 essentia,

602 3653 755 3724 quasi
786 3653 840 3707 in
872 3654 1040 3724 Iigura
1067 3662 1121 3707 et
1146 3652 1431 3723 aenigmate
1450 3692 1464 3718 ,
1491 3666 1557 3706 ex
1582 3659 1735 3722 parte
1760 3666 1859 3707 nos
1883 3651 2072 3716 docet,
2104 3651 2196 3721 qui

602 3742 759 3799 docet
783 3742 1054 3797 hominem
1084 3741 1392 3807 scientiam,
1426 3750 1480 3795 et
1509 3756 1538 3794 a
1564 3738 1716 3810 cujus
1745 3739 1884 3796 faeie
1909 3749 1994 3796 est
2022 3741 2195 3796 scien-

604 3833 679 3888 tia
707 3841 762 3889 et
786 3832 1110 3898 intellectus,
1137 3833 1354 3904 quando
1378 3833 1587 3888 venerit
1606 3831 1749 3902 quod
1770 3831 2064 3904 perfectum
2089 3842 2191 3900 est,

601 3931 657 3979 et
682 3924 1033 3979 evacuabitur
1058 3924 1199 3993 quod
1236 3938 1300 3978 ex
1339 3932 1492 3993 parte
1519 3934 1601 3983 est
1626 3964 1641 3989 ,
1680 3931 1735 3979 et
1774 3923 2011 3979 revelata
2056 3923 2192 3980 facie

603 4014 829 4086 gloriam
857 4013 1065 4070 Domini
1089 4015 1488 4085 speculabimur
1515 4017 1566 4070 in
1591 4016 1809 4071 civitate
1832 4015 2008 4071 lucida
2031 4023 2192 4086 atque

598 4107 916 4179 perspicua,
982 4120 1104 4178 quae
1167 4114 1252 4161 est
1313 4107 1508 4163 similis
1559 4122 1693 4164 auro
1751 4109 1991 4174 mundo,
2048 4108 2191 4163 vitro

599 4197 800 4252 mundo
824 4237 838 4263 ,
868 4204 923 4251 et
953 4197 1105 4267 cujus
1132 4195 1349 4251 lucerna
1377 4205 1461 4252 est
1490 4212 1690 4267 agnus,
1730 4211 2027 4268 omnesque
2071 4197 2189 4267 ejus

582 4282 693 4342 ~filii
716 4289 923 4343 erinms
942 4286 1083 4342 docti
1107 4301 1135 4340 a
1159 4285 1409 4352 Domino,
1433 4286 1487 4343 in
1512 4287 1742 4359 propriis
1761 4289 1976 4358 propria
2006 4287 2187 4343 doceri

598 4394 706 4435 non
731 4377 1112 4448 indigehimus.

580 4476 583 4479 ‘
672 4467 1081 4533 Verumtamen,
1113 4467 1263 4525 salvo
1288 4466 1411 4524 ﬁdei
1442 4468 1736 4535 intellectu,
1769 4470 2074 4526 rectissime
2102 4471 2186 4528 di-

597 4562 739 4617 citur
766 4560 1106 4632 prmscientia
1134 4567 1187 4615 et
1211 4559 1618 4631 praedestinatio
1656 4561 1787 4627 Dei,
1836 4578 1957 4632 qute
1996 4578 2106 4618 non
2135 4563 2185 4618 ei

578 4650 664 4706 ‘ex
698 4660 937 4723 tempore
965 4649 1250 4718 accidens,
1293 4650 1388 4706 sed
1427 4651 1661 4707 essentia
1697 4660 1811 4719 est,
1850 4654 1935 4708 cui
1970 4667 2185 4725 semper

595 4757 717 4799 esse
756 4751 858 4808 est,
910 4752 965 4798 et
1015 4742 1068 4798 id
1116 4743 1256 4798 scire
1295 4743 1438 4814 quod
1472 4757 1593 4800 csse
1620 4753 1723 4801 est.
1756 4744 1824 4800 Et
1865 4746 2005 4801 sicut
2042 4746 2182 4802 idem

596 4836 741 4892 Deus
785 4836 1147 4907 sempiternus
1175 4877 1189 4901 ,
1223 4834 1364 4891 idem
1405 4850 1618 4906 semper
1652 4844 1887 4893 :etcrnus
1922 4846 1978 4892 et
2010 4838 2183 4894 bonus

593 4928 735 4994 cst,’
763 4927 837 4982 ita
871 4925 1209 4999 praescientia
1249 4935 1306 4981 et
1349 4927 1750 4996 prtedestinatio
1775 4928 1891 4999 ejus
1916 4934 2181 4983 coaeterna

575 5020 649 5075 ‘et
720 5020 892 5085 bona,
950 5032 1057 5073 non
1121 5017 1414 5083 accidens,
1488 5018 1585 5075 sed
1650 5018 1885 5076 essentia
1946 5019 2049 5073 fuit
2103 5019 2179 5074 illi

568 5112 809 5183 semper
875 5119 933 5168 et
1000 5120 1104 5167 est.
1178 5109 1331 5167 Unde
1397 5110 1730 5184 Augustinus
1789 5114 1843 5168 in
1915 5110 2178 5168 sententia

565 5208 568 5212 λ
593 5202 879 5277 Evangelii
899 5202 1060 5275 108
1085 5201 1345 5259 Joannis:
1375 5201 1520 5258 Sicut
1541 5204 1700 5259 audio
1719 5204 1904 5275 judico
1930 5202 2180 5270 (Joan.v,

491 5298 502 5308 '
589 5292 707 5367 50).
760 5293 925 5351 Audit
980 5294 1229 5352 videlicet
1281 5310 1382 5367 per
1444 5296 1708 5351 unitatem
1760 5296 2072 5352 substantiae
2128 5308 2183 5351 et

584 5382 979 5458 proprietatem
1049 5386 1311 5442 scientiae.
1383 5385 1431 5442 Δ
1496 5401 1604 5458 quo
1663 5397 1751 5444 est
1808 5388 2051 5459 genitus,
2114 5389 2182 5443 ab

566 5468 659 5531 'eo
680 5471 756 5530 illi
784 5476 867 5530 est
897 5474 1272 5547 intelligentia,
1302 5474 1372 5531 ab
1400 5474 1493 5532 illo
1516 5477 1705 5547 utique
1726 5485 1809 5531 ρει
1835 5476 2084 5544 scientia,
2112 5477 2181 5533 ab

564 5560 573 5571 ’
593 5582 658 5625 eo
680 5570 845 5642 igitur
865 5568 1157 5637 audientis,
1182 5567 1302 5641 qua:
1321 5569 1456 5625 nihil
1475 5578 1559 5627 est
1578 5568 1723 5625 aliud
1749 5585 1910 5640 quam
1928 5572 2175 5628 scientia.

593 5662 660 5717 Et
697 5663 835 5718 sicut
861 5663 1003 5719 idem
1036 5658 1179 5717 Deus
1204 5676 1375 5728 unus,
1422 5671 1478 5718 et
1505 5676 1615 5717 non
1641 5677 1718 5717 εκ·
1739 5661 2001 5741 accidenti
2027 5704 2040 5728 ,
2085 5664 2180 5719 sed

592 5740 957 5812 essentialiter
980 5752 1156 5810 bonus
1183 5762 1237 5810 et
1255 5750 1439 5823 justus
1460 5753 1561 5822 est,
1591 5753 1666 5808 ita
1689 5763 1740 5808 et
1770 5755 2180 5826 praede‘stinatio

2216 4524 2265 4584 D

2299 3279 2462 3335 etiam
2484 3289 2545 3335 et
2573 3282 2974 3351 praedestinavit
2998 3285 3118 3340 sine
3140 3295 3383 3356 tempore
3404 3328 3421 3353 ,
3463 3287 3590 3357 quia
3617 3298 3747 3344 ante
3771 3303 3894 3345 om-

2299 3370 2387 3426 nia
2414 3379 2680 3443 tempora,
2709 3388 2776 3428 ex
2804 3376 2996 3431 eadem
3029 3392 3207 3432 massa
3236 3378 3498 3447 quosdam
3522 3393 3624 3449 per
3652 3380 3891 3450 gratiam

2297 3479 2359 3519 se
2384 3466 2452 3520 ad
2470 3467 2720 3521 eamdem
2739 3476 2997 3524 aeternam
3020 3469 3188 3524 vitam
3211 3479 3612 3541 reparaturum,
3633 3470 3701 3525 ad
3723 3486 3892 3542 quam

2295 3555 2529 3625 primum
2572 3557 2846 3613 hominem
2907 3560 3210 3616 consistere
3255 3560 3453 3627 voluit,
3508 3574 3672 3632 quem
3718 3576 3780 3619 se
3822 3565 3893 3620 ad

2296 3645 2589 3716 imaginem
2631 3656 2683 3702 et
2723 3648 3134 3706 similitudinem
3178 3666 3331 3707 suam
3373 3660 3501 3708 ante
3530 3652 3715 3708 omnis
3743 3662 3889 3709 tem-

2292 3750 2423 3806 pora
2450 3740 2726 3807 praescivit
2751 3747 2807 3795 et
2838 3742 3242 3810 praedestinavit
3276 3743 3543 3799 facturum
3569 3761 3588 3798 :
3612 3753 3669 3800 et
3693 3744 3892 3801 eadem

2294 3832 2466 3903 gratia
2501 3834 2773 3901 praeseivit
2812 3843 2867 3890 et
2901 3836 3299 3907 praedestinavit
3337 3845 3462 3892 ante
3505 3844 3750 3908 tempora
3780 3852 3889 3893 sae-

2292 3922 2520 3988 cularia,
2545 3924 2806 3992 pnescilis
2824 3933 2880 3980 et
2903 3926 3296 3996 praedestinatis
3317 3927 3434 3982 suis
3455 3928 3704 3981 eamdem
3727 3936 3890 3984 aeter-

2276 4028 2415 4068 nam
2448 4014 2612 4069 vitam
2632 4030 2694 4071 se
2714 4015 3060 4071 donaturum.
3091 4016 3370 4074 Praescivit
3393 4026 3593 4083 autem,
3614 4034 3724 4075 non
3750 4034 3888 4089 pr»

2290 4103 2603 4171 destinavit,
2629 4106 2891 4176 quosdam
2916 4107 2970 4161 iu
2992 4107 3180 4163 eadem
3210 4122 3388 4163 massa
3410 4106 3603 4164 mortis
3628 4122 3890 4178 permen-

2290 4209 2480 4259 sures,
2512 4203 2568 4250 et
2611 4196 2680 4251 ad
2726 4197 3019 4251 secundam
3057 4208 3286 4252 mortem
3308 4238 3324 4263 ,
3372 4212 3493 4268 qua:
3524 4205 3730 4253 acterna
3756 4207 3846 4253 est
3869 4241 3885 4266 ,

2290 4294 2683 4356 perventuros:
2726 4287 3135 4356 praedestinavit
3177 4303 3309 4344 vero
3345 4290 3585 4354 eisdem,
3628 4304 3890 4360 perseve—

2270 4384 2445 4431 rante
2488 4370 2772 4446 iniquitate
2817 4378 2886 4432 ad
2928 4386 3189 4433 aeternam
3232 4387 3466 4435 mortem
3505 4384 3885 4450 perveaturis,

2290 4480 2507 4537 poenam
2541 4482 2600 4522 se
2628 4469 2821 4525 merito
2849 4469 3208 4524 redditurum.
3236 4470 3503 4538 Quoniam
3550 4472 3695 4528 sicut
3737 4489 3885 4544 pra-

2289 4558 2447 4614 scivit
2496 4566 2551 4615 et
2601 4574 2708 4615 non
2760 4562 3163 4631 praedestinavit
3213 4573 3341 4619 ante
3396 4564 3577 4619 omnia
3632 4574 3885 4636 tempore

2288 4648 2560 4704 hominem
2610 4663 2995 4719 peccaturum,
3047 4660 3105 4706 et
3151 4665 3251 4723 per
3306 4662 3587 4723 peccatum
3642 4668 3885 4713 mortem

2289 4742 2631 4797 incursurum
2695 4759 2707 4796 :
2771 4743 2846 4797 ita
2915 4743 3085 4799 isdem
3121 4784 3137 4808 ,
3211 4746 3303 4815 qui
3375 4761 3480 4800 non
3534 4756 3623 4801 est
3686 4756 3887 4804 auctor

2288 4830 2514 4896 mortis,
2560 4831 2657 4887 sed
2704 4832 2995 4888 damnator
3047 4834 3172 4889 vitae
3220 4844 3279 4890 et
3330 4837 3565 4903 mortis,
3622 4852 3735 4894 non
3798 4852 3889 4896 est

2287 4938 2434 4979 mors
2484 4924 2865 4993 morientium,
2913 4927 3006 4982 sed
3039 4929 3147 4983 vita
3195 4927 3526 4997 viventium,
3565 4931 3656 5001 qui
3688 4931 3884 4989 dixit:

2292 5015 2415 5071 Non
2452 5027 2527 5071 est
2571 5016 2713 5072 Deus
2753 5027 3079 5073 mortuorum
3102 5059 3118 5085 ,
3176 5019 3268 5074 sed
3317 5020 3593 5076 viventium
3633 5021 3655 5093 (
3677 5020 3883 5081 Nam.

2288 5120 2402 5164 nn
2429 5151 2445 5178 ,
2494 5109 2620 5183 52),
2668 5111 2941 5182 pmscivit
2994 5126 3101 5167 non
3157 5112 3560 5183 praedestinavit
3596 5115 3884 5174 hominem

2290 5198 2357 5257 ad
2425 5192 2655 5258 mortem
2682 5226 2707 5270 ,η
2763 5217 2926 5274 quem
2999 5204 3067 5259 ad
3136 5204 3527 5261 aeternitatem
3570 5208 3885 5265 cmsistere

2292 5294 2456 5366 109
2503 5294 2705 5362 voluit;
2751 5296 2805 5350 in
2848 5308 2957 5367 quo
2992 5310 3188 5352 omnes
3234 5299 3599 5354 consisterent
3644 5299 3699 5353 si
3763 5301 3886 5374 ipse

2291 5387 2636 5457 persisteret,
2692 5388 2835 5443 sicut
2879 5388 2936 5442 in
2982 5402 3049 5443 eo
3090 5403 3282 5446 omnes
3316 5399 3711 5460 peccaverunt,
3760 5393 3881 5463 ipse

2289 5479 2554 5552 peccavit,
2596 5480 2739 5536 sicut
2784 5479 3050 5550 scriptum
3098 5487 3187 5536 est
3235 5494 3252 5536 :
3296 5480 3369 5536 In
3412 5498 3517 5553 quo
3556 5496 3742 5538 om
3758 5500 3883 5555 pec-

2266 5581 2537 5626 caturum
2562 5569 2736 5643 (Rom.
2766 5586 2824 5638 v,
2845 5572 2957 5642 12).
2990 5569 3111 5627 Non
3146 5573 3553 5642 praedestinavit
3595 5575 3880 5633 hominem

2288 5663 2356 5719 ad
2384 5674 2628 5734 pinnam,
2655 5676 2815 5733 quem
2845 5661 3091 5719 condidit
3122 5663 3491 5720 cum‘honere
3509 5664 3578 5727 ad
3601 5664 3835 5737 glorians
3859 5683 3877 5720 :

2270 5766 2412 5825 “non,
2446 5758 2684 5827 inquam,
2715 5756 3141 5829 praedestinavit,
3170 5757 3266 5814 sed
3297 5758 3571 5829 przescivit
3597 5758 3879 5815 hominem
