4052 6334
197 395 306 450 1τὸ

1007 393 1094 450 DE
1133 391 1802 471 ΡωεετιΝΑτιοΝε
1838 371 2294 486 οιεδειιτηιο
2333 397 2743 457 ροετιιηιοιι.

3369 410 3469 468 ιη

195 511 266 564 ad
299 521 536 579 penam,
573 505 644 561 ad
669 519 835 576 quam
864 519 964 577 per
993 508 1170 576 pinnis
1195 509 1354 578 digna
1386 523 1550 578 opera
1589 520 1782 577 perve-
1812 509 1860 565 Δ
1888 503 2073 576 sbyter
2099 525 2112 562 :
2151 525 2169 559 ι
2199 507 2256 562 ln
2287 510 2554 567 haereticis
2575 521 2629 568 et
2652 512 2810 568 malis
2831 512 3115 572 catholicis
3154 529 3263 572 non
3289 531 3483 574 sacra:

197 600 377 662 nitur;
422 597 550 667 quia
596 605 653 653 et
681 596 968 653 inﬁdelitas
1025 597 1238 666 pteuale
1259 613 1397 668 opus
1415 605 1528 662 est,
1563 597 1704 651 sicut
1732 604 1789 651 et

196 704 350 760 Opus
380 687 574 743 salutis
596 697 681 742 est
709 686 866 750 ﬁdes,
894 686 1106 742 dicente
1139 686 1412 742 Domino:
1446 685 1563 741 Hoc
1587 695 1664 740 est
1696 703 1793 742 au-

196 794 302 836 tem
349 798 483 851 opus
526 779 667 848 ejus,
711 787 766 833 ut
807 769 1032 834 credatis
1071 780 1128 834 in
1172 796 1294 834 eum
1325 795 1477 850 quem
1513 779 1664 850 misit
1704 777 1792 834 ille

195 873 385 942 (Joan.
418 888 492 937 vi,
525 871 620 940 29)
648 887 663 935 ;
706 879 764 924 ut
797 871 1109 941 quicunque
1131 871 1198 925 ad
1233 885 1450 940 pinnam
1479 871 1646 937 vadit,
1665 870 1792 926 'ori-

192 965 367 1033 ginali
412 963 496 1019 vel
529 963 727 1020 actuali
762 972 984 1033 peccato
1015 964 1068 1018 in
1095 963 1410 1022 inﬁdelitate
1441 979 1789 1034 permanens,

200 1065 295 1110 aut
325 1069 436 1109 non
467 1053 764 1120 credendo,
794 1063 888 1109 aut
913 1055 1071 1111 malis
1095 1055 1371 1124 operibus,
1399 1057 1541 1112 sicut
1561 1055 1792 1126 Aposto-

191 1145 277 1201 lus
327 1145 487 1210 dicit,
534 1145 703 1200 Deum
745 1144 1014 1216 negando,
1046 1161 1153 1202 non
1180 1145 1664 1216 praedestinatione
1693 1145 1786 1202 Dei

188 1240 257 1293 ad
298 1237 456 1294 iilam
495 1238 762 1307 pervenit.
811 1235 1065 1305 Alioquin
1110 1237 1328 1307 Opiﬂcio
1373 1237 1518 1292 illius
1567 1245 1784 1306 reputa-

189 1338 382 1392 κων,
424 1338 487 1382 ιιι
527 1327 818 1400 deputatur
869 1323 989 1394 ejus
1036 1326 1254 1398 opiiicio
1298 1329 1442 1397 quod
1491 1325 1774 1398 praedesti-

187 1421 302 1476 nati
344 1421 418 1476 ad
463 1419 634 1476 vitam
681 1418 1002 1489 perveniunt
1041 1418 1447 1488 sempiternam.
1491 1417 1648 1473 Sicut
1685 1432 1786 1474 nec

189 1511 410 1580 primus
483 1509 645 1564 homo
699 1507 800 1564 Dei
851 1507 1328 1578 praedestinatione
1367 1507 1642 1576 peccavit,
1703 1505 1787 1560 vel

187 1601 676 1673 pradostinatione
726 1609 960 1658 mortem
1011 1599 1268 1663 incurrit,
1320 1598 1446 1668 quia
1495 1599 1639 1653 Deus
1683 1612 1787 1651 non

187 1692 554 1764 przdestinat
593 1691 696 1746 nisi
721 1705 785 1746 ea
814 1707 936 1760 quae
972 1691 1087 1760 ipso
1113 1700 1335 1746 auctore
1363 1698 1489 1744 sunt
1516 1689 1786 1744 facienda.

189 1783 281 1840 Sic
323 1785 504 1840 etiam
547 1791 605 1838 et
649 1783 722 1837 de
761 1781 1102 1853 praescientia
1143 1781 1238 1836 Dei
1283 1781 1622 1836 sentiendum
1660 1791 1782 1837 est:

1894 605 2079 653 menta
2118 601 2444 666 communia,
2480 603 2533 656 in
2564 603 2760 674 quibus
2802 605 3084 662 nobiscum
3111 617 3257 673 sunt,
3293 619 3347 664 et
3383 606 3480 680 ad-

1895 699 2111 741 versum
2153 702 2254 752 nos
2301 704 2405 744 non
2450 699 2606 755 sunt,
2665 693 2761 747 sed
2805 693 3124 752 divisionem
3169 699 3287 768 paci
3339 701 3469 756 veri-

1895 777 2099 848 tatique
2121 781 2472 846 contrariam,
2497 797 2601 852 qua
2625 783 2911 840 adversum
2937 801 3036 842 nos
3067 797 3272 852 sunt,et
3295 786 3473 846 Domi.

1893 882 2025 923 num
2070 884 2180 924 non
2213 880 2515 940 sequuntur
2565 872 3262 941 nobiscum,.detestari~et
3288 882 3470 952 prohi-

1889 957 2022 1016 bere
2051 959 2328 1018 debemus.
2359 984 2379 1017 ι
2588 965 2594 971 ’

1963 1051 2232 1121 Quoniam
2266 1057 2661 1122 Gothescalcus
2684 1069 2739 1116 et
2765 1061 2851 1117 sui
2883 1061 3171 1132 complices
3196 1064 3468 1136 geminam

1889 1143 2421 1214 praedestinationem
2465 1150 2668 1216 dicunt,
2723 1166 2829 1206 non
2873 1166 2969 1220 per
3013 1160 3184 1206 totum
3211 1170 3387 1223 neque
3417 1157 3471 1210 in

1893 1242 2008 1289 toto
2054 1236 2156 1292 hoc
2202 1236 2441 1294 refutare
2492 1241 2772 1306 debemus,
2812 1242 2907 1295 sed
2952 1257 3169 1298 sensum
3195 1244 3472 1303 catholicae

1892 1325 2018 1382 lidei
2064 1330 2403 1385 contrarium
2446 1331 2500 1386 in
2547 1331 2648 1387 hoc
2689 1333 2868 1396 dicto,
2910 1349 3018 1401 quo
3047 1331 3475 1404 praedestinatio-

1889 1431 2014 1472 nem
2043 1417 2137 1473 Dei
2164 1421 2435 1490 geminam
2467 1432 2738 1488 astruunt,
2765 1424 2886 1480 ίὶιΙεί
2911 1425 3192 1481 catholicae
3224 1426 3318 1480 lilii
3348 1427 3474 1484 abo-

1892 1507 2094 1561 minari
2138 1518 2194 1562 et
2236 1511 2704 1566 anathematizare
2755 1514 3033 1569 debemus.
3075 1513 3271 1570 Dicunt
3304 1514 3471 1584 enim,

1891 1605 1951 1652 ut
1978 1600 2360 1668 praemisimus,
2384 1603 2512 1670 quia
2538 1603 2681 1658 sicut
2704 1603 2861 1659 electi
2890 1621 2919 1656 a
2949 1604 3059 1659 Deo
3084 1605 3471 1674 praedestinan-

1891 1695 1984 1742 tnr
2014 1689 2082 1744 ad
2126 1690 2316 1756 vitam,
2367 1693 2440 1747 ita
2488 1695 2704 1764 reprobi
2728 1710 2758 1748 a
2789 1693 2899 1749 Deo
2925 1697 3379 1765 praedestinantur
3405 1699 3475 1754 ad

1891 1788 2142 1834 mortem.
2181 1782 2284 1849 Qui
2323 1791 2430 1837 tam
2463 1784 2668 1839 vitandi
2711 1794 2836 1839 sunt
2879 1785 3150 1851 Ecclesiae,
3195 1797 3254 1841 ut
3280 1788 3324 1842 si
3357 1787 3475 1842 ﬁeri

186 1874 311 1944 quia
365 1873 516 1928 sicut
558 1888 666 1928 non
715 1870 1058 1941 praescientia
1106 1870 1222 1936 Dei,
1272 1871 1366 1925 sed
1409 1870 1630 1941 proprio
1654 1870 1788 1925 vitio
1819 1867 1863 1928 Β
1891 1879 2087 1940 potest,
2135 1871 2277 1927 sicut
2325 1873 2392 1928 de
2443 1874 2670 1943 leprosis
2719 1874 3001 1931 haereticos
3047 1875 3474 1947 signiﬁcantibus

185 1965 402 2034 primus
443 1963 609 2018 homo
651 1961 898 2031 peccavit
938 1969 991 2015 et
1037 1959 1267 2024 cecidit,
1310 1960 1383 2014 ita
1422 1959 1588 2016 etiam
1629 1973 1788 2014 nemo

187 2053 511 2125 ιιι-δικαίως
549 2051 694 2107 illius
737 2051 1082 2121 praeseicntia
1128 2049 1225 2105 Dei
1267 2049 1321 2106 in
1357 2049 1567 2119 peccati
1607 2063 1787 2103 massa

185 2155 404 2218 cogitur
455 2158 794 2214 permanere,
836 2142 920 2198 vel
958 2143 1025 2198 ad
1055 2157 1272 2212 plenam
1322 2140 1624 2212 pervenire,
1661 2139 1788 2210 quia

188 2253 288 2292 non
317 2237 450 2292 ideo
472 2235 681 2305 primus
703 2235 866 2290 homo
885 2233 1131 2303 peccavit
1156 2233 1283 2303 quia
1313 2232 1457 2288 Deus
1479 2230 1628 2287 illum
1653 2245 1785 2300 pec-

181 2334 446 2382 caturum
475 2323 782 2395 praescivit,
832 2323 929 2378 sed
961 2322 1088 2392 quia
1117 2330 1442 2393 peccaturus
1471 2327 1591 2378 erat
1621 2320 1785 2375 homo

185 2417 418 2485 primus,
443 2413 590 2469 Dens
609 2413 899 2484 pracscivit.
927 2409 1190 2467 Similiter
1211 2426 1317 2467 non
1342 2412 1555 2482 reprobi
1578 2427 1790 2483 perma-

113 2574 124 2580 ,
185 2517 314 2563 nent
343 2506 568 2575 reprobi
593 2504 720 2574 quia
774 2503 916 2558 Deus
957 2504 1058 2558 hoc
1099 2503 1390 2574 praescivit,
1425 2503 1522 2558 sed
1552 2503 1680 2572 quia
1711 2502 1786 2558 illi

187 2598 542 2671 permansuri
572 2606 730 2653 erant
762 2596 998 2668 reprobi,
1039 2597 1182 2652 Deus
1215 2597 1511 2668 praescivit,
1547 2597 1645 2652 sed
1677 2612 1789 2658 non

179 2687 600 2760 pradestinavit
628 2706 641 2742 :
673 2688 798 2758 quia
831 2689 974 2757 quod
1018 2687 1256 2744 futurum
1287 2697 1373 2744 est
1399 2704 1504 2743 non
1530 2688 1786 2759 praescire

187 2786 330 2842 Deus
350 2791 685 2854 nonpotest,
738 2782 952 2838 sicutet
971 2783 1115 2852 quod
1144 2782 1285 2838 Deus
1310 2784 1526 2852 praescit
1554 2798 1659 2836 non
1686 2797 1784 2852 po-

183 2888 288 2934 test
309 2892 429 2933 non
453 2891 584 2932 esse
605 2874 878 2939 futurum;
901 2874 1059 2929 veluti
1083 2888 1189 2928 non
1214 2873 1359 2927 aliud
1382 2887 1484 2927 nec
1500 2872 1656 2926 aliter
1677 2882 1783 2938 est,

185 2969 284 3024 nisi
306 2969 463 3024 sicut
485 2967 632 3024 Deus
649 2966 863 3036 pracscit
881 2983 893 3018 :
914 2980 1014 3020 nec
1033 2965 1193 3018 aliter
1213 2962 1296 3018 vel
1317 2962 1462 3017 aliud
1485 2962 1624 3017 Deus
1647 2977 1784 3032 pne-

185 3060 304 3124 scit,
335 3060 446 3114 nisi
473 3059 618 3114 sicut
645 3065 702 3111 et
727 3055 872 3126 quod
899 3065 985 3112 est
1019 3071 1118 3127 pro
1149 3065 1301 3110 certo
1336 3053 1598 3108 futurum.
1637 3053 1783 3107 Prae-

190 3153 418 3208 scientia
471 3150 639 3222 igitur
685 3149 780 3204 Dei
826 3149 877 3203 in
930 3147 1086 3202 malis
1136 3147 1253 3202 sine
1303 3145 1780 3216 praedestinatioue

1892 1957 2108 2029 legitur,
2162 1959 2375 2031 longius
2419 1963 2613 2016 remoti
2660 1977 2857 2033 magno
2905 1962 3144 2018 clamore
3192 1961 3470 2019 Christum

1892 2048 2261 2120 interpellent,
2312 2059 2368 2106 et
2416 2067 2538 2108 cum
2593 2052 2714 2108 aliis
2754 2053 2924 2109 turbis
2954 2069 3059 2108 non
3089 2056 3474 2125 comprimunt,

1891 2138 1958 2193 de
1978 2140 2174 2208 quibus
2215 2141 2428 2209 legitur,
2476 2143 2566 2212 qni
2601 2154 2851 2199 steterunt
2891 2162 2923 2198 α
2963 2145 3116 2216 longe
3154 2144 3306 2218 (an.
3336 2162 3471 2212 xvii,

1892 2228 2003 2296 12).
2048 2228 2146 2297 Qui
2194 2245 2322 2286 vero
2375 2232 2437 2293 in
2476 2233 2597 2287 sinu
2652 2234 2930 2289 catholicae
2978 2236 3170 2290 matris
3213 2236 3469 2293 Ecclesiae

1888 2321 2120 2391 positus,
2169 2323 2245 2378 ita
2290 2323 2383 2378 Dei
2424 2325 2950 2396 praedestinationem
3011 2328 3242 2384 voluerit
3293 2330 3474 2387 dicere

1888 2412 2182 2481 geminam,
2213 2424 2272 2468 ut
2301 2415 2353 2469 in
2384 2415 2577 2471 effectu
2628 2433 2853 2488 cperunt
2907 2419 3030 2487 Dei,
3068 2420 3159 2492 qui
3195 2421 3316 2491 fecit
3355 2438 3475 2495 qua

1889 2502 2070 2573 futura
2089 2517 2232 2572 sum,
2265 2508 2366 2563 hoc
2394 2518 2545 2563 recto
2577 2525 2738 2564 sensu
2766 2510 3056 2582 intelligat;
3088 2513 3294 2570 scilicet
3317 2522 3375 2568 ut
3403 2512 3474 2568 ad

1861 2593 2094 2675 .electos
2123 2596 2322 2652 donum
2349 2598 2537 2668 gratiae
2569 2601 2863 2669 pertinere,
2895 2611 2949 2656 et
2979 2602 3274 2656 secundum
3307 2617 3470 2684 supe-

1887 2686 2088 2742 riorem
2128 2702 2348 2742 sensum
2389 2690 2458 2744 ad
2499 2690 2756 2759 reprobos
2798 2689 3208 2747 retributionem
3245 2693 3472 2764 justitiau

1888 2777 2148 2844 fateatur,
2191 2787 2250 2833 ut
2291 2779 2434 2834 dono
2477 2781 2666 2851 gratiae
2694 2781 2852 2836 electi
2882 2783 3379 2853 sintpracdestinati
3400 2784 3471 2840 ad

1887 2869 2079 2937 vitam,
2121 2879 2177 2926 et
2213 2870 2318 2926 illis
2350 2872 2459 2926 vita
2491 2873 2559 2926 sit
2593 2873 2972 2943 praedestinata
2999 2883 3226 2941 aeterna,
3251 2877 3471 2948 reprobi

1886 2968 2070 3015 autem
2119 2976 2228 3015 non
2278 2977 2310 3016 a
2353 2961 2464 3017 Deo
2510 2962 2962 3033 praedestineutnr
2989 2966 3056 3022 ad
3093 2981 3334 3036 pceuam,
3375 2961 3470 3044 sed

1887 3051 2242 3106 retributione
2259 3050 2484 3120 justitiae
2508 3053 2611 3107 illis
2630 3068 2788 3124 poena
2815 3056 3224 3126 prae-destinetur
3245 3068 3470 3127 aeterna,

1888 3157 1992 3194 non
2017 3140 2290 3196 discordat
2316 3158 2347 3198 a
2376 3148 2524 3209 vero,
2557 3144 2600 3198 si
2643 3145 2783 3199 hanc
2819 3145 2912 3200 Dei
2941 3147 3470 3216 praetlestinationcm

189 3240 300 3310 eius
334 3242 392 3296 in
431 3220 592 3295 bonis
621 3248 800 3293 autem
831 3253 954 3292 cum
996 3235 1333 3307 praescientia
1357 3245 1413 3292 et
1437 3236 1785 3305 praedestina-
1813 3220 1858 3280 (ἶ
1891 3231 1967 3285 sic
1990 3231 2120 3286 dicit
2147 3233 2436 3303 geminam,
2484 3235 2624 3288 sicut
2667 3233 2921 3290 catholici
2959 3235 3209 3292 doctores
3235 3238 3472 3293 Charita-

191 3336 256 3388 tio
281 3334 383 3389 Dei
408 3340 525 3393 est;
557 3341 612 3385 et
638 3330 1042 3400 pnedestiuatio
1071 3327 1165 3382 Dei
1195 3342 1409 3398 semper
1430 3327 1482 3381 in
1516 3327 1656 3381 bono
1676 3335 1779 3389 est,

189 3440 328 3494 quae,
381 3425 530 3479 sicut
573 3423 778 3477 dictum
804 3430 909 3484 est,
950 3429 1043 3475 aut
1075 3420 1142 3474 ad
1172 3418 1518 3474 donationem
1548 3418 1782 3487 pertinet

191 3517 410 3584 gratiae,
452 3524 548 3568 aut
578 3515 646 3567 ad
689 3512 1101 3567 retributionem
1151 3509 1395 3581 justitiae,
1443 3518 1499 3564 et
1544 3509 1781 3578 praesciti

194 3625 252 3664 ac
298 3605 682 3678 praedestinati
723 3605 1014 3660 donatione
1053 3601 1240 3671 gratiae
1275 3601 1342 3656 ad
1381 3600 1550 3654 vitam
1599 3614 1784 3670 perve-

185 3699 362 3772 niunt,
405 3707 466 3752 et
502 3698 613 3751 vita
649 3696 757 3751 illis
787 3696 1018 3749 donatur
1058 3702 1259 3749 aeterna
1287 3705 1304 3745 :
1332 3691 1564 3762 praesciti
1599 3701 1780 3745 autem

193 3799 398 3844 tantum
431 3801 484 3843 ct
515 3804 620 3842 non
653 3785 1046 3858 praedestinati,
1079 3784 1148 3839 ad
1179 3798 1395 3854 pinnam
1433 3781 1778 3852 perveniunt,

189 3889 240 3933 et
273 3896 343 3934 cx
398 3878 762 3933 retributione
803 3875 1030 3947 iustitiae
1073 3889 1232 3945 paena
1283 3873 1388 3929 illis
1433 3872 1681 3942 praescita
1727 3880 1782 3926 et

190 3971 573 4040 praedestinata
639 3969 882 4024 redditur
943 3968 1295 4038 sempiterna.
1353 3965 1619 4032 Quocirca
1673 3978 1779 4019 una

189 4074 266 4118 est
319 4062 423 4118 Dei
476 4059 881 4132 praedestinatio
935 4075 1054 4129 quae
1107 4073 1321 4127 semper
1366 4057 1418 4111 in
1471 4059 1614 4111 bono
1662 4065 1776 4119 est;

194 4165 244 4210 et
268 4165 358 4211 est
391 4169 422 4208 a
451 4153 566 4207 Deo
589 4152 991 4222 praedestinatio
1017 4152 1311 4206 electorum
1340 4150 1408 4203 ad
1433 4149 1596 4203 vitam
1617 4189 1632 4214 ,
1667 4162 1776 4203 non

192 4257 371 4300 autem
434 4253 523 4300 est
580 4258 612 4298 a
665 4242 777 4298 Deo
830 4241 1237 4313 praedestinatio
1294 4241 1646 4311 reproborum
1710 4239 1778 4294 ad

191 4349 444 4393 mortem.

255 4430 487 4496 Verum,
532 4438 590 4483 ut
634 4427 958 4483 venerabilis
1006 4426 1150 4482 Beda
1194 4425 1481 4497 presbyter
1520 4424 1572 4480 in
1613 4423 1777 4480 Com-

191 4533 372 4578 menta
402 4520 680 4592 Evangelii
724 4520 885 4575 Luca:
924 4519 1054 4574 dicit
1083 4537 1094 4572 :
1135 4536 1154 4570 ο
1176 4517 1328 4574 Nulla
1362 4516 1493 4592 falsa
1533 4516 1776 4572 doctrina

1886 3333 1993 3378 teni
2031 3325 2300 3395 geminam
2349 3325 2557 3391 dicunt,
2600 3343 2720 3397 quae
2751 3344 2855 3382 una
2896 3337 3001 3395 est,
3027 3338 3080 3383 et
3109 3329 3162 3383 in
3189 3331 3474 3402 praeceptis

1885 3415 2114 3478 duobus,
2147 3415 2436 3470 dilectione
2465 3416 2715 3472 videlicet
2752 3417 2845 3472 Dei
2877 3429 2932 3473 et
2957 3419 3212 3490 proximi,
3256 3421 3470 3492 gemina

1884 3503 2101 3557 dicitur.
2136 3503 2240 3558 Sed
2275 3521 2380 3558 non
2416 3505 2520 3558 alia
2555 3514 2638 3560 est
2667 3507 2910 3563 charitas
2937 3524 3057 3578 qua:
3086 3509 3260 3581 diligit
3283 3495 3469 3580 proxi-

1885 3612 2029 3652 mum
2058 3612 2218 3667 quam
2252 3597 2342 3653 illa
2367 3616 2486 3670 quae
2515 3600 2689 3671 diligit
2719 3601 2920 3668 Deum;
2951 3603 3198 3671 quamvis
3227 3603 3298 3658 sit
3327 3602 3498 3660 aliud,

1883 3687 2045 3753 Deus,
2087 3689 2232 3743 aliud
2270 3691 2576 3760 proximus,
2615 3702 2792 3747 tamen
2823 3709 2927 3746 una
2956 3693 3222 3748 charitatc
3247 3695 3471 3766 diligen-

1883 3777 1984 3833 dus
2003 3787 2087 3833 est
2113 3779 2255 3835 Deus
2287 3789 2341 3836 et
2365 3782 2664 3852 proximus.
2699 3783 2762 3838 Et
2787 3785 2928 3840 sicut
2954 3802 3092 3841 unus
3119 3797 3203 3841 est
3233 3786 3468 3857 Spiritus

1882 3877 1938 3923 et
1966 3869 2073 3923 duo
2101 3871 2243 3932 data,
2271 3873 2344 3926 ita
2378 3889 2484 3928 una
2511 3883 2593 3928 est
2638 3875 2731 3930 Dei
2772 3877 3197 3946 prmdestinatio,
3230 3893 3350 3948 quae
3375 3887 3470 3934 aut

1881 3961 1948 4015 ad
1995 3962 2196 4017 donum
2252 3964 2489 4033 pertinet
2529 3966 2743 4036 gratiae,
2794 3977 2887 4022 aut
2930 3969 2996 4023 ad
3048 3969 3454 4024 retributionem

1873 4048 2118 4118 iustitiae.
2165 4053 2298 4120 Quia
2349 4056 2490 4110 sicut
2530 4057 2722 4113 beatus
2759 4057 3050 4128 Gregorius
3077 4061 3127 4114 in
3158 4060 3373 4115 liomilia
3404 4061 3468 4116 l7

1883 4140 2001 4212 (sub
2043 4142 2294 4213 niedinm)
2343 4143 2640 4199 Ezechielis
2671 4148 2944 4216 prophetae
2973 4149 3101 4202 dicit
3130 4167 3143 4202 :
3172 4167 3189 4200 ‹
3220 4149 3336 4204 Non
3363 4149 3469 4204 alia

1883 4228 2214 4302 cogitatione
2258 4232 2400 4288 Deus
2421 4232 2601 4302 justos
2639 4237 2877 4307 adjuvat,
2911 4247 3073 4308 atque
3107 4240 3211 4294 alia
3243 4239 3471 4309 injustos

1885 4321 2126 4390 damnat,
2151 4327 2244 4380 sed
2271 4343 2373 4382 una
2397 4328 2696 4399 eademque
2723 4329 2770 4382 vi
2803 4339 3008 4388 naturae
3035 4331 3342 4404 singularis,
3360 4334 3466 4389 sibi

1883 4430 2097 4486 semper
2123 4415 2482 4484 iudissimilis,
2524 4418 2805 4474 dissimilia
2846 4422 3103 4492 dispertit.
3152 4423 3260 4479 Cur
3285 4435 3465 4480 autem

1886 4509 1989 4564 hoc
2029 4509 2096 4564 de
2136 4511 2377 4580 potentia
2424 4510 2699 4570 Creatoris
2744 4515 3096 4581 admiremur,
3133 4519 3223 4588 qui
3252 4518 3468 4574 virtutis

190 4622 286 4676 at,
317 4628 445 4682 quae
467 4581 586 4666 noni
609 4611 787 4680 aliqua
815 4626 940 4664 vera
969 4610 1358 4665 intermisceat.
1380 4589 1412 4660 ι’
1439 4607 1506 4661 Ει
1556 4614 1776 4661 sanctus
1811 4581 1857 4639 υ
1883 4600 2002 4668 eius
2043 4601 2272 4672 vestigia
2319 4611 2373 4658 et
2413 4603 2466 4658 in
2513 4615 2764 4660 creatura
2812 4607 3217 4676 conspicimus?
3267 4607 3472 4673 Natura

192 4702 422 4774 Cyrillus
465 4702 533 4756 ad
574 4701 854 4773 Eulogium
892 4701 1270 4772 presbyterum
1294 4697 1412 4770 (sub
1440 4699 1649 4751 initium
1675 4697 1780 4766 epi-

192 4795 357 4865 stolae)
387 4813 401 4849 :
432 4814 451 4846 ι
475 4793 594 4850 Non
615 4795 818 4860 omnia,
835 4793 1030 4864 inquit,
1054 4805 1387 4864 quaecunque
1409 4789 1776 4846 dicunthaere-

195 4884 304 4947 tici,
346 4883 538 4956 fugere
575 4893 631 4937 et
676 4883 914 4939 refutare
941 4884 1113 4938 decet.
1149 4883 1311 4937 Multa
1338 4882 1482 4937 enim
1513 4880 1776 4936 conﬁten-

197 4989 280 5034 tur
312 4982 461 5036 sicut
506 4989 564 5034 et
600 4996 698 5036 nos
737 4979 1081 5035 confitemur.
1141 4977 1296 5034 Velut
1327 4976 1519 5031 Ariani
1561 4975 1778 5046 quando

195 5074 382 5129 dicunt
401 5073 622 5128 Patrem
645 5073 772 5142 quia
787 5072 1016 5130 Creator
1041 5079 1126 5128 est
1147 5071 1391 5126 omnium
1414 5079 1470 5126 et
1495 5070 1773 5132 Dominus,

197 5163 435 5233 nunquid
485 5171 707 5232 propter
748 5164 852 5218 hoc
888 5162 1074 5235 fugere
1111 5177 1451 5233 consequens
1483 5169 1567 5215 est
1593 5160 1777 5229 hujus-

196 5255 336 5308 modi
373 5251 786 5310 confessiones?
823 5253 916 5310 Sic
949 5262 1006 5310 et
1046 5254 1102 5308 in
1145 5253 1417 5318 Nestorio,
1464 5252 1624 5323 ιιο
1654 5251 1778 5306 licet

197 5343 330 5400 duas
352 5355 580 5402 naturas
607 5345 770 5410 dicat,
819 5346 1191 5404 diversitatem
1237 5344 1554 5418 signiﬁcans
1594 5343 1778 5398 carnis

197 5444 250 5490 et
271 5435 459 5500 Verbi,
499 5438 670 5492 altera
715 5438 860 5492 enim
903 5437 1066 5493 Verbi
1114 5449 1332 5504 natura,
1378 5437 1554 5493 altera
1597 5436 1780 5492 carnis

201 5538 300 5590 est,
327 5530 426 5584 sed
455 5539 634 5584 tamen
678 5545 1020 5600 nequaquam
1055 5531 1320 5586 unitatem
1367 5529 1657 5586 conﬁtetur
1681 5543 1779 5583 no-

203 5619 426 5676 hiscunt.
479 5621 591 5678 Nos
627 5632 810 5678 autem
859 5624 976 5680 haec
1019 5624 1267 5680 unientes
1298 5624 1354 5680 in
1385 5615 1574 5690 unum,
1615 5638 1780 5678 unum

201 5709 502 5779 Christum,
531 5729 696 5770 unum
731 5714 923 5770 Filium
951 5716 1224 5781 eumdem,
1256 5731 1420 5772 unum
1453 5717 1622 5772 Deum
1645 5731 1780 5774 cou-

203 5801 437 5861 lteinur.
461 5824 486 5860 ι
511 5805 580 5862 Et
615 5807 743 5862 item
785 5807 872 5862 ubi
905 5823 1066 5878 supra
1096 5807 1462 5864 memorabilis
1491 5808 1631 5864 Deda
1660 5822 1782 5878 prc-

1885 4699 2081 4768 quippe
2114 4699 2210 4754 luti
2241 4709 2296 4754 et
2331 4716 2470 4756 cene
2517 4702 2732 4757 diversa
2783 4713 2885 4767 est,
2937 4705 3065 4761 solis
3109 4722 3238 4764 vero
3285 4709 3470 4765 radius

1884 4804 1992 4844 non
2034 4799 2118 4844 est
2165 4790 2451 4846 diversus:
2485 4803 2541 4847 et
2590 4800 2768 4848 tamen
2810 4810 2932 4850 cum
2965 4796 3210 4852 diversus
3243 4814 3348 4852 non
3378 4800 3467 4863 sit,

1883 4877 2098 4934 diversa
2122 4889 2248 4936 sunt
2273 4897 2393 4952 quae
2423 4881 2478 4936 in
2510 4881 2622 4938 luto
2649 4894 2908 4955 operatur
2933 4896 2991 4942 et
3014 4903 3136 4943 cera
3164 4907 3178 4943 :
3209 4890 3337 4960 quia
3361 4895 3469 4946 uno

1883 4972 2184 5042 eodemque
2230 4973 2314 5030 sui
2365 4974 2501 5046 ignis
2543 4975 2726 5033 calore
2771 4978 2940 5034 lutum
2975 4981 3134 5037 durat
3179 4993 3235 5038 et
3280 4998 3465 5040 ceram

1886 5062 2075 5134 liquat.
2109 5062 2216 5120 Sed
2248 5063 2480 5122 fortasse
2507 5067 2609 5124 hoc
2639 5067 2692 5124 in
2724 5079 2917 5126 natura
2955 5070 3053 5127 luti
3080 5080 3162 5130 vet
3197 5087 3336 5129 cerae
3361 5085 3465 5138 est,

1886 5169 1991 5208 non
2022 5155 2074 5209 in
2106 5153 2221 5226 ipsa
2251 5156 2379 5212 solis
2404 5158 2727 5226 substantia,
2767 5176 2889 5232 quae
2919 5163 2972 5217 in
2999 5165 3206 5218 naturis
3237 5165 3468 5220 diversis

1885 5247 2094 5324 diversa
2108 5248 2320 5304 videtur
2335 5251 2378 5320 ι
2391 5251 2434 5321 ι
2447 5252 2490 5320 1
2508 5253 2742 5325 operari.
2761 5252 3116 5324 Omnipotens
3130 5265 3309 5310 autem
3327 5256 3467 5311 Deus

1885 5341 1940 5396 in
1962 5341 2252 5412 semetipso
2272 5343 2565 5410 habetsine
2586 5344 2958 5416 immutatione
2980 5339 3258 5400 mutabilia
3288 5346 3468 5416 dispo-

1886 5447 2040 5498 nere,
2071 5432 2189 5488 sine
2219 5433 2533 5502 diversitate
2569 5436 2653 5504 sui
2685 5437 2897 5505 diversa
2944 5450 3126 5507 agere,
3175 5438 3292 5492 sine
3327 5437 3447 5508 cogi
3540 5484 3545 5488 _

1888 5524 2151 5582 talionum
2207 5513 2580 5582 vicissitudine
2632 5526 2916 5591 dissimilia
2970 5526 3229 5582 formare.
3283 5527 3468 5597 Longe

1884 5632 2014 5689 ergo
2050 5617 2383 5686 dissimiliter
2423 5625 2680 5688 operatur
2727 5617 3008 5673 dissimilia
3055 5634 3329 5689 nunquam
3360 5617 3464 5674 sibi

1885 5708 2444 5779 dissimilisDeus,qni
2469 5717 2525 5766 et
2547 5706 2744 5779 ubique
2769 5717 2923 5766 estet
2946 5710 3143 5782 ubique
3172 5721 3314 5776 totus
3329 5719 3461 5766 est.)

1957 5802 2022 5857 Et
2055 5802 2196 5858 sicut
2235 5799 2435 5868 Paulus
2466 5800 2596 5857 dicit
2637 5817 2647 5854 :
2683 5798 2888 5875 Clariin
2931 5802 3095 5856 bonus
3132 5803 3259 5856 odor
3287 5817 3465 5861 sumus
