4052 6334
211 392 308 446 I77

970 394 1056 448 DE
1098 395 1762 458 I'RASDESTINATIONE
1805 401 2260 459 DlSSlSIlTA'l'lO
2297 395 2704 462 POS'I'EllIOR.

3367 411 3468 468 178

202 511 319 564 dies
358 508 556 565 aderit.
589 509 730 577 Quin
753 510 993 566 etiamin
1017 515 1356 570 assumendis
1401 514 1648 572 ﬁdelibus
1697 514 1782 569 fu-
1811 522 1854 578 Α
1885 518 2064 571 sancti
2093 517 2327 588 Spiritus
2355 520 2493 574 dona
2525 536 2619 590 per
2651 522 3048 592 impositionem
3103 539 3297 580 manus
3347 527 3466 595 epi-

203 612 383 656 tnrum
407 615 532 656 esse
552 601 844 655 discrimen
874 603 1130 666 ostendit,
1155 618 1277 657 cum
1307 603 1518 659 duobus
1548 605 1600 658 in
1649 619 1783 674 agro

200 690 391 760 positis
421 691 722 744 assumitur
745 706 904 753 unus,
927 700 982 745 et
1007 691 1144 746 alius
1168 693 1508 762 relinquitur,
1555 703 1612 748 et
1649 695 1784 748 dua-

199 781 293 835 bus
319 780 656 836 molentilms
686 781 1018 850 improbetur
1045 782 1237 847 altera,
1259 794 1315 839 et
1336 784 1502 840 altera
1530 785 1780 857 eligatur,

198 881 248 926 et
274 887 342 926 ex
374 873 593 927 duobus
628 873 721 942 qui
752 874 804 926 in
831 873 968 928 lecto
997 883 1181 940 erunt,
1231 875 1506 931 adhiereat
1551 894 1690 931 unus
1732 886 1788 932 ct

198 962 332 1017 alis
353 965 669 1018 deseratur.
695 964 992 1020 infidelium
1033 967 1179 1021 enim
1219 976 1272 1022 et
1318 969 1550 1024 ﬁdelium
1589 970 1785 1025 discri-

198 1068 317 1107 nen
351 1057 410 1108 in
442 1055 811 1125 relinquendis
835 1057 957 1111 aliis
977 1067 1034 1112 et
1061 1058 1183 1113 aliis
1227 1059 1566 1115 assumendis
1608 1061 1784 1117 docet.

195 1143 284 1199 Dei
311 1147 468 1200 enim
502 1147 578 1200 ira
603 1147 1031 1219 ingravescente,
1058 1151 1254 1216 sancti,
1278 1160 1338 1206 ut
1379 1152 1644 1224 Propheta
1689 1155 1787 1221 ait,

196 1239 666 1308 inpmmptuariis
699 1243 1082 1307 recondentur,
1110 1243 1301 1312 perﬁdi
1328 1260 1456 1300 vero
1507 1247 1573 1301 ad
1621 1247 1787 1302 coale-

194 1329 290 1383 stis
338 1329 488 1398 ignis
539 1333 818 1386 materiem
869 1332 1261 1403 relinquentur.
1325 1335 1472 1391 Duos
1521 1338 1686 1408 igitur
1735 1338 1788 1392 in

194 1433 348 1488 agro,
385 1419 438 1472 id
466 1428 551 1474 est
604 1421 737 1475 duos
763 1422 987 1491 populos
1020 1423 1253 1479 ﬁdelium
1295 1434 1351 1480 et
1393 1427 1684 1482 inﬁdelium
1731 1429 1789 1484 in

196 1511 412 1573 saeculo,
451 1521 707 1582 tanquam
734 1513 788 1567 in
815 1515 938 1568 vitae
971 1514 1127 1583 hujus
1175 1531 1362 1585 opere,
1409 1517 1526 1572 dies
1573 1518 1787 1573 Domini

195 1602 585 1670 deprehendet.
627 1601 1035 1672 Separabuntur
1090 1614 1307 1682 tamen,
1359 1608 1547 1662 relicto
1593 1607 1696 1662 alio
1733 1616 1790 1664 et

195 1693 302 1748 alio
321 1703 623 1764 assumpto.
667 1693 744 1748 De
772 1695 1096 1751 molentibus
1121 1712 1335 1767 quoque
1369 1713 1467 1767 par
1495 1699 1633 1753 ratio
1679 1708 1781 1754 est.

193 1783 328 1839 Ποία
358 1801 501 1855 opus
530 1785 663 1857 legis
685 1793 787 1840 est.
849 1786 955 1842 Sed
1017 1789 1142 1857 quia
1190 1805 1315 1859 pars
1351 1789 1680 1856 Judazorum,
1727 1799 1785 1846 ut

1885 609 2117 678 scopalis
2149 622 2204 664 et
2231 611 2692 681 consignationem
2717 614 2857 669 sacri
2881 615 3194 671 chrismatis
3243 617 3298 671 in
3343 632 3471 671 eon-

1887 697 2192 753 ﬁrmatione
2242 699 2478 755 ﬁdelium
2519 702 2733 757 cmlitus
2783 704 3064 775 largiendo
3107 717 3291 762 sancta
3332 707 3468 762 cele-

1885 787 2005 841 brat
2030 798 2085 842 et
2108 787 2414 858 frequentat
2435 790 2692 845 Ecclesia.
2718 812 2734 844 ι
2772 791 2928 848 Unde
2947 795 3136 850 beatus
3150 796 3470 852 Ambrosius

1887 878 1940 932 in
1965 879 2123 931 tertio
2143 878 2280 934 libro
2305 879 2370 934 de
2392 879 2754 936 Sacramentis
2777 883 2915 953 (cap.
2940 885 2992 950 1)
3024 885 3153 940 dicit
3186 905 3198 940 :
3229 905 3246 939 ι
3272 887 3467 957 Sequi-

1889 975 1976 1022 tur
1994 968 2235 1038 spiritale
2255 968 2614 1040 signaculum,
2659 975 2802 1042 quod
2852 975 3082 1031 audistis
3138 977 3297 1034 hodie
3342 980 3467 1050 legi,

1887 1059 2013 1128 quia
2035 1068 2156 1128 post
2183 1059 2384 1116 fontem
2413 1071 2666 1131 superest
2693 1072 2749 1117 ut
2775 1063 3032 1134 perfectio
3054 1065 3182 1128 ﬁat;
3215 1065 3471 1134 quoniam

1890 1147 1957 1202 ad
1983 1147 2378 1204 invocationem
2406 1152 2706 1207 sacerdotis
2757 1151 2992 1222 Spiritus
3015 1160 3237 1208 sanctus
3289 1151 3472 1207 infun-

1891 1239 2053 1304 ditur,
2087 1240 2310 1310 spiritus
2338 1241 2615 1311 sapientiac
2640 1252 2697 1297 et
2724 1243 3050 1308 intellectus,
3091 1243 3314 1314 spiritus
3340 1258 3470 1297 con-

1891 1327 1995 1382 silii
2022 1336 2184 1398 atque
2212 1328 2453 1393 virtutis,
2486 1331 2709 1400 spiritus
2737 1332 3062 1402 cognitionis
3111 1339 3273 1402 atque
3306 1332 3474 1402 pieta-

1893 1418 1980 1484 tis,
2031 1417 2266 1488 Spiritus
2298 1421 2470 1476 sancti
2505 1421 2733 1476 timoris.
2771 1421 2989 1492 Septem
3039 1423 3194 1492 quasi
3243 1423 3476 1478 virtutes

1889 1519 2091 1565 suntet
2114 1526 2305 1566 omnes
2335 1512 2553 1582 quidem
2611 1515 2838 1569 virtutes
2883 1514 2952 1568 ad
3004 1513 3264 1585 Spiritum
3307 1516 3476 1584 perti-

1890 1603 2329 1660 nentzsedistte
2359 1605 2513 1674 quasi
2559 1606 2883 1670 cardinales,
2943 1607 3097 1678 quasi
3150 1607 3477 1678 principales

1889 1695 2004 1748 ista:
2031 1702 2379 1764 suntseptem
2407 1696 2656 1762 virtutes,
2695 1714 2830 1767 quas
2879 1699 3082 1769 accipis
3130 1699 3349 1768 quando
3398 1699 3472 1754 si-

1887 1787 2089 1859 gnaris.
2116 1785 2267 1851 Nam,
2295 1788 2440 1842 utait
2459 1788 2744 1857 Apostolus
2773 1799 3012 1854 sanctus,
3045 1790 3171 1859 quia
3206 1789 3474 1859 multifor-

193 1890 289 1947 ρει·
316 1876 594 1946 apostolos
633 1879 884 1942 credidit,
911 1879 982 1933 ita
1005 1894 1105 1949 per
1134 1880 1306 1934 Etiam
1346 1891 1432 1936 est
1487 1883 1780 1948 creditura,
1817 1890 1861 1949 Β
1887 1877 1985 1928 mis
2013 1884 2086 1930 est
2107 1877 2364 1944 sapientia
2388 1875 2600 1932 Domini
2619 1880 2800 1942 nostri,
2823 1890 2870 1934 et
2897 1879 3234 1949 multiformis
3259 1882 3472 1949 sapien-

191 1964 608 2033 etjustiﬁcanda
635 1981 732 2035 per
754 1966 911 2021 ﬁdem
937 1977 1022 2022 est
1051 1985 1065 2020 :
1092 1968 1213 2022 ideo
1260 1984 1364 2024 una
1413 1985 1512 2040 per
1538 1973 1784 2026 eamdem

191 2063 352 2117 ﬁdem
384 2063 515 2117 boni
541 2064 720 2132 Operis
740 2063 1194 2133 apprehendetur,
1225 2064 1330 2118 alia
1357 2079 1488 2119 vero
1536 2065 1588 2118 in
1617 2064 1788 2119 infru-

187 2161 382 2207 ctuoso
403 2151 543 2223 legis
567 2167 730 2223 opere
774 2152 1132 2222 relinquetur,
1190 2153 1394 2210 molens
1443 2154 1495 2208 in
1548 2160 1784 2220 cassum,

187 2256 296 2295 non
326 2240 543 2297 factura
575 2242 815 2299 caelestis
859 2244 962 2298 cibi
997 2259 1213 2314 panem.
1272 2245 1387 2300 Duo
1421 2254 1604 2301 autem
1660 2254 1786 2301 sunt

186 2333 248 2387 in
267 2332 427 2400 lecto,
461 2334 706 2388 eamdem
734 2334 999 2402 passionis
1041 2335 1331 2391 Dominicm
1357 2337 1595 2406 requiem
1647 2352 1786 2408 pra:-

187 2425 460 2488 dieantes,
492 2423 638 2496 circa
667 2439 829 2495 quam
861 2433 917 2480 et
959 2426 1336 2481 haereticorum
1394 2435 1450 2481 et
1495 2427 1788 2484 catholico-

186 2532 310 2571 rum
337 2518 534 2572 eadem
564 2526 728 2587 atque
759 2532 864 2571 una
887 2516 1160 2572 confessio
1187 2527 1292 2572 est.
1355 2517 1459 2575 Sed
1484 2520 1609 2589 quia
1661 2521 1786 2574 uni-

186 2617 351 2664 tatem
376 2609 562 2663 Patris
585 2617 641 2663 et
668 2609 811 2675 Filii,
829 2618 883 2664 et
900 2625 1239 2665 communem
1258 2625 1445 2665 eorum
1471 2613 1786 2677 theoteiam,

186 2715 350 2772 quam
401 2701 663 2756 deitatem
695 2717 1088 2772 nuncupamus,
1144 2703 1535 2759 catholicorum
1589 2705 1789 2759 veritas

183 2791 525 2860 praedicavit,
571 2800 627 2846 et
647 2793 889 2846 eamdem
917 2808 1130 2847 rursum
1172 2793 1421 2862 plurimis
1450 2795 1790 2850 contumeliis

186 2885 569 2938 haereticorum
606 2882 812 2939 falsitas
839 2885 1190 2954 impugnavit,
1223 2886 1424 2941 idcirco
1462 2903 1530 2943 cx
1581 2888 1790 2944 duobus

184 2975 238 3031 in
267 2977 414 3032 lecto
453 2977 592 3031 alius
621 2976 971 3046 relinquetur,
1001 2987 1057 3032 et
1095 2977 1234 3032 alius
1282 2987 1586 3034 assumetur
1615 2998 1628 3034 :
1665 2981 1789 3050 quia

186 3067 344 3122 ﬁdem
373 3067 744 3122 confessionis
787 3066 1070 3138 utriusque
1097 3069 1151 3122 in
1191 3085 1299 3125 uno
1346 3071 1692 3136 assumendo,
1735 3081 1791 3128 et

185 3160 289 3214 alio
316 3159 696 3230 relinquendo,
749 3157 917 3214 divini
948 3158 1160 3215 arbitrii
1210 3158 1476 3229 judicium
1529 3176 1785 3234 compro-

187 3251 442 3306 babitzo'
648 3261 688 3280 ~
847 3273 928 3283 --
1025 3273 1080 3278 -η

252 3343 414 3399 Unde
444 3343 740 3412 praemissis
773 3343 1036 3415 exemplis
1064 3346 1404 3415 apertissime
1437 3348 1776 3403 demonstra-

1891 1966 1965 2018 tia
1993 1965 2090 2019 Dei
2127 1964 2342 2036 (Epltes.
2374 1982 2456 2033 ιιι,
2483 1967 2594 2039 10),
2645 1969 2718 2023 ita
2748 1969 3092 2025 multiformis
3123 1981 3207 2026 est
3239 1970 3476 2040 Spiritus

1889 2065 2132 2130 sanctus,
2159 2057 2250 2127 qui
2272 2057 2466 2113 habeat
2481 2059 2726 2114 diversas
2748 2060 3032 2129 variasque
3051 2060 3294 2116 virtutes.
3324 2059 3478 2114 Unde

1891 2147 2032 2202 Deus
2063 2149 2321 2203 virtutum
2347 2149 2566 2216 dicitur,
2595 2153 2739 2220 quod
2783 2151 2956 2221 aptari
2989 2159 3165 2221 potest
3211 2151 3379 2217 Patri,
3419 2159 3476 2204 et

1891 2239 2049 2306 Filio,
2083 2249 2137 2296 et
2162 2239 2368 2310 Spiritu
2407 2253 2614 2300 sancto.
2646 2262 2664 2296 ι
2692 2244 2758 2298 Ει
2807 2253 3026 2300 sanctus
3081 2244 3374 2314 Gregorius
3415 2243 3470 2298 in

1890 2330 2030 2387 libro
2052 2331 2332 2388 Moralium
2362 2350 2506 2390 xxxv
2534 2344 2670 2406 (cap.
2697 2335 2788 2406 7):
2819 2356 2836 2387 ι
2862 2335 3097 2392 Joannes
3122 2345 3327 2406 septem
3373 2335 3472 2390 Ec-

1890 2421 2070 2477 clesiis
2106 2423 2158 2477 in
2184 2423 2508 2497 Apocalypsi
2530 2427 2749 2497 scripsit
2803 2427 2984 2497 (Apoc.
3015 2442 3056 2492 ι,
3082 2426 3159 2498 4),
3220 2439 3316 2497 per
3340 2441 3478 2497 quas

1891 2513 2250 2570 universalem
2279 2515 2574 2572 Ecelesiam
2607 2517 2828 2589 intelligi
2863 2518 3046 2572 voluit.
3065 2517 3196 2583 Qum
3221 2517 3475 2572 nimirum

1891 2604 2212 2662 universalis
2239 2607 2480 2663 Ecclesia
2503 2617 2562 2664 ut
2585 2608 2738 2679 plena
2763 2609 3096 2680 septiformis
3124 2609 3313 2680 gratia:
3359 2609 3474 2678 spi-

1892 2691 1998 2746 ritu
2055 2694 2382 2766 signaretur,
2429 2697 2654 2753 Elisaeus
2701 2714 2864 2768 super
2919 2707 3194 2754 mortuum
3243 2713 3470 2769 puerum

1893 2789 2093 2858 septies
2157 2792 2421 2847 oscitasse
2486 2792 2827 2848 describitur.
2901 2792 3074 2863 Super
3143 2793 3473 2848 exstincturus

1890 2881 2089 2950 quippe
2117 2881 2371 2951 populum
2408 2881 2666 2939 Dominus
2708 2883 2932 2940 veniens
2964 2884 3120 2954 quasi
3157 2885 3359 2955 septies
3386 2899 3474 2940 os-

1891 2974 2045 3039 citat,
2077 2975 2204 3044 quia
2227 2975 2276 3030 ei
2317 2975 2457 3032 dona
2489 2975 2724 3047 Spiritus
2764 2975 3092 3047 septiformis
3136 2977 3325 3048 gratia:
3370 2977 3475 3030 mi-

1893 3067 2243 3134 sericorditer
2275 3069 2502 3138 aspirat.
2561 3069 2628 3123 Et
2655 3067 2897 3124 hmretici
2943 3077 3106 3138 atque
3127 3067 3180 3122 hi
3208 3067 3299 3137 qui
3324 3081 3478 3138 aeque

1893 3165 2043 3213 extra
2084 3157 2382 3214 Ecclesiam
2409 3158 2568 3229 positi
2590 3167 2736 3223 sunt,
2763 3168 2944 3215 reatus
2974 3159 3058 3213 sui
3081 3158 3474 3214 absolutionem

1809 3253 1855 3316 ο
1887 3263 1992 3303 non
2023 3249 2315 3318 accipiunt,
2371 3247 2477 3303 nisi
2518 3248 2708 3319 gratia:
2744 3247 3074 3319 septiformis
3125 3247 3315 3317 spiritu
3357 3249 3478 3303 uni-

1883 3337 2077 3391 versali
2125 3337 2271 3407 paci,
2309 3352 2340 3390 a
2371 3352 2478 3407 qua
2526 3337 2693 3392 excisi
2749 3335 2990 3404 fuerant,
3030 3346 3408 3408 aggregentur.
3449 3358 3468 3390 ι

186 3443 286 3499 tur,
314 3435 448 3505 quia
480 3436 597 3490 haec
628 3436 722 3490 Dei
755 3437 1159 3506 pradestlnatio
1191 3438 1264 3492 ita
1298 3448 1447 3495 recto
1493 3454 1654 3494 sensu
1685 3455 1781 3510 po-

1883 3423 1989 3481 Sed
2028 3434 2084 3480 et
2110 3428 2299 3483 beatus
2325 3427 2525 3483 Paulus
2547 3429 2678 3484 dicit
2709 3445 2722 3482 :
2757 3427 2862 3482 Alii
2890 3429 3050 3482 datur
3072 3445 3242 3483 sermo
3264 3429 3468 3499 sapien-

187 3535 287 3582 test
315 3527 537 3599 gemina
577 3527 703 3591 dici,
754 3545 858 3582 non
890 3537 997 3599 quo
1040 3546 1102 3585 ea
1146 3531 1260 3602 ipsa
1308 3532 1780 3600 prmdestinatione

1883 3517 1988 3582 tiae,
2015 3517 2108 3572 alii
2131 3535 2299 3573 sermo
2321 3520 2576 3586 scientiis,
2602 3529 2657 3576 et
2687 3530 2884 3576 caetera
2909 3536 3080 3591 usque
3109 3521 3236 3576 dum
3284 3520 3417 3576 dicit
3455 3537 3468 3574 :

186 3621 260 3674 sic
280 3620 743 3690 pmdestinentur
765 3623 980 3691 reprobi
1008 3624 1073 3678 ad
1102 3623 1401 3690 interitum,
1459 3626 1599 3680 sicut
1643 3641 1780 3696 pra:-

1883 3605 2012 3662 Htrc
2037 3619 2209 3664 autem
2235 3612 2412 3666 omnia
2433 3621 2680 3683 operatur
2712 3629 2848 3668 unus
2877 3622 3032 3683 atque
3057 3611 3194 3667 idem
3235 3613 3468 3682 spiritus,

188 3709 537 3764 destinantur
579 3709 735 3764 electi
780 3712 847 3766 ad
897 3711 1222 3766 vitam:sed
1278 3715 1402 3782 quia
1452 3714 1638 3769 electis
1689 3715 1779 3768 dat

186 3803 351 3872 gratia
381 3802 532 3872 quod
557 3817 661 3855 non
689 3811 931 3857 meretur
957 3802 1180 3868 malitia,
1206 3803 1408 3858 relictis
1439 3814 1618 3860 autem
1661 3806 1779 3860 red-

185 3893 259 3948 dit
286 3895 526 3964 ;equitas
553 3894 696 3964 quod
729 3904 966 3950 meretur
994 3897 1269 3966 iniquitas.
1309 3896 1416 3954 Sed
1461 3907 1516 3953 et
1542 3899 1776 3953 charita-

186 3990 311 4048 tem,
353 4000 480 4055 qua!
513 3999 617 4038 una
648 3993 762 4051 est,
809 3986 933 4056 quia
963 3985 1104 4041 Deus
1134 3987 1371 4042 charitas
1407 3995 1510 4054 est,
1544 4004 1663 4058 quze
1715 3999 1772 4043 ut

185 4089 234 4136 et
259 4094 426 4134 omne
453 4080 640 4134 datum
664 4081 946 4150 optimum,
973 4090 1028 4136 et
1048 4097 1208 4138 omne
1241 4082 1437 4137 donum
1477 4083 1773 4154 perfectum

185 4175 526 4231 descendens
563 4188 593 4226 a
626 4172 784 4229 Patre
813 4166 1074 4229 luminum
1107 4185 1209 4240 est,
1244 4190 1349 4230 non
1382 4175 1551 4230 solum
1602 4178 1771 4249 gemi-

183 4281 304 4320 nam
332 4264 470 4318 dicit
500 4265 692 4319 beatus
723 4261 1035 4334 Gregorius,
1079 4281 1265 4321 verum
1301 4265 1460 4338 114
1487 4276 1540 4321 et
1571 4268 1635 4322 de
1679 4281 1771 4322 ca-

182 4354 300 4413 dem
332 4354 624 4410 scribens:
664 4375 681 4406 ι
710 4355 862 4408 Sicut
887 4370 952 4409 ex
982 4370 1105 4420 una,
1155 4355 1345 4425 inquit,
1402 4356 1583 4411 radice
1622 4357 1771 4412 multi

183 4445 394 4500 arboris
448 4445 588 4522 rami
619 4444 904 4514 prodeunt,
954 4445 1028 4498 ita
1084 4453 1140 4499 et
1188 4461 1255 4500 ex
1301 4462 1404 4499 una
1450 4447 1771 4502 charitatcm

185 4536 364 4590 multa:
396 4537 628 4592 virtutes
655 4525 1002 4608 generantur.
1036 4537 1103 4592 Et
1125 4539 1190 4593 de
1211 4548 1398 4595 sancto
1426 4537 1651 4611 Spiritu,
1678 4545 1768 4614 qui

1879 3697 2112 3752 dividens
2131 3699 2352 3774 singulis
2377 3711 2528 3771 prout
2554 3700 2659 3756 uult
2711 3701 2764 3772 (Ι
2791 3701 2917 3756 Cor.
2961 3717 3064 3767 xu,
3113 3701 3294 3773 8-H).
3333 3701 3467 3756 Nam

1878 3790 2018 3846 sicut
2046 3790 2179 3847 ﬁdes
2205 3808 2340 3862 opus
2365 3803 2450 3850 est
2480 3794 2572 3848 Dei
2599 3794 2756 3864 juxta
2786 3793 3156 3864 evangelicam
3181 3794 3464 3848 veritatem

1878 3895 1998 3951 qua!
2020 3881 2188 3937 dicit:
2220 3881 2335 3937 Hoc
2357 3895 2433 3937 est
2469 3895 2642 3938 autent
2689 3901 2819 3955 opus
2865 3883 2982 3950 Dei,
3034 3893 3089 3938 ut
3137 3885 3362 3940 credatis
3411 3887 3465 3938 in

1877 3987 1996 4026 eum
2015 3989 2166 4042 quem
2191 3974 2328 4027 misit
2357 3973 2446 4028 ille
2469 3973 2652 4043 (Jonn.
2680 3991 2754 4039 vt,
2778 3974 2892 4045 29),
2917 3975 2992 4028 ita
3013 3983 3070 4029 et
3105 3975 3324 4046 reliqua:
3369 3977 3470 4030 vir.

1878 4071 2022 4118 tutes
2046 4064 2114 4118 ad
2135 4064 2400 4118 donorum
2427 4065 2756 4120 charismata
2781 4066 2962 4120 divina
2995 4074 3123 4122 sunt
3145 4081 3328 4136 opera,
3346 4082 3466 4136 quin

1879 4166 2007 4213 tunc
2071 4173 2137 4213 ex
2199 4158 2295 4212 Dei
2357 4158 2832 4227 praedestinatione
2897 4158 3177 4215 effectibus
3243 4175 3467 4228 operum

1875 4250 2252 4314 ostenduntur,
2285 4265 2408 4306 cum
2437 4251 2684 4320 largitate
2710 4249 2966 4306 bonitatis
2991 4250 3462 4319 divitiarum-ejus,

1876 4339 1968 4410 qui
2003 4340 2153 4395 dives
2174 4341 2339 4395 estin
2364 4340 2639 4406 omnibus,
2687 4355 2785 4410 pro
2834 4355 2930 4395 sua
2985 4340 3358 4396 misericordia
3413 4352 3469 4395 ct

1875 4430 2158 4486 voluntate
2186 4430 2499 4486 hominibus
2546 4433 2615 4487 ad
2658 4431 2991 4487 credentium
3046 4431 3332 4487 utilitatem
3387 4433 3466 4486 di-

1876 4525 2240 4592 stribuuntur,
2271 4526 2413 4598 sicut
2439 4525 2572 4581 dicit
2608 4527 2899 4597 Apostolus
2931 4546 2944 4582 :
2974 4525 3266 4599 Unicuique
3307 4528 3468 4582 datur

185 4641 317 4680 unus
342 4633 452 4691 est,
485 4634 539 4679 et
570 4627 675 4681 duo
701 4638 826 4682 sunt
847 4627 1089 4698 ejusdem
1118 4631 1290 4685 sancti
1339 4629 1576 4699 Spiritus
1623 4613 1769 4700 data,

1883 4617 2040 4689 115
2060 4617 2415 4688 manifestatio
2444 4620 2660 4689 spiritus
2681 4619 2750 4672 ad
2773 4619 3052 4673 utilitatem
3097 4619 3148 4691 (l
3199 4619 3320 4676 Cor.
3367 4635 3466 4685 xu,

185 4732 300 4769 cum
323 4717 444 4771 laus
477 4717 754 4786 sapientia:
776 4719 1102 4774 describitur
1125 4721 1178 4774 in
1224 4721 1364 4775 libro
1410 4719 1498 4792 qui
1553 4725 1772 4780 nomine

186 4804 483 4877 Sapientiae
513 4807 778 4873 titulatur,
806 4818 1093 4880 postquam
1142 4811 1346 4865 dictum
1387 4822 1471 4867 est
1503 4832 1517 4867 :
1545 4811 1772 4884 Spiritus

186 4893 399 4950 Domini
428 4897 636 4964 replevit
672 4899 843 4952 orbem
895 4910 1155 4954 terrarum
1207 4900 1357 4974 (Sap.
1387 4918 1424 4968 ι,
1451 4903 1529 4974 7),
1586 4903 1774 4973 adjun-
1857 4935 1859 4938 ⁴

187 4993 325 5038 ctum
353 4983 588 5039 estzEst
615 4987 751 5040 enim
776 4989 831 5042 in
853 4987 965 5054 illo,
1017 4989 1144 5059 quin
1180 4991 1441 5060 sapientia
1482 5011 1497 5048 :
1543 4992 1774 5065 Spiritus

187 5075 501 5140 intellectura,
528 5078 742 5145 spiritus
772 5080 982 5144 unicus,
1013 5079 1308 5150 multiplex,
1339 5083 1568 5148 subtilis,
1608 5087 1774 5140 mobi-

187 5163 270 5228 lis,
297 5167 584 5238 ltuntanns,
619 5168 824 5223 stabilis
853 5169 1006 5241 (Sap.
1031 5185 1126 5235 vn,
1151 5172 1262 5244 22).
1294 5173 1394 5240 Qui
1423 5183 1604 5229 tamen
1631 5191 1772 5231 unus

187 5268 301 5309 esse
327 5271 434 5309 non
469 5256 762 5312 dubitatur.
788 5259 854 5313 Et
879 5260 1079 5314 dicitur
1108 5264 1298 5318 unicus
1319 5265 1442 5334 quia
1485 5265 1769 5331 indivisus,

190 5346 471 5414 multiplex
493 5361 648 5412 vero,
673 5349 928 5416 quoniam
951 5351 1004 5404 in
1025 5352 1284 5408 virtutum
1307 5353 1590 5410 eﬂ'cctibus
1637 5355 1772 5411 mulo

191 5433 444 5490 tiformis.
470 5435 534 5490 Et
564 5436 618 5489 in
645 5437 929 5507 prophetia
972 5439 1138 5505 Isaiae,
1189 5457 1351 5512 quam
1411 5445 1668 5500 Dominus
1716 5447 1770 5500 in

188 5526 478 5597 Evangelio
503 5531 558 5584 in
591 5531 770 5600 seipso
794 5535 1111 5587 monstravit
1140 5549 1261 5590 esse
1287 5538 1629 5606 completam,
1684 5540 1770 5594 di-

190 5619 362 5672 citur:
393 5619 626 5683 Spiritus
651 5624 924 5692 sopientiw
943 5633 990 5677 et
1015 5625 1323 5692 intellectus,
1381 5631 1595 5700 spiritus
1649 5650 1770 5689 con-

189 5711 290 5764 silii
317 5724 363 5766 et
396 5714 747 5782 fortitudinis,
777 5716 1008 5770 scicntia:
1028 5727 1074 5769 et
1103 5719 1330 5787 pietatis,
1358 5730 1404 5774 et
1439 5724 1652 5792 spiritus
1705 5727 1771 5779 ti-

195 5802 346 5856 moris
370 5801 589 5859 Domini
611 5804 744 5875 (Isa.
793 5822 864 5872 XI,
891 5807 952 5876 2;
1002 5807 1126 5865 Luc.
1156 5826 1229 5878 tv,
1259 5811 1382 5878 2|);
1440 5829 1560 5884 qua!
1603 5817 1770 5885 ipsius

1875 4709 1952 4778 7).
1978 4708 2045 4762 Hi
2093 4709 2238 4764 enim
2281 4724 2471 4766 omnes
2493 4710 2675 4781 operis
2696 4709 2863 4766 divini
2889 4708 3115 4766 effectus
3147 4711 3214 4765 ad
3264 4711 3466 4768 donum

1877 4801 2073 4871 gratiae
2095 4802 2369 4871 pertinere
2399 4810 2718 4859 noscuntur.

2460 4911 2688 4968 CAPUT
2740 4913 2858 4969 XX.

1881 4997 2124 5064 Qualiter
2142 4999 2364 5070 intelligi
2386 5001 2565 5055 debeat
2586 5003 2726 5074 quod
2755 5003 2934 5074 beatus
2965 5003 3249 5074 Gregorius
3270 5002 3465 5073 plurali

2205 5085 2421 5126 nurnero
2448 5073 2934 5141 prwdestinationes
2957 5073 3149 5144 posuit.

1952 5179 2148 5236 Beatus
2171 5180 2334 5236 etiam
2377 5181 2671 5253 Gregorius
2695 5182 2924 5240 effectus
2970 5183 3464 5254 prtedestinationis

1881 5272 1975 5328 Dei
2003 5274 2058 5328 in
2087 5274 2228 5331 libro
2240 5273 2519 5330 Moralium
2546 5275 2868 5348 xxviii-(cap.
2895 5278 2980 5348 l8)
2995 5277 3189 5348 plurali
3213 5291 3459 5340 numero,

1877 5366 2290 5437 dispositionum
2319 5367 2525 5423 scilicet
2554 5379 2608 5423 et
2630 5370 3182 5438 praedestinationum,
3213 5369 3460 5424 nomina-

1879 5461 1975 5524 vit,
1993 5459 2217 5515 dicens:
2255 5479 2273 5512 ι
2311 5459 2588 5527 Ordinem,
2624 5463 2814 5532 inquit,
2843 5464 2966 5518 coeli
2992 5479 3154 5518 nosse
3174 5472 3259 5519 est
3279 5480 3463 5536 super-

1878 5563 2071 5604 narum
2115 5551 2524 5620 dispositionum
2553 5551 2794 5607 occultas
2841 5554 3344 5623 praedestinationes
3377 5557 3460 5610 vi-

1876 5641 2049 5696 dere:
2084 5643 2345 5698 rationem
2395 5658 2523 5698 vero
2576 5643 2694 5711 ejus
2741 5644 2794 5697 in
2838 5653 3042 5700 terram
3098 5662 3298 5718 ponere
3356 5661 3461 5716 est,

1883 5743 2007 5787 ante
2049 5733 2282 5788 humana
2315 5735 2475 5787 corda
2508 5733 2694 5789 talium
2723 5747 3058 5792 secretorum
3109 5755 3302 5797 causas
3331 5757 3458 5811 ape-

1877 5825 2005 5878 rire.
2046 5843 2063 5877 ι
2101 5825 2166 5880 Et
2195 5825 2352 5898 paulo
2379 5836 2494 5896 post
2547 5828 2742 5886 multos
2785 5829 3005 5887 effectus
3063 5833 3228 5888 divini
3279 5834 3458 5901 operis
