4052 6334
589 396 696 453 m

1552 395 1886 453 HINCMARI
1927 392 2319 450 RIlEMENSlS
2357 393 2893 478 ARCHIEPISCOPI.

3755 385 3857 442 180

586 518 880 581 computat,
901 512 992 582 qui
1023 525 1212 566 omnes
1231 519 1324 566 aut
1350 511 1418 566 ad
1442 509 1640 565 donum
1665 510 1937 580 pertinent
1959 505 2167 576 gratiae,
2199 509 2243 565 Λ
2276 505 2466 571 linere,
2492 507 2630 562 sicut
2656 507 2915 575 scriptum
2944 513 3025 558 est
3051 474 3426 556 :dscensusin
3441 497 3596 554 corde
3615 513 3713 552 suo
3741 497 3853 550 dis-

587 610 681 656 aut
705 603 772 655 ad
819 603 1228 658 retributionem
1271 602 1515 674 jnstitite.
1565 602 1705 655 Dicit
1761 600 1944 654 enim:
1984 616 2002 650 ι
2035 597 2168 664 Quis

585 689 850 762 intelligat
899 707 1019 762 qum
1063 706 1186 746 esse
1238 692 1379 746 ratio
1416 700 1750 744 secretorum
1771 696 1978 758 potest,
2022 684 2166 756 quod

584 795 728 852 saepe
751 783 836 838 vir
856 783 1038 854 justus
1060 799 1090 837 a
1116 782 1346 852 judicio,
1374 798 1479 837 non
1515 781 1686 836 solum
1711 795 1818 834 non
1841 779 2163 841 vindicatus,

583 871 680 928 sed
704 872 866 926 etiam
896 872 1118 943 punitus
1147 871 1370 946 redeat?
1409 889 1428 922 ι
1461 870 1602 941 quod
1641 872 1708 924 ad
1749 869 1947 923 donum
2004 867 2168 936 perti-

582 971 677 1018 net
698 964 902 1034 gratiae,
960 963 1103 1017 sicut
1149 958 1408 1032 Scriptum
1431 964 1779 1025 est,'sa‘nctus
1809 957 2169 1025 san‘ctiﬁcetur

583 1053 1128 1123 adlmc(Apoc.‘xxtt,
1160 1052 1272 1121 11).
1307 1051 1482 1106 Veluti
1511 1049 1683 1105 sancti
1711 1048 1807 1104 Dei
1838 1048 1892 1101 in
1921 1045 2168 1102 conciliis

581 1145 716 1200 etin
751 1145 1036 1216 synagogis
1062 1143 1331 1213 ﬁagellati,
1361 1152 1418 1197 et
1462 1151 1590 1196 ante
1641 1155 1798 1211 rcges
1828 1149 1883 1194 et
1914 1138 2170 1209 przesides

582 1233 732 1286 ducti
760 1245 816 1286 et
838 1232 1183 1287 condemnati
1229 1231 1465 1302 fuerunt.
1491 1229 1624 1284 Nam
1655 1239 1712 1284 ut
1738 1244 1837 1285 nos
1871 1229 2011 1283 dono
2041 1241 2168 1298 gra-

583 1323 676 1377 tite
731 1323 990 1388 salvaret,
1054 1332 1276 1394 propter
1324 1338 1423 1377 nos
1475 1321 1722 1376 homines
1748 1329 1802 1374 et
1825 1328 2046 1390 propter
2071 1332 2170 1371 no—

587 1422 757 1469 stram
816 1414 1065 1479 salutem,
1097 1425 1150 1470 et
1174 1414 1333 1470 Iesus
1382 1414 1532 1468 stetit
1561 1421 1687 1468 ante
1731 1412 2040 1482 prtesidem,
2074 1409 2167 1479 qui

586 1507 760 1577 alapis
785 1517 838 1562 et
867 1507 1206 1562 contumeliis
1235 1507 1460 1562 aﬂ'cctus
1487 1505 1621 1560 exiit
1651 1519 1680 1558 a
1711 1502 1917 1572 judicio
1970 1502 2170 1572 injuste

578 1595 874 1666 judicatus,
918 1609 974 1651 et
1021 1598 1201 1653 veniet
1229 1599 1280 1652 in
1320 1598 1604 1668 majestate
1659 1609 1756 1650 sua
1808 1602 1864 1649 et
1903 1593 2079 1648 Patris
2104 1607 2172 1648 ac

585 1700 894 1745 sanctorum
923 1692 1234 1762 angelorum
1264 1693 1417 1747 vivos
1444 1699 1498 1746 et
1525 1699 1766 1745 mortuos
1795 1687 1941 1756 juste
1966 1687 2170 1755 judica-

584 1787 757 1836 turus.
791 1781 1048 1851 Sequitur
1084 1782 1137 1837 in
1168 1783 1350 1838 verbis
1397 1782 1572 1836 sancti
1601 1780 1889 1852 Gregorii:
1921 1798 1940 1831 ι
1970 1780 2037 1835 Et
2066 1778 2167 1833 ini-

2269 595 2440 662 posuit
2491 597 2546 649 in
2591 595 2826 650 convalle
2883 595 3235 663 latrymarum
3265 591 3283 662 (
3311 589 3462 644 Psal.
3493 605 3722 651 unm,
3751 587 3806 658 6)
3837 629 3858 653 ,

2273 690 2386 758 qui,
2412 699 2472 743 ut
2501 689 2698 744 Paulus
2723 689 2875 753 dicit,
2902 686 3351 742 renovaturdedie
3375 687 3429 739 in
3453 685 3589 738 diem
3614 681 3701 750 (11
3723 679 3851 735 Cor.

2270 794 2342 841 tv,
2371 778 2480 844 l6).
2511 779 2578 834 Et
2600 780 2728 834 item
2758 778 3032 848 psalmus:
3065 777 3248 830 Adhuc
3274 773 3768 844 multiplicabuntur
3797 771 3858 823 iu

2267 881 2473 924 senecta
2525 872 2672 925 uberi
2723 872 2742 941 (
2769 869 2916 924 Psal.
2948 885 3060 934 ιρι,
3129 868 3196 923 15
3228 868 3288 937 );
3339 867 3592 938 quoniam
3665 865 3742 919 illi
3803 866 3860 919 in

2271 971 2488 1016 senecta
2513 962 2660 1017 uberi
2687 962 3137 1032 multiplicantur,
3169 973 3399 1027 quorum
3447 958 3555 1010 vita
3598 970 3726 1012 eum
3756 953 3864 1010 dif-

2269 1051 2459 1115 l'ertur,
2493 1067 2708 1122 semper
2759 1052 2826 1106 ad
2869 1051 3058 1105 melius
3088 1048 3349 1103 fortitudo
3385 1046 3724 1116 producitur,
3751 1045 3865 1100 eis-

2269 1155 2375 1209 que
2404 1156 2500 1210 per
2529 1149 2874 1212 augmentum
2900 1149 3202 1210 temporum
3231 1144 3485 1192 crescunt
3511 1135 3674 1190 etiam
3705 1134 3864 1189 lucra

2269 1233 2608 1286 meritorum.
2642 1233 2770 1288 ltem
2822 1239 3071 1296 econtra,
3113 1247 3132 1281 ι
3178 1229 3316 1284 alius
3364 1227 3505 1283 male
3547 1228 3740 1282 vivens
3767 1225 3864 1280 diu

2271 1331 2581 1378 reservatur
2605 1330 2666 1376 ut
2691 1322 3025 1392 corrigatur;
3058 1339 3078 1373 ι
3105 1319 3250 1388 quod
3279 1318 3348 1373 ad
3394 1318 3596 1372 donum
3620 1315 3872 1384 pertinet

2271 1417 2481 1484 gratiae,
2505 1415 2645 1470 sicut
2672 1413 2872 1468 Paulus
2921 1413 3086 1467 dicit:
3123 1409 3323 1464 Fidelis
3367 1425 3561 1472 sermo,
3613 1405 3869 1462 Christus

2270 1507 2426 1562 Jesus
2454 1506 2590 1560 venit
2625 1505 2680 1558 in
2695 1505 2832 1558 hunc
2853 1503 3107 1556 mundum
3131 1509 3426 1570 peccatores
3451 1498 3624 1554 sulcos
3655 1496 3857 1565 facere,

2268 1613 2490 1669 quorum
2517 1597 2718 1667 primus
2743 1612 2836 1665 ego
2859 1611 2996 1649 sum.
3021 1593 3126 1648 Sed
3146 1592 3262 1646 ideo
3287 1588 3708 1645 misericordiam
3731 1603 3858 1641 con-

2270 1699 2478 1746 secutus
2527 1705 2668 1753 sum,
2695 1688 2786 1758 qui
2806 1687 2954 1757 prius
2974 1686 3053 1756 fui
3087 1683 3436 1752 blasphemus,
3459 1690 3507 1734 et
3534 1686 3864 1750 persecutor,

2273 1793 2320 1837 et
2372 1779 2795 1841 contumeliosus,
2821 1786 2877 1831 ut
2903 1777 2957 1830 in
2978 1791 3058 1830 me
3082 1776 3251 1845 primo
3293 1772 3580 1828 ostenderet
3608 1768 3866 1824 Christus

584 1886 724 1940 quas
760 1871 878 1940 ejus
899 1873 1245 1928 adversarius
1286 1890 1390 1928 non
1423 1873 1598 1928 solum
1651 1887 1758 1926 non
1804 1871 2044 1942 punitus,
2073 1869 2167 1924 sed
2201 1875 2244 1934 Β
2272 1872 2428 1928 Iesus
2453 1887 2656 1926 onmem
2685 1867 3015 1938 patientiam,
3073 1866 3142 1920 ad
3195 1863 3621 1932 informationem
3676 1875 3869 1914 eorum

584 1963 750 2018 etiam
808 1963 984 2028 victor
1032 1965 1324 2019 abscedat?
1358 1983 1377 2016 ι
1409 1964 1553 2034 quod
1581 1972 1666 2020 est
1708 1979 1773 2019 ex
1811 1962 2165 2018 retributione

582 2053 832 2124 justitiae,
864 2066 922 2110 ut
950 2057 1041 2126 qui
1068 2068 1226 2113 nocet
1252 2065 1444 2112 noceat
1468 2057 1667 2122 adhuc,
1696 2064 1964 2126 quatenus
1983 2053 2168 2124 justus

580 2145 1132 2214 justilicetur‘adlnte.
1162 2149 1291 2205 Item
1345 2151 1590 2220 sequitur
1625 2164 1640 2203 :
1672 2167 1692 2202 ι
1747 2149 1881 2216 Quis
1907 2148 2166 2220 intelligat

584 2253 687 2293 cur
713 2239 847 2294 vivit
889 2240 1029 2296 alius
1065 2242 1325 2297 insidians
1384 2243 1650 2296 mortibus
1694 2241 2108 2310 proximorum?
2139 2259 2158 2293 ι

585 2331 731 2399 quod
757 2341 840 2387 est
867 2345 931 2387 ex
963 2333 1318 2388 retributione
1335 2331 1584 2401 j-ustitire,
1613 2340 1672 2386 ut
1703 2333 1796 2400 qui
1829 2332 1881 2386 in
1911 2333 2167 2387 sordibus

586 2431 673 2479 est
697 2423 970 2480 sordescat
989 2426 1184 2481 adhuc.
1200 2425 1354 2490 item,
1383 2443 1403 2475 ι
1429 2425 1492 2479 Et
1511 2425 1741 2480 moritur
1761 2424 1919 2488 alius,
1935 2425 2025 2494 qui
2047 2439 2168 2494 pro-

589 2512 804 2569 futurus
828 2524 974 2571 esset
997 2517 1121 2571 vita:
1150 2516 1480 2571 multorum?
1512 2535 1530 2566 ι
1560 2516 1701 2585 quod
1723 2515 1788 2569 ad
1815 2515 2014 2570 donum
2046 2528 2167 2584 per-

585 2605 723 2662 tinet
754 2608 963 2678 gratim.
1000 2609 1140 2664 sicut
1162 2609 1422 2679 scriptum
1443 2617 1564 2662 est:
1595 2606 1794 2677 Raptus
1813 2615 1888 2660 est
1917 2622 1979 2660 ne
2014 2605 2167 2660 mali-

584 2697 661 2751 tia
681 2708 910 2754 mutaret
940 2698 1255 2753 intellectum
1286 2699 1399 2769 ejus
1427 2697 1577 2769 (Sap.
1610 2713 1682 2762 tv,
1715 2698 1775 2751 11
1802 2697 1841 2768 ).
1881 2695 2034 2750 Unde
2058 2697 2166 2749 Au-

587 2789 837 2860 gustinus
885 2791 938 2844 in
969 2789 1108 2845 libro
1159 2791 1226 2846 de
1280 2789 1759 2844 Przedcstinatione
1808 2796 2162 2844 sanctorum:

592 2898 610 2931 ι
655 2879 868 2936 Dictum
919 2889 1004 2936 est
1052 2882 1158 2936 boc
1207 2881 1504 2936 secundum
1565 2880 1803 2954 pericula
1884 2879 2006 2932 vitae
2071 2878 2168 2932 bu.

581 2969 668 3040 jus
695 3010 710 3033 ,
783 2985 890 3025 non
949 2971 1262 3037 secundum,
1321 2971 1714 3041 pnescicntiam
1774 2969 1892 3032 Dei,
1947 2975 2007 3021 ut
2061 2975 2170 3022 ten-

585 3061 851 3117 tationum
897 3061 1310 3117 subtraheretur
1350 3063 1581 3127 incerto,
1629 3078 1736 3115 non
1783 3061 1924 3128 quod
1979 3073 2171 3129 pecca-

588 3159 741 3206 turus
765 3160 932 3217 esset,
961 3153 1054 3222 qui
1088 3167 1380 3208 mansurus
1409 3152 1462 3206 in
1486 3152 1782 3207 tentatione
1810 3165 1916 3204 non
1945 3157 2110 3204 esset.
2144 3167 2163 3200 ι

2266 1965 2356 2034 qui
2408 1961 2661 2015 credituri
2711 1968 2830 2014 sunt
2863 1957 2944 2010 illi
2983 1958 3039 2010 in
3069 1956 3231 2011 vitam
3259 1963 3506 2008 teternam
3537 1954 3553 2022 (
3589 1949 3613 2003 ι
3644 1949 3782 2002 Tim.
3814 1965 3864 2012 ι,

2269 2055 2379 2126 15).
2413 2073 2432 2105 ι
2451 2051 2604 2106 Alius
2625 2065 2757 2105 vero
2784 2050 2924 2104 bene
2951 2046 3165 2116 quidem
3192 2045 3407 2100 videtur
3423 2044 3638 2097 vivere:
3675 2040 3772 2095 sed
3795 2040 3860 2093 in

2267 2148 2369 2202 bac
2397 2146 2504 2199 vita
2531 2156 2770 2213 eousque
2789 2142 2966 2205 durat,
2991 2153 3098 2208 quo
3120 2138 3187 2192 ad
3207 2151 3459 2208 perversa
3482 2141 3858 2204 prorumpat.o

2267 2239 2419 2306 Quod
2467 2236 2680 2293 occulto
2714 2233 2793 2297 ﬁt,
2851 2233 2943 2286 sed
2971 2247 3077 2286 non
3134 2227 3348 2296 injuste,
3383 2227 3498 2291 Dei,
3530 2225 3583 2279 in
3610 2239 3718 2294 quo
3746 2237 3861 2277 non

2267 2339 2350 2385 est
2375 2328 2651 2399 iniquitas,
2671 2324 2895 2394 judicio.
2925 2323 3000 2378 De
3021 2320 3268 2392 qualibus
3305 2318 3571 2388 scriptum
3597 2324 3683 2369 est
3720 2332 3737 2370 :
3770 2313 3858 2367 Ad

2267 2432 2466 2492 tempus
2514 2419 2752 2481 credunt,
2793 2426 2839 2471 et
2889 2417 2944 2469 iu
2977 2424 3206 2482 tempore
3249 2409 3550 2464 tentationis
3601 2405 3860 2463 recedunt

2269 2512 2420 2586 (Luc.
2453 2525 2573 2575 vnt,
2605 2509 2715 2580 15).
2747 2507 2896 2561 Sicut
2916 2502 3132 2556 Balaam
3159 2510 3282 2571 post
3307 2499 3647 2570 prophetiam
3689 2506 3748 2551 et
3775 2495 3868 2550 la-

2267 2617 2502 2674 crymas,
2526 2609 2582 2656 et
2609 2598 2775 2654 ludas
2809 2597 2876 2652 de
2903 2594 3207 2666 apostolatu
3235 2601 3356 2662 post
3375 2590 3527 2661 signa
3554 2587 3851 2642 miracula-

2271 2709 2413 2756 rum,
2444 2692 2570 2762 quia
2624 2687 2936 2759 cupiditatis
2966 2686 3144 2756 ignem
3179 2681 3526 2751 exstinguere
3555 2677 3746 2740 noluit,
3776 2677 3854 2734 ad

2269 2791 2524 2854 perpetua
2553 2786 2820 2835 tormenta
2848 2775 3127 2846 pervenit;
3156 2773 3300 2842 quod
3350 2769 3583 2841 pertinet
3603 2767 3670 2823 ad
3695 2768 3865 2836 retri-

2269 2875 2548 2932 butionem
2567 2863 2812 2941 justitim.
2843 2869 2975 2924 item
3004 2885 3018 2921 :
3049 2884 3068 2917 ι
3097 2865 3248 2920 Alius
3273 2865 3328 2920 in
3352 2876 3541 2918 errore
3563 2860 3866 2916 inﬁdelita-

2271 2967 2341 3021 tis
2370 2974 2550 3028 natus,
2584 2964 2636 3018 in
2658 2975 2847 3018 errore
2868 2957 3091 3022 deﬁcit;
3121 2975 3140 3007 ι
3174 2956 3318 3025 quod
3362 2953 3602 3023 pertinet
3658 2953 3728 3006 ad
3779 2965 3865 3006 re-

2271 3053 2618 3110 tributionem
2648 3049 2891 3118 justitiw,
2916 3047 3042 3116 quia
3070 3045 3213 3114 quod
3241 3044 3294 3098 in
3324 3042 3506 3097 radice
3531 3041 3760 3110 putruit,
3809 3041 3870 3094 in

2273 3160 2426 3200 ramo
2477 3142 2719 3207 exaruit;
2771 3141 2837 3195 de
2870 3137 3067 3209 quibus
3092 3135 3352 3205 scriptum
3377 3141 3498 3188 est:
3532 3130 3868 3186 Erranerunt

585 3241 720 3297 Item
755 3261 768 3296 :
799 3260 818 3293 ι
856 3221 1007 3298 Alius
1034 3244 1249 3299 culmen
1291 3243 1570 3306 potestatis
1599 3238 2036 3311 assequitur,qui
2064 3254 2170 3294 non
2201 3240 2242 3299 C
2276 3235 2340 3288 ab
2367 3244 2512 3288 utero
2545 3232 2718 3303 (Psal.
2777 3245 2905 3293 Lvn,
2936 3228 3012 3297 4),
3043 3235 3102 3280 ιιι
3125 3226 3266 3281 Esau
3295 3224 3473 3278 adhuc
3503 3223 3556 3278 in
3587 3221 3748 3280 vulva
3777 3231 3873 3277 est

587 3335 691 3393 nisi
722 3337 916 3393 hedera
966 3339 1163 3394 studet.
1202 3359 1220 3390 ι
1252 3338 1404 3405 Quod
1455 3345 1540 3392 est
1578 3351 1644 3390 ex
1679 3333 1905 3404 iustitiae
1936 3333 2170 3388 retribu—

589 3426 753 3491 tione,
795 3426 939 3481 sicut
983 3427 1244 3498 scriptum
1299 3435 1380 3481 est
1409 3444 1421 3479 :
1455 3424 1794 3478 Transierunt
1844 3423 1900 3475 in
1929 3422 2172 3491 aﬂ'ectum

591 3519 786 3573 cordis.
813 3519 946 3574 item
978 3535 992 3573 :
1023 3539 1042 3570 ι
1078 3518 1230 3574 Alius
1257 3517 1628 3572 tantummodo
1675 3515 1831 3570 laesos
1889 3512 2176 3568 defendere

588 3612 944 3681 concupiscit,
994 3619 1049 3667 et
1100 3619 1277 3666 tamen
1309 3611 1425 3681 ipse
1449 3622 1740 3680 oppressus
1785 3606 1953 3677 jacet,
1989 3624 2006 3655 ι
2032 3604 2175 3674 quod

591 3704 658 3758 ad
678 3704 878 3758 donum
901 3704 1137 3774 pertinet
1160 3703 1370 3773 gratiae,
1398 3701 1523 3772 quia
1555 3714 1698 3770 saepe
1724 3699 1941 3769 quidam
1970 3697 2022 3751 in
2051 3696 2178 3750 sub-

585 3795 825 3864 jectione
855 3796 1064 3850 cautius
1103 3809 1161 3850 se
1210 3793 1541 3858 custodiunt,
1573 3801 1628 3846 et
1661 3791 1714 3845 in
1743 3789 2059 3860 prmlatione
2087 3787 2178 3841 de-

591 3887 861 3957 linquunt,
911 3896 971 3941 ut
1017 3887 1068 3940 in
1098 3885 1265 3944 David
1286 3885 1542 3956 operibus
1585 3883 1862 3945 discimus,
1889 3895 2050 3950 quem
2077 3879 2180 3933 Do-

593 3977 774 4050 minus
800 3976 1231 4032 misericorditer
1249 3959 1534 4044 temperat,
1563 3989 1630 4027 ne
1644 3972 1782 4028 forte
1800 3972 1891 4044 qui
1930 3971 1982 4025 in
2007 3969 2183 4040 planis

595 4065 795 4120 titubat
829 4066 883 4121 in
913 4064 1214 4137 przecipitio
1263 4064 1452 4135 pedem
1492 4075 1679 4133 ponat,
1709 4062 1850 4117 sicut
1878 4061 2019 4116 idem
2057 4075 2185 4116 san-

593 4165 717 4212 ctus
735 4152 1029 4227 Gregorius
1062 4155 1116 4210 in
1139 4152 1340 4224 Regula
1372 4154 1414 4222 ι
1429 4153 1532 4226 16
1545 4151 1798 4223 pastorali
1824 4152 2176 4207 demonstrat.

593 4251 661 4307 Et
687 4250 826 4306 sicut
855 4249 1117 4318 scriptum
1165 4256 1251 4301 est
1291 4261 1305 4304 :
1339 4245 1569 4300 Sanctus
1599 4243 1960 4312 sanetiﬁcetur
2009 4242 2186 4297 adhuc

594 4344 781 4416 (Apoc.
822 4357 962 4408 χιιι,
994 4342 1108 4411 11),
1133 4349 1193 4394 ιιι
1227 4338 1428 4393 Tobias
1471 4345 1526 4392 et
1574 4337 1756 4391 caeteri
1786 4335 1840 4390 in
1868 4334 2185 4404 captivitate

599 4432 782 4490 electi.
815 4434 946 4488 Item
985 4449 999 4486 :
1035 4451 1053 4483 ι
1091 4431 1244 4485 Alius
1273 4444 1470 4484 vacare
1527 4428 1753 4498 appetit,
1783 4434 1838 4482 et
1887 4425 2188 4481 innumeris

596 4525 827 4595 negotiis
859 4523 1166 4595 implicatur
1194 4538 1207 4574 :
1235 4520 1373 4576 alius
1404 4520 1634 4591 negotiis
1673 4519 1938 4589 implicari
1977 4517 2187 4572 deside-

2274 3325 2614 3393 rcprobatus.
2655 3339 2674 3372 ι
2702 3319 2854 3375 Alius
2887 3319 2938 3372 in
2971 3314 3251 3371 catholicae
3273 3313 3398 3367 ﬁdei
3425 3310 3747 3366 rectitudine
3768 3327 3866 3381 ge-

2275 3417 2444 3481 nitus,
2472 3416 2525 3469 in
2552 3412 2830 3468 catlmlicze
2862 3409 2984 3464 ﬁdei
3016 3405 3341 3461 rectitudine
3367 3409 3810 3474 consummatur.
3848 3423 3868 3454 ι

2277 3507 2428 3574 Quod
2459 3506 2527 3561 ad
2563 3505 2762 3560 donum
2811 3500 3049 3572 pertinet
3094 3497 3299 3566 gratiae,
3339 3495 3479 3549 sicut
3507 3491 3774 3550 Jeremias
3817 3500 3878 3550 et

2275 3597 2511 3652 Joannes
2534 3594 2602 3649 de
2626 3601 2818 3648 ventre
2844 3589 3042 3654 vocati,
3070 3597 3126 3642 et
3165 3587 3219 3640 in
3248 3593 3404 3640 utero
3435 3581 3782 3644 sanctiﬁcati,
3816 3592 3878 3635 et

2278 3691 2427 3744 Isaac
2470 3696 2762 3757 antequam
2809 3681 3194 3751 conciperetur
3241 3676 3576 3745 designatus,
3604 3681 3661 3728 et
3702 3671 3876 3726 Jacob

2279 3779 2561 3834 vocatione
2603 3776 2830 3830 electus.
2887 3771 3120 3826 Econtra
3166 3781 3316 3832 vero,
3347 3785 3365 3816 ι
3403 3765 3540 3819 alius
3589 3761 3878 3817 catholicae

2281 3869 2471 3926 matris
2494 3874 2684 3921 ventre
2713 3865 2890 3919 editus
2929 3860 3108 3930 juxta,
3150 3857 3274 3914 vita:
3328 3856 3616 3911 terminum
3665 3853 3877 3907 erroris

2281 3957 2538 4027 voragine
2581 3957 2894 4017 devoratur,
2925 3970 2944 4002 ι
2977 3949 3121 4022 quod
3170 3948 3409 4018 pertinet
3455 3944 3519 4000 ad
3567 3942 3880 4000 retributio-

2285 4064 2407 4104 nem
2429 4045 2676 4118 justitiaz,
2704 4042 2828 4110 quia
2854 4056 2977 4096 cum
3004 4039 3172 4093 Deum
3201 4035 3564 4106 cognovisset,
3594 4043 3653 4087 ut
3673 4031 3878 4086 Paulus

2283 4139 2436 4202 dicit,
2463 4152 2566 4190 non
2593 4135 2726 4187 sicut
2752 4131 2918 4185 Deum
2969 4127 3333 4196 honoriﬁcarit
3363 4124 3542 4197 (Rom.
3575 4140 3613 4188 t,
3642 4123 3736 4194 2|)
3761 4139 3775 4189 ;
3824 4131 3881 4176 ct

2285 4231 2353 4286 do
2402 4225 2637 4289 diabolo,
2693 4222 2877 4276 talium
2930 4219 3181 4275 videlicet
3235 4218 3432 4288 capite,
3487 4216 3749 4286 scriptum
3791 4224 3879 4269 est

2285 4324 2408 4397 quia
2447 4323 2502 4375 in
2547 4320 2764 4376 veritate
2811 4334 2915 4370 non
2965 4314 3102 4368 stetit
3133 4312 3316 4383 (Joau.
3373 4327 3490 4375 vni,
3520 4309 3637 4380 44),
3676 4309 3734 4363 in
3769 4323 3878 4377 qua

2287 4417 2405 4471 sine
2432 4412 2594 4469 dubio
2651 4409 2774 4475 fuit,
2807 4408 2901 4463 sed
2950 4423 3056 4461 non
3085 4406 3137 4460 in
3161 4419 3223 4458 ea
3251 4401 3574 4472 permansit,
3613 4399 3878 4469 quoniam

2291 4515 2506 4561 tumens
2533 4505 2599 4559 de
2623 4502 2768 4557 dono
2799 4498 2954 4574 117
2983 4495 3172 4566 gratiae
3200 4493 3318 4557 Dei,
3347 4493 3413 4548 de
3435 4489 3650 4546 sublimi
3699 4486 3883 4542 excel-

598 4578 704 4678 rai:
736 4621 792 4668 et
819 4578 1042 4667 coactus
1087 4618 1262 4666 vacat.
1294 4629 1312 4661 ι
1341 4578 1504 4676 (ὶιιξιξυ
1527 4624 1669 4679 saepe
1697 4578 1767 4663 ad
1793 4608 1989 4662 donum
2018 4606 2184 4676 perti-
2208 4589 2261 4650 Ι)
2287 4597 2452 4651 lentia
2479 4610 2545 4651 ex
2574 4592 2930 4648 retributione
2959 4587 3183 4655 iustitiae
3213 4584 3410 4641 cecidit
3434 4583 3500 4638 ad
3523 4580 3758 4634 miseriae
3797 4578 3881 4632 in-

598 4711 732 4757 stent
776 4700 984 4772 gratim,
1028 4713 1170 4768 saepe
1199 4697 1265 4752 ad
1295 4696 1708 4752 retributionem
1751 4694 1990 4764 justitirc,
2047 4694 2187 4749 sicut

601 4795 744 4851 idem
772 4802 994 4850 sanctus
1017 4790 1313 4862 Gregorius
1339 4798 1394 4845 et
1421 4789 1474 4844 in
1506 4788 1656 4843 libris
1703 4787 2021 4852 Moralibus,
2053 4793 2110 4841 et
2131 4786 2184 4843 in

601 4887 805 4958 Regula
852 4885 1110 4957 pastorali
1160 4885 1516 4939 demonstrat.
1576 4880 1706 4938 item
1767 4897 1832 4933 τι
1869 4878 2019 4934 Alius
2042 4878 2186 4934 male

603 4979 864 5036 inchoans
915 4993 1086 5048 usque
1132 4978 1202 5032 ad
1259 4978 1381 5036 vitze
1426 4991 1538 5030 suae
1570 4974 1860 5030 terminum
1902 4972 1968 5027 ad
1999 4972 2184 5043 pejora

601 5073 977 5144 progreditur;
1022 5089 1041 5123 ι
1095 5071 1238 5142 quod
1287 5071 1522 5141 pertinet
1550 5070 1617 5123 ad
1650 5067 2060 5122 retributionem
2101 5064 2192 5131 ju-

603 5164 786 5228 stitize,
815 5164 957 5219 sicut
984 5163 1327 5235 apertissima
1370 5163 1565 5216 exinde
1625 5159 1868 5229 exempla
1919 5157 2193 5213 multoties

605 5255 659 5309 in
689 5253 990 5324 Seripturis
1028 5253 1350 5311 invenimus.
1381 5252 1446 5306 Et
1478 5250 1677 5308 Paulus
1702 5250 1833 5306 dicit
1871 5249 1922 5303 in
1958 5247 2192 5318 Epistula

604 5347 673 5401 ad
703 5341 1000 5408 Romanos,
1027 5346 1093 5402 de
1146 5345 1233 5400 bis
1263 5345 1355 5414 qui
1396 5358 1519 5400 cum
1576 5343 1744 5399 Deum
1792 5340 2191 5410 cognovissent,

605 5453 714 5492 non
741 5438 882 5493 sicut
907 5437 1073 5492 Deum
1124 5435 1564 5508 gloriﬁcaverunt
1597 5451 1610 5486 :
1652 5429 1938 5498 Propterea
1970 5427 2190 5484 tradidit

606 5546 694 5583 eos
739 5529 884 5585 Deus
934 5531 989 5584 iu
1045 5529 1319 5599 reprobum
1350 5543 1559 5584 sensum
1589 5523 1763 5594 (Rom.
1795 5539 1843 5584 ι,
1872 5520 1962 5590 28)
1989 5561 2004 5582 ,
2036 5527 2095 5572 ut
2123 5519 2189 5572 do

566 5658 570 5662 π
605 5617 891 5675 Pharaone
912 5618 1126 5689 legitur.
1151 5637 1168 5670 ι
1202 5617 1354 5672 Alius
1367 5618 1504 5672 bene
1535 5615 1822 5685 incipiens,
1845 5625 1943 5681 per
1965 5609 2192 5680 longitu-

608 5709 790 5766 dinem
845 5719 1146 5780 temporum
1181 5709 1397 5780 prolicit
1453 5708 1521 5762 ad
1581 5712 1928 5776 augmentum
1981 5701 2198 5755 merito-

609 5814 762 5866 rum;
799 5819 817 5852 ›
851 5801 992 5872 quod
1035 5801 1102 5856 ad
1130 5800 1327 5855 donum
1359 5798 1544 5868 gratiae
1568 5811 1674 5851 non
1698 5794 1918 5850 dubium
1969 5800 2047 5847 est
2075 5805 2196 5857 per-

2291 4685 2437 4743 ﬁma.
2477 4704 2495 4736 ι
2530 4684 2682 4739 Alius
2707 4688 2888 4736 autem
2913 4679 3076 4736 vitam
3099 4691 3250 4730 suam
3277 4675 3330 4732 in
3361 4671 3630 4728 catholica
3675 4669 3882 4740 pietate

2290 4783 2650 4839 consummat,
2673 4771 2764 4846 qui
2797 4777 2950 4825 ortus
2981 4769 3033 4822 in
3073 4765 3296 4837 perﬁdia
3326 4778 3450 4819 cum
3494 4761 3634 4818 lacte
3686 4758 3883 4812 matris

2289 4873 2547 4931 hauserat
2573 4868 2719 4921 virus
2744 4863 2984 4926 erroris;
3005 4860 3148 4930 quod
3173 4858 3240 4912 ad
3262 4857 3464 4912 donum
3493 4852 3732 4923 pertinet
3750 4866 3880 4921 gra-

2294 4966 2404 5030 tiae,
2449 4964 2591 5017 sicut
2627 4957 2887 5027 scriptum
2937 4962 3055 5010 est:
3089 4949 3276 5006 Gratia
3322 4947 3456 5004 salvi
3497 4945 3626 5015 facti
3649 4944 3796 5004 estis,
3832 4949 3882 4994 et

2294 5056 2392 5110 hoc
2412 5069 2517 5108 non
2543 5067 2610 5106 ea:
2634 5049 2797 5114 vobis,
2819 5047 3016 5101 donum
3046 5043 3182 5097 enim
3229 5040 3325 5096 Dei
3355 5049 3429 5094 est
3462 5035 3676 5108 (Ephes.
3706 5049 3768 5096 ιι.
3801 5031 3882 5100 8).

2295 5145 2446 5201 Alius
2495 5139 2866 5200 celsitudinem
2897 5137 3035 5190 bene
3092 5131 3304 5188 vivendi
3340 5137 3594 5199 appetere
3637 5134 3691 5178 et
3739 5123 3884 5177 volet

2295 5245 2351 5292 et
2374 5233 2552 5288 valet:
2590 5251 2609 5283 ι
2639 5229 2783 5300 quod
2814 5227 2881 5280 ad
2935 5225 3136 5282 donum
3187 5221 3426 5292 pertinet
3475 5216 3682 5288 gratite,
3740 5213 3884 5268 sicut

2295 5325 2493 5381 Paulus
2517 5323 2682 5378 dicit:
2713 5319 2909 5374 Datum
2938 5317 3082 5370 nobis
3109 5330 3218 5368 esse
3245 5331 3277 5366 a
3303 5312 3412 5366 Deo
3455 5321 3505 5365 et
3537 5307 3660 5364 uelle
3686 5315 3735 5362 et
3772 5323 3885 5376 pcr-

2299 5415 2454 5486 ﬁcere
2477 5429 2571 5484 pro
2599 5411 2733 5466 bona
2766 5409 3026 5465 uoluntate
3057 5403 3282 5476 (Philip.
3311 5419 3374 5467 ιι,
3414 5401 3522 5472 l5).
3557 5419 3575 5451 ι
3607 5398 3761 5453 Alius
3785 5410 3884 5450 nec

2299 5508 2442 5564 volet
2468 5519 2568 5562 nec
2608 5503 2770 5566 valet,
2819 5501 2957 5558 alius
2995 5499 3136 5552 volet
3157 5506 3211 5552 et
3233 5513 3338 5551 non
3371 5494 3532 5557 valet,
3562 5491 3702 5546 alius
3740 5488 3885 5543 valet

2297 5609 2354 5656 ct
2377 5613 2484 5654 non
2514 5595 2688 5661 volet;
2737 5613 2755 5646 ι
2788 5607 2906 5662 qua:
2962 5589 3234 5662 pertinent
3260 5587 3328 5643 ad
3357 5583 3772 5642 retributionem
3801 5580 3886 5650 ju-

2299 5690 2480 5754 stitize,
2509 5687 2764 5760 quoniam
2789 5685 2914 5749 hoc,
2942 5689 3150 5736 remoto
3189 5675 3750 5734 etiam‘additamento
3789 5670 3888 5725 ini-

2304 5782 2527 5855 quitatis
2549 5787 2769 5844 nostrae,
2799 5773 3100 5847 promeruit
3128 5768 3394 5841 generalis
3419 5781 3596 5824 massa
3623 5762 3884 5836 perditio-
