4052 6334
975 344 1071 404 DE
1105 327 1781 401 PBBDESTINA'HONE
1819 322 2279 384 DlSSEBTATlO
2314 317 2725 378 POSTERIOB.

3391 302 3493 358 182

215 487 347 549 nis;
376 489 446 538 de
467 490 600 549 qua,
624 481 687 529 ut
708 466 1046 541 Augustinus
1069 461 1219 525 dicit,
1247 457 1292 515 si
1316 454 1496 513 nullus
1536 450 1802 507 liberare-
1833 441 1884 505 Α
1979 439 2144 495 verbis
2178 436 2493 520 sumpsimus
2520 433 2615 518 illa
2653 445 2771 502 qm
2812 424 2999 507 exinde
3027 420 3298 502 passiam
3325 427 3375 500 et
3429 416 3495 471 de

1525 546 1536 549 _
1662 541 1693 549 -.
1982 519 2440 549 ηνηιηηιιρι-ηηηηρ
2467 503 2631 549 ,ιιυιι
2661 515 2777 549 nam
2803 514 2836 549 ο
2864 492 3174 549 auibusdam
3201 486 3495 543 inordinata

216 538 424 640 ἆξαι
470 538 1035 637 incomprehensibilis
1074 555 1151 612 ita
1204 561 1260 609 et
1312 538 1808 619 irreprchensibilis

212 670 370 721 esset
391 660 489 716 Dei
510 655 744 733 iustitia.

289 774 378 829 Ad
400 767 808 844 cognoscendos
831 762 1032 834 quippe
1058 759 1191 815 istos
1226 754 1554 826 iudiciorum
1579 756 1813 806 secreto-

215 885 345 926 rum
384 869 539 924 sinus
568 862 747 920 nullus
775 856 1045 923 ascendit,
1087 854 1215 926 quia
1256 851 1362 906 scit
1383 849 1439 904 in
1463 859 1566 902 suo
1602 850 1814 899 secreto

211 958 454 1017 consilio
494 953 693 1011 artifex
732 960 787 1007 et
811 949 1021 1021 peritus
1053 939 1435 1001 cementarius.
1485 948 1594 1006 quo
1631 932 1814 986 funem

213 1045 600 1124 perpendiculi
649 1043 864 1099 trahere
890 1079 906 1104 ,
965 1036 1053 1092 vel
1103 1048 1211 1104 quo
1255 1029 1535 1086 retrahere
1577 1021 1812 1124 debeat:

210 1112 387 1213 quem
418 1138 654 1208 lapidem
702 1135 756 1190 in
793 1129 1031 1188 maceria
1057 1123 1383 1188 Jerusalem,
1440 1132 1562 1189 qua:
1584 1112 1818 1213 aedifica-

204 1202 313 1288 tur
337 1238 406 1285 ut
440 1202 671 1291 civitas,
699 1224 771 1279 ab
796 1224 941 1279 intus
968 1219 1119 1275 foras
1163 1215 1398 1277 trahere,
1442 1222 1605 1281 quem
1631 1221 1662 1260 a
1685 1202 1821 1260 foris

209 1322 371 1376 intus
418 1317 724 1379 retrahere,
763 1322 819 1368 et
863 1311 957 1366 ubi
986 1310 1040 1364 in
1070 1320 1236 1378 opere
1260 1318 1375 1358 suae
1400 1292 1821 1356 constructiouis

206 1423 449 1483 ponere,
478 1421 641 1479 quem
672 1419 705 1459 a
733 1399 1129 1479 compositione
1174 1394 1370 1451 debeat
1395 1391 1567 1464 ipsius
1608 1401 1722 1444 suae

212 1475 411 1556 vitatis
434 1475 744 1567 relinquere
760 1535 776 1560 ,
802 1478 947 1564 quod
970 1491 1033 1546 lit
1055 1489 1218 1545 unius
1238 1485 1590 1559 ejusdemque
1618 1475 1824 1549 praedo-

210 1590 543 1649 stinationis
567 1597 663 1645 aut
679 1588 822 1644 dono
841 1585 1052 1657 gratiae,
1081 1592 1176 1638 aut
1198 1578 1557 1636 retributione
1576 1573 1820 1644 iustitiae.

212 1683 391 1741 Unde‘
405 1691 634 1737 sanctus
657 1677 957 1748 Gregorius
1004 1676 1059 1730 in
1086 1670 1389 1728 Ezechielis
1413 1667 1692 1741 prophetae
1722 1664 1825 1719 ho-

211 1775 373 1831 milia
395 1772 469 1829 15
514 1771 645 1826 dicit
669 1788 684 1824 :
712 1788 733 1822 ι
778 1766 876 1824 Vis
905 1767 995 1822 illa
1019 1763 1337 1829 divinitatis,
1369 1775 1489 1832 quae
1517 1759 1572 1814 in
1599 1752 1829 1811 diversi-

214 1868 355 1923 tatis
384 1870 596 1920 motum
630 1870 687 1918 et
719 1859 1138 1916 mutabilitatem
1188 1872 1294 1912 non
1326 1853 1567 1916 ducitur,
1595 1864 1659 1904 ea
1701 1849 1756 1920 ip

214 1956 344 2015 luce
373 1954 608 2026 iustitia;
638 1951 870 2008 aMictos
908 1965 975 2006 ac
1021 1947 1350 2020 pmnitentes
1393 1941 1669 2008 viviﬁcal,
1713 1953 1821 2010 qua

214 2047 605 2119 superbientes
633 2058 698 2100 ac
742 2041 948 2114 rigidos
991 2038 1245 2111 percutit.
1283 2055 1305 2090 ι
1358 2035 1428 2090 Ει
1452 2032 1672 2090 bomilia
1714 2029 1821 2085 17:

219 2137 633 2207 «Omnipotens
659 2134 833 2197 Deus,
876 2130 1004 2203 quia
1048 2128 1367 2199 sibimetipsi
1392 2123 1671 2181 dissimilis
1714 2136 1822 2176 non

215 2239 322 2293 est,
357 2243 425 2285 ea
454 2228 662 2305 virtute
676 2225 830 2300 videt
853 2237 958 2294 qua
982 2221 1152 2292 audit,
1176 2233 1259 2275 ea-
1287 2217 1491 2273 virtute
1523 2222 1676 2270 creat
1715 2225 1824 2290 qua

204 2322 436 2394 ‘Mieat
468 2304 676 2376 emta.
709 2314 844 2387 Ejus
867 2331 1001 2372 vero
1030 2322 1091 2369 et
1122 2313 1311 2369 videre
1335 2308 1495 2381 simul
1522 2307 1704 2364 omnia
1731 2304 1823 2360 ario
1894 2344 1897 2345 ν

216 2412 555 2469 ministrare
578 2418 689 2475 est,
704 2415 772 2463 et
796 2405 1196 2480 administrare
1209 2401 1528 2473 conspicere
1551 2416 1564 2452 :
1597 2412 1699 2454 nec
1721 2394 1826 2451 alia

220 2503 568 2577 cogitatione
589 2501 766 2573 iustos
792 2497 1013 2567 adjuvat
1031 2537 1047 2563 ,
1093 2504 1257 2567 atque
1281 2494 1386 2548 alia
1423 2490 1653 2561 iniustos
1677 2488 1829 2561 dam-

220 2601 341 2661 nat,
388 2596 490 2651 sed
536 2592 974 2661 una‘eademque
1019 2589 1070 2645 vi
1121 2596 1330 2644 natura:
1385 2583 1678 2656 singularis
1723 2578 1828 2637 sibi

222 2686 565 2759 semperque
586 2683 930 2741 indissimilis
960 2681 1245 2739 dissimilia
1283 2679 1540 2751 disponit.
1571 2692 1591 2731 ἰ
1624 2677 1831 2759 Dequo

224 2754 564 2837 terribili-in
587 2777 831 2835 consiliis
866 2791 1031 2846 super
1075 2774 1217 2831 ﬁlios
1257 2773 1536 2830 hominum
1562 2754 1833 2826 exclamat

221 2868 466 2928 Paulus:
493 2871 557 2926 0
575 2870 822 2935 altitudo,
845 2868 1036 2940 inquit,
1071 2867 1344 2937 sapientia
1369 2874 1417 2919 et
1438 2863 1669 2920 scientia:
1699 2861 1833 2917 Dei!

220 2983 387 3038 quam
415 2961 964 3035 incomprehensibilia
1002 2968 1124 3015 sunt
1146 2957 1356 3029 judicia
1379 2956 1497 3027 ejus
1515 2995 1530 3023 ,
1557 2965 1606 3011 et
1630 2955 1836 3011 investi-

222 3057 431 3130 galn‘les
454 3056 554 3111 site
576 3055 734 3125 ejus!
761 3051 934 3126 (Rom.
965 3068 1003 3106 ll
1024 3091 1039 3118 ,
1065 3051 1179 3121 l3.)
1202 3049 1305 3118 Qui
1326 3049 1372 3104 si
1396 3056 1569 3104 mutat
1596 3057 1831 3118 tempus,

1982 486 2633 581 ip'értipisié‘r'tiieiﬁtaat,
2661 486 2777 573 qua:
2803 514 2836 551 ο
2864 486 3174 567 quibusdam
3201 486 3498 543 inordinate

1982 576 2126 650 facta
2154 594 2266 633 esse
2289 576 2634 646 dignoscitur.

1985 710 2292 769 Secundum
2325 706 2618 778 capitulum
2647 704 2700 759 in
2742 700 2945 773 synodo
2975 694 3117 768 apud
3162 690 3500 749 Carisiaeum

1914 804 2097 861 habita
2118 816 2218 858 nos
2240 801 2305 856 de
2334 797 2506 871 gratia
2528 804 2582 851 et
2608 795 2778 850 libero
2821 787 3047 845 arbitrio
3094 798 3159 841 ex
3189 788 3502 839 sanctorum

1913 893 2134 951 Patrum
2177 890 2336 947 dictis
2363 887 2765 958 excerpsimus;
2819 881 2884 937 de
2909 893 3016 949 quo
3054 873 3221 948 prisci
3248 871 3505 927 dixerunt

1915 979 2402 1046 Prredestinatiani,
2441 976 2584 1048 quod
2613 975 2842 1028 liberum
2886 965 3170 1023 arbitrium
3201 962 3255 1017 in
3286 959 3506 1018 homine

1917 1074 2054 1131 nihil
2078 1074 2170 1140 sit,
2203 1071 2296 1127 sed
2321 1070 2434 1125 sive
2458 1067 2523 1122 ad
2550 1067 2751 1121 bonum
2784 1061 2899 1117 sive
2937 1058 3004 1113 ad
3047 1053 3271 1115 malum,
3298 1048 3507 1122 praede-

1920 1165 2139 1221 stinatio
2178 1162 2276 1218 Dei
2322 1160 2377 1216 in
2401 1155 2714 1216 hominibus
2760 1157 3049 1224 operetur,
3079 1143 3334 1217 quoniam
3368 1142 3508 1197 Deus

1922 1257 2027 1314 tale
2061 1258 2115 1312 in
2165 1252 2474 1312 hominibus
2512 1247 2745 1321 plasmet
2772 1241 3078 1307 arbitrium,
3098 1232 3270 1309 'quale
3294 1241 3378 1291 est
3400 1232 3510 1288 da:-

1922 1363 2165 1415 monum,
2193 1345 2336 1417 quod
2373 1342 2593 1414 proprio
2635 1345 2782 1394 motu
2825 1333 2958 1391 nihil
2983 1330 3124 1388 aliud
3156 1326 3330 1417 possit
3375 1322 3513 1417 velle

1923 1443 2028 1502 nisi
2057 1413 2278 1496 malum.
2316 1413 2445 1492 lude
2470 1444 2524 1490 et
2551 1427 2939 1489 Gothcscalcus
2983 1423 3274 1480 moderans
3289 1413 3514 1473 Praede-

1925 1535 2249 1595 stinatianus
2281 1532 2335 1587 in
2384 1526 2565 1585 libello
2609 1524 2676 1580 ad
2713 1520 2996 1578 Rabanum
3049 1512 3514 1583 archiepisc0pum

1925 1625 2299 1699 Moguntinum
2327 1620 2458 1676 dicit
2476 1618 2543 1673 ad
2568 1617 2778 1673 locum:
2812 1631 2831 1665 ι
2857 1611 2933 1666 De
2950 1622 3057 1679 quo
3083 1603 3330 1661 videlicet
3347 1601 3517 1656 libero

1928 1696 2154 1777 arbitrio
2184 1715 2313 1787 quid
2342 1710 2603 1768 Ecclesia:
2644 1703 2846 1763 Christi
2900 1699 3190 1758 tenendum
3234 1696 3307 1752 sit
3356 1703 3520 1762 atque

1758 1780 1820 1902 ἐξ
1846 1823 1896 1885 Β
1926 1809 2277 1874 credendum,
2330 1819 2451 1861 cum
2484 1819 2513 1858 a
2561 1798 2773 1856 caeteris
2803 1791 3084 1851 catholicis
3111 1786 3363 1843 Patribus
3407 1780 3520 1835 evi-

1925 1905 2119 1963 denter
2166 1900 2237 1957 sit
2264 1873 2396 1953 Deo
2452 1892 2658 1967 gratias
2710 1889 3065 1957 disputatum,
3106 1887 3218 1934 tum
3252 1873 3522 1946 praecipue

1923 2004 2111 2054 contra
2138 1964 2475 2061 Pelagianos.
2500 1994 2552 2041 et
2576 1978 2933 2040 leestianos
2961 1989 2991 2029 a
3016 1975 3178 2029 beato
3220 1964 3522 2037 Augustino

1923 2088 2134 2161 plenius
2155 2091 2210 2140 et
2236 2080 2457 2138 uberius
2489 2073 2718 2133 diversis
2751 2071 2805 2126 in
2852 2064 3144 2139 opusculis,
3180 2069 3236 2116 et
3284 2056 3523 2114 maxime

1925 2146 1979 2236 in
1997 2170 2453 2249 llypomnesticon
2482 2180 2603 2223 esse
2621 2159 2970 2235 cognoscitur
2991 2154 3340 2213 inculcatum.
3370 2146 3525 2204 Unde

1926 2278 1981 2326 te
2006 2236 2184 2339 politis
2216 2262 2457 2334 ejusdem
2484 2251 2894 2314 catholicissimi
2943 2245 3181 2305 doctoris
3209 2236 3527 2298 fructuosis-

1926 2334 2082 2414 siinis
2128 2348 2519 2410 assertionibus
2574 2338 3074 2414 incomparabiliter
3127 2334 3253 2390 inde
3309 2340 3526 2401 quoque

1930 2447 2224 2504 malueram
2252 2440 2372 2507 niti,
2396 2452 2559 2511 quam
2586 2434 2832 2492 erroneis
2858 2425 3201 2501 opinionibus
3221 2419 3524 2479 Massilien-

1930 2538 2005 2594 sis
2034 2531 2322 2598 Gennadii,
2354 2529 2445 2600 qui
2474 2525 2748 2599 plerisque
2772 2517 3117 2593 prmsumpsit
3137 2514 3191 2569 in
3228 2512 3383 2574 locis,
3412 2516 3526 2600 tam

1932 2625 2055 2681 fidei
2085 2596 2389 2685 catholicae,
2430 2596 2591 2689 quam
2620 2616 2905 2671 beatorum
2934 2608 3100 2664 etiam
3133 2603 3353 2659 Patrum
3383 2596 3528 2679 invi-3

1932 2712 2192 2773 ctissimis
2220 2688 2671 2769 auctoritatibus,
2718 2700 2953 2758 infelicis
2976 2694 3224 2754 Cassiani
3258 2688 3530 2764 pernicio-

1934 2823 2054 2866 sum
2094 2805 2257 2871 nimis
2284 2804 2474 2872 dogma
2498 2812 2733 2870 sequens
2754 2792 2934 2851 reniti.
2967 2810 2987 2845 ι
3037 2789 3239 2847 Contra
3266 2798 3388 2856 quae
3429 2797 3531 2839 nos

1933 2898 1995 2954 in
2013 2892 2240 2967 praefata
2275 2889 2482 2964 synodo
2511 2886 2828 2958 scripsimus
2856 2897 2875 2938 :
2906 2900 2925 2935 ι
2962 2879 3291 2936 Libertatem
3319 2873 3531 2933 arbitrii

1938 2992 1993 3047 in
2042 2989 2218 3061 primo
2263 2985 2482 3043 homine
2525 2981 2879 3053 perdidimus,
2935 2990 3096 3047 quam
3131 2988 3228 3045 per
3254 2967 3532 3028 Christum

1937 3082 2226 3139 Dominum
2264 3083 2508 3135 nostrum
2555 3072 2879 3144 recepimus,
2933 3076 2988 3125 et
3015 3066 3281 3124 habemus
3303 3062 3533 3127 liberum

225 3164 334 3206 non
386 3155 571 3203 mum
612 3145 918 3240 °°““‘“""_"
971 3143 1229 3240 quoniam
1267 3140 1559 3240 mima?“
1608 3138 1735 3240 eju8_
1778 3140 1831 3195 in
1859 3176 1907 3240 C
1939 3138 2226 3232 arbitrium
2270 3172 2339 3227 ad
2365 3172 2564 3227 bonum
2596 3138 2931 3240 praeventum
2975 3170 3034 3217 et
3060 3159 3301 3231 adjutum
3329 3153 3529 3224 gratia,

226 3249 502 3298 eternum
536 3246 743 3304 manet,
771 3237 1130 3309 cogitationes
1152 3235 1335 3291 cordis
1356 3232 1476 3303 ejus
1502 3234 1554 3288 in
1574 3232 1832 3289 saeculum

226 3333 439 3391 mulli.
480 3331 612 3388 Haec
639 3340 722 3386 est
764 3328 1169 3402 prredestinatio
1201 3328 1317 3394 Dei,
1367 3327 1458 3397 qui
1487 3325 1835 3398 praedestinat

229 3444 291 3485 ea
348 3440 479 3499 quae
509 3426 581 3481 ab
627 3424 746 3496 ipso
781 3430 927 3489 sunt,
976 3421 1061 3477 vel
1101 3434 1222 3491 quae
1263 3427 1383 3474 erat
1414 3418 1529 3490 ipse
1568 3417 1833 3482 facturus,

230 3517 657 3592 pradestinans,
702 3513 753 3569 id
787 3520 872 3569 est
899 3512 1069 3585 gratia
1107 3524 1422 3581 praeparans
1453 3508 1679 3575 electos,
1703 3523 1831 3578 pro-

228 3610 411 3665 bos’et
430 3608 615 3678 iustos
643 3603 708 3659 ad
728 3616 978 3676 regnum,
1024 3601 1093 3657 ad
1122 3600 1292 3655 vitam
1321 3607 1608 3665 aeternam,
1655 3598 1710 3654 id
1749 3606 1836 3654 est

233 3700 301 3755 ad
335 3698 579 3771 gratiam
608 3710 728 3766 qua:
772 3703 859 3750 est
886 3691 1378 3765 prtedestinationis
1431 3689 1697 3747 eiectus:
1743 3704 1839 3761 pu-

236 3792 399 3846 niens
422 3789 681 3853 relictos,
730 3788 1016 3859 reprobos,
1068 3784 1319 3854 injustos,
1361 3784 1505 3853 quod
1549 3789 1633 3839 est
1677 3782 1839 3853 justas

236 3881 625 3938 retributionis
678 3876 923 3935 effectus.
970 3876 1203 3948 Sicque,
1238 3884 1319 3945 ,ιιι
1364 3877 1560 3932 beatus
1607 3874 1840 3945 Prosper

236 3971 357 4027 istis
380 3970 522 4041 ipSis
548 3969 733 4025 verbis
759 3968 1070 4033 confitetur,
1106 3975 1163 4023 et
1192 3966 1285 4021 alii
1311 3964 1564 4022 catholici
1592 3965 1842 4021 doctores

236 4058 500 4114 concordi
540 4072 705 4113 sensu
730 4055 989 4122 fatentur,
1029 4066 1086 4112 et
1132 4070 1289 4112 sacra
1322 4054 1630 4124 Scriptura,
1678 4063 1842 4125 atque

236 4148 516 4206 catholica
539 4149 714 4203 credit
736 4157 791 4203 et
817 4148 976 4204 docet
1015 4147 1280 4212 Ecclesia,
1308 4147 1719 4217 prmdestinatio
1744 4146 1840 4203 Dei

238 4256 468 4317 semper
494 4242 552 4299 in
595 4243 736 4300 bono
761 4251 864 4309 est,
909 4252 1002 4298 aut
1027 4243 1095 4298 ad
1141 4241 1550 4297 retributionem
1593 4239 1841 4311 iustitiae,

238 4346 336 4392 aut
357 4337 431 4392 ad
454 4335 804 4391 donationem
838 4333 1122 4405 pertinens
1143 4333 1352 4406 gratiae.
1381 4333 1503 4390 ideo
1525 4333 1626 4389 has
1663 4333 1844 4388 multi-

240 4425 416 4497 plices
466 4424 764 4480 varietates
811 4431 977 4494 atque
1004 4422 1227 4480 metus
1271 4423 1467 4479 divina:
1490 4420 1844 4494 praedestina-

1936 3280 1992 3327 et
2028 3268 2294 3325 habemus
2328 3264 2557 3320 liberum
2597 3258 2882 3316 arbitrium
2912 3255 2981 3312 ad
3009 3253 3209 3309 malum
3257 3249 3534 3305 desertum

1936 3360 2131 3434 gratia.
2191 3356 2446 3413 Liberum
2502 3358 2682 3408 autem
2731 3349 2994 3404 habemus
3031 3341 3352 3406 arbitrium,
3402 3336 3529 3408 quia

1937 3451 2112 3528 gratia
2137 3448 2461 3512 liberatum,
2513 3451 2569 3499 et
2597 3440 2770 3515 gratia
2800 3438 2868 3494 de
2892 3442 3149 3505 corrupto
3199 3437 3474 3488 sanatum.
3507 3447 3529 3480 ι

1936 3519 2035 3602 Cui
2067 3538 2321 3612 capitulo,
2351 3550 2474 3592 cum
2504 3533 2626 3590 aliis
2652 3531 2826 3587 tribus
2848 3527 2916 3584 de
2942 3525 3137 3599 quibus
3167 3521 3307 3578 ratio
3327 3519 3534 3592 agitur,

1939 3636 1992 3692 in
2034 3611 2304 3691 conventu
2352 3628 2729 3701 episcoporum
2771 3622 3003 3679 domnus
3044 3614 3369 3686 subscripsit
3397 3611 3532 3668 Pru-

1939 3726 2174 3784 dentius.
2220 3718 2415 3778 Postea
2467 3724 2648 3772 autem
2698 3715 2752 3770 in
2799 3709 3026 3784 epistola
3082 3707 3149 3763 ad
3181 3702 3528 3761 Wenilonem

1940 3832 2097 3873 suum
2123 3811 2587 3884 archiepiscopum
2628 3805 2694 3861 de
2727 3801 3029 3860 ordinando
3076 3795 3258 3853 Enen
3291 3791 3534 3849 Parisio-

1941 3922 2061 3963 rum
2090 3881 2345 3976 episcopo
2383 3900 2615 3965 directa,
2643 3904 2877 3966 quatuor
2914 3905 3122 3962 ponens
3149 3885 3415 3958 capitula,
3463 3881 3537 3938 ita

1934 3997 2009 4063 de
2036 3994 2141 4052 hoc
2184 3993 2361 4066 primo
2391 3991 2563 4047 dicit;
2601 4007 2620 4040 ι
2652 3988 2907 4043 Liberum
2943 3981 3105 4055 119
3138 3980 3451 4042 arbitrium,
3482 3977 3539 4030 in

1942 4086 2114 4141 Adam
2140 4083 2338 4139 merito
2383 4078 2765 4136 inobedientiee
2791 4076 3075 4140 amissum,
3121 4072 3196 4127 ita
3242 4069 3401 4127 nobis
3438 4084 3537 4140 per

1940 4175 2233 4232 Dominum
2262 4178 2505 4227 nostrum
2530 4166 2713 4223 Jesum
2755 4163 3031 4220 Christum
3076 4161 3537 4227 redditumatque

1943 4266 2231 4321 liberatum
2259 4260 2583 4317 conﬁteatur
2604 4298 2619 4324 ,
2663 4253 2880 4311 interim
2912 4252 2964 4306 in
3014 4264 3110 4322 spe
3133 4291 3146 4313 ,
3188 4248 3533 4318 postmodum

1947 4368 2131 4415 autem
2161 4355 2215 4411 in
2248 4370 2329 4420 re,
2361 4352 2503 4408 sicut
2549 4347 2679 4406 dicit
2707 4344 2998 4416 Apostolus
3024 4359 3045 4395 ι
3093 4338 3198 4411 Spe
3224 4339 3363 4395 enim
3403 4336 3539 4405 sciri

1948 4449 2076 4522 facti
2105 4460 2286 4502 sumus
2318 4441 2499 4516 (Rom.
2536 4454 2655 4504 vm,
2702 4436 2822 4507 24),
2871 4442 2934 4490 ut
2978 4442 3158 4488 tamen
3205 4442 3421 4499 semper
3469 4425 3540 4480 ad

241 4516 470 4610 tionisAa
495 4516 688 4610 7118
714 4516 885 4610 beato
911 4514 1174 4610 Gregorio
1206 4521 1564 4610 computams,
1610 4515 1845 4610 qualiter
1870 4524 1923 4585 ι)
1946 4514 2109 4598 'omne
2135 4552 2272 4610 opus
2303 4514 2505 4592 bonum
2539 4531 2632 4587 Dei
2678 4525 3062 4599 omnipotenti,
3093 4522 3264 4595 grati,
3295 4518 3540 4591 ίηάίεοα-

243 4615 340 4662 ant
364 4607 437 4661 ad
467 4609 668 4662 donum
694 4606 904 4678 gratias,
955 4613 1045 4661 aut
1071 4605 1140 4660 ad
1177 4605 1588 4661 retributionem
1614 4604 1842 4675 iustitia:

240 4697 590 4769 pertineant,
634 4696 923 4751 ostendere
952 4696 1397 4765 procuravimus:
1446 4696 1573 4767 quia
1603 4695 1839 4766 quidam,

244 4789 392 4843 sicut
428 4787 487 4842 in
516 4784 754 4857 praefatis
791 4784 987 4843 libellis
1012 4785 1370 4854 ostendimus,
1417 4787 1849 4858 prtedestinatio-

248 4893 352 4934 nos
399 4891 473 4932 ex
498 4876 681 4932 verbis
720 4876 895 4932 sancti
932 4876 1181 4949 Gregorii
1216 4876 1410 4948 plurali
1447 4870 1678 4933 numero
1722 4892 1851 4949 pro-

249 4974 515 5032 snerunt,
562 4974 624 5022 ut
650 4967 778 5023 hinc
808 4967 1334 5038 praxlestiuationem
1360 4967 1629 5039 geminam
1653 4968 1853 5039 perdo-

249 5070 465 5127 cerent,
492 5075 600 5132 qua
642 5061 815 5116 sancti
854 5061 923 5117 ad
962 5061 1152 5127 vitam,
1190 5069 1248 5117 et
1271 5061 1413 5117 sicut
1433 5060 1511 5116 illi
1537 5061 1744 5127 dicunt,
1765 5076 1852 5117 re-

247 5151 409 5222 probi
433 5150 890 5222 pmdestinantur
912 5150 981 5204 ad
1025 5158 1277 5206 Mortem.
1321 5150 1477 5208 Nune
1515 5151 1585 5208 ad
1613 5150 1846 5208 redden-

251 5245 377 5301 dam
402 5245 668 5301 rationem
699 5242 922 5301 secundi
948 5242 1171 5313 capituli
1194 5250 1558 5299 transeamus.
1694 5258 1695 5261 ‘

844 5422 1073 5482 CAPUT
1107 5422 1248 5479 XXI.

259 5607 508 5691 Qualiter.
535 5607 601 5662 de
624 5607 857 5663 secundo
878 5605 1136 5691 capi-tuto,
1176 5623 1216 5691 rt
1248 5608 1606 5691 uoltisncnontra
1626 5604 1847 5691 Prterie-

324 5678 644 5749 atiaot‘ioaos
680 5688 922 5749 excerpta
950 5676 1036 5732 de
1076 5677 1250 5747 gratio
1296 5686 1346 5749 et
1395 5676 1559 5749 libero
1606 5676 1845 5738 arbitrio,

328 5757 519 5805 celeres
567 5738 1028 5805 Prwdestinatiam'
1076 5738 1377 5814 senserunt,
1421 5756 1470 5802 et
1518 5746 1581 5819 de
1627 5764 1847 5817 quorum

1946 4646 2093 4698 mus,
2145 4630 2259 4687 sive
2301 4623 2680 4697 cogitandum,
2720 4620 2838 4677 sive
2881 4616 3271 4680 inchoandum,
3305 4625 3543 4684 operan-

1954 4723 2103 4786 dum,
2132 4736 2196 4796 ac
2224 4723 2638 4789 perseveranter
2659 4707 3161 4771 consummandam,
3191 4715 3247 4760 et
3271 4704 3391 4762 sine
3413 4701 3531 4773 ipsa

1955 4810 2089 4867 nihil
2116 4793 2243 4866 boni
2270 4822 2371 4863 nos
2392 4820 2552 4877 posse
2568 4802 2834 4857 ullatenus
2862 4808 2958 4855 aut
2975 4797 3234 4867 cogitare,
3262 4802 3358 4850 aut
3381 4791 3541 4859 velle,

1956 4914 2049 4961 aut
2070 4900 2285 4973 operari
2306 4900 2561 4956 sciamus.
2604 4915 2622 4948 ι
2658 4894 2812 4951 Unde
2842 4893 3126 4957 miramur,
3164 4903 3288 4945 cum
3317 4886 3372 4942 in
3400 4899 3544 4956 prte-

1958 4995 2071 5050 fata
2112 4992 2321 5065 synodo
2368 4987 2618 5061 capitulis
2666 4984 2914 5056 superius
2962 4981 3276 5038 memoratis
3307 4975 3545 5034 subscri-

1950 5086 2141 5161 pserit,
2194 5092 2251 5141 et
2273 5080 2573 5139 canonicas
2596 5076 2936 5140 sanctiones;
2965 5083 3128 5144 atque
3169 5072 3385 5126 decreta
3413 5080 3542 5140 apo-

1949 5182 2157 5242 stollcte
2199 5177 2347 5236 sedis
2386 5174 2728 5248 pontiﬁcum,
2758 5169 3087 5228 suﬁlcientcr
3110 5167 3324 5238 cognita
3355 5164 3423 5221 de
3455 5178 3545 5236 sy-

1946 5275 2128 5333 nodali
2159 5247 2558 5342 subscriptione
2598 5273 2761 5336 atque
2802 5262 3139 5335 professione
3169 5259 3385 5339 habeat,
3420 5247 3527 5312 tam

1952 5362 2277 5429 inconsulte,
2306 5336 2738 5421 etinconsuete,
2794 5355 2912 5410 sine
2936 5349 3201 5424 probabili
3227 5336 3538 5413 collatione,

1952 5466 2141 5519 eontra
2166 5454 2475 5530 regularum
2524 5451 2793 5515 instituta,
2822 5443 3129 5515 huiusmodi
3156 5443 3415 5514 scriptum
3444 5456 3541 5512 pro

1951 5549 2310 5613 ordinationis
2331 5558 2597 5603 consensu
2636 5536 2941 5611 coepissopi
2968 5536 3050 5594 sui
3090 5534 3157 5595 ad
3182 5532 3549 5604 archiepisco-v

1951 5662 2080 5718 pum
2126 5654 2183 5702 et
2216 5640 2567 5712 coepiscopos
2605 5649 2735 5690 suos
2774 5629 3158 5703 transmiserit,
3178 5627 3301 5690 gvel,
3322 5625 3455 5698 quis
3488 5626 3545 5682 in

1955 5716 2203 5812 capitulis
2235 5749 2377 5806 smpe
2426 5727 2744 5788 memoratis
2778 5724 3097 5783 secundum:
3122 5716 3545 5783 obtinelrlotmm
