3992 6336
514 333 616 391 187

1469 331 1806 388 HINCMARI
1843 327 2237 386 RHEMENSIS
2273 327 2790 385 ARCHIEPISCOPI

3686 319 3784 388 188

514 453 667 509 rent,
710 459 832 514 qua:
877 458 1049 514 neque
1092 441 1318 498 liberum
1358 442 1641 497 arbitrium
1673 450 1861 513 negat,
1889 442 2004 497 sive
2039 440 2092 495 in
2122 446 2166 504 Α
2198 454 2356 510 posse
2385 456 2508 496 cum
2539 440 2805 496 volumus.
2840 437 2974 493 Nam
3004 439 3132 509 quid
3158 438 3399 508 prodest,
3430 439 3475 495 si
3504 441 3646 512 quod
3679 458 3785 496 non

515 534 682 588 vitam
712 532 929 598 malam,
955 535 1070 587 sive
1109 533 1162 586 in
1203 532 1418 594 bonam,
1453 545 1628 600 neque
1659 540 1868 586 tantum
1910 531 1960 586 ei
2005 531 2101 585 tri-

517 623 653 690 buit,
694 631 756 677 ut
798 623 916 678 sine
955 623 1048 678 Dei
1097 623 1269 693 gratia
1310 621 1486 678 valeat
1513 621 1736 693 aliquid,
1769 622 1882 677 sive
1927 630 1988 675 ut
2034 635 2100 674 ex

517 715 662 770 malo
694 722 1042 769 convertatur
1084 714 1137 768 in
1175 713 1395 778 bonum,
1427 715 1542 769 sive
1573 723 1635 768 ut
1673 715 1727 768 in
1757 712 1956 768 bonum
1981 727 2103 783 per-

518 812 829 864 severanter
850 804 1112 874 proﬁciat,
1141 805 1255 860 sive
1287 813 1348 860 ut
1375 806 1442 860 ad
1478 805 1677 861 bonum
1715 804 2102 874 sempiternum

519 896 804 965 perveniat
825 896 912 950 ubi
939 895 1051 965 jam
1094 912 1202 953 nou
1236 897 1422 952 timeat
1463 913 1530 952 ne
1566 898 1798 952 deﬁciat.
1835 918 1853 949 ι
1888 897 1956 950 Et
1983 905 2106 965 post

518 1000 689 1054 pauca
714 1004 726 1040 :
761 1005 780 1038 ι
809 986 864 1041 lu
888 987 971 1042 bis
989 988 1170 1043 verbis
1189 997 1394 1043 sanctae
1420 986 1714 1058 Srripturae
1741 987 2101 1049 considerate,

518 1073 736 1142 fratres,
783 1079 908 1148 quia
948 1079 992 1134 si
1040 1095 1145 1135 non
1193 1087 1335 1134 esset
1381 1079 1607 1134 liberum
1647 1079 1966 1145 arbitrium,
1996 1093 2101 1132 non

519 1167 793 1224 diceretur
826 1187 839 1224 :
867 1169 1052 1225 Rectos
1099 1188 1284 1226 cursus
1332 1172 1417 1242 [ac
1450 1172 1666 1242 pedibus
1715 1172 1852 1236 tuis,
1899 1180 1948 1225 et
1995 1172 2104 1226 vias

521 1265 640 1312 tuas
668 1257 850 1328 dirige,
887 1276 949 1313 ue
975 1260 1203 1316 declines
1243 1261 1312 1314 ad
1341 1261 1632 1324 dexteram,
1669 1278 1832 1332 neque
1875 1261 1944 1315 ad
1970 1263 2103 1315 sini-

519 1357 682 1402 stram
727 1345 910 1418 (Prov.
945 1366 1028 1417 IV,
1055 1351 1168 1423 27).
1215 1352 1282 1405 Et
1322 1360 1502 1406 tamen
1543 1352 1660 1407 sine
1691 1352 1786 1408 Dei
1832 1351 2007 1422 gratia
2058 1351 2103 1406 si

520 1451 704 1510 posset
731 1443 835 1498 hoc
879 1444 992 1500 ﬁeri
1017 1485 1038 1522 ,.
1082 1462 1186 1500 non
1228 1456 1411 1516 postea
1442 1446 1751 1502 diceretur:
1780 1445 1900 1517 Ipse
1931 1455 2105 1499 autem

521 1545 688 1591 rectos
715 1536 869 1606 faciet
900 1554 1084 1592 cursus
1111 1548 1259 1602 tuos,
1298 1548 1347 1592 et
1385 1540 1575 1593 itinera
1613 1547 1704 1592 tua
1732 1539 1787 1592 in
1814 1555 1940 1606 pace
1978 1553 2105 1607 pro-

520 1627 693 1682 ducet.
727 1647 746 1681 ι
772 1628 840 1682 Et
874 1638 997 1698 post
1037 1629 1350 1699 aliquanta:
1377 1649 1395 1681 ι
1437 1631 1564 1685 Ideo
1589 1631 1742 1685 vobis
1769 1631 1880 1684 dixi
1921 1645 1986 1684 ne
2016 1630 2106 1684 de-

521 1717 734 1773 clinetis
758 1717 812 1774 in
839 1718 1140 1784 dexteram,
1169 1734 1342 1790 neque
1365 1721 1419 1774 in
1443 1720 1741 1783 sinistram,
1771 1720 1872 1774 hoc
1897 1727 1982 1775 est
2009 1732 2108 1772 nec

2201 540 2488 602 possumus
2523 532 2790 598 volumus,
2819 532 2914 586 aut
2955 531 3099 600 quod
3130 545 3416 600 possumus
3441 531 3727 588 nolumus?
3764 555 3782 586 ι

2203 623 2270 677 Ει
2290 623 2417 676 item
2446 623 2585 692 (cap.
2617 621 2702 694 l7)
2732 638 2787 677 ει
2819 622 2890 678 Ut
2915 637 3045 692 ergo
3076 621 3302 677 velimus
3322 621 3440 678 sine
3463 623 3626 677 nobis
3655 638 3787 693 ope-

2201 723 2376 780 ratur,
2401 730 2524 768 cum
2551 721 2731 768 autem
2769 713 3038 777 volumus,
3064 721 3120 767 et
3157 711 3237 768 sic
3264 712 3510 778 volumus
3535 720 3596 766 ut
3623 714 3793 768 facia-

2203 823 2344 873 mus,
2375 807 2658 862 nobiscum
2685 814 3008 876 cooperatur
3034 822 3048 870 ;
3079 815 3258 860 tamen
3281 805 3401 860 sine
3426 804 3517 859 illo
3547 805 3629 860 vel
3657 820 3794 874 ope-

2204 908 2359 954 rante
2381 908 2384 909 '
2404 909 2465 954 ut
2493 899 2739 963 velimus,
2783 898 2869 954 vel
2907 905 3231 968 c00perante
3257 912 3382 954 cum
3408 896 3693 962 volumus,
3726 900 3796 952 ad

2204 989 2356 1044 bona:
2383 990 2603 1060 pietatis
2625 1004 2791 1060 Opera
2816 988 2948 1043 nihil
2977 987 3237 1042 valemus.
3272 1005 3290 1038 ι

2274 1082 2342 1136 Et
2368 1081 2498 1135 item
2531 1081 2584 1134 in
2625 1080 2760 1136 libro
2797 1078 3250 1150 Hypomnesticon
3284 1076 3438 1146 (libro
3482 1092 3564 1142 ιιι,
3616 1093 3800 1132 versus

2203 1171 2384 1244 ﬁnem)
2417 1172 2491 1226 ita
2519 1171 2652 1226 dicit
2681 1188 2694 1224 :
2737 1190 2755 1223 ι
2783 1171 2850 1226 Ει
2875 1171 3047 1241 gratia
3080 1169 3331 1240 inquiens
3367 1176 3422 1222 et
3447 1167 3676 1222 liberum
3705 1183 3798 1222 ar-

2204 1263 2428 1318 bitrium
2469 1263 2681 1334 peragit
2707 1263 2823 1318 sine
2853 1261 3016 1316 dubio
3044 1261 3148 1316 iter
3181 1260 3326 1315 ﬁdei.
3362 1259 3616 1314 Liberum
3643 1258 3799 1313 arbio

2208 1356 2371 1410 trium
2399 1356 2527 1410 dum
2558 1355 2651 1410 Dei
2676 1353 3018 1410 Christianus
3052 1353 3180 1406 facit
3209 1358 3499 1422 praecepta,
3533 1349 3628 1404 sed
3662 1363 3800 1413 non,

2204 1456 2268 1502 ut
2292 1463 2456 1517 supra
2492 1447 2642 1513 dixi,
2671 1446 2788 1502 sine
2816 1447 2992 1518 gratia
3025 1446 3290 1514 dirigeute
3322 1443 3403 1500 vel
3432 1443 3798 1515 gubernante.

2205 1539 2432 1609 Propter
2463 1539 2607 1609 quod
2641 1539 2774 1594 dicit
2823 1539 2875 1593 iu
2917 1537 3146 1594 Psalmis
3174 1555 3186 1591 :
3230 1537 3409 1606 Dirige
3437 1537 3491 1590 in
3518 1543 3803 1604 corupectu

2205 1639 2295 1684 tuo
2335 1631 2472 1684 aiant
2515 1645 2684 1684 meant
2726 1627 2898 1701 (Psal.
2943 1645 2998 1692 v,
3033 1628 3112 1699 9),
3138 1636 3214 1688 et,
3257 1643 3289 1679 a
3337 1625 3558 1679 Domino
3587 1640 3806 1695 gressus

2207 1718 2429 1774 hominis
2473 1719 2778 1789 diriguntur
2834 1715 3007 1788 (Psal.
3063 1732 3252 1780 xxxvr,
3297 1714 3414 1784 23).
3459 1713 3646 1783 Itaque
3700 1727 3808 1768 nec

521 1807 602 1864 sic
629 1807 930 1863 defendatis
960 1804 1186 1864 liberum
1229 1811 1536 1874 arbitrium,
1579 1821 1640 1865 ut
1667 1811 1716 1866 ei
1759 1812 1898 1866 bona
1939 1827 2102 1880 opera
2135 1812 2180 1872 B
2209 1811 2383 1881 gratia
2430 1810 2547 1865 sine
2591 1809 2763 1866 libero
2805 1809 3032 1864 arbitrio
3085 1806 3212 1862 facit
3262 1805 3535 1860 hominem
3592 1802 3806 1858 habere

521 1899 639 1954 siue
665 1900 760 1954 Dei
785 1901 959 1970 gratia
981 1901 1233 1958 tribuatis
1256 1919 1271 1968 ;
1300 1917 1400 1958 nec
1422 1903 1502 1957 sic
1528 1902 1828 1958 defendatis
1849 1904 2104 1973 gratiam,

520 1999 582 2044 ut
619 1991 774 2061 quasi
823 1991 890 2046 de
931 1991 1020 2046 illa
1063 1994 1241 2049 securi
1286 1993 1424 2048 mala
1463 2008 1625 2063 opera
1674 1994 1932 2064 diligatis,
1964 1994 2115 2064 quod.

521 2083 636 2154 ipsa
658 2086 830 2156 gratia
857 2087 950 2142 Dei
974 2097 1185 2143 avertat
1209 2105 1238 2144 a
1263 2090 1433 2144 vobis.
1466 2108 1483 2140 ι

591 2177 660 2232 Et
688 2178 817 2234 item
853 2179 919 2234 ad
944 2181 1195 2236 eumdem
1217 2181 1560 2236 Valentinum
1591 2181 1643 2234 in
1668 2181 1807 2236 libro
1827 2181 1894 2235 de
1919 2181 2106 2236 Gratia

521 2276 578 2324 et
605 2267 776 2324 libero
805 2269 1031 2326 arbitrio
1075 2271 1212 2338 (cap.
1243 2271 1299 2338 4)
1325 2289 1338 2324 :
1369 2291 1388 2322 ι
1424 2271 1610 2341 Itaque
1643 2279 1702 2326 ut
1736 2272 1840 2326 hoc
1862 2273 2105 2335 verbum,

520 2357 664 2428 quod
691 2375 800 2416 non
820 2361 888 2415 ab
912 2361 1163 2416 omnibus
1183 2362 1414 2432 capitur,
1442 2363 1511 2416 ab
1543 2362 1815 2433 aliquibus
1835 2363 2106 2433 capiatur,

521 2460 579 2505 et
604 2451 697 2506 Dei
726 2452 926 2507 donum
950 2463 1034 2508 est
1062 2453 1290 2509 liberum
1323 2455 1627 2508 arbitrium.
1664 2475 1682 2506 ι
1715 2455 1784 2509 Et
1815 2455 1942 2509 item
1967 2455 2106 2526 (cap.

523 2539 580 2608 5)
607 2558 620 2594 :
656 2558 674 2590 ι
697 2539 958 2610 Rogamus
997 2559 1060 2596 ne
1097 2544 1150 2597 in
1189 2560 1407 2598 vacuum
1433 2545 1660 2613 gratiam
1692 2544 1785 2599 Dei
1810 2547 2109 2614 suscipiatis

521 2629 586 2700 (ll
618 2629 740 2684 Cor.
781 2646 855 2696 vi,
888 2633 963 2700 l).
995 2632 1064 2688 Ut
1088 2634 1218 2703 quid
1245 2634 1389 2689 enim
1430 2650 1524 2689 eos
1575 2645 1750 2706 rogat,
1793 2637 1838 2690 si
1871 2638 2103 2707 gratiam

523 2723 603 2778 sic
639 2735 993 2794 susceperunt
1018 2734 1075 2779 ut
1103 2727 1376 2797 [imprium
1419 2729 1710 2796 perderent
1734 2729 2110 2787 voluntatem?

523 2813 724 2868 Tamen
753 2828 822 2867 ne
847 2813 963 2883 ipsa
990 2815 1234 2870 voluntas
1261 2817 1379 2870 sine
1405 2818 1579 2887 gratia
1613 2819 1705 2874 Dei
1735 2828 1952 2889 putetur
1980 2823 2108 2877 boni

523 2903 723 2972 aliquid
748 2919 926 2973 posse,
960 2908 1216 2966 continuo
1245 2923 1365 2962 cum
1393 2909 1655 2964 dixisset:
1687 2908 1874 2964 Gratia
1901 2913 2018 2983 ejus
2053 2915 2108 2967 in

523 3011 606 3049 me
632 3011 798 3050 vacua
837 3013 942 3050 non
973 2997 1104 3065 fuit,
1131 2999 1220 3052 sed
1265 2999 1380 3068 plus
1423 3001 1660 3055 omnibus
1703 3002 1807 3054 illis
1853 3002 2107 3068 laboravi,

525 3087 803 3156 subjunxit
829 3096 991 3158 atque
1031 3090 1107 3143 ait
1136 3107 1148 3142 :
1177 3089 1299 3143 Non
1327 3101 1501 3144 autem
1546 3109 1666 3160 ego,
1693 3093 1784 3145 scd
1813 3093 1985 3162 gratia
2016 3093 2110 3147 Dei

2209 1901 2425 1956 beatam
2455 1901 2652 1965 vitam,
2695 1915 2798 1954 nec
2837 1899 3069 1954 liberum
3117 1895 3402 1952 arbitrium
3448 1894 3566 1948 sine
3599 1894 3804 1962 gratia.

2211 1990 2414 2044 Tamen
2441 1989 2694 2060 parvulos
2723 1990 2841 2044 sine
2871 2004 2969 2043 usu
3009 1987 3163 2042 liberi
3202 1985 3415 2041 arbitrii
3463 1983 3593 2038 facit
3621 1984 3807 2054 gratia

2210 2081 2412 2136 habere
2458 2081 2672 2136 beatam
2718 2080 2881 2134 vitam
2909 2096 2928 2144 ;
2957 2093 3052 2132 eos
3081 2085 3263 2131 autem
3294 2073 3387 2145 qui
3418 2073 3531 2142 jam
3569 2073 3808 2128 rationis

2210 2187 2440 2242 capaces
2463 2179 2609 2238 sunt,
2638 2170 2898 2242 pnevenit
2923 2177 3086 2240 atque
3112 2168 3294 2233 docet,
3317 2177 3378 2224 ut
3406 2168 3604 2224 bonum
3633 2167 3810 2224 velint

2209 2272 2264 2319 et
2297 2263 2526 2334 possint.
2567 2282 2585 2316 ι
2617 2263 2684 2317 Ει
2705 2263 2873 2317 item:
2909 2279 2928 2313 ι
2961 2259 3132 2316 Nemo
3155 2260 3227 2314 sit
3252 2261 3432 2331 segnis
3455 2269 3510 2316 et
3536 2260 3810 2320 remissus

2211 2356 2279 2408 ad
2312 2354 2656 2410 serviendum
2687 2353 2815 2418 Deo,
2848 2367 2950 2408 nec
2983 2352 3064 2408 sic
3090 2352 3156 2407 de
3179 2352 3352 2422 gratia
3382 2351 3649 2418 conﬁdat,
3682 2359 3809 2406 tan-

2210 2459 2372 2513 quam
2399 2443 2465 2497 de
2493 2442 2663 2498 libero
2689 2442 2917 2498 arbitrio
2945 2440 3084 2510 ejus,
3111 2443 3256 2511 quod
3287 2458 3385 2513 per
3417 2452 3646 2498 mortem
3674 2441 3804 2497 Filii

2211 2535 2292 2589 sui
2324 2535 2615 2603 reparavit,
2647 2542 2702 2588 et
2745 2533 2846 2588 sibi
2891 2535 3247 2604 praeparavit,
3275 2550 3442 2604 opera
3477 2551 3586 2590 non
3616 2535 3805 2606 requi-

2211 2639 2313 2684 rat.
2356 2648 2374 2680 ι
2409 2628 2663 2684 Etitem:
2697 2647 2715 2678 ‹
2752 2626 2928 2698 Opera
2969 2628 3125 2683 liberi
3149 2628 3359 2682 arbitrii
3392 2629 3563 2693 bona,
3594 2643 3718 2698 quae
3743 2636 3811 2682 ut

2211 2722 2345 2776 ﬁant
2375 2730 2752 2792 praeparantur
2794 2735 2894 2790 per
2935 2721 3128 2791 gratiae
3150 2730 3508 2790 prteventum,
3537 2721 3701 2776 nullis
3729 2721 3806 2775 li-

2211 2810 2324 2866 beri
2351 2811 2560 2866 arbitrii
2590 2812 2820 2876 meritis,
2847 2820 2903 2866 et
2930 2810 3045 2881 ipsa
3074 2810 3330 2877 faciente,
3355 2812 3714 2881 gubernante,
3744 2821 3806 2868 et

2210 2901 2546 2972 perﬁciente,
2571 2910 2631 2956 ut
2658 2903 2930 2957 abundent
2963 2903 3016 2957 in
3043 2903 3216 2958 libero
3237 2903 3485 2970 arbitrio,
3517 2919 3622 2958 non
3652 2905 3808 2959 dam-

2211 3011 2428 3059 namus,
2455 2996 2581 3065 quia
2608 3011 2672 3049 cx
2700 2995 2784 3050 his
2803 2995 2885 3050 vel
2911 2995 3217 3063 huiusmodi
3240 2996 3489 3050 homines
3521 2995 3614 3052 Dei
3633 2995 3806 3064 justi-

2214 3087 2354 3140 ﬁcati
2395 3095 2542 3151 sunt,
2566 3085 2956 3156 justiﬁcantur,
2987 3083 3428 3154 justiﬁeabnntur
3474 3086 3528 3140 in
3559 3086 3806 3144 Christo.

525 3191 726 3230 mecum
742 3175 789 3246 (l
816 3175 1186 3250 Cor.xv,10);
1215 3177 1266 3232 id
1290 3187 1498 3233 estnon
1523 3180 1692 3244 solus,
1714 3181 1804 3234 sed
1824 3179 2110 3248 gratia'Dei
2139 3169 2182 3228 C
2216 3178 2546 3232 Damnamus
2589 3192 2715 3232 vero
2743 3178 3065 3233 auctoritate
3101 3177 3282 3233 divina
3329 3193 3492 3248 opera
3525 3178 3683 3233 liberi
3711 3196 3806 3234 ar-

526 3280 775 3332 mecum;
803 3282 867 3324 ac
892 3283 990 3338 per
1015 3269 1118 3324 hoc
1160 3284 1262 3325 nec
1303 3270 1474 3341 gratia
1522 3271 1614 3324 Dei
1659 3271 1807 3337 sola,
1847 3286 1950 3326 nec
1995 3271 2110 3340 ipse

525 3356 703 3422 solus,
733 3358 828 3413 sed
857 3359 1028 3430 gratia
1077 3359 1170 3415 Dei
1214 3375 1336 3415 cum
1385 3361 1493 3416 illo.
1525 3380 1542 3412 ι
1571 3361 1638 3416 Et
1671 3361 1799 3416 item
1835 3359 1972 3432 (cap.
2002 3361 2056 3430 6)
2092 3381 2107 3417 :

531 3465 550 3503 t
580 3447 678 3502 His
706 3447 904 3504 talibus
936 3450 1261 3506 testimoniis
1287 3451 1480 3507 divinis
1521 3451 1781 3522 probatur
1816 3452 1988 3522 gratia
2019 3453 2110 3507 Dei

527 3553 636 3594 non
680 3541 976 3596 secundum
1022 3542 1212 3598 merita
1258 3550 1441 3598 nostra
1492 3545 1630 3607 dari,
1675 3544 2108 3614 quandoquidem

527 3642 634 3684 non
661 3628 832 3685 solum
880 3631 1041 3688 nullis
1068 3634 1241 3698 bonis,
1269 3649 1455 3690 verum
1484 3636 1648 3689 etiam
1692 3634 1874 3690 multis
1900 3635 2112 3690 meritis

527 3719 685 3776 malis
723 3723 1155 3791 praecedentibus
1204 3725 1445 3781 videmus
1497 3727 1716 3792 datam,
1763 3734 1819 3781 et
1873 3724 2113 3796 quotidie

527 3813 646 3866 dari
683 3813 970 3880 videmus;
1005 3816 1098 3872 sed
1130 3814 1287 3885 plane
1325 3831 1444 3871 cum
1471 3816 1594 3870 data
1629 3816 1814 3881 fuerit,
1851 3815 2115 3884 incipiunt

524 3916 650 3957 esse
692 3903 855 3958 etiam
889 3905 1080 3958 merita
1121 3914 1306 3960 nostra
1353 3906 1523 3969 bona,
1569 3922 1667 3975 per
1719 3905 1862 3964 illam
1909 3913 2110 3958 tamen.

529 3987 664 4046 Nam
695 3992 739 4046 si
769 4007 828 4048 se
855 3994 968 4061 ipsa
991 3993 1339 4061 subtraxerit,
1373 3994 1516 4048 cadit
1547 3994 1730 4060 homo,
1764 4010 1869 4048 non
1897 4002 2114 4050 erectus

529 4085 624 4139 sed
667 4085 1031 4155 praecipitatus
1057 4086 1226 4142 libero
1265 4087 1510 4142 arbitrio.
1542 4107 1558 4136 ι
1585 4087 1652 4142 Ει
1679 4087 1807 4142 item
1837 4086 1891 4141 in
1921 4087 2111 4142 eodem

533 4180 695 4254 124
743 4181 879 4237 libro
926 4182 1066 4254 (cap.
1097 4182 1186 4252 M)
1227 4201 1240 4237 :
1288 4202 1305 4234 ι
1343 4181 1469 4238 Haec
1514 4182 1661 4247 dixi,
1707 4192 1766 4237 ut
1807 4181 2114 4252 apostolicis

529 4272 710 4328 verbis
753 4271 980 4328 liberum
1015 4273 1302 4332 arbitrium
1349 4281 1590 4328 vestrum
1622 4288 1652 4325 a
1699 4272 1841 4325 malo
1870 4272 2113 4325 deterre-

530 4377 666 4428 rem,
697 4370 752 4418 et
793 4364 1114 4418 exhortarer
1153 4364 1220 4416 ad
1268 4363 1487 4417 bonum.
1518 4361 1629 4416 Nec
1671 4369 1851 4415 tamen
1879 4360 2000 4414 ideo
2024 4359 2114 4414 dc-

527 4453 670 4507 betis
717 4453 770 4507 in
815 4454 1052 4517 homine,
1082 4453 1186 4506 hoc
1221 4462 1305 4522 est
1333 4454 1386 4506 in
1420 4453 1572 4506 vobis
1606 4451 1756 4521 ipsis,
1788 4451 1882 4504 sed
1914 4451 1967 4503 in
2003 4450 2108 4505 Do-

2210 3270 2357 3326 bitrii
2408 3284 2529 3339 quae
2573 3269 2760 3340 gratiae
2805 3281 3214 3339 prasponuntur,
3247 3277 3304 3324 et
3335 3285 3400 3324 ex
3431 3269 3518 3324 his
3541 3280 3804 3338 tanquam

2210 3361 2420 3416 meritis
2447 3359 2499 3414 in
2545 3359 2759 3414 Christo
2790 3357 3078 3426 iustificari
3112 3358 3463 3414 extolluntur.
3493 3358 3625 3426 Quis
3652 3358 3806 3414 enim

2210 3451 2358 3521 prior
2384 3449 2617 3515 deditei,
2643 3458 2698 3504 et
2718 3449 2981 3504 retribuet
3012 3448 3123 3502 illi?
3152 3469 3169 3500 ι
3199 3448 3263 3502 Et
3291 3449 3420 3504 item
3447 3467 3460 3502 :
3491 3467 3511 3500 ε
3537 3447 3806 3504 Ausculta

2210 3550 2266 3597 et
2296 3540 2553 3612 intellige‘,
2587 3541 2631 3596 si
2662 3526 2841 3595 tamen
2887 3555 3048 3595 aures
3080 3538 3282 3595 habeas
3315 3539 3593 3605 audiendi,
3622 3548 3806 3596 et-cor

2211 3650 2318 3690 non
2369 3635 2441 3689 sit
2489 3633 2797 3690 induratum
2860 3632 3214 3701 intelligendi.
3278 3631 3506 3701 Propter
3567 3631 3804 3686 liberum

2213 3725 2517 3789 arbitrium,
2547 3740 2654 3793 quo
2703 3725 2842 3779 bona
2898 3731 2954 3778 et
2998 3722 3139 3778 mala
3187 3731 3484 3792 operantur
3526 3722 3802 3793 homines,

2213 3819 2416 3874 dictum
2446 3827 2532 3872 est
2575 3816 2867 3884 unicuique
2915 3814 3062 3870 reddi
3117 3814 3412 3869 secundum
3462 3828 3627 3882 opera
3677 3828 3801 3868 sua.

2215 3907 2388 3963 Habet
2419 3907 2562 3962 enim
2614 3905 2775 3959 homo
2819 3903 3019 3958 malum
3063 3902 3354 3968 meritum,
3383 3917 3506 3958 cum
3534 3901 3664 3955 vitio
3703 3915 3805 3954 suo

2207 3995 2321 4066 jam
2353 3997 2654 4067 baptizatus
2686 3995 2921 4048 declinat
2967 4011 2996 4046 a
3043 3993 3206 4055 bono,
3242 4001 3298 4046 et
3339 3990 3471 4046 facit
3495 3990 3720 4052 malum,
3750 3991 3805 4046 id

2214 4096 2322 4151 est,
2368 4101 2488 4140 cum
2534 4083 2788 4152 relinquit
2833 4083 3000 4137 Deum
3030 4091 3084 4136 et
3127 4079 3301 4152 diligit
3339 4079 3624 4146 saeculum,
3663 4080 3806 4134 sicut

2215 4178 2410 4234 fecisse
2459 4177 2682 4231 Dentam
2713 4174 2778 4246 (ll
2813 4173 2948 4230 Tim.
2985 4189 3070 4239 tv,
3119 4172 3174 4244 9)
3213 4182 3268 4227 et
3314 4171 3704 4240 Hermogenem
3734 4168 3805 4241 (ll

2219 4270 2354 4326 Tim.
2404 4285 2443 4334 ι,
2482 4269 2595 4340 l5),
2629 4275 2856 4322 testatur
2900 4264 3227 4337 Apostolus;
3261 4262 3346 4318 vel
3371 4278 3491 4317 cum
3535 4261 3703 4316 etiam
3749 4261 3805 4314 in

2220 4369 2331 4415 toto
2368 4357 2526 4432 125
2554 4371 2703 4428 spent
2751 4355 2956 4411 habens
2987 4354 3039 4409 in
3073 4351 3238 4407 variis
3268 4351 3593 4412 simulacris,
3629 4348 3804 4403 Deum

2218 4466 2405 4506 verum
2425 4465 2716 4522 agnoscere
2747 4464 2852 4503 non
2880 4445 3014 4511 vult,
3045 4461 3201 4516 quem
3231 4431 3588 4516 cognoscendi
3620 4442 3673 4496 iu
3701 4443 3808 4497 hoc

531 4542 678 4597 mino
704 4541 944 4612 gloriari.
969 4561 986 4592 ι
1008 4541 1075 4595 Et
1103 4541 1269 4596 item:
1306 4559 1323 4592 ι
1353 4541 1607 4596 Liberum
1637 4541 1852 4610 quidem
1879 4539 2114 4597 hominis
2145 4525 2192 4585 ἶ)
2219 4544 2414 4601 saeculo
2455 4543 2617 4598 habet
2664 4549 3022 4612 potestatem;
3067 4539 3111 4594 si
3162 4537 3289 4591 velit
3339 4550 3581 4592 summus
3633 4533 3805 4599 Deus,

530 4633 810 4688 arbitrium
839 4633 1085 4704 pulsatur
1109 4634 1200 4688 ubi
1244 4633 1441 4689 dicitur
1469 4649 1482 4686 :
1517 4633 1690 4687 Hodie
1714 4633 1759 4688 si
1786 4649 1958 4689 vocem
1999 4631 2115 4702 ejus

529 4729 825 4794 audieritis,
864 4731 1022 4785 nolite
1053 4730 1314 4785 obdurare
1354 4731 1516 4785 corda
1553 4739 1720 4784 vestra
1755 4728 1930 4800 (Psal.
1963 4745 2111 4795 xcrv,

530 4821 607 4884 8).
643 4819 751 4875 Sed
778 4821 880 4876 nisi
928 4831 1110 4890 posset
1152 4821 1294 4876 Deus
1317 4821 1482 4877 etiam
1519 4821 1772 4876 duritiam
1804 4821 1984 4877 cordis
2011 4838 2112 4876 au-

529 4909 704 4978 ferre,
735 4927 841 4966 non
888 4912 1096 4968 diceret
1132 4929 1228 4982 per
1266 4914 1583 4986 prophetam
1614 4932 1627 4968 :
1656 4914 1909 4982 Auferam
1943 4914 2007 4968 ab
2039 4915 2113 4970 eis

529 5002 924 5072 corlapideum,
958 5013 1005 5057 et
1028 5004 1165 5058 dabo
1192 5005 1266 5060 eis
1299 5021 1390 5059 cor
1411 5021 1656 5060 carneum
1680 5003 1898 5077 (Eucti.
1930 5006 2109 5073 tt,l.9;

525 5110 718 5161 SXXVl,
751 5095 863 5168 26).
895 5115 915 5149 ι
949 5096 1016 5150 Ει
1063 5096 1191 5151 item
1215 5096 1460 5168 (cap.l5)
1485 5113 1499 5150 :
1529 5116 1548 5148 ι
1571 5096 1800 5166 Semper
1819 5105 1904 5151 est
1930 5105 2112 5152 autem

526 5186 585 5248 in
616 5187 768 5247 nobis
797 5187 1044 5244 voluntas
1074 5187 1242 5244 libera
1261 5229 1275 5252 ,
1304 5189 1398 5244 sed
1445 5204 1552 5243 non
1587 5203 1802 5260 semper
1837 5198 1918 5244 esl
1951 5189 2111 5244 bona.

530 5278 638 5332 Aut
664 5279 808 5338 enim
837 5294 867 5332 a
889 5279 1099 5350 iustitia
1124 5278 1291 5336 libera
1309 5289 1413 5346 est,
1435 5280 1652 5350 quando
1677 5279 1844 5334 servit
1867 5287 2118 5348 peccato,

529 5377 586 5422 et
619 5380 746 5424 tunc
770 5378 857 5431 est
884 5370 1066 5437 tnala;
1103 5381 1197 5426 aut
1225 5387 1255 5425 a
1307 5382 1530 5442 peccato
1565 5372 1732 5427 libera
1757 5379 1872 5437 est,
1901 5372 2119 5440 quando

531 5460 701 5514 servit
738 5460 984 5529 iustitia},
1025 5471 1082 5516 et
1127 5470 1256 5518 tunc
1303 5471 1386 5518 est
1429 5465 1588 5518 bona.
1635 5461 1821 5518 Gratia
1863 5477 1993 5517 vero
2024 5461 2118 5517 Dei

533 5564 748 5619 semper
770 5560 855 5607 est
873 5554 1032 5619 bona,
1063 5562 1119 5608 et
1144 5569 1244 5626 per
1270 5554 1411 5609 hanc
1438 5554 1527 5618 ﬁt,
1557 5563 1616 5607 ut
1645 5553 1716 5610 sit
1743 5554 1905 5608 homo
1931 5552 2123 5608 volun-

535 5644 666 5698 tatis
704 5645 893 5710 bonte,
943 5648 1034 5718 qui
1083 5649 1234 5718 prius
1276 5649 1378 5704 fuit
1419 5648 1716 5708 voluntatis
1765 5647 1938 5702 malm.
1974 5645 2126 5701 Tunc

538 5738 682 5792 enim
715 5738 846 5797 utile
874 5750 957 5797 est
985 5741 1124 5801 velle
1152 5757 1273 5797 cum
1302 5749 1618 5813 possumus,
1651 5748 1708 5796 et
1732 5749 1858 5799 tunc
1889 5739 2018 5795 utile
2045 5747 2128 5794 est

2219 4647 2325 4692 tam
2371 4651 2467 4706 per
2507 4633 2801 4690 indebitam
2847 4631 3078 4702 gratiam
3119 4645 3223 4698 qua
3249 4626 3531 4697 justilieat,
3575 4623 3804 4693 impium

2215 4720 2450 4794 salvare,
2496 4743 2657 4798 quam
2701 4725 2866 4782 etiam
2898 4740 3019 4779 cum
3070 4738 3128 4777 se
3182 4721 3377 4775 avertit
3417 4717 3622 4790 judicio
3655 4717 3806 4788 justo

2218 4822 2476 4878 traditum
2517 4820 2568 4872 in
2595 4817 2885 4887 reprobum
2923 4828 3140 4870 sensum
3175 4811 3355 4866 futuro
3383 4810 3640 4879 gehennae
3673 4822 3804 4876 sup-

2217 4913 2377 4983 plicio
2408 4924 2708 4974 reservare,
2741 4915 2798 4963 ut
2828 4907 3016 4962 reddat
3062 4905 3112 4959 ei
3157 4903 3449 4959 secundum
3485 4916 3646 4971 opera
3681 4915 3803 4954 sua.

2220 5002 2394 5059 Habet
2424 4999 2778 5056 nihilominus
2811 5005 2867 5052 et
2891 4997 3092 5051 bonum
3137 4993 3415 5058 meritum,
3445 5007 3567 5046 cum
3596 4991 3650 5045 in
3688 5005 3807 5044 om-

2219 5093 2382 5148 nibus
2408 5091 2595 5162 gratia:
2641 5089 2737 5144 Det
2780 5089 2922 5143 bona
2961 5087 3014 5140 in
3045 5102 3104 5140 se
3145 5083 3392 5156 cperauti
3423 5098 3526 5138 non
3573 5082 3805 5145 resistit,

2221 5185 2315 5240 sed
2349 5190 2670 5253 cooperator
2700 5178 2904 5235 existit.
2938 5198 2956 5230 ι
2986 5178 3053 5232 Ει
3101 5177 3228 5230 item
3264 5192 3277 5228 :
3327 5195 3344 5225 ι
3395 5172 3496 5228 Sed
3519 5232 3522 5234 γ
3545 5173 3625 5228 ais
3672 5173 3808 5226 mihi

2219 5276 2344 5346 quia
2367 5274 2540 5330 oculis
2560 5270 3013 5327 haareticodolore
3041 5258 3288 5330 turbatis,
3321 5263 3596 5320 intendere
3622 5263 3808 5317 lumen

2219 5370 2466 5428 veritatis
2493 5383 2602 5424 non
2629 5375 2802 5437 potes,
2833 5372 2888 5419 et
2926 5361 3128 5420 nullum
3155 5367 3240 5415 est
3283 5373 3508 5429 prorsus
3552 5357 3805 5410 meritum

2221 5461 2456 5533 propriae
2498 5457 2807 5512 voluntatis.
2846 5454 2905 5511 Si
2947 5454 3225 5510 discernas
3275 5449 3420 5506 inter
3470 5448 3807 5502 voluntatem

2221 5564 2276 5609 et
2299 5552 2531 5623 gratiam
2576 5557 2678 5605 est.
2724 5547 2862 5602 Audi
2906 5561 3035 5616 ergo
3074 5543 3312 5599 breviter
3366 5559 3380 5596 :
3431 5540 3670 5608 Propria:
3717 5552 3808 5588 vo-

2222 5644 2448 5702 luntatis
2495 5651 2622 5698 tunc
2667 5648 2751 5698 est
2800 5638 3054 5694 meritum
3100 5636 3332 5698 bonum,
3376 5632 3591 5703 quando
3621 5628 3808 5699 gratim

2225 5737 2425 5796 donum
2461 5733 2718 5806 praecedit
2743 5731 3170 5800 uniuscujusque
3198 5726 3550 5788 voluntatem,
3585 5730 3636 5774 et
3685 5733 3805 5795 oue-
