3992 6336
182 372 294 431 189

937 373 1024 429 DE
1063 371 1730 430 PREDESTINATIONE
1769 369 2226 428 DISSERTATIO
2265 370 2675 428 POSTERIOR.

3366 371 3480 428 ιοσ

182 498 342 544 ratur
373 495 434 544 ut
454 486 707 544 meritum
753 487 920 544 faciat
959 491 1123 547 homo
1165 505 1263 562 per
1289 494 1562 563 propriam
1592 498 1776 547 volun.
1805 496 1852 552 Α
1883 505 2094 559 agimus
2121 500 2178 544 ct
2204 489 2297 544 Dei
2335 500 2438 554 cst,
2468 501 2522 544 et
2553 499 2798 544 nostrum
2833 507 2846 543 :
2884 489 2980 545 Dei
3009 504 3107 559 per
3130 491 3470 560 praevenien-

181 590 375 636 tatem.
411 599 430 634 ι

255 669 326 724 Et
356 669 657 741 Gregorius
685 670 740 724 in
773 670 912 725 libro
937 668 1219 726 Moralium
1249 687 1360 738 xvi,
1392 687 1512 743 cap.
1539 671 1604 727 to
1629 689 1641 725 :
1673 691 1691 724 ι
1721 671 1778 728 Si

179 759 310 832 quis
336 760 561 827 salvari;
590 760 862 831 inquiens,
887 762 968 817 sic
991 762 1254 818 munditia
1279 777 1537 818 manuum
1561 778 1781 819 suarum

186 853 459 918 creditur,
491 861 550 908 ut
578 853 691 909 suis
722 855 929 910 viribus
971 855 1231 911 innocens
1256 855 1370 921 ﬂat,
1401 856 1588 926 procul
1617 856 1783 910 dubio

177 951 458 996 erratur:
511 944 638 1014 quia
697 944 742 998 si
796 959 1032 1015 superna
1089 946 1260 1016 gratia
1325 955 1610 1002 nocentem
1675 961 1780 1001 non

175 1034 479 1103 praevenit,
523 1050 798 1104 nunquam
847 1035 1093 1106 profecto
1135 1039 1376 1092 inveniet
1407 1053 1566 1108 quem
1600 1053 1780 1092 remu-

176 1131 336 1177 neret
358 1125 725 1178 innocentem.
755 1122 906 1179 Unde
929 1124 1148 1179 veridici
1173 1125 1372 1198 Moysis
1395 1141 1526 1182 voce
1549 1127 1777 1181 dicitur:

177 1213 496 1284 Nullusque
519 1216 662 1285 apud
688 1225 736 1268 te
762 1232 856 1285 per
879 1231 934 1270 se
957 1217 1205 1272 innocens
1230 1228 1302 1271 est
1333 1217 1531 1289 (Exod.
1564 1216 1778 1289 xxxrv).

182 1303 442 1373 Superna
467 1319 596 1374 ergo
623 1305 796 1375 pietas
831 1307 984 1377 prius
1016 1307 1128 1378 agit
1151 1307 1353 1378 aliquid
1385 1309 1438 1363 in
1469 1309 1625 1364 nobis
1664 1309 1782 1364 sine

177 1393 369 1458 nobis,
400 1403 466 1448 ut
498 1397 858 1466 subsequente
887 1411 1102 1468 quoque
1139 1409 1326 1453 nostro
1354 1397 1525 1453 libero
1554 1398 1782 1453 arbitrio

176 1488 387 1543 bonum
419 1489 566 1558 quod
606 1487 720 1558 jam
765 1490 1069 1560 appetimns
1113 1499 1237 1562 agat
1275 1491 1554 1547 nobiscum
1588 1508 1602 1556 ;
1635 1492 1780 1561 quod

179 1587 371 1635 tamen
401 1594 504 1649 per
537 1580 838 1650 impensam
861 1582 1087 1653 gratiam
1114 1583 1166 1637 in
1191 1593 1438 1639 extremo
1457 1582 1666 1653 judicio
1706 1583 1778 1638 ita

177 1679 506 1725 remaneret
535 1670 586 1724 in
612 1671 791 1737 nobis,
815 1686 880 1726 ac
905 1672 950 1727 si
975 1671 1104 1727 solis
1127 1673 1482 1742 processisset
1507 1690 1572 1728 ex
1601 1673 1776 1729 nobis.

177 1757 320 1828 Qui:
371 1761 522 1816 enim
562 1762 743 1818 divina
773 1779 874 1819 nos
912 1764 1127 1820 bonitas
1156 1773 1216 1820 ut
1253 1766 1569 1822 innocentes
1615 1765 1780 1822 faciat

1887 587 1992 634 tem
2039 579 2268 650 gratiam
2299 619 2312 643 ,
2361 590 2604 635 nostrum
2659 595 2756 650 per
2797 581 3182 650 obsequentem
3245 581 3470 636 liberam

1886 666 2234 721 voluntatem.
2269 665 2326 721 Si
2368 667 2512 722 enim
2543 668 2634 722 Dei
2670 684 2775 722 non
2807 677 2910 733 est,
2941 669 3083 724 unde
3111 669 3158 723 ei
3187 671 3388 740 gratias
3418 671 3471 724 in

1883 765 2145 812 aeternum
2168 757 2414 828 agimus?
2443 756 2677 812 Rursum
2707 759 2752 812 si
2782 767 3026 813 nostrum
3057 775 3162 814 non
3191 770 3297 826 est,
3329 761 3476 816 unde

1888 847 2046 902 nobis
2094 848 2317 902 retribui
2371 847 2594 918 praemia
2641 849 2960 917 speramus?
3005 849 3141 915 Quia
3188 865 3320 920 ergo
3363 865 3474 903 non

1887 939 2161 994 immerito
2192 940 2398 1008 gratias
2435 940 2668 1009 agimus,
2697 941 2900 995 scimus
2931 943 3076 1010 quod
3101 941 3219 1010 ejus
3247 957 3476 997 munere

1884 1031 2248 1100 pracvenimur
2272 1046 2286 1094 ;
2313 1038 2366 1084 et
2397 1045 2612 1084 rursum
2643 1031 2769 1100 quia
2799 1045 2904 1085 non
2944 1033 3214 1087 immerito
3239 1034 3475 1088 retribu-

1886 1121 2086 1176 tionem
2135 1121 2446 1189 quaerimus,
2482 1123 2684 1176 scimus
2709 1121 2852 1192 quod
2893 1123 3256 1192 subsequente
3299 1123 3474 1178 libero

1883 1211 2115 1265 arbitrio
2159 1211 2298 1266 bona
2338 1213 2599 1281 elegimus
2627 1228 2748 1283 qua:
2777 1228 3079 1284 ageremus.
3120 1234 3138 1268 ι
3195 1215 3260 1268 Ει
3291 1215 3344 1268 in
3379 1215 3476 1270 ho-

1884 1301 2030 1354 milia
2067 1301 2342 1371 Evangelii
2392 1303 2460 1356 57
2494 1319 2506 1354 :
2540 1322 2558 1355 ι
2595 1303 2719 1358 Non
2750 1321 2836 1358 vos
2867 1322 2948 1358 me
2990 1305 3235 1374 elegistis,
3266 1305 3355 1358 sed
3382 1319 3476 1374 ego

1882 1391 2012 1462 elegi
2055 1409 2166 1459 vos,
2211 1404 2260 1447 et
2302 1395 2452 1463 posui
2495 1412 2581 1449 ros
2621 1405 2676 1448 ut
2707 1398 2840 1450 eatis
2882 1405 2930 1450 et
2977 1395 3206 1464 fructum
3237 1395 3476 1464 aﬂ‘eratis

1883 1482 2068 1553 (Joan.
2100 1499 2190 1547 xv,
2228 1483 2337 1554 i6).
2368 1483 2554 1548 Posui,
2580 1483 2648 1538 ad
2679 1485 2906 1555 gratiam
2954 1485 3215 1555 plantavi,
3248 1492 3309 1538 ut
3336 1484 3477 1538 eatis

1882 1577 2150 1642 volendo,
2209 1576 2443 1632 fructum
2497 1577 2737 1634 all'eratis
2781 1579 3075 1650 aperaudo.
3139 1578 3288 1633 Eatis
3331 1577 3475 1632 enim

1879 1669 2109 1724 volendo
2137 1669 2292 1734 dixit,
2335 1670 2463 1740 quia
2507 1669 2644 1725 velle
2686 1670 2886 1740 aliquid
2917 1669 3098 1725 facere
3130 1670 3244 1738 jam
3296 1677 3478 1724 mente

1881 1765 1962 1820 ire
1987 1772 2089 1818 est.
2125 1763 2349 1829 Qualem
2379 1777 2508 1818 vero
2540 1762 2778 1818 fructum
2806 1761 3000 1817 all‘erre
3029 1762 3264 1816 debeant
3288 1759 3478 1816 subdi-

177 1853 475 1920 pra‘venit,
515 1853 712 1910 Paulus
751 1855 827 1909 ait
859 1874 871 1908 :
917 1854 1104 1911 Gratia
1137 1856 1230 1912 Dei
1256 1875 1372 1912 sum
1408 1859 1465 1912 id
1498 1859 1638 1929 quod
1666 1875 1782 1912 sum
1813 1861 1862 1923 Β
1889 1865 1997 1920 tur,
2027 1865 2077 1910 et
2103 1857 2305 1925 fructus
2349 1865 2512 1910 uester
2549 1863 2776 1909 maneat.
2824 1855 2899 1909 lbi
2945 1870 3093 1925 ergo,
3131 1854 3181 1908 id
3225 1864 3307 1907 est
3352 1859 3477 1922 post
3531 1901 3544 1912 .

179 1937 232 2011 (Ι
256 1937 396 1995 Cor.
425 1957 518 2008 xv,
549 1942 656 2014 l0).
688 1943 755 1998 Et
780 1944 908 2014 quia
930 1947 1173 2002 eamdem
1199 1947 1426 2017 gratiam
1454 1957 1698 2002 nostrum
1723 1947 1787 2002 li-

176 2029 380 2086 berum
413 2033 701 2088 arbitrium
729 2036 995 2104 sequitur,
1019 2037 1260 2108 adiungit
1277 2055 1290 2092 :
1309 2038 1378 2092 Et
1401 2040 1573 2108 gratia
1591 2039 1707 2108 ejus
1730 2039 1785 2092 iu

179 2137 260 2175 nte
282 2113 466 2177 uacua
484 2141 588 2179 non
619 2124 740 2195 fuit,
763 2127 854 2180 sed
875 2128 1230 2182 abundantius
1247 2127 1354 2182 illis
1375 2129 1612 2182 omnibus
1636 2126 1786 2181 labo-

181 2214 324 2266 ravi.
360 2212 469 2280 Qui
496 2213 624 2269 dum
651 2230 710 2270 se
737 2215 808 2272 de
839 2232 898 2273 se
938 2217 1074 2272 nihil
1121 2234 1242 2275 esse
1289 2217 1659 2288 eonspiceret,
1688 2217 1785 2282 ait,

185 2319 294 2359 non
347 2314 528 2358 autem
555 2323 682 2377 ego,
715 2316 769 2362 et
795 2315 977 2363 tamen
1009 2309 1134 2378 quia
1174 2324 1232 2364 se
1267 2323 1388 2365 esse
1416 2309 1617 2379 aliquid
1662 2323 1816 2362 cum-

183 2396 369 2463 gratia
397 2395 627 2462 invenit,
658 2396 904 2468 adiunxit
931 2400 1021 2453 sed
1050 2401 1221 2469 gratia
1258 2399 1354 2456 Dei
1382 2417 1604 2455 mecum.
1635 2400 1787 2454 blun-

185 2485 327 2541 ditia
365 2486 554 2557 itaque
583 2504 840 2543 manuum
881 2504 1101 2546 suarum
1151 2492 1412 2547 innocens
1455 2491 1780 2555 salvabitur,

188 2575 324 2644 quia
353 2576 448 2645 qui
480 2577 568 2632 hic
607 2579 938 2648 praevenitur
963 2582 1105 2635 dono
1129 2588 1188 2635 ut
1217 2581 1479 2638 innocens
1517 2582 1634 2649 ﬁat,
1661 2598 1783 2638 cum

183 2666 246 2720 ad
278 2666 556 2736 judicium
601 2669 818 2725 ducitur
865 2686 932 2725 ex
978 2672 1178 2727 merito
1223 2681 1622 2728 remuneratur.
1666 2691 1686 2724 ι
1717 2672 1786 2728 Ει

182 2758 236 2814 in
299 2758 447 2814 libro
495 2775 671 2816 χχχιιι
705 2779 719 2814 :
759 2780 780 2814 ι
817 2761 988 2818 Nemo
1028 2763 1262 2835 quippe,
1293 2773 1356 2819 ut
1400 2765 1581 2819 divina
1632 2763 1782 2818 illum

180 2850 365 2920 gratia
416 2851 820 2923 subsequatur,
868 2854 1022 2924 prius
1082 2855 1285 2926 aliquid
1353 2855 1582 2910 contulit
1649 2855 1778 2911 Deo.

181 2939 324 2997 Nam
357 2942 408 2997 si
434 2952 536 2998 nes
568 2943 735 2998 Deum
785 2943 923 2999 bene
967 2946 1241 3016 operando
1277 2946 1659 3018 prtevenimus,
1689 2944 1780 3000 ubi

179 3043 267 3091 est.
311 3036 464 3105 quod
517 3039 780 3108 prOpheta
813 3039 888 3092 ait
921 3056 933 3093 :
967 3038 1335 3094 Misericordia
1362 3039 1475 3109 ejus
1503 3039 1780 3110 prteveniet

180 3139 266 3178 use
297 3121 480 3196 (νέαι.
510 3142 662 3193 Lvm,
704 3129 827 3201 ll)?
860 3128 918 3184 Si
948 3131 1074 3200 quid
1112 3146 1211 3186 nos
1246 3131 1401 3186 bonae
1447 3129 1778 3200 operationis

1891 1954 2153 2011 mortem,
2203 1945 2290 1999 illa
2339 1946 2625 2015 retributio
2670 1945 2918 2010 inchoat,
2960 1945 3050 1998 ubi
3088 1945 3190 1998 ista
3223 1943 3480 1998 termina-

1889 2045 1997 2092 tur.
2035 2056 2054 2088 ι
2086 2037 2152 2090 Ει
2181 2037 2232 2090 in
2265 2037 2486 2092 humilia
2513 2037 2548 2091 9
2581 2036 2659 2107 (in
2697 2036 2980 2107 principio)
3019 2035 3320 2091 Ezechielis
3346 2048 3477 2104 pro-

1885 2130 2064 2199 phetae
2092 2146 2105 2182 :
2143 2149 2161 2180 ι
2199 2127 2266 2181 Et
2296 2130 2561 2199 ingressus
2609 2138 2683 2183 est
2708 2129 2763 2182 in
2791 2145 2872 2184 me
2899 2128 3162 2199 Spiritus,
3205 2135 3479 2196 postquam

1887 2219 2090 2274 locutus
2137 2229 2212 2273 est
2255 2219 2406 2284 mihi,
2460 2228 2508 2274 et
2567 2220 2749 2274 statuit
2801 2235 2882 2272 me
2929 2235 3090 2288 supra
3135 2218 3290 2288 pedes
3336 2231 3478 2270 meos

1888 2309 2107 2380 (Exerit.
2155 2327 2216 2376 ιι,
2259 2311 2338 2383 2).
2387 2311 2526 2368 Ecce
2577 2312 2758 2367 divina
2808 2326 2908 2366 vox
2951 2310 3155 2381 jacenti
3199 2307 3480 2378 propheta:

1880 2399 2046 2470 jussit
2071 2409 2130 2454 ut
2161 2408 2407 2472 surgeret
2438 2418 2452 2457 :
2479 2400 2574 2456 scd
2601 2415 2825 2470 surgere
2852 2400 3075 2455 omnino
3117 2413 3228 2453 non
3270 2403 3474 2468 posset,
3553 2440 3560 2444 .

1885 2493 1990 2548 nisi
2039 2494 2090 2548 in
2135 2493 2279 2549 hunc
2323 2493 2709 2562 omnipotentis
2755 2493 2846 2547 Dei
2899 2491 3122 2561 spiritus
3170 2489 3474 2543 intrasset:

1883 2585 2008 2654 quia
2039 2601 2104 2638 ex
2133 2585 2518 2654 omnipotentis
2547 2584 2642 2638 Dei
2673 2584 2846 2654 gratia
2876 2583 2943 2636 ad
2987 2583 3124 2636 bona
3169 2594 3331 2648 opera
3380 2593 3475 2632 co-

1883 2676 2002 2731 nari
2047 2677 2263 2745 quidem
2297 2691 2603 2744 possumus,
2635 2675 2730 2730 sed
2761 2674 2875 2728 haec
2907 2672 3129 2742 implere
3154 2685 3258 2723 non
3288 2681 3478 2738 possu-

1883 2781 2004 2820 mus
2029 2766 2072 2820 si
2101 2765 2215 2834 ipse
2249 2780 2357 2819 non
2387 2763 2610 2832 adjuvat
2638 2764 2731 2833 qui
2763 2762 2939 2830 jubet.
2974 2761 3065 2816 Sic
3103 2757 3305 2814 Paulus
3351 2769 3476 2810 cum

1881 2855 2175 2926 discipulos
2203 2855 2539 2921 admoneret,
2585 2854 2774 2910 dicens
2801 2871 2816 2907 :
2846 2850 2976 2907 Cum
3012 2859 3151 2906 metu
3179 2857 3227 2903 et
3253 2858 3476 2902 tremore

1880 2956 2109 3003 uestram
2142 2948 2375 3017 ipsorum
2419 2945 2642 3001 salutem
2691 2945 2979 3016 operamini
3007 2941 3262 3014 (Philipp.
3293 2955 3355 3003 ιι,
3385 2935 3470 2999 12,

1882 3042 2003 3112 l3),
2055 3041 2197 3095 illico
2244 3040 2366 3109 quis
2410 3040 2462 3093 in
2513 3039 2594 3093 eis
2648 3039 2764 3093 haee
2810 3037 2927 3106 ipsa
2969 3036 3110 3090 bona
3156 3038 3476 3103 operaretur

1881 3130 2147 3200 adiunxit,
2171 3131 2357 3186 dicens
2379 3129 2550 3184 :Deus
2582 3138 2656 3183 est
2685 3129 2822 3182 enim
2849 3128 2939 3198 qui
2971 3133 3220 3196 operatur
3243 3124 3300 3176 in
3331 3121 3473 3175 vobis

182 3216 458 3282 dedimus,
506 3227 567 3272 ut
591 3217 710 3286 ejus
744 3221 975 3291 gratiam
1005 3235 1358 3286 mereremur,
1391 3221 1482 3276 ubi
1513 3229 1598 3276 est
1635 3219 1779 3290 quod
1807 3212 1854 3274 C
1885 3232 1933 3277 et
1968 3221 2096 3275 velle
2115 3229 2162 3274 et
2191 3219 2442 3291 perﬁcere
2467 3234 2562 3288 pro
2589 3217 2724 3271 bona
2753 3216 3038 3272 voluntate.
3068 3213 3204 3268 Hinc
3224 3219 3308 3266 est
3327 3207 3474 3278 quod

180 3303 388 3360 Paulus
429 3309 710 3378 apostolus
757 3309 927 3365 dicit:
955 3307 1140 3364 Gratia
1185 3309 1317 3364 salvi
1352 3309 1481 3379 [acti
1518 3311 1643 3364 estis
1689 3324 1784 3379 per

180 3397 367 3466 ﬁdem,
399 3409 449 3452 et
475 3399 573 3453 hoc
602 3417 705 3455 non
733 3417 799 3455 ex
828 3403 988 3466 vobis,
1014 3402 1103 3455 sed
1119 3401 1216 3456 Dei
1241 3403 1436 3454 donum
1457 3411 1558 3466 est,
1584 3417 1687 3456 non
1717 3417 1784 3455 ex

180 3492 429 3558 operibus
481 3491 700 3563 (Epiros.
754 3510 825 3560 ιι,
874 3494 971 3565 8)?
1001 3493 1059 3550 Si
1111 3504 1294 3550 nostra
1346 3495 1564 3550 dilectio
1610 3495 1780 3549 Deum

177 3585 466 3655 pravenit,
500 3587 590 3642 ubi
620 3595 703 3642 est
728 3589 870 3658 quod
895 3587 1131 3645 Joannes
1153 3589 1426 3659 apostolus
1457 3587 1586 3643 dicit
1612 3605 1625 3642 :
1657 3586 1780 3641 Non

177 3679 299 3748 quia
331 3693 432 3732 nos
463 3678 800 3735 dilexerimus
837 3681 1000 3735 Deum
1019 3722 1032 3746 ,
1064 3681 1155 3735 scd
1179 3682 1430 3753 quoniam
1478 3682 1589 3750 ipse
1635 3682 1783 3751 prior

180 3769 364 3826 dilexit
391 3787 491 3826 nos
519 3771 581 3841 (1
609 3770 771 3826 Joan.
804 3788 882 3836 IV,
910 3773 1044 3844 10)?
1073 3772 1171 3828 Ubi
1207 3782 1292 3826 cst
1319 3773 1462 3842 quod
1497 3787 1596 3842 per
1640 3771 1780 3828 Osee

181 3858 449 3916 Dominus
477 3861 608 3918 dicit
637 3882 649 3916 :
677 3863 907 3933 Diligam
935 3880 1022 3918 eos
1051 3875 1334 3933 spontanee
1370 3863 1526 3932 (Osee
1551 3879 1663 3928 XIV,
1689 3864 1782 3932 5)?

182 3946 235 4005 Si
261 3951 387 4006 sine
414 3949 537 4020 ejus
564 3967 788 4012 munere
829 3964 1014 4010 nostra
1048 3953 1245 4008 virtute
1275 3955 1440 4009 Deum
1475 3955 1777 4028 sequimur,

179 4038 270 4098 ubi
318 4049 409 4094 εει
455 4040 600 4109 quod
649 4056 744 4110 per
792 4042 1141 4113 Evangelium
1167 4042 1380 4098 Veritas
1417 4050 1772 4112 protestetur,

179 4129 373 4187 dicens
405 4148 421 4189 :
459 4130 588 4186 Sine
611 4149 692 4188 me
717 4133 848 4188 nihil
877 4136 1090 4204 potestis
1118 4135 1290 4205 facere
1336 4133 1524 4204 (Joan.
1559 4149 1650 4199 xv,
1678 4133 1778 4204 5)?

181 4222 285 4280 Ubi
331 4231 422 4279 est
461 4226 604 4295 quod
632 4227 752 4280 ait:
787 4225 956 4281 Nemo
1005 4235 1169 4297 potest
1218 4229 1390 4282 venire
1436 4227 1506 4280 ad
1551 4244 1631 4280 me
1677 4226 1778 4279 nisi

181 4314 371 4380 Pater,
405 4317 500 4388 qui
528 4317 666 4371 misit
697 4333 809 4384 me,
865 4310 1084 4372 traxerit
1125 4335 1243 4372 eum
1276 4318 1465 4385 (Joan.
1512 4333 1587 4384 vt,
1640 4315 1779 4387 44)?

182 4407 284 4466 Ubi
313 4409 466 4480 quod
495 4409 687 4466 iterum
720 4409 888 4464 dicit:
920 4408 1042 4464 Non
1072 4425 1158 4464 vos
1187 4426 1267 4464 me
1294 4409 1540 4479 elegistis,
1568 4409 1659 4463 sed
1685 4425 1776 4481 ego

181 4501 314 4570 elegi
343 4517 437 4554 eos
486 4498 670 4571 (Joan.
711 4515 802 4563 xv,
849 4497 974 4570 l8)?
1004 4497 1060 4552 Si
1093 4498 1285 4553 saltem
1326 4500 1462 4554 dona
1512 4499 1775 4554 bonorum

1885 3315 2000 3384 ipsa
2031 3311 2246 3367 Veritas
2292 3309 2570 3380 discipulis
2601 3309 2727 3365 dicit
2760 3326 2772 3362 :
2811 3307 2940 3362 Sine
2970 3322 3050 3360 me
3081 3303 3210 3359 nihil
3255 3303 3470 3374 potestis

1885 3403 2058 3473 facere
2085 3401 2269 3473 (Joan.
2302 3415 2393 3464 xv,
2424 3399 2501 3467 5).
2532 3399 2639 3454 Sed
2677 3401 2731 3453 in
2770 3397 2856 3452 his
2889 3392 3342 3451 considerandum
3385 3398 3469 3445 est

1883 3496 2008 3566 quia
2032 3496 2076 3549 si
2104 3494 2242 3548 bona
2273 3501 2458 3547 nostra
2496 3492 2579 3546 sic
2606 3488 2996 3560 omnipotentis
3030 3485 3123 3540 Dei
3154 3485 3293 3540 dona
3322 3489 3471 3548 sunt,

1883 3597 1942 3643 ut
1972 3587 2025 3642 in
2053 3587 2134 3641 eis
2165 3585 2367 3656 aliquid
2401 3592 2647 3640 nostrum
2677 3598 2782 3637 non
2810 3582 2912 3646 sit,
2937 3595 3036 3634 cttr
3061 3593 3161 3633 nos
3188 3577 3342 3646 quasi
3373 3589 3475 3645 pro

1882 3680 2094 3737 meritis
2122 3688 2384 3734 aeternam
2413 3675 2826 3732 retributionem
2855 3669 3185 3742 qumrimus?
3220 3668 3264 3723 si
3291 3676 3470 3722 autem

1882 3773 1956 3827 ita
1990 3777 2176 3826 nostra
2211 3775 2357 3833 sunt,
2399 3775 2462 3821 ut
2500 3765 2638 3820 dona
2669 3765 2761 3819 Dei
2789 3759 3178 3831 omnipotentis
3207 3771 3312 3812 non
3339 3756 3469 3822 sint,

1881 3879 1981 3920 cur
2027 3877 2095 3916 ex
2140 3861 2220 3916 eis
2261 3857 2616 3928 omnipotenti
2665 3857 2775 3910 Deo
2821 3853 3023 3925 gratias
3067 3849 3314 3920 agimus?
3367 3847 3473 3902 Sed

1881 3952 2164 4008 sciendum
2209 3957 2296 4004 est
2335 3947 2463 4017 quia
2504 3945 2646 4000 mala
2695 3953 2881 3998 nostra
2911 3939 3248 3996 solummodo
3287 3943 3472 3991 nostra

1881 4051 2026 4108 sunt,
2062 4043 2202 4096 bona
2245 4047 2426 4094 autem
2460 4043 2649 4092 nostra
2693 4042 2750 4089 et
2792 4031 3183 4103 omnipotentis
3214 4029 3308 4084 Dei
3347 4036 3476 4088 sum

1881 4143 1935 4190 et
1982 4143 2167 4191 nostra
2212 4151 2226 4186 :
2277 4132 2404 4200 quia
2455 4129 2572 4199 ipse
2619 4125 2911 4196 aspirando
2958 4139 3059 4177 nos
3102 4120 3366 4192 prteveuit
3414 4127 3476 4181 ut

1879 4226 2150 4288 velimus,
2197 4222 2294 4292 qui
2348 4218 2649 4288 adjuvando
2701 4214 3054 4283 subsequitur
3115 4226 3185 4265 ne
3239 4209 3476 4268 inaniter

1881 4317 2140 4380 velimus,
2180 4313 2276 4368 sed
2318 4310 2588 4384 possimus
2618 4307 2843 4378 implere
2872 4319 2993 4374 quae
3027 4302 3293 4356 volumus.
3327 4299 3473 4353 Prai-

1881 4409 2131 4463 vcniente
2159 4420 2290 4480 ergo
2317 4403 2512 4473 gratia,
2541 4407 2595 4454 et
2615 4398 2754 4454 bona
2785 4396 3062 4451 voluntate
3083 4393 3470 4461 subsequente,

1885 4501 1986 4555 hoc
2015 4497 2158 4568 quod
2181 4491 2569 4564 omnipotentis
2597 4488 2689 4543 Dei
2723 4487 2919 4542 donum
2965 4494 3068 4550 εει,
3113 4481 3173 4537 lit
3213 4481 3466 4536 meritum

185 4569 352 4664 1‘6
383 4569 612 4661 operum
657 4591 860 4645 virtute
902 4599 1086 4645 nostra
1129 4591 1267 4645 bene
1307 4592 1595 4661 cogitando
1635 4607 1777 4665 ιιι-ιε·
1811 4569 1856 4627 θ
1883 4598 2146 4646 nostrum.
2166 4584 2320 4654 Quod
2347 4586 2483 4638 bene
2506 4579 2703 4635 Paulus
2733 4577 2883 4634 brevi
2909 4571 3464 4665 sententiaexplicat,

182 4685 478 4747 venimus,
531 4681 622 4736 ubi
669 4688 752 4736 est
800 4682 944 4751 quod
991 4697 1206 4736 rursum
1255 4697 1354 4752 per
1399 4681 1624 4741 Paulum
1667 4693 1776 4738 tam

185 4773 485 4827 salubriter
513 4771 728 4837 dicitur,
760 4779 821 4827 ut
865 4773 1039 4827 omnis
1081 4773 1148 4829 de
1196 4788 1255 4828 se
1302 4774 1550 4830 humauzc
1580 4773 1777 4831 mentis

187 4867 387 4920 ﬁducia
418 4866 488 4920 ab
520 4864 636 4936 ipsa
684 4865 863 4920 cordis
908 4865 1092 4920 radice
1135 4865 1468 4931 succidatur,
1497 4881 1617 4920 cum
1656 4865 1730 4920 ait
1759 4883 1772 4919 :

189 4955 313 5011 Non
343 4955 473 5028 quia
518 4957 824 5026 suﬁicientes
863 4958 1026 5011 simus
1070 4957 1299 5027 cogitare
1334 4956 1533 5028 aliquid
1567 4974 1598 5009 a
1631 4957 1777 5012 nobis

185 5047 338 5118 quasi
364 5062 434 5100 ea:
461 5047 639 5112 nobis,
670 5047 762 5102 sed
792 5048 1100 5118 sumrieritia
1145 5057 1325 5101 nostra
1354 5065 1419 5103 es
1464 5048 1577 5102 Deo
1607 5059 1682 5104 est
1713 5049 1775 5124 (ll

187 5135 311 5192 Cor.
347 5154 436 5202 ιιι,
464 5136 558 5207 5)?
585 5136 754 5193 Nemo
783 5154 912 5208 ergo
947 5138 1115 5194 Deum
1148 5138 1356 5194 meritis
1397 5141 1683 5209 prtevenit,
1720 5147 1778 5192 ut

189 5235 374 5283 tenere
406 5242 530 5282 eum
560 5229 714 5300 quasi
742 5230 1039 5285 debitorem
1065 5230 1255 5301 possit.
1289 5251 1306 5283 ι
1341 5230 1407 5284 Et
1436 5230 1597 5303 paulo
1626 5238 1774 5301 post:

195 5331 215 5367 ι
246 5316 458 5372 Idcirco
505 5317 649 5377 enim
691 5333 1033 5392 nequaquam
1063 5319 1304 5375 cmlestis
1345 5320 1518 5392 patria
1559 5319 1780 5390 praemia

187 5414 393 5461 arterna
424 5408 750 5478 percipiunt,
778 5410 907 5480 quin
939 5409 1174 5480 reprobi,
1205 5411 1330 5487 quia
1359 5425 1421 5466 ea
1454 5423 1618 5475 nunc,
1652 5409 1777 5464 dum

188 5499 492 5565 promereri
526 5507 806 5570 poterant,
853 5518 918 5557 ex
953 5501 1124 5558 libero
1159 5504 1386 5558 arbitrio
1435 5511 1778 5572 contempse-

191 5600 330 5645 runt.
368 5589 526 5658 Quod
547 5592 799 5649 videlicet
830 5594 1055 5649 liberum
1092 5594 1374 5649 arbitrium
1408 5597 1459 5649 in
1491 5597 1634 5650 bono
1660 5596 1772 5649 lor-

189 5689 371 5736 matur
396 5682 610 5751 electis,
635 5700 760 5740 eum
787 5700 974 5740 eorum
998 5701 1152 5741 meus
1180 5701 1208 5739 a
1239 5687 1468 5741 terrenis
1490 5688 1776 5744 desideriis

191 5773 362 5841 gratia
412 5775 692 5846 aSpirante
743 5777 1105 5851 suspenditur.
1139 5776 1343 5838 Donum
1388 5776 1584 5854 quippe
1630 5779 1772 5852 quod

1887 4679 2044 4759 127
2073 4678 2260 4732 dicens
2293 4691 2308 4728 :
2358 4670 2488 4728 Plus
2537 4670 2643 4725 illis
2672 4667 2914 4759 omnibus
2957 4664 3213 4759 laboravit
3255 4661 3305 4733 (ι
3334 4659 3462 4759 Cor,

1881 4751 1967 4834 xjv,
2001 4769 2111 4841 i0).
2147 4765 2248 4835 Qui
2278 4779 2345 4818 ne
2367 4763 2642 4819 videretur
2671 4773 2782 4813 suae
2809 4757 2994 4812 virtuti
3028 4755 3283 4818 tribuisse
3324 4751 3470 4841 quod

1881 4840 2105 4924 fecerat,
2159 4853 2442 4926 adiunxit:
2475 4850 2600 4906 Non
2641 4857 2818 4902 autem
2866 4863 2978 4920 ego,
3025 4846 3115 4906 sed
3147 4845 3320 4915 gratia
3374 4840 3470 4894 Dei

1882 4967 2104 5008 mecum.
2160 4948 2296 5016 Quia
2351 4945 2496 4999 enim
2548 4940 2755 4999 cmlesti
2805 4939 2948 4992 dono
2996 4945 3303 5007 przevenms
3351 4939 3467 4993 est,

1882 5043 2036 5117 quasi
2069 5042 2302 5096 alienum
2334 5051 2395 5093 se
2430 5052 2459 5089 a
2487 5035 2629 5089 bono
2663 5047 2764 5086 suo
2790 5045 2954 5100 opere
2983 5024 3426 5098 agnovit,dicens
3453 5039 3469 5085 ί

1885 5137 2010 5192 Non
2032 5144 2204 5190 autem
2229 5147 2343 5202 ego.
2373 5129 2479 5184 Sed
2502 5127 2627 5197 quia
2657 5124 2995 5196 prmveniens
3024 5119 3195 5191 gratia
3239 5117 3468 5170 liberum

1884 5229 1937 5284 in
1967 5244 2034 5283 eo
2063 5224 2348 5279 arhitrimn
2379 5220 2586 5274 fecerat
2613 5218 2666 5271 in
2707 5216 2870 5280 bono,
2895 5229 3002 5283 quo
3047 5213 3217 5266 libero
3247 5206 3471 5262 arbitrio

1881 5317 2128 5374 eamdem
2153 5314 2382 5386 gratiam
2427 5319 2512 5365 est
2539 5308 2864 5363 subsecutus
2891 5305 2942 5357 in
2969 5315 3158 5370 opere,
3185 5297 3428 5369 adjunxit
3453 5312 3468 5350 :

1881 5409 1972 5464 sed
2028 5407 2200 5478 gratia
2255 5403 2348 5460 Dei
2406 5414 2640 5463 mecum;
2692 5413 2755 5452 ac
2803 5397 2846 5450 si
2912 5394 3162 5448 diceret:
3209 5390 3266 5444 In
3323 5389 3466 5450 bona

1882 5511 2046 5571 Opere
2074 5495 2344 5558 laboravi,
2395 5507 2500 5546 non
2548 5504 2671 5558 ego,
2717 5486 2811 5542 sed
2853 5493 2908 5539 et
2950 5497 3068 5552 ego.
3116 5481 3172 5536 In
3218 5495 3284 5536 eo
3321 5478 3467 5536 enim

1885 5592 2030 5664 quod
2075 5590 2190 5646 solo
2233 5587 2446 5642 Domini
2478 5585 2620 5640 dono
2651 5587 2957 5651 praeventus
2998 5591 3118 5633 sum
3145 5615 3161 5640 ,
3191 5589 3298 5630 non
3323 5587 3461 5644 ego;

1885 5687 1938 5740 in
1987 5700 2054 5740 eo
2101 5690 2278 5736 autem
2339 5676 2482 5748 quod
2524 5675 2722 5728 donum
2772 5670 3048 5725 voluntate
3110 5667 3464 5728 subsecutus,

1881 5789 1936 5831 et
1964 5791 2082 5848 ego.
2118 5773 2212 5828 His
2257 5770 2418 5841 igitur
2459 5765 2703 5830 breviter
2739 5771 2928 5824 contra
2961 5760 3235 5833 Pelagium
3264 5765 3319 5814 et
3345 5755 3468 5816 Cass
