3930 5526
494 389 593 446 l9!

1479 387 1809 445 lllNCMARI
1847 385 2236 442 ιιιιιεδιΕΝειδ
2276 383 2787 441 ARClllEPlSL'Ol’I

3657 391 3754 446 192

497 505 711 562 lestium
754 505 936 571 dictis,
983 507 1048 559 ad
1089 505 1386 574 exponendi
1429 506 1674 560 ordinem
1715 506 2017 561 redeamus.
2054 525 2072 558 ι
2111 509 2157 568 Α
2185 502 2392 556 trium?
2430 510 2486 557 et
2525 501 2647 557 ideo
2687 517 2794 556 non
2825 508 2908 556 est
2947 517 3296 572 personarum
3337 503 3582 574 acceptio
3623 509 3754 575 apud

567 595 635 650 Et
661 597 891 664 Prosper
919 597 971 650 in
998 596 1219 666 epistola
1249 597 1318 650 ad
1346 595 1598 651 Rufinum
1627 597 1693 652 de
1717 596 1901 652 Gratia
1929 607 1985 652 et
2008 598 2075 654 de

498 685 669 740 libero
694 686 969 740 Arbitrio:
1005 705 1020 736 ι
1049 686 1182 751 Quis
1221 687 1490 759 ambigat,
1526 688 1730 757 inquit,
1773 695 1900 742 tunc
1937 687 2072 742 libe-

500 792 618 830 rum
670 775 952 839 arbitrium
985 776 1342 831 cohortationi
1379 777 1624 831 vocantis
1657 777 1878 832 obedire
1903 818 1918 841 ,
1951 791 2073 831 cum

509 864 562 917 in
610 863 700 917 illo
741 865 912 934 gratia
957 866 1047 919 Dei
1091 865 1340 921 affectum
1389 866 1640 922 credendi
1687 867 2078 935 obediendique

500 957 932 1026 generaverit?»
963 957 1031 1010 Ει
1061 959 1186 1012 item
1215 975 1226 1011 :
1259 979 1276 1009 ‹
1303 958 1400 1026 Qui
1433 959 1688 1022 credunt,
1721 958 1813 1012 Dei
1845 969 2079 1028 aguntur

498 1046 738 1115 Spiritu;
784 1048 878 1116 qui
925 1063 1030 1102 non
1077 1049 1334 1112 credunt,
1373 1048 1542 1101 libero
1575 1054 1894 1101 avertuntur
1928 1046 2075 1100 arbi-

498 1136 622 1189 trio.
655 1155 674 1188 ι
701 1136 768 1190 Et
812 1137 938 1191 item
967 1156 980 1190 :
1011 1157 1029 1188 ι
1063 1138 1128 1191 Et
1170 1153 1329 1193 omne
1370 1139 1511 1207 quod
1555 1153 1660 1191 non
1703 1147 1787 1190 est
1821 1153 1883 1190 ex
1930 1137 2033 1190 fide
2057 1176 2073 1200 ,

495 1235 781 1294 peccatum
812 1236 896 1282 est
919 1269 934 1292 ,
966 1237 1026 1282 ut
1061 1228 1269 1283 scilicet
1296 1226 1562 1298 intelligas
1583 1225 1852 1295 justitiam
1884 1226 2074 1280 inﬁde-

497 1313 627 1368 lium
675 1332 780 1370 non
827 1331 949 1370 esse
988 1316 1284 1386 justitiam,
1332 1317 1455 1384 quia
1501 1316 1683 1370 sordet
1721 1324 1911 1368 natura
1958 1315 2076 1368 sine

498 1405 693 1473 gratia.
737 1404 950 1459 Amissa
994 1407 1189 1476 quippe
1239 1404 1468 1459 naturali
1523 1404 1866 1468 innocentia,
1915 1404 2078 1458 homo

499 1497 652 1552 exsul
681 1513 745 1552 ac
780 1497 1024 1568 perditus
1047 1539 1061 1564 ,
1089 1497 1370 1552 ambulans
1399 1499 1515 1552 sine
1539 1498 1624 1551 via
1643 1538 1658 1561 ,
1700 1497 2080 1568 prolundiores

504 1588 738 1642 intrabat
783 1602 1036 1652 errores;
1094 1588 1188 1642 sed
1236 1589 1522 1657 quzesitus,
1572 1597 1627 1641 et
1685 1589 1970 1654 inventus,
2024 1596 2080 1644 et

503 1688 810 1751 reportatus
849 1687 962 1745 est,
1004 1688 1058 1734 et
1095 1679 1149 1735 in
1195 1681 1284 1734 via
1333 1695 1452 1750 quae
1495 1681 1695 1736 veritas
1746 1689 1800 1735 et
1843 1681 1949 1734 vita
1997 1689 2082 1735 est

502 1770 838 1828 introductus
859 1813 874 1837 ,
909 1785 974 1825 ac
1000 1770 1286 1826 dilectione
1311 1771 1364 1825 in
1397 1771 1562 1825 Deum
1586 1811 1600 1836 ,
1643 1771 1734 1840 qui
1773 1771 1922 1824 illum
1965 1786 2072 1825 non

2181 594 2370 676 Deum.
2403 593 2460 646 ln
2492 593 2637 647 omni
2669 593 2849 662 itaque
2875 609 3038 663 opere
3069 603 3256 649 sancto
3286 595 3434 664 prior
3461 605 3548 650 est
3578 597 3760 651 volun-

2179 693 2262 740 tas
2308 685 2438 750 Dei,
2477 685 2745 754 posterior
2787 684 2941 744 liberi
2991 685 3238 748 arbitrii,
3284 684 3336 738 id
3375 695 3458 739 est
3499 695 3758 754 operatur

2177 777 2339 841 Deus,
2368 784 2694 845 cooperator
2723 776 2906 829 homo.
2933 793 2950 826 ι
2983 774 3052 827 Ει
3077 775 3230 843 plura
3256 774 3392 839 alia,
3418 791 3539 844 qua:
3567 776 3615 828 si
3644 776 3762 843 quis

2176 867 2388 937 plenius
2416 867 2558 921 scire
2585 865 2849 929 voluerit,
2879 866 3126 920 currulem
3155 864 3346 918 librum
3371 880 3440 918 ex
3461 863 3657 918 ordine
3685 880 3764 918 re-

2181 957 2335 1026 legat
2355 997 2368 1018 ,
2413 957 2467 1010 in
2497 973 2604 1026 quo
2635 956 2800 1009 multa
2831 956 3053 1010 miriﬁca
3086 964 3140 1010 et
3169 956 3414 1010 miranda
3446 964 3541 1010 aut
3573 970 3766 1025 cogno—

2181 1061 2338 1101 scere
2365 1055 2459 1100 aut
2485 1061 2872 1116 recognoscere
2898 1044 3116 1099 valebit.
3513 1097 3518 1100 .

2250 1136 2319 1191 Et
2357 1144 2576 1191 sanctus
2613 1135 2940 1191 leestinus
2979 1135 3033 1190 in
3072 1135 3442 1189 Decretalibus
3475 1151 3544 1191 ex
3585 1136 3766 1191 verbis

2178 1224 2474 1280 Innocentii
2518 1241 2670 1296 papae
2723 1227 2880 1296 (post
2904 1227 3053 1296 epist.
3081 1226 3154 1296 8)
3189 1241 3202 1278 :
3241 1247 3257 1277 ι
3291 1225 3546 1281 Liberum
3575 1229 3725 1281 enim
3747 1267 3762 1293 ,

2181 1317 2388 1386 inquit,
2413 1318 2692 1372 arbitrium
2724 1319 2933 1387 primus
2959 1319 3120 1372 homo
3145 1334 3467 1388 perpessus,
3495 1321 3625 1374 dum
3657 1321 3766 1374 suis

2183 1408 2544 1462 inconsultius
2578 1409 2750 1462 utitur
2780 1409 2967 1475 bonis,
2992 1409 3192 1464 cadens
3214 1409 3268 1462 in
3298 1410 3766 1478 praevaricationis

2188 1499 2458 1569 profunda
2509 1501 2778 1556 dimersus
2829 1509 2956 1565 est,
3011 1509 3064 1555 et
3115 1501 3250 1555 nihil
3301 1502 3764 1570 quemadmodum

2183 1588 2377 1644 exinde
2405 1603 2631 1659 surgere
2658 1598 2843 1659 posset
2871 1589 3106 1655 invenit,
3155 1605 3358 1658 suaque
3398 1591 3454 1644 in
3496 1599 3763 1645 aeternum

2183 1678 2432 1743 libertate
2459 1679 2749 1750 deceptus,
2781 1681 2906 1736 huic
2934 1680 3102 1734 ruinae
3146 1680 3506 1749 subjacuisset
3545 1695 3767 1749 oppres-

2185 1784 2309 1834 sus,
2342 1769 2446 1824 nisi
2475 1785 2597 1824 eum
2627 1778 2748 1839 post
2777 1769 2975 1824 Christi
3007 1784 3105 1840 pro
3136 1786 3235 1824 sua
3265 1771 3438 1838 gratia
3470 1771 3767 1825 relevasset

500 1863 810 1932 diligentem
860 1863 1012 1932 prior
1056 1861 1247 1916 dilexit
1270 1861 1555 1932 “agnitus
1607 1871 1709 1915 est.
1743 1882 1760 1914 ι
1792 1862 1856 1916 Et
1908 1861 2036 1916 item
2067 1879 2078 1914 :
2117 1872 2159 1930 Β
2186 1859 2481 1924 adventus,
2515 1859 2606 1928 qui
2635 1875 2733 1929 per
2776 1874 2927 1914 novae
2967 1860 3392 1929 regenerationis
3431 1861 3767 1929 purificatio-

508 1970 526 2002 ι
560 1949 744 2005 Gratia
777 1951 941 2021 igitur
981 1951 1112 2016 Dei,
1156 1967 1506 2020 quoscunque
1530 1950 1825 2020 justiﬁcat,
1864 1967 1970 2006 non
2017 1967 2085 2006 cx

502 2041 660 2096 ‘nonis
690 2041 974 2107 meliores,
999 2043 1093 2096 sed
1115 2058 1180 2097 ex
1205 2042 1360 2098 malis
1387 2042 1556 2098 bonos
1585 2041 1748 2106 facit,
1775 2051 1958 2111 postea
1986 2056 2084 2112 per

499 2128 801 2198 profectum
840 2145 906 2184 ex
944 2131 1098 2186 bonis
1139 2130 1346 2186 factura
1373 2130 1626 2186 meliores
1646 2171 1660 2193 ,
1692 2146 1799 2185 non
1830 2130 2084 2199 adempto

500 2219 672 2275 libero
725 2221 988 2286 arbitrio,
1047 2221 1141 2276 sed
1193 2221 1468 2286 liberato;
1523 2221 1667 2289 quod
1730 2220 1904 2274 donec
1965 2219 2086 2274 sine

501 2308 613 2364 Deo
662 2309 835 2365 solum
884 2311 1022 2375 fuit,
1077 2319 1349 2366 mortuum
1404 2311 1507 2365 fuit
1540 2310 1795 2379 justitim,
1846 2309 2086 2379 vixitque

501 2409 770 2468 peccato;
839 2400 927 2455 ubi
980 2411 1160 2456 autem
1221 2403 1273 2456 id
1334 2402 1660 2474 illuminavit
1715 2401 2085 2456 misericordia

502 2489 740 2557 Christi,
767 2500 982 2546 erutum
1025 2501 1108 2546 est
1153 2508 1185 2546 a
1227 2508 1394 2564 regno
1423 2493 1621 2549 diaboli
1650 2535 1665 2559 ,
1693 2502 1748 2548 et
1777 2494 1973 2548 factum
2003 2500 2088 2546 est

506 2597 731 2653 regnum
781 2584 897 2638 Dei.
941 2584 998 2638 ιιι
1045 2599 1152 2653 quo
1190 2593 1251 2638 ut
1287 2599 1604 2655 permanere
1651 2585 1851 2656 possit,
1904 2597 1972 2638 ne
2023 2598 2084 2637 ea

505 2670 722 2739 quidem
779 2670 1034 2728 facultate
1088 2671 1285 2728 sullicit
1337 2673 1473 2739 sibi,
1526 2673 1631 2728 nisi
1684 2673 1810 2727 inde
1859 2672 2090 2740 accipiat

500 2768 963 2834 perseverantiam
985 2808 1001 2834 ,
1033 2769 1175 2825 unde
1205 2770 1414 2840 accepit
1446 2771 1785 2825 industriam.
1828 2789 1846 2821 ι

581 2857 650 2911 Ει
681 2859 809 2912 item
842 2869 1064 2914 sanctus
1095 2859 1429 2931 Augustinus
1459 2861 1513 2914 in
1541 2860 1678 2915 libro
1705 2859 2089 2930 Hypomnesti-

509 2963 612 3004 con
649 2949 779 3020 (lib.
831 2950 934 3019 ιιι)
969 2965 983 3003 :
1020 2968 1038 3001 ι
1072 2950 1130 3005 Si
1177 2951 1426 3006 attendas
1451 2951 1524 3006 ad
1562 2959 1844 3020 peccatum
1883 2949 2088 3018 primo-

514 3055 632 3094 rum
668 3041 982 3119 hominum,
1011 3058 1119 3111 quo
1145 3059 1321 3097 massa
1354 3043 1575 3097 humani
1606 3043 1820 3112 generis
1844 3033 2091 3095 damnari

513 3135 746 3198 meruit,
779 3134 902 3204 quia
933 3137 1229 3190 secundum
1260 3136 1628 3204 testimonium
1658 3135 1808 3188 Pauli
1839 3133 2088 3203 apostoli,

2187 1967 2311 2006 nem
2336 1953 2668 2021 prmteritum
2695 1966 2857 2006 omne
2882 1951 3071 2005 vitium
3103 1951 3188 2006 sui
3227 1952 3573 2021 baptismatis
3618 1951 3763 2007 lava-

2185 2061 2280 2102 cro
2307 2047 2577 2118 purgavit.
2613 2066 2631 2099 ι
2664 2047 2797 2102 Item
2825 2063 2838 2100 :
2871 2065 2889 2097 ε
2923 2045 3156 2100 Adverte
3198 2045 3414 2100 tandem
3435 2086 3452 2110 ,
3494 2061 3530 2101 ο
3575 2060 3770 2115 prava.

2185 2154 2306 2194 rum
2355 2138 2616 2193 mentium
2674 2151 2928 2206 perversa
2979 2136 3224 2190 doctrina
3250 2176 3266 2199 ,
3324 2135 3470 2205 quod
3523 2136 3764 2206 primum

2187 2229 2462 2284 hominem
2505 2229 2582 2284 ita
2621 2228 2844 2284 libertas
2882 2229 3001 2299 ipsa
3045 2228 3293 2296 decepit,
3331 2235 3390 2280 ut
3420 2228 3553 2281 dum
3596 2227 3773 2283 indul-

2185 2319 2394 2388 gentlus
2423 2317 2593 2374 frenis
2625 2317 2742 2388 ejus
2785 2319 2974 2382 utitur,
3005 2317 3059 2372 in
3088 2318 3602 2386 praevaricationem
3635 2333 3766 2388 pra:-

2188 2411 2498 2480 sumplione
2527 2410 2809 2465 incideret.
2838 2409 2949 2464 Nec
2978 2425 3046 2465 ex
3069 2409 3171 2464 hac
3198 2411 3376 2479 potuit
3405 2411 3556 2473 erui,
3591 2410 3700 2464 nisi
3723 2410 3771 2464 ei

2192 2501 2530 2572 providentia
2555 2502 2983 2572 regenerationis
3007 2509 3205 2557 statum
3234 2503 3476 2570 pristime
3498 2501 3774 2557 libertatis

2189 2591 2392 2647 Christi
2422 2591 2634 2646 Domini
2672 2592 3022 2648 reformasset
3053 2594 3336 2648 adventus.
3371 2613 3389 2645 ι
3418 2593 3489 2647 Et
3519 2602 3645 2660 post
3676 2593 3771 2648 ali-

2188 2691 2433 2754 quanta:
2467 2702 2486 2734 ι
2515 2683 2790 2752 Quotquot
2829 2683 2976 2738 enim
3023 2684 3214 2754 spiritu
3262 2683 3359 2738 Dei
3411 2692 3676 2755 aguntur,
3722 2684 3773 2738 bi

2188 2774 2282 2828 lilii
2330 2782 2457 2828 sunt
2505 2772 2637 2838 Dei,
2685 2781 2746 2827 ut
2794 2787 2896 2828 nec
2943 2783 3186 2829 nostrum
3234 2777 3425 2830 deesse
3473 2776 3778 2831 sentiamus

2189 2863 2472 2924 arbitrium
2495 2902 2510 2928 ,
2537 2873 2593 2918 et
2619 2863 2672 2916 in
2701 2863 2858 2918 bonis
2882 2864 3185 2932 quibusque
3207 2863 3498 2919 voluntatis
3523 2865 3778 2919 humana:

2190 2957 2415 3028 singulis
2441 2957 2678 3011 motibus
2701 2958 2878 3032 magis
2919 2957 3062 3012 illius
3098 2957 3280 3013 valere
3317 2974 3423 3013 non
3462 2958 3778 3017 dubitemus

2192 3049 2472 3104 auxilium.
2500 3068 2518 3100 ι
2549 3049 2616 3102 Ει
2636 3056 2758 3118 post
2781 3047 3059 3117 aliquanta
3084 3065 3097 3102 :
3131 3067 3150 3099 ‹
3181 3048 3333 3113 Quod
3360 3049 3549 3119 utique
3577 3049 3780 3110 auxilio

2194 3148 2250 3194 et
2289 3153 2516 3194 munere
2546 3139 2638 3194 Dei
2667 3154 2771 3193 non
2800 3138 3042 3194 aufertur
3071 3138 3299 3194 liberum
3329 3140 3621 3193 arbitrium
3642 3181 3658 3205 ,
3686 3139 3778 3197 sed

515 3239 580 3292 ex
622 3240 727 3278 uno
767 3227 1033 3295 amnesin
1069 3226 1550 3280 condemnationem
1601 3225 1800 3295 (Rom.
1843 3240 1892 3286 v,
1934 3223 2000 3278 1⁷6
2029 3224 2086 3292 ),
2118 3220 2166 3283 C
2193 3229 2477 3290 liberatur.
2508 3238 2571 3284 ut
2608 3229 2673 3284 de
2715 3230 3006 3295 tenebroso
3047 3228 3320 3293 lucidum,
3361 3229 3430 3282 de
3454 3244 3640 3298 .pravo
3667 3245 3779 3283 rec-

509 3315 714 3383 poteris
744 3330 1039 3385 agnoscere
1064 3314 1270 3384 judicia
1310 3316 1403 3370 Dei
1443 3331 1562 3370 esse
1590 3314 1914 3383 justissima.
1959 3313 2088 3370 lude

513 3411 598 3459 est
622 3403 765 3458 enim
799 3405 1000 3460 malum
1031 3407 1284 3460 meritum
1315 3407 1368 3460 in
1399 3407 1680 3472 omnibus,
1712 3415 1818 3460 tam
1851 3405 2090 3476 parvulis

519 3510 684 3564 quam
731 3495 1062 3564 majoribus,
1108 3496 1421 3566 praecedens
1453 3495 1654 3564 judicia
1688 3497 1820 3562 Dei,
1856 3503 1914 3550 ut
1943 3497 2092 3566 justo

517 3585 632 3655 ejus
656 3585 864 3653 judicio
890 3574 1254 3656 puniantur.»
1282 3588 1344 3641 Et
1380 3589 1506 3641 item
1526 3629 1541 3650 ,
1575 3606 1593 3638 ι
1625 3587 1760 3642 Audi
1791 3599 1968 3642 tamen
1997 3586 2091 3640 ad-

517 3675 626 3730 huc
655 3675 914 3729 calcatius
935 3716 950 3740 ,
982 3685 1042 3730 ut
1069 3676 1134 3730 ad
1166 3677 1498 3746 propositum
1531 3677 1826 3746 superioris
1854 3676 2094 3744 disputa-

518 3765 687 3819 tionis
715 3774 1080 3831 revertamur,
1108 3767 1233 3836 quia
1267 3767 1426 3821 bomo
1457 3765 1770 3820 vulneratur
1799 3764 1969 3819 libero
2009 3780 2096 3818 ar-

515 3856 680 3912 bitrio
707 3873 806 3928 per
834 3858 963 3914 Adae
1003 3870 1320 3930 peccatum,
1368 3860 1486 3914 sine
1533 3859 1707 3930 gratia
1758 3859 1849 3913 Dei
1895 3873 1991 3929 per
2038 3873 2098 3912 se

517 3950 690 4004 solum
721 3967 914 4006 sanare
949 3968 1008 4007 se
1039 3969 1143 4007 non
1171 3961 1380 4022 potest,
1412 3967 1511 4007 nec
1540 3961 1730 4022 sponte
1767 3953 1835 4006 ad
1874 3953 2093 4021 paradi-

513 4056 632 4093 sum
678 4042 872 4096 reverti
900 4053 1209 4098 sauctorum
1238 4058 1464 4098 numero
1486 4043 1776 4098 sociandus
1795 4083 1810 4107 ,
1845 4058 1944 4097 nec
1974 4058 2098 4098 eum

515 4132 746 4201 gratiam
773 4135 983 4189 meritis
1014 4135 1137 4190 ullis
1165 4136 1445 4206 accipere,
1476 4137 1568 4191 sed
1600 4145 1768 4191 totum
1799 4152 1895 4190 sua
1926 4137 2094 4191 mise-
2131 4188 2136 4192 .

515 4221 747 4276 ricordia
774 4224 940 4279 Deum
973 4240 1250 4295 peragere.
1283 4244 1301 4277 ι
1342 4225 1408 4280 Et
1441 4226 1508 4280 de
1537 4223 1820 4278 vulnerato
1849 4241 1914 4280 ac
1937 4226 2094 4279 semi-

513 4311 624 4366 vivo
653 4311 832 4367 relicto
860 4313 1024 4386 (Luc.
1052 4332 1083 4368 χ
1106 4355 1120 4380 ,
1142 4315 1242 4386 50)
1274 4315 1565 4370 secundum
1593 4314 1904 4384 parabolam
1931 4329 2099 4369 evan-

521 4402 746 4472 gelicam
763 4405 960 4458 ibidem
976 4404 1201 4474 loquens
1217 4403 1386 4458 isdem
1403 4414 1624 4458 sanctus
1635 4404 1966 4474 Augustinus
1982 4402 2102 4457 sub-

516 4493 697 4563 jungit
727 4513 739 4547 :
775 4513 792 4544 ι
824 4493 992 4548 Recte
1020 4495 1194 4547 dictus
1219 4501 1300 4546 est
1323 4493 1616 4547 semivivus
1648 4510 1662 4559 ;
1695 4493 1929 4549 habebat
1955 4494 2100 4546 enim

515 4581 736 4635 \italem
763 4591 990 4646 motum,
1023 4583 1183 4652 128
1212 4581 1262 4635 ιιι
1291 4591 1374 4636 est
1403 4581 1631 4636 liberum
1661 4584 1946 4637 arbitrium
1976 4583 2094 4637 vul-

515 4679 795 4736 neratum,
825 4672 968 4742 quod
1010 4674 1059 4727 ei
1104 4673 1278 4728 solum
1321 4673 1386 4726 ad
1427 4682 1685 4728 aeternam
1730 4673 1895 4728 vitam
1932 4689 2093 4742 quam

513 4763 824 4834 perdiderat
848 4765 1027 4820 redire
1056 4782 1160 4820 non
1192 4765 1510 4821 sulliciebat.
1547 4785 1566 4816 ι
1598 4765 1666 4819 Ει
1697 4766 1823 4820 item
1850 4785 1863 4819 ;
1903 4783 1920 4817 ι
1955 4761 2099 4822 Cum

517 4861 700 4908 autem
727 4856 996 4924 acceperit
1019 4856 1266 4925 spiritum
1292 4855 1502 4910 Domini
1525 4895 1542 4920 ,
1569 4856 1674 4910 erit
1700 4856 1752 4909 in
1779 4871 1845 4910 eo
1869 4855 2096 4912 libertas

516 4945 585 5000 ad
624 4945 954 5014 capessenda
997 4946 1208 4999 Domini
1248 4955 1534 5015 pracepta.
1579 4946 1704 5014 quia
1739 4945 1826 4999 ubi
1871 4946 2095 5015 spiritus

514 5033 772 5098 Domini,
818 5035 890 5090 ibi
938 5034 1179 5089 libertas.
1221 5056 1238 5087 ι
1270 5035 1337 5088 Et
1378 5043 1500 5104 post
1541 5034 1859 5104 aliquanta:
1900 5054 1918 5085 ι
1953 5036 2089 5103 Quia

517 5140 639 5180 cum
686 5125 779 5179 Dei
822 5125 1194 5196 misericordia
1235 5139 1292 5179 se
1334 5127 1698 5195 praeveniente
1721 5128 1832 5196 agit
1876 5138 1932 5183 et
1979 5129 2094 5198 ipse

515 5217 649 5271 satis
677 5231 773 5285 per
797 5215 1026 5271 liberum
1054 5215 1366 5280 arbitrium,
1401 5227 1460 5271 ut
1490 5218 1779 5273 rnuudetur
1803 5235 1818 5283 ;
1851 5219 1966 5274 sola
1995 5235 2093 5272 au-

515 5316 621 5361 tem
651 5307 928 5363 voluntate
967 5324 1060 5364 sua
1107 5307 1152 5361 si
1192 5318 1519 5376 praesumat,
1560 5309 1811 5365 mundari
1853 5326 1960 5366 non
2003 5325 2100 5380 po-

518 5407 640 5453 test.
678 5417 696 5448 ι
729 5399 795 5452 Ει
826 5400 993 5454 item:
1031 5421 1048 5450 ‹
1079 5398 1284 5465 Quibus
1323 5402 1468 5456 enim
1507 5404 1704 5456 dicitur
1743 5403 1794 5438 ῖπι

557 5489 565 5499 .
670 5489 699 5498 ..
907 5491 1036 5520 ην,
1080 5491 1090 5501 .
1219 5493 1230 5502 .
1291 5493 1302 5500 .

1839 5403 1966 5434 nonI.

2195 3330 2341 3387 tum,
2372 3321 2438 3375 de
2469 3319 2722 3391 languido
2751 3310 2944 3374 sanum
2966 3360 2980 3385 ,
3008 3321 3075 3374 de
3100 3320 3440 3390 imprudente
3481 3321 3555 3375 sit
3578 3319 3780 3390 provi-

2193 3413 2341 3466 dum.
2374 3431 2392 3464 ι
2423 3412 2490 3466 Ει
2518 3411 2646 3466 item
2675 3421 2898 3466 sanctus
2923 3410 3156 3480 Prosper
3185 3413 3238 3464 in
3269 3411 3501 3481 epistola
3527 3412 3597 3466 ad
3628 3411 3778 3465 Rufi-

2194 3517 2360 3556 num:
2398 3519 2415 3552 ι
2450 3501 2516 3556 Ει
2562 3509 2622 3556 ιιι
2670 3500 2846 3570 magis
2893 3501 3239 3570 probaretur,
3287 3501 3496 3569 inquit,
3547 3499 3778 3554 liberum

2195 3591 2481 3646 arbitrium
2511 3590 2643 3644 nihil
2676 3605 2834 3659 posse
2861 3590 2979 3645 sine
3003 3591 3175 3662 gratia
3194 3632 3208 3655 ,
3235 3591 3322 3645 cui
3349 3592 3554 3645 dictum
3583 3590 3775 3653 fuerat,

2197 3681 2464 3750 Canﬁrma
2507 3682 2697 3751 fratres
2723 3691 2840 3734 tuos
2859 3721 2873 3746 ,
2898 3689 2947 3735 et
2980 3698 3105 3751 roga
3134 3699 3198 3735 ne
3223 3682 3424 3735 intretis
3452 3681 3506 3734 in
3535 3681 3781 3734 tentatio—

2198 3788 2313 3826 nem
2361 3770 2530 3842 (Luc.
2561 3786 2673 3825 xxii
2696 3810 2711 3835 ,
2738 3769 2871 3844 52),
2915 3772 3130 3840 quique,
3159 3771 3542 3840 responderat,
3586 3769 3772 3838 utique

2197 3876 2266 3916 ex
2317 3861 2491 3916 libero
2527 3861 2787 3926 arbitrio,
2830 3860 3047 3914 Domine
3069 3902 3084 3926 ,
3120 3870 3288 3915 tecum
3320 3869 3535 3930 paratus
3571 3876 3692 3913 sum
3725 3868 3772 3912 et

2199 3952 2254 4006 in
2280 3968 2538 4006 carcerem
2565 3962 2610 4006 et
2640 3953 2692 4006 in
2724 3964 2941 4007 mortem
2966 3953 3062 4017 ire,
3085 3953 3261 4008 eidem
3289 3952 3601 4021 pratdicitur
3626 3953 3767 4021 quod

2201 4042 2352 4112 prius
2381 4057 2542 4112 quam
2583 4042 2755 4112 gallus
2793 4051 2998 4108 cantet,
3045 4051 3128 4096 ter
3168 4042 3450 4098 Dominum
3486 4048 3779 4110 negaturus

2201 4130 2308 4196 sit;
2342 4130 2484 4199 quod
2510 4131 2638 4200 quid
2665 4141 2749 4186 est
2773 4131 2916 4186 aliud
2945 4146 3106 4202 quam
3137 4131 3280 4201 quod
3307 4131 3359 4184 in
3392 4130 3496 4184 fide
3540 4129 3778 4185 defectu-

2200 4237 2292 4276 rus
2316 4220 2432 4276 sit?
2465 4242 2484 4274 ι
2517 4221 2583 4276 Ει
2610 4223 2738 4277 item
2765 4237 2780 4276 :
2818 4243 2835 4274 ‹
2868 4223 3104 4278 Nimium
3132 4238 3260 4278 vero
3290 4223 3494 4291 inepte,
3528 4221 3780 4275 nimium-

2201 4326 2305 4381 que
2328 4312 2724 4368 inconsiderate
2748 4313 2816 4368 ab
2840 4313 3248 4369 adversantibus
3269 4313 3491 4376 dicitur,
3517 4309 3666 4381 quod
3689 4323 3780 4380 per

2202 4402 2342 4458 hanc
2367 4403 2461 4459 Dei
2489 4405 2718 4473 gratiam
2749 4404 2922 4460 libero
2950 4404 3088 4460 nihil
3109 4405 3452 4474 relinquatur
3481 4403 3734 4458 arbitrio.
3758 4422 3774 4453 ι

2203 4490 2272 4544 Ει
2300 4501 2423 4560 post
2449 4508 2622 4563 pauca
2649 4511 2662 4547 :
2693 4512 2712 4544 ι
2744 4493 2978 4548 Proinde
3004 4494 3190 4557 homo,
3220 4493 3310 4562 qui
3351 4491 3522 4546 libero
3557 4492 3781 4546 arbitrio

2127 4565 2173 4624 D
2203 4585 2364 4657 129
2387 4585 2489 4640 fuit
2519 4583 2712 4649 malus,
2745 4582 2800 4637 in
2844 4582 2959 4652 ipso
3001 4581 3172 4636 libero
3210 4581 3434 4635 arbitrio
3479 4579 3662 4634 factus
3703 4586 3784 4634 est

2199 4679 2371 4735 bonus
2400 4694 2413 4730 :
2455 4675 2550 4730 sed
2580 4688 2675 4743 per
2701 4687 2759 4727 se
2779 4672 2974 4736 malus,
3006 4686 3101 4740 per
3122 4670 3289 4724 Deum
3311 4668 3505 4730 bonus,
3541 4669 3635 4738 qui
3663 4683 3780 4722 eum

2199 4768 2274 4823 ita
2302 4768 2353 4822 in
2378 4766 2525 4820 illum
2558 4762 2818 4818 initialem
2848 4763 3109 4816 honorem
3139 4759 3243 4813 alio
3274 4759 3424 4812 initio
3443 4757 3781 4821 reformavit,

2198 4866 2258 4911 ut
2288 4858 2336 4911 ei
2370 4872 2475 4912 non
2507 4855 2681 4910 solum
2712 4853 2922 4922 culpam
2952 4851 3108 4906 mala:
3147 4849 3438 4904 voluntatis
3464 4856 3518 4901 et
3555 4849 3785 4904 actionis

2198 4950 2518 5008 remitteret,
2557 4946 2650 5000 sed
2689 4945 2851 5000 etiam
2879 4943 3015 4998 bene
3039 4940 3196 5003 velle,
3231 4939 3366 4994 bene
3395 4953 3578 5009 agere,
3626 4949 3784 5006 atque

2198 5038 2252 5093 iu
2307 5039 2392 5094 bis
2445 5049 2762 5107 permanere
2817 5033 3063 5089 donaret.
3104 5051 3123 5083 ι
3170 5031 3238 5084 Et
3291 5031 3420 5083 item
3457 5047 3469 5082 :
3508 5047 3528 5079 ‹
3566 5029 3645 5082 Ex
3679 5043 3779 5081 una

2200 5147 2399 5196 massa,
2431 5145 2549 5201 qua:
2591 5136 2676 5183 est
2705 5142 2834 5184 caro
2879 5121 3340 5197 primi'hominis,
3387 5137 3554 5175 unam
3587 5123 3784 5176 scimus

2200 5220 2441 5274 omnium
2487 5219 2763 5272 hominum
2807 5223 3044 5270 creatam
3081 5212 3364 5280 crearique
3414 5221 3694 5276 naturam,
3731 5218 3783 5263 et

2202 5311 2445 5366 eamdem
2471 5325 2568 5380 per
2594 5307 2761 5378 ipsius
2780 5306 2937 5377 primi
2961 5304 3194 5360 hominis
3220 5303 3451 5357 liberum
3475 5303 3780 5391 arbitrium:

2205 5400 2215 5410 ‘
3049 5402 3058 5406 ‘
3303 5401 3662 5458 “nutritum,
3693 5405 3784 5444 nec
