3992 6336
544 344 647 405 195

1524 334 1858 395 ΒΙΝΟΜΑΒΙ
1893 331 2288 391 BHEMENSIS
2325 328 2843 391 ARCHIEPISCOPI

3723 333 3825 389 15.6

542 460 692 517 tione
717 454 962 528 reprimit
985 451 1130 524 quod
1175 450 1253 507 ait
1288 448 1582 522 Apostolus
1622 469 1635 503 :
1674 447 2008 520 Quapropter
2033 447 2124 517 qui
2156 461 2201 516 Α
2234 444 2451 500 inutiles
2470 485 2484 510 ,
2509 459 2634 499 cum
2666 443 2922 513 templum
2946 457 3153 515 magna:
3175 442 3361 499 Diana
3384 443 3526 515 apud
3549 443 3824 514 Ephesum

544 551 751 607 valletur
787 558 928 602 stare
969 545 1139 601 rideat
1185 559 1249 597 ne
1290 542 1468 597 cadat.
1502 539 1792 597 Voluntate
1819 548 1998 595 autem
2031 553 2129 593 sua

546 642 699 703 cadit
719 639 813 710 qui
834 637 1013 703 cadit,
1033 645 1090 691 et
1110 635 1388 691 voluntate
1410 633 1507 689 Dei
1530 642 1640 689 stat
1657 632 1752 710 qui
1774 640 1901 687 stat.
1931 630 2131 687 Potens

542 740 628 791 est
647 707 794 788 enim
817 728 892 783 De
901 743 965 784 us
983 734 1225 783 statuere
1248 724 1418 780 illum.
1437 723 1556 779 Non
1576 738 1706 795 ergo
1719 707 1844 794 ipse
1866 721 2129 800 seipsum,

542 822 641 887 sed
662 822 824 879 Deus.
840 820 1225 875 Verumtamen
1266 816 1465 871 bonum
1488 824 1700 872 estnon
1723 813 1890 871 altum
1913 828 2128 883 sapere,

546 910 642 966 sed
676 910 886 967 timere.
923 907 979 963 In
1008 906 1338 979 cogitatione
1360 920 1459 960 sua
1480 903 1566 960 vel
1590 903 1735 959 cadit
1761 902 1992 974 quisque
2009 942 2024 966 ,
2048 900 2133 957 vel

546 1008 674 1059 stat.
713 998 868 1055 Sicut
891 1008 1074 1053 autem
1102 995 1393 1066 Apostolus
1431 995 1542 1061 ait,
1574 995 1717 1066 quod
1767 995 1821 1050 in
1864 994 2002 1049 libro
2043 1009 2134 1049 su-

546 1088 761 1161 periore
782 1087 1111 1144 memoravi:
1140 1085 1263 1141 Non
1285 1103 1464 1140 sumus
1488 1085 1661 1140 idonei
1681 1085 1911 1156 cogitare
1931 1084 2132 1156 aliquid

540 1181 709 1251 .quasi
733 1195 797 1235 ea:
826 1178 1206 1248 nobismetipsis
1225 1218 1242 1242 ,
1268 1177 1358 1232 sed
1397 1176 1701 1247 sufﬁcientia
1724 1185 1902 1230 nostra
1931 1192 1994 1231 ex
2026 1175 2133 1233 Deo

550 1278 623 1323 est
653 1267 737 1339 (ll
767 1268 891 1323 Cor.
923 1267 1102 1339 111,5).
1122 1287 1142 1321 ›
1176 1267 1346 1336 Quem
1374 1276 1591 1323 secutus
1618 1278 1673 1323 et
1696 1267 1888 1323 beatus
1906 1265 2135 1322 Ambro-

544 1359 662 1435 sius
687 1359 851 1415 audet
879 1368 937 1413 et
963 1357 1097 1413 dicit
1125 1375 1139 1411 :
1174 1377 1193 1411 ι
1225 1357 1342 1413 Non
1388 1358 1532 1413 enim
1573 1359 1626 1412 in
1656 1366 1924 1430 potestate
1947 1364 2133 1413 nostra

547 1466 643 1505 cor
666 1459 916 1505 nostrum
939 1460 992 1504 et
1019 1449 1379 1520 cogitationes
1406 1458 1631 1505 nostrai.
1660 1448 1814 1516 Quod
1841 1448 2019 1504 omnis
2038 1448 2132 1519 qui

540 1532 825 1597 humiliter
868 1550 923 1595 et
970 1540 1240 1596 veraciter
1283 1540 1404 1612 pius
1455 1549 1572 1605 est,
1621 1553 1743 1596 esse
1787 1539 2135 1595 verissimum

537 1635 731 1703 sentit.
757 1653 777 1685 ι
799 1632 1137 1704 Quapmpter
1158 1632 1271 1688 haec
1293 1648 1413 1704 quae
1434 1633 1750 1703 scripsimus
1771 1630 2132 1715 capitulorum

544 1724 865 1794 compilator
891 1724 1128 1797 relegat,
1167 1732 1225 1779 et
1268 1723 1451 1779 videat
1491 1725 1539 1778 si
1569 1724 1622 1779 in
1654 1723 1767 1790 eis,
1797 1722 1875 1777 uti
1903 1722 1957 1777 in
1995 1736 2134 1792 prte-

2233 536 2594 608 inccndissct,
2617 536 3047 607 comprehensus
3076 544 3131 592 et
3160 536 3526 607 interrogatus
3557 551 3657 591 cur
3689 537 3817 592 talia

2230 629 2699 711 prtcsumpsisset,
2747 629 2948 685 dicitur
2997 629 3342 701 reapondisse
3392 649 3407 686 :
3456 629 3595 699 Quia
3624 630 3826 698 bonis,

2232 719 2438 790 inquit,
2469 735 2575 776 non
2606 720 2752 791 potui
2796 719 3134 777 innotescere
3158 762 3174 788 ,
3203 721 3394 777 saltem
3421 722 3507 778 vel
3551 720 3709 777 malis
3739 722 3830 777 in-

2232 820 2592 866 notescerem.
2625 810 2763 868 Nam
2789 822 2842 867 et
2871 813 3039 869 isdem
3069 814 3159 884 qui
3192 812 3475 886 praefatum
3506 822 3698 870 contra
3727 829 3829 871 nos

2232 902 2450 972 scripsit
2472 901 2745 969 libellum,
2773 911 3036 974 quantum
3066 903 3227 958 datur
3269 903 3529 975 intelligi,
3562 902 3606 958 si
3645 909 3828 959 artem

2233 991 2401 1049 sciret
2423 1008 2529 1064 qua
2556 1001 2742 1048 votum
2768 1009 2925 1049 suum
2976 993 3045 1049 ad
3095 992 3346 1048 eﬂ‘ectum
3377 992 3524 1064 quod
3552 991 3836 1048 desidera-

2235 1093 2392 1137 verat
2442 1083 2746 1154 perducere
2791 1083 3080 1149 valuisset,
3150 1093 3209 1137 ut
3252 1085 3597 1139 innotescere
3644 1090 3837 1155 posset

2231 1170 2537 1226 voluntarie
2589 1171 3101 1227 hmt-eticus.esset.
3161 1169 3267 1226 Sed
3322 1172 3450 1241 quia
3514 1179 3837 1226 contractus

2233 1262 2457 1319 scientia
2476 1303 2491 1329 ,
2515 1270 2569 1317 et
2597 1263 2892 1318 distractus
2913 1263 3185 1334 iactantia
3211 1305 3226 1330 ,
3253 1278 3353 1319 nec
3379 1272 3641 1333 quantum
3664 1263 3838 1319 voluit

2234 1354 2430 1410 docere
2455 1370 2623 1425 prava
2646 1353 2949 1425 prtevaluit,
2976 1364 3032 1410 et
3055 1354 3369 1427 arrogantia
3398 1354 3634 1420 inflatus,
3660 1352 3830 1427 atque

2222 1516 2227 1520 _
2241 1442 2506 1515 iactantia
2533 1442 2680 1498 velut
2708 1443 3030 1515 quibusdam
3074 1444 3377 1500 calcaribus
3404 1443 3715 1500 stimulatus
3736 1486 3752 1506 ,
3781 1455 3838 1499 et

2234 1548 2391 1604 quam
2447 1532 2681 1603 quodam
2740 1533 3015 1604 pressorio
3066 1548 3392 1604 oppressus,
3440 1533 3581 1588 intra
3633 1532 3839 1589 silentii

2233 1635 2406 1683 metas
2425 1626 2542 1682 sine
2567 1625 2747 1697 aliquo
2774 1641 2910 1681 sono
2950 1641 3011 1683 se
3056 1626 3312 1682 cohibere
3346 1615 3459 1680 non'
3492 1625 3692 1696 potuit.
3735 1624 3837 1698 Cui

2234 1716 2289 1772 in
2320 1732 2483 1786 supra
2519 1716 2837 1771 memoratis
2880 1715 3106 1783 libellis,
3143 1725 3409 1788 quantum
3436 1715 3617 1771 omnis
3648 1714 3840 1783 gratiae

545 1816 662 1873 fato
678 1825 832 1872 sexto
851 1809 1429 1886 capitulohripserat,
1446 1817 1647 1887 poterit
1668 1816 1913 1872 invenire
1928 1814 2140 1885 ineptas
2169 1806 2213 1867 B
2242 1806 2469 1879 largitor
2492 1805 2623 1862 dare
2650 1806 2901 1877 dignatus
2919 1818 3004 1862 est
3020 1848 3034 1873 ,
3058 1823 3180 1862 cum
3206 1806 3328 1862 aliis
3349 1822 3542 1862 recens
3564 1806 3839 1862 reexortis

544 1906 994 1978 quaestiunculas,
1018 1918 1074 1961 et
1094 1906 1268 1961 aniles
1292 1921 1428 1977 pene
1450 1905 1697 1979 fabellas,
1719 1903 2136 1975 Scottorumque

544 1999 723 2072 pultes
748 1999 975 2070 puritati
1005 1998 1129 2054 ﬁdei
1173 2013 1433 2054 nauseam
1466 1997 1795 2061 inferentes,
1829 2012 1951 2067 quae
1987 1994 2133 2065 peri-

545 2088 903 2145 culosissimis
925 2096 980 2143 et
1001 2088 1340 2159 gravissimis
1386 2086 1745 2157 temporibus,
1774 2084 1840 2139 ad
1861 2083 2134 2140 cumulum

538 2179 794 2257 laborum
819 2189 1130 2235 nostrorum
1146 2219 1164 2246 ,
1193 2195 1363 2249 usque
1387 2179 1455 2233 ad
1478 2178 1797 2235 scissionem
1825 2176 2134 2244 charitatis,

546 2272 936 2329 miserabiliter
989 2281 1047 2328 et
1096 2272 1526 2344 lacrymabiliter
1590 2278 2013 2338 succreverunt,
2067 2286 2138 2326 ne

548 2371 761 2419 mentes
780 2362 1102 2419 Christianae
1123 2363 1247 2419 inde
1273 2369 1710 2434 corrumpantur,
1739 2372 1796 2418 et
1822 2361 2081 2418 excidant
2101 2375 2134 2415 a

544 2450 895 2521 simplicitate
942 2461 999 2506 et
1048 2452 1306 2508 castitate
1355 2451 1480 2509 ﬁdei
1524 2466 1646 2522 qua:
1690 2459 1775 2506 est
1822 2451 1877 2506 in
1922 2450 2140 2507 Christo

540 2540 696 2599 Jesu.
727 2542 920 2600 Videat
949 2544 1334 2612 nihilominus,
1366 2544 1412 2599 si
1459 2544 1525 2599 de
1568 2543 1777 2599 duobus
1804 2542 2137 2614 praescriptis

553 2637 843 2708 capitulis,
874 2647 931 2695 et
957 2639 1023 2694 de
1052 2638 1174 2694 aliis
1202 2638 1367 2693 etiam
1395 2636 1605 2692 duobus
1632 2637 1686 2691 in
1709 2650 1966 2708 processu
2007 2636 2135 2692 scri-

546 2729 778 2797 bendis,
815 2745 935 2799 qua:
963 2745 1032 2785 ex
1060 2729 1457 2803 catholicorum
1508 2728 1693 2785 verbis
1734 2727 2138 2801 excerpsimus,

530 2816 872 2874 -Cbristiana:
895 2831 1106 2876 mentes
1128 2831 1569 2891 corrumpantur,
1591 2829 1647 2875 et
1667 2820 1921 2876 excidant
1950 2836 1980 2874 a
2010 2820 2141 2875 sim-

544 2909 793 2980 plicitate
823 2918 879 2965 et
909 2913 1162 2965 castitate
1202 2911 1328 2966 ﬁdei
1359 2926 1480 2980 quae
1527 2918 1614 2967 est
1644 2911 1696 2965 in
1726 2910 1945 2967 Christo
1971 2910 2098 2967 Jesu
2123 2926 2139 2977 ;

552 3014 623 3055 an
643 3000 710 3055 de
734 3000 871 3066 illis,
894 3017 1015 3072 qua:
1042 3001 1159 3072 ipse
1185 3017 1310 3056 cum
1340 3002 1618 3058 modernis
1644 3002 2144 3060 Prazdestinatianis

530 3098 610 3149 .et
665 3092 970 3162 priscorum
1015 3091 1626 3149 Prmdestinatianorum
1670 3093 2144 3150 anathematizatis

528 3186 829 3259 .excerpsit
851 3186 1366 3254 adinventionibus,
1393 3188 1461 3244 ad
1490 3202 1857 3259 compressam
1887 3197 1943 3244 et
1967 3187 2146 3245 fundi-
2171 3173 2193 3224 ί

523 3284 641 3341 ςιιιε
689 3279 1021 3335 exstinctam
1078 3279 1329 3334 liwresim
1386 3280 1851 3345 resuscitantlam,
1904 3294 2023 3349 qua:
2075 3281 2143 3335 ad

550 3368 827 3425 cumulum
881 3369 1131 3428 laborum
1180 3379 1524 3435 nostrorum,
1573 3371 2048 3440 periculosissintis
2089 3381 2147 3428 et

532 3460 893 3531 gravissimis
920 3462 1288 3533 temporibus,
1322 3477 1493 3533 usque
1521 3462 1592 3519 ad
1627 3463 1902 3519 unanimis
1927 3452 2145 3520 scissio-

554 3567 680 3608 nem
733 3553 1096 3612 fraternitatis
1152 3554 1540 3612 miserabiliter
1604 3563 1662 3611 et
1717 3554 2144 3628 lacrymabililer

554 3655 883 3701 removetur.

1038 3756 1199 3829 132
1234 3756 1463 3814 CAPUT
1501 3756 1663 3815 XXII.

553 3865 633 3921 De
669 3881 729 3940 eo
762 3866 853 3937 qui
902 3866 971 3920 ad
1012 3868 1461 3940 reprehensionem
1509 3871 1733 3924 istorum
1790 3869 2141 3940 capitulorum

624 3938 784 4011 tacito
812 3953 908 3991 suo
957 3938 1188 4011 nomine,
1218 3937 1450 3994 libellum
1483 3943 1807 4011 composuit,
1838 3937 1886 3995 et
1927 3941 1995 3994 de
2023 3956 2143 3995 aru-

626 4007 801 4081 teutiix
851 4006 1192 4081 synodalibus
1215 4048 1249 4081 ,_
1277 4025 1430 4081 quas;
1451 4006 1771 4081 compilator
1790 4012 2141 4081 capitulorum

624 4075 770 4131 nobis
797 4094 830 4151 ᾳ
860 4075 1000 4151 regia
1028 4075 1359 4151 sublimitate
1398 4075 1643 4151 datorum
1672 4075 1914 4151 collegit,
1957 4079 2131 4136 volens

518 4150 527 4157 '
625 4146 895 4202 ostendere
920 4145 990 4200 ob
1020 4145 1130 4201 illis
1160 4164 1253 4202 nos
1286 4146 1634 4204 discordante.

516 4350 523 4355 δ
621 4279 867 4352 Denique
893 4281 1175 4353 subiunxit
1221 4289 1275 4337 et
1321 4283 1655 4352 compositor
1682 4284 2076 4355 capitulorum,
2109 4299 2140 4339 a

518 4430 521 4433 .
549 4380 733 4429 vestra
759 4372 1091 4429 sublimitate
1138 4381 1340 4430 nostrae
1385 4373 1676 4430 humilitati
1710 4375 1991 4440 datorum,
2022 4389 2145 4432 sen-

554 4465 753 4519 tentias
780 4472 1092 4518 sanctorum
1130 4462 1354 4517 Patrum
1387 4464 1727 4534 capitulatim
1767 4466 2134 4536 conscriptas,

551 4553 791 4610 evidenti
828 4552 1230 4623 signiﬁcatione
1253 4552 1630 4623 proclamans,
1657 4564 1717 4610 ut
1745 4555 1872 4626 quia
1903 4554 2135 4627 capitula
2168 4538 2214 4598 ί)

556 4657 588 4697 a
624 4641 783 4696 nobis
809 4651 1066 4714 excerpta
1094 4642 1414 4698 discordant
1442 4659 1471 4699 a
1504 4643 1611 4701 ﬁde
1637 4645 1726 4700 illa
1748 4686 1764 4711 ,
1798 4645 1971 4703 ﬁdelis
1996 4647 2144 4717 quis-

559 4748 666 4805 que
721 4741 932 4790 teneret
976 4733 1208 4791 ﬁdeliter
1242 4751 1361 4806 qua:
1389 4738 1544 4808 quasi
1574 4739 1640 4794 de
1685 4737 1888 4794 abditis
1922 4738 2142 4793 Patrum

524 4827 772 4898 scriptis
822 4827 993 4885 isdem
1050 4828 1272 4898 pietatis
1321 4830 1502 4885 studio
1549 4830 1845 4896 relevarat,
1892 4841 1948 4886 et
1988 4831 2143 4902 quasi

518 4982 523 4991 ,
551 4917 941 4991 promulgando
967 4919 1305 4975 decreverat.
1333 4919 1481 4989 Quas
1514 4922 1677 4978 etiam
1703 4923 2001 4979 sententias
2025 4924 2146 4995 qui-

522 5009 679 5065 .dam
723 5009 905 5082 lingua
950 5011 1233 5076 rusticus,
1261 5027 1424 5066 sensu
1469 5011 1736 5076 insulsus,
1768 5021 1824 5069 et
1847 5014 2143 5069 secundum

512 5100 696 5158 -scire
744 5117 900 5157 suum
944 5101 1300 5172 intelligentia
1352 5119 1582 5174 pravus,
1637 5103 1817 5161 libello
1883 5105 2143 5174 inseruit,

514 5244 527 5249 _
555 5191 937 5260 quem,,tacito
964 5207 1062 5248 suo
1085 5192 1326 5258 nomine,
1344 5193 1756 5265 incompositum
1784 5195 1917 5250 satis
1934 5210 2150 5266 compo-

512 5334 525 5340 _
554 5283 687 5338 suit.
736 5296 798 5338 in
856 5298 965 5354 quo
1013 5296 1249 5355 quatuor
1305 5298 1336 5337 a
1389 5284 1545 5340 nobis
1583 5292 1837 5356 excerpta
1876 5286 2144 5355 capitula,

554 5382 816 5443 quantutn
844 5389 911 5429 ex
937 5373 1054 5449 ipso
1080 5373 1201 5440 fuit,
1231 5374 1540 5446 discerpere
1565 5385 1621 5430 et
1644 5374 1900 5433 htcretica
1927 5377 2148 5432 demon—

555 5473 736 5521 strare
756 5468 999 5535 curavit,
1038 5476 1097 5523 ut
1120 5467 1187 5523 de
1210 5468 1404 5539 pusillo
1431 5483 1683 5526 crescens
1706 5469 1881 5540 major
1905 5469 2060 5526 ﬁeret
2082 5469 2149 5525 de

556 5554 771 5611 minore
791 5595 806 5621 ,
832 5565 887 5613 et
911 5558 978 5612 de
1004 5559 1207 5613 nostris
1237 5559 1590 5630 blasphemiis
1624 5559 1752 5629 quia
1782 5560 1849 5615 de
1887 5560 1999 5615 suis
2039 5575 2146 5615 non

557 5652 774 5717 poterat
800 5647 1078 5716 laudibus,
1111 5660 1320 5708 emeret
1348 5652 1509 5708 modo
1538 5667 1868 5722 quocunque
1906 5650 2143 5708 favores.

506 5782 517 5793 .
560 5737 792 5795 Sicutde
812 5739 1045 5812 quodam
1065 5738 1243 5798 fertur
1260 5738 1608 5811 adolescente
1628 5742 1876 5798 rumOres
1894 5751 2148 5817 captante

2236 1895 2738 1952 Praedestinatianis
2765 1896 3160 1968 respondimus.
3191 1896 3299 1952 Sed
3329 1904 3385 1953 et
3408 1898 3671 1967 quoniam
3699 1897 3835 1952 isto-

2239 2004 2358 2043 rum
2386 1989 2746 2058 capitulorum
2766 2031 2778 2055 ,
2806 2005 2926 2060 qua:
2953 1991 3096 2044 inter
3124 2006 3317 2046 manus
3345 1992 3643 2057 habemus,
3679 2005 3837 2046 com-

2238 2081 2448 2151 positor
2471 2079 2746 2136 Africanae
2774 2090 2829 2136 et
2857 2080 3139 2137 Arausicm
3168 2079 3509 2153 Synodornm
3555 2079 3693 2136 fecit
3720 2094 3840 2134 me-

2240 2173 2509 2238 moriam,
2561 2181 2618 2229 et
2662 2173 3003 2245 conscriptas
3049 2174 3350 2229 sententias
3396 2174 3512 2229 suis
3558 2173 3849 2246 subjunxlt

2241 2261 2529 2333 capitulis,
2580 2277 2649 2317 ne
2699 2261 2945 2335 refugere
2994 2263 3278 2319 videamur
3322 2264 3706 2334 praetermissis
3758 2278 3848 2319 re-

2241 2358 2591 2427 sponsionum
2636 2357 2779 2413 illius
2823 2357 3250 2426 objectionibus,
3312 2365 3365 2413 et
3418 2372 3451 2411 a
3512 2371 3848 2429 quocunque

2242 2446 2458 2501 dicatur
2503 2462 2602 2503 nos
2650 2447 2725 2502 illi
2772 2464 2879 2503 non
2928 2447 3194 2513 voluisse,
3225 2448 3322 2503 sed
3367 2446 3700 2518 respondere
3732 2461 3847 2501 non

2242 2540 2513 2611 potuisse,
2599 2539 2842 2610 nullique
2916 2540 3253 2611 subripiatur
3324 2539 3595 2612 suspicio,
3679 2540 3846 2610 quasi

2244 2623 2536 2701 capitulum
2603 2646 2635 2685 a
2701 2630 2858 2687 nobis
2934 2640 3250 2702 excerptum
3320 2631 3390 2687 ab
3455 2631 3542 2686 his
3606 2627 3845 2685 Patrum

2245 2721 2529 2778 sententiis
2567 2719 2875 2789 discordet,
2905 2728 3252 2778 conleramus
3280 2723 3422 2779 sicut
3450 2736 3646 2778 revera
3673 2721 3746 2776 ad
3782 2720 3848 2775 li-

2247 2829 2405 2868 neam
2449 2822 2611 2870 recta:
2642 2812 2802 2881 ﬁdei,
2848 2813 3082 2886 capitula
3127 2830 3160 2870 a
3210 2814 3368 2871 nobis
3409 2821 3667 2885 excerpta
3714 2813 3847 2869 istis

2247 2906 2467 2962 Patrum
2516 2905 2834 2973 sententiis,
2876 2913 2934 2962 et
2977 2906 3159 2962 videat
3207 2905 3380 2963 lector
3428 2905 3474 2962 si
3515 2905 3603 2961 his
3642 2906 3849 2976 pateﬁt

2249 2998 2560 3054 convenire.
2604 2998 2878 3056 Ponentes
2922 2998 3159 3071 primum
3210 3000 3277 3055 de
3330 2998 3554 3072 synodis
3604 3013 3847 3070 quarum

2253 3088 2569 3144 memoriam
2640 3086 2786 3155 fecit,
2842 3089 3058 3145 demum
3111 3090 3179 3144 de
3242 3090 3526 3147 sententiis
3579 3089 3845 3157 Patrum,

2247 3196 2383 3250 quas
2457 3195 2555 3235 suo
2625 3181 2904 3251 subiunxit
2984 3168 3220 3253 capitulo
3253 3224 3270 3250 ,
3342 3198 3534 3241 sensus
3619 3197 3850 3238 earnm-

2246 3268 2559 3341 den1133
2595 3271 2988 3327 sententiarum
3056 3286 3124 3327 ex
3173 3273 3428 3344 capitulis
3477 3288 3508 3327 a
3560 3272 3720 3329 nobis
3748 3287 3851 3328 ex-

2245 3362 2447 3431 cerptis
2504 3378 2826 3432 comparare
2890 3377 3166 3419 curemus.
3226 3365 3459 3421 Sanctus
3517 3363 3853 3421 Coelestinus

2228 3452 2422 3525 (epist.
2452 3453 2508 3526 8)
2540 3454 2608 3509 ad
2638 3452 2932 3510 Venerium
2955 3462 3011 3509 et
3040 3456 3107 3510 ad
3139 3455 3274 3512 alios
3301 3454 3609 3511 Gallicanos
3630 3454 3854 3524 episco—

2245 3558 2344 3614 pos
2398 3541 2665 3610 scribens,
2698 3544 2749 3598 in
2780 3543 3048 3599 Decretali
3092 3559 3191 3600 sua
3236 3545 3465 3615 cpistola
3497 3545 3571 3600 ita
3620 3544 3763 3600 dicit
3782 3545 3853 3599 ad

2246 3633 2420 3689 locum
2448 3654 2461 3690 :
2495 3654 2513 3687 ι
2547 3634 2684 3702 Quid
2708 3643 2947 3692 rectores
2973 3635 3230 3692 Romanae
3257 3637 3518 3694 Ecclesia:
3544 3636 3611 3693 de
3649 3637 3853 3693 haeresi

2244 3744 2367 3799 quae
2397 3743 2587 3784 eorum
2617 3730 2949 3799 temporibus
2987 3739 3176 3784 exorta
3224 3729 3419 3793 fuerat,
3446 3730 3772 3802 judicarint,
3798 3736 3856 3785 et

2245 3825 2433 3872 contra
2463 3818 2878 3874 nocentissimos
2900 3818 3056 3874 liberi
3092 3819 3304 3874 arbitrii
3330 3818 3668 3884 defensores,
3706 3817 3848 3889 quid

2246 3907 2313 3964 de
2363 3908 2537 3980 gratia
2590 3907 2685 3963 Dei
2737 3909 3077 3966 sentiendum
3119 3925 3239 3966 esse
3291 3918 3624 3973 censuennt,
3678 3909 3760 3967 ita
3792 3923 3855 3971 ut

2245 4000 2409 4055 etiam
2438 3999 2822 4057 Africanorum
2866 4002 3221 4058 conciliorum
3253 4003 3516 4072 quasdam
3544 4006 3854 4063 sententias

2238 4094 2614 4167 jungeremus,
2671 4110 2808 4165 quas
2858 4096 3043 4166 utique
3089 4110 3216 4152 suas
3271 4094 3533 4151 facientes
3559 4097 3848 4165 apostolici

2245 4187 2515 4242 antistites
2562 4188 3002 4258 comprobarunt.
3035 4186 3107 4243 Ut
3140 4202 3272 4257 ergo
3310 4186 3523 4258 plenius
3549 4187 3643 4256 qui
3672 4188 3727 4243 in
3751 4188 3851 4245 ali-

2245 4295 2353 4348 quo
2384 4279 2635 4336 dubitant
2668 4281 3031 4345 instruantur,
3064 4280 3478 4336 constitutiones
3525 4287 3849 4337 sanctorum

2243 4369 2473 4427 Patrum
2516 4371 2902 4443 compendiosa
2953 4371 3367 4427 manifestamus
3405 4368 3848 4442 indiculo:quo,

2243 4464 2290 4520 si
2330 4465 2453 4536 quis
2484 4481 2590 4521 non
2622 4465 2850 4521 nimium
2875 4473 2959 4521 est
2987 4465 3379 4531 contentiosus,
3426 4474 3692 4537 agnoscat
3719 4480 3843 4522 om-

2246 4555 2397 4611 nium
2421 4557 2848 4629 diSputationum
2874 4556 3268 4613 connexionem
3290 4571 3357 4611 ex
3386 4555 3488 4611 hac
3503 4554 3848 4611 subdita-mn

2246 4650 2636 4705 auctoritatum
2661 4649 2933 4705 brevitate
2963 4649 3220 4720 pendere,
3247 4647 3558 4717 nullamque
3581 4646 3689 4703 sibi
3710 4662 3848 4702 con-

2248 4740 2593 4797 tradictionis
2622 4756 2911 4813 superesse
2962 4742 3249 4804 rationem,
3292 4740 3339 4796 si
3391 4755 3513 4795 cum
3555 4739 3850 4795 catholicis

2247 4831 2436 4888 credat
2463 4841 2517 4886 et
2543 4829 2849 4903 dicat(cap.
2897 4830 2950 4902 1)
2985 4871 2998 4884 .
3032 4829 3186 4897 Quod
3225 4828 3394 4884 Adam
3442 4842 3635 4884 omnes
3670 4827 3850 4883 homi-

2248 4938 2347 4978 nes
2374 4922 2597 4988 lzeserit,
2628 4937 2729 4977 nec
2751 4936 3079 4993 quemquam
3116 4921 3218 4976 nisi
3248 4919 3451 4976 Christi
3478 4918 3658 4988 gratia
3682 4933 3851 4989 pose

2249 5012 2467 5068 salvari.
2504 5031 2521 5065 ι
2550 5011 2617 5066 Ει
2646 5027 2744 5067 nos
2766 5012 2881 5066 haec
2907 5012 3095 5066 eadem
3118 5002 3356 5065 diximus
3388 5009 3444 5064 in
3490 5008 3675 5079 primo
3698 5008 3850 5079 capi-

2253 5101 2365 5159 tulo
2392 5110 2662 5174 ponentes
2698 5120 2711 5155 :
2747 5119 2765 5152 t
2815 5100 2988 5156 llomo
3014 5100 3187 5155 libero
3229 5098 3457 5155 arbitrio
3498 5096 3643 5154 male
3685 5106 3851 5154 utens

2250 5197 2495 5268 peccavit
2527 5205 2583 5253 et
2615 5196 2837 5262 cecidit,
2869 5204 2925 5251 et
2958 5194 3135 5252 factus
3176 5202 3262 5250 est
3300 5209 3478 5249 massa
3522 5192 3851 5264 perditionis

2252 5288 2417 5342 totius
2468 5285 2692 5341 humani
2749 5286 2983 5356 generis.
3038 5303 3057 5336 ι
3104 5284 3434 5339 Prosecutus
3480 5290 3565 5337 est
3618 5292 3850 5337 saucms

2251 5375 2576 5433 Caelestinus
2611 5375 2797 5430 dicens
2829 5374 2969 5447 (cap.
2998 5373 3055 5446 2)
3091 5387 3107 5427 :
3144 5393 3164 5425 α
3200 5372 3353 5442 Quod
3384 5386 3541 5429 nemo
3566 5372 3641 5427 sit
3670 5372 3851 5427 bonus

2250 5467 2364 5522 suis
2390 5466 2620 5531 viribus,
2667 5465 2771 5520 nisi
2822 5465 3243 5536 participatione
3279 5462 3399 5533 eius
3449 5463 3542 5534 qui
3571 5462 3728 5517 solus
3762 5470 3850 5517 est

2248 5557 2444 5613 bonus.
2478 5577 2496 5610 ι
2531 5556 2642 5613 Nos
2664 5572 2879 5628 quoque
2903 5557 3047 5613 illius
3073 5557 3375 5612 doctrinam
3396 5562 3689 5625 sequentes
3707 5554 3849 5610 dixi.

2250 5663 2370 5703 mus
2402 5666 2415 5701 :
2445 5668 2463 5699 ‹
2499 5646 2645 5703 Deus
2670 5648 2847 5704 bonus
2875 5656 2932 5703 et
2952 5648 3131 5719 justus
3159 5647 3316 5716 elegit
3349 5662 3416 5702 ex
3442 5646 3633 5701 eadem
3664 5659 3845 5700 massa

2247 5739 2569 5810 perditionis
2585 5755 2722 5812 quos
2746 5755 2846 5812 per
2866 5740 3098 5811 gratiam
3121 5736 3527 5811 praedestinavit
3552 5738 3623 5793 ad
3650 5737 3843 5799 vitam,
