3992 6336
211 365 309 442 ’197

975 385 1062 439 me
1098 365 1765 441 pn'mnesrmmons
1806 381 2260 446 DlSSEBTATlO
2295 388 2702 450 POSTERIOB.

3384 401 3484 457 198

209 509 260 556 et
287 497 457 552 vitam
491 497 597 552 illis
627 497 1330 567 prtedestinavitteter-nam.
1365 519 1381 550 ι
1416 498 1618 554 Deinde
1645 497 1793 551 addi-
1823 500 1870 558 A
1899 499 2196 570 propagini,
2252 505 2445 559 asserit
2488 507 2756 573 nocuisse,
2787 518 2880 564 aut
2901 519 3050 566 certe
3081 523 3254 570 mone
3275 521 3483 571 tantum

206 588 279 646 dit
307 597 536 644 sanctus
560 587 887 644 Cwlestinus
917 591 1054 660 (cap.
1098 589 1152 661 ’5)
1189 609 1200 644 :
1239 608 1257 641 ι
1297 588 1449 656 Quod
1493 590 1593 644 nisi
1625 588 1798 658 gratia

203 681 294 737 Dei
329 681 594 738 continua
619 680 894 750 juvemur,
929 680 1155 736 insidias
1179 681 1376 736 diaboli
1409 694 1664 750 superare
1689 694 1797 732 non

199 787 520 844 possumus,
546 783 599 826 et
621 773 764 842 quod
791 787 886 842 per
913 773 1186 826 Christum
1217 774 1392 827 libero
1419 773 1558 827 bene
1583 780 1798 825 utamur

200 863 459 929 arbitrio,
490 873 544 918 et
567 864 710 934 quod
752 864 932 918 omnia
963 873 1272 918 sanctorum
1309 864 1501 918 merita
1529 863 1666 918 dona
1690 864 1800 917 sint

199 955 320 1020 Dei,
355 963 411 1009 et
452 943 595 1024 quod
627 954 804 1008 omnis
855 964 1041 1008 saneta
1087 955 1338 1024 cogitatio
1381 961 1435 1007 et
1489 962 1666 1008 motus
1696 954 1796 1024 pize

198 1045 506 1100 voluntatis
538 1061 603 1099 ex
634 1044 745 1099 Deo
771 1045 859 1104 sit,
891 1054 944 1098 et
973 1044 1114 1114 quod
1155 1043 1325 1114 gratia
1364 1044 1456 1098 Dei
1489 1058 1592 1098 non
1620 1043 1794 1097 solum

197 1145 429 1207 peccata
479 1135 717 1197 dimittit,
754 1135 848 1189 sed
890 1134 1050 1189 etiam
1085 1133 1303 1205 adjuvat
1348 1150 1414 1188 ne
1451 1132 1794 1188 committan-

200 1239 311 1283 tur.
349 1247 367 1280 ι
396 1226 465 1281 Et
496 1242 615 1291 nos,
639 1225 783 1280 illius
827 1235 1119 1296 sequentes
1149 1225 1546 1297 magisterium,
1574 1225 1790 1295 scripsi-

199 1334 324 1373 mus
352 1317 484 1388 quia
517 1337 534 1369 ι
574 1317 881 1372 libertatem
913 1317 1124 1371 arbitrii
1150 1317 1200 1370 in
1233 1318 1406 1387 primo
1427 1316 1643 1372 homine
1667 1331 1790 1386 per-

196 1410 461 1474 didimus,
521 1425 680 1480 quam
731 1425 828 1480 per
876 1408 1148 1463 Christum
1208 1409 1491 1462 Dominmn
1547 1416 1790 1461 nostrum

195 1499 530 1569 recepimus.
570 1519 588 1549 ι
619 1498 735 1552 Non
781 1509 961 1554 autem
1015 1499 1188 1568 ipsum
1229 1499 1456 1554 liberum
1505 1497 1788 1552 arbitrium

197 1575 449 1646 fundi-tus
494 1590 549 1644 in
591 1589 809 1645 homine
834 1590 1012 1660 primo
1056 1589 1410 1660 perdidimus,
1444 1588 1535 1642 sed
1573 1587 1790 1641 liberta-

198 1686 308 1733 tem
342 1679 555 1734 arbitrii
585 1679 777 1749 ipsius,
804 1694 965 1748 quam
1008 1694 1106 1749 per
1160 1678 1433 1733 Christum
1465 1679 1784 1747 recepimus.

199 1789 219 1822 ι
255 1770 327 1826 Et
356 1772 622 1826 habemus
645 1771 874 1826 liberum
900 1772 1182 1825 arbitrium
1208 1772 1274 1824 ad
1319 1770 1515 1825 bonum
1541 1785 1786 1840 ρτωνρη-

1907 591 2168 658 corporis,
2196 607 2315 661 qua:
2340 609 2500 664 ptena
2524 598 2730 666 peccati
2751 607 2858 665 est,
2890 617 2995 655 non
3017 611 3195 658 autem
3219 619 3273 660 et
3298 622 3490 677 pecca-

1905 683 2039 743 tum,
2064 680 2206 749 quod
2237 698 2383 738 mors
2409 693 2493 740 est
2537 688 2752 754 animae,
2797 705 2897 760 per
2922 708 3085 746 unum
3116 694 3388 751 hominem
3434 699 3488 754 in

1902 779 2063 823 omne
2109 785 2278 839 genus
2307 775 2598 831 humanum
2647 781 2905 836 transisse
2934 790 3182 839 testatur.
3219 785 3484 844 Tertium.

1905 854 1962 912 Si
1994 859 2116 950 quis
2152 861 2494 919 invocatione
2517 866 2750 922 humana
2782 873 3010 940 gratiam
3044 875 3134 930 Dei
3170 877 3302 932 dicit
3325 894 3485 950 posse

1902 948 2162 1017 conferri,
2189 967 2294 1007 non
2327 964 2506 1010 autem
2534 957 2707 1027 ipsam
2753 963 2978 1031 gratiam
3029 964 3208 1020 facere
3238 977 3299 1023 ut
3326 948 3489 1025 invo-

1900 1052 2105 1098 cetura
2139 1045 2311 1102 nobis.
2345 1047 2634 1114 Quartum.
2669 1050 2726 1105 Si
2757 1053 2902 1121 quis,
2932 1063 2990 1109 ut
3041 1071 3069 1109 a
3112 1069 3340 1127 peccato
3363 1076 3480 1130 pur-

1901 1148 2112 1204 gemur,
2132 1135 2459 1192 voluntatem
2483 1151 2722 1196 nostram
2747 1142 2912 1198 Deum
2934 1157 3250 1215 exspectare
3265 1161 3486 1207 conten-

1900 1225 1997 1290 dit,
2035 1243 2141 1281 non
2167 1240 2347 1283 autem
2380 1239 2438 1284 ut
2463 1233 2626 1286 etiam
2658 1236 2876 1304 purgari
2915 1237 3166 1302 velimus,
3193 1255 3290 1310 per
3311 1244 3484 1298 sancti

1899 1314 2134 1386 Spiritus
2156 1319 2478 1376 infusionem
2509 1333 2563 1378 et
2590 1327 2964 1394 operationem
2999 1329 3050 1382 in
3090 1345 3188 1386 nos
3217 1329 3329 1387 fieri
3359 1348 3486 1388 con-

1895 1407 2099 1464 litetur.
2120 1410 2402 1478 Quintum.
2424 1412 2480 1469 Si
2503 1416 2624 1484 quis
2648 1417 2783 1472 sicut
2809 1432 3212 1490 argumentum,
3231 1423 3301 1478 ita
3321 1425 3484 1480 etiam

1896 1502 2107 1559 initium
2134 1507 2281 1572 fidei,
2308 1507 2592 1580 ipsumque
2620 1512 2958 1567 credulitatis
2979 1513 3252 1583 affectum,
3294 1533 3403 1588 quo
3430 1518 3483 1572 in

1892 1611 2016 1651 eum
2045 1599 2320 1655 credimus
2350 1603 2438 1672 qui
2461 1601 2728 1671 justificat
2755 1605 3002 1676 impium,
3028 1616 3082 1662 et
3103 1608 3171 1662 ad
3199 1624 3486 1681 regenera-

1895 1693 2096 1749 tionem
2122 1696 2258 1750 sacri
2291 1697 2635 1767 baptismatis
2657 1702 3018 1771 pervenimus,
3046 1719 3150 1758 non
3175 1720 3271 1774 per
3295 1706 3482 1777 gratia:

1896 1784 2118 1850 donum,
2147 1786 2198 1841 id
2229 1796 2309 1841 est
2334 1804 2432 1858 per
2463 1788 3077 1864 inspirationem‘sancti
3104 1792 3336 1864 Spiritus
3358 1811 3482 1850 cor-

193 1874 308 1920 tum
338 1872 393 1919 et
416 1862 657 1932 adjutum
693 1863 889 1935 gratia.
930 1882 948 1917 ›
983 1860 1205 1917 Scilicet
1230 1870 1288 1916 ut
1317 1878 1383 1917 eo
1411 1862 1546 1916 bene
1569 1870 1784 1916 utamur

1891 1875 2153 1947 rigentem
2211 1878 2542 1934 voluntatem
2613 1855 2980 1938 nostramv‘ah
3045 1844 3358 1943 infidelitate
3413 1871 3482 1944 ad

193 1957 260 2010 ad
304 1955 490 2011 omnia
532 1955 734 2030 studia,
780 1964 835 2008 et
860 1953 927 2008 ad
959 1953 1141 2008 omnia
1169 1968 1332 2024 opera
1365 1969 1428 2007 ac
1457 1959 1645 2006 saneta
1675 1967 1786 2006 me-

192 2051 321 2111 rita.
353 2059 408 2105 et
440 2050 507 2104 ad
534 2063 749 2104 omnem
789 2057 1037 2102 sanctam
1068 2046 1449 2118 cogitationem
1478 2053 1533 2099 et
1559 2045 1659 2114 piae
1693 2059 1786 2099 vo-

191 2141 423 2196 luntatis
454 2147 761 2205 motum,ut
791 2138 1020 2193 velimus
1037 2147 1091 2192 et
1119 2137 1389 2207 possimus
1421 2138 1561 2206 quod
1584 2136 1782 2189 bonum

174 2243 293 2305 est,
322 2243 378 2288 ct
400 2243 674 2302 petamus,
710 2241 1118 2296 ctmercamur,
1165 2239 1218 2284 et
1271 2230 1623 2299 impetremus
1673 2243 1780 2282 non

187 2324 364 2380 solum
388 2326 788 2395 przeteritorom
827 2334 1175 2394 peccatorum
1227 2323 1642 2394 indulgentiam,
1688 2323 1782 2377 sed

186 2415 353 2469 etiam
377 2413 684 2469 futurorum
707 2430 775 2469 ne
803 2414 891 2468 illa
915 2415 1317 2468 committamus
1339 2413 1623 2468 camelam.
1649 2412 1784 2466 Sub-

186 2507 438 2576 sequitur
469 2516 694 2561 sanctus
725 2505 1054 2561 C(elcstinns
1085 2507 1222 2577 (cap.
1247 2504 1340 2573 4):
1371 2525 1387 2556 ι
1410 2504 1560 2571 Quod
1586 2513 1783 2572 praeter

185 2605 392 2651 statuta
435 2595 581 2651 sedis
627 2597 936 2666 apostolij
990 2610 1180 2650 omnes
1223 2596 1497 2650 orationes
1529 2594 1782 2648 Ecclesia:

182 2686 389 2742 Christi
424 2687 656 2758 gratiam
699 2695 976 2749 resonant,
1035 2701 1139 2756 qua
1184 2701 1354 2756 genus
1391 2686 1685 2740 humanum
1713 2683 1781 2738 ab

184 2787 389 2832 aeterna
422 2777 768 2833 damnatione
817 2785 1138 2847 reparatur;
1174 2785 1224 2831 et
1255 2777 1396 2846 quod
1427 2775 1656 2847 gratiam
1685 2774 1779 2828 Dei

184 2869 349 2922 ctiam
414 2869 863 2938 baptizandorum
921 2877 1146 2923 testetur
1203 2869 1446 2922 instituta
1509 2866 1776 2937 purgatio,

183 2980 304 3018 cum
339 2963 665 3019 exorcismis
710 2971 763 3018 ct
805 2961 1270 3018 exsufllationibus
1319 2960 1540 3031 spiritus
1587 2960 1656 3014 ab
1700 2959 1780 3015 eis

185 3054 477 3124 abigantur
505 3053 786 3107 immundi.
822 3073 840 3105 ι
895 3052 961 3106 Et
988 3051 1128 3106 illius
1166 3068 1264 3107 nos
1295 3051 1608 3122 magisterio
1635 3049 1778 3105 docti

184 3151 424 3206 diximus
451 3167 464 3202 :
503 3169 520 3197 ι
545 3148 687 3204 Deus
709 3149 881 3204 bonus
905 3159 961 3203 et
979 3146 1158 3217 justus
1186 3146 1342 3218 elegit
1363 3163 1428 3201 ex
1452 3160 1628 3200 massa
1651 3160 1775 3215 per-

1890 1963 2070 2030 lidem,
2096 1976 2150 2021 et
2195 1977 2393 2023 caetera
2436 1985 2556 2040 qua:
2614 1970 2686 2025 ibi
2746 1976 3109 2046 prosequitur.
3138 1974 3383 2032 Sextum.
3418 1977 3478 2034 Si

1888 2057 2009 2127 quis
2035 2059 2152 2113 sine
2201 2061 2370 2132 gratia
2409 2061 2504 2117 Dei
2535 2064 2902 2132 credentibus,
2951 2066 3279 2133 volentibus,
3311 2069 3479 2124 mise—

1890 2149 2178 2206 ricordiam
2237 2153 2369 2207 dicit
2413 2153 2651 2210 conferri
2707 2157 2986 2222 divinitus,
3031 2175 3137 2214 non
3187 2170 3367 2214 autem
3420 2169 3481 2214 ut

1889 2241 2201 2307 credamus,
2233 2243 2484 2312 velimus,
2517 2254 2571 2300 et
2619 2247 2845 2316 reliqua.
2875 2245 3197 2318 Septimum.
3259 2249 3316 2305 Si
3358 2251 3479 2320 quis

1886 2349 1984 2404 per
2008 2344 2219 2391 naturae
2268 2338 2509 2408 vigorem
2554 2339 2754 2394 bonum
2800 2340 3024 2410 aliquid,
3077 2342 3220 2412 quod
3273 2343 3340 2397 ad
3391 2357 3478 2398 sa-

1889 2426 2054 2481 lutem
2097 2429 2331 2498 pertinet
2392 2431 2518 2485 viL'e
2565 2442 2804 2498 mternte,
2855 2435 3098 2504 cogitare
3142 2444 3199 2489 ut
3239 2436 3474 2505 expedit,

1887 2527 1980 2573 ant
2031 2520 2251 2592 eligere,
2297 2522 2706 2587 sivesalutari,
2737 2525 2789 2579 id
2832 2533 2914 2578 est
2964 2527 3288 2595 evangelica:
3331 2543 3472 2597 prm-

1887 2609 2144 2665 dicationi
2177 2614 2488 2669 consentire
2533 2630 2692 2685 posse
2749 2616 3037 2670 confirmat
3090 2619 3293 2686 absque
3358 2617 3476 2671 iliu-

1887 2701 2184 2758 minatione
2213 2713 2268 2758 ct
2321 2705 2678 2774 inspiratione
2707 2705 2939 2776 Spiritus
2966 2708 3159 2761 sancti.
3190 2707 3470 2763 Octavum.

1887 2789 1944 2845 Si
1996 2792 2119 2862 quis
2177 2793 2311 2849 alios
2361 2797 2760 2861 misericordia,
2819 2797 2951 2851 alios
3014 2813 3142 2852 vero
3188 2814 3286 2869 per
3343 2798 3476 2855 libe-

1887 2900 2007 2939 rum
2071 2887 2393 2953 arbitrium,
2445 2890 2588 2959 quod
2643 2889 2695 2943 in
2750 2890 3024 2956 omnibus,
3078 2891 3169 2960 qui
3219 2891 3286 2946 de
3338 2907 3474 2962 prte-

1885 2975 2219 3031 varicatione
2275 2978 2434 3048 primi
2485 2979 2720 3035 hominis
2767 2981 2877 3035 nati
2932 2992 3077 3045 sunt,
3106 2990 3318 3038 constat
3356 2999 3477 3038 esse

1885 3065 2154 3128 vitiatum,
2218 3068 2284 3121 ad
2316 3069 2544 3138 gratiam
2598 3069 2850 3140 baptismi
2905 3087 3062 3141 posse
3109 3073 3296 3127 venire
3342 3088 3473 3128 con—

1892 3157 2084 3211 tendit.
2127 3154 2361 3211 Nonum.
2402 3157 2480 3212 De
2530 3159 2797 3229 adjutorio
2849 3159 2967 3214 Dei.
3010 3161 3182 3216 Divini
3234 3170 3318 3216 est
3359 3177 3476 3216 mn-

183 3242 408 3297 ditionis
439 3257 579 3311 quos
604 3256 702 3312 per
724 3241 953 3312 gratiam
981 3239 1489 3322 praedestinavit,_id
1519 3247 1622 3304 est,
1656 3253 1779 3310 gra-
1806 3227 1852 3290 C
1889 3245 2055 3310 neris,
2108 3263 2230 3301 cum
2275 3255 2330 3301 et
2381 3257 2529 3304 recte
2573 3227 2894 3320 cogitamus,
2939 3260 2995 3306 et
3045 3251 3210 3322 pedes
3260 3264 3476 3308 nostros

183 3335 249 3387 tia
280 3332 610 3404 praeparavit
642 3331 801 3404 134
825 3331 894 3386 ad
922 3333 1108 3386 vitam.
1148 3351 1164 3382 ι
1195 3317 1540 3402 Ειηῳιὶιιὲιυὶἀ
1570 3329 1624 3384 in
1651 3345 1776 3385 san-

1888 3353 1919 3392 a
1944 3336 2181 3392 falsitate
2206 3348 2260 3393 et
2283 3338 2547 3409 injustitia
2572 3341 2932 3396 continemus.
2953 3343 3249 3397 Decimum.
3281 3343 3354 3397 De
3381 3345 3475 3397 ad-

181 3423 283 3478 etis
335 3421 700 3486 orationibus,
748 3429 802 3476 et
847 3421 1121 3492 mysteriis
1151 3420 1210 3474 fit
1241 3419 1645 3486 ecclesiasticis,
1687 3419 1781 3482 Dei
1877 3427 2084 3498 juzon’o
2117 3425 2272 3498 135
2303 3427 2420 3482 Dei.
2459 3427 2798 3499 Adjutorium
2839 3428 2933 3484 Dei
2977 3430 3139 3484 etiam
3171 3431 3370 3485 renatis
3408 3447 3474 3486 ac.

184 3525 262 3569 est
291 3514 704 3586 praedestinatio
735 3532 748 3567 :
775 3513 1027 3584 quoniam
1054 3511 1147 3566 Dei
1184 3520 1267 3567 est
1292 3510 1480 3581 gratia:
1503 3525 1778 3581 praepara-

187 3606 276 3669 tio,
311 3621 416 3676 per
445 3622 565 3676 qua:
590 3615 1055 3661 sacramentorum
1099 3603 1281 3659 munia
1317 3603 1682 3674 praedestinati
1714 3603 1780 3656 ad

183 3701 352 3752 vitam
399 3697 508 3754 illis
537 3699 855 3768 perveniunt
903 3697 1342 3767 prmdestinatam
1394 3705 1671 3751 :eternam.
1705 3695 1780 3749 De

125 3819 136 3826 -
184 3788 272 3843 illo
301 3789 473 3842 etiam
505 3788 732 3844 arbitrio
763 3804 978 3844 sensum
1001 3787 1278 3858 posuimus
1303 3787 1475 3841 sancti
1501 3787 1777 3842 C(Blestini

185 3881 234 3935 in
269 3881 519 3936 secundo
551 3897 580 3935 a
611 3882 766 3936 nobis
792 3890 1046 3951 excerpto
1091 3880 1325 3949 capitulo
1355 3881 1529 3950 (ibid.,
1566 3880 1619 3933 in
1652 3879 1776 3948 ﬁne)

187 3973 487 4029 dicentes:
548 3995 565 4026 ε
621 3973 873 4029 Liberum
923 3983 1101 4029 autem
1154 3974 1416 4027 habemus
1470 3973 1776 4035 arbitrium,

185 4065 310 4133 quia
361 4065 536 4134 gratia
598 4065 904 4127 liberatum,
934 4072 987 4119 et
1031 4064 1202 4134 gratia
1249 4064 1315 4117 de
1346 4071 1598 4132 corrupto
1623 4077 1781 4115 sana-

187 4165 320 4210 tum.
356 4176 373 4206 ι
404 4153 539 4208 Nam
561 4165 614 4210 et
637 4157 751 4226 ipse
775 4156 903 4210 dicit
928 4174 940 4209 :
977 4173 995 4205 ι
1021 4154 1218 4224 Utique
1246 4153 1448 4208 auxilio
1473 4161 1524 4206 et
1555 4166 1778 4206 munere

184 4246 278 4303 Dei
309 4248 712 4322 nou-aufertur
741 4247 967 4301 liberum
998 4247 1304 4310 arbitrium,
1357 4245 1450 4299 sed
1495 4245 1776 4309 liberatur,

89 4361 94 4369 ·
183 4351 242 4394 ut
271 4342 338 4394 de
367 4340 656 4395 tenebroso
682 4341 937 4404 lucidmn,
970 4339 1035 4394 de
1072 4355 1238 4410 pravo
1272 4347 1498 4404 rectum,
1547 4336 1613 4391 de
1658 4336 1776 4390 lan-

185 4435 348 4505 gnido
378 4449 596 4498 sanum,
645 4433 710 4488 de
751 4432 1100 4503 imprudente
1153 4431 1223 4486 sit
1271 4429 1576 4501 providum.
1606 4429 1778 4484 Tanta

184 4526 328 4580 enim
355 4535 441 4580 est
467 4541 594 4597 erga
624 4541 812 4579 omnes
842 4526 1089 4580 homines
1119 4525 1331 4578 bonitas
1364 4523 1480 4587 Dei,
1510 4533 1567 4576 ut
1591 4532 1775 4577 nostra

1885 3518 2090 3576 sanatis
2135 3527 2456 3590 semperest
2487 3519 2901 3589 implorandum.
2950 3518 3076 3574 Htec
3115 3521 3294 3575 omnia
3324 3517 3474 3592 capi-

1887 3611 1995 3664 tula
2021 3653 2035 3677 ,
2083 3611 2127 3666 si
2160 3611 2282 3680 quis
2311 3611 2543 3682 benigno
2566 3612 2748 3666 animo
2776 3619 2830 3667 et
2859 3612 3052 3668 devoto
3083 3613 3261 3668 studio
3290 3612 3474 3668 volue-

1886 3703 1956 3757 rit
1988 3702 2287 3767 intendere,
2336 3703 2575 3758 inveniet
2601 3703 2654 3756 in
2682 3703 2765 3758 his
2795 3703 3004 3758 duobus
3035 3704 3235 3758 nostris
3264 3704 3472 3774 capitu-

1885 3793 1950 3848 lis
1997 3809 2094 3848 nos
2154 3804 2469 3863 prosecutus
2523 3809 2678 3859 esse,
2741 3795 2938 3866 quibus
2985 3796 3218 3850 diximus
3265 3813 3279 3850 :
3331 3794 3468 3863 Quia

1887 3905 1906 3937 ι
1940 3885 2100 3940 homo
2122 3885 2292 3940 libero
2316 3887 2542 3941 arbitrio
2565 3886 2702 3941 male
2730 3896 2886 3941 utens
2906 3886 3150 3957 peccavit
3171 3895 3226 3940 et
3249 3887 3469 3951 cecidit,

1882 3985 1937 4031 et
1965 3976 2139 4031 factus
2181 3987 2266 4032 est
2296 3993 2475 4032 massa
2517 3979 2838 4049 perditionis
2868 3979 3030 4034 totius
3056 3978 3276 4033 humani
3308 3993 3472 4052 gene-

1885 4069 1980 4124 ris.
2031 4070 2174 4123 Deus
2217 4080 2397 4123 autem
2427 4071 2600 4125 bonus
2639 4079 2693 4125 et
2733 4070 2910 4140 justus
2958 4070 3119 4140 elegit
3165 4086 3229 4126 ex
3278 4073 3468 4126 eadem

1883 4177 2063 4216 massa
2101 4175 2238 4230 quos
2281 4176 2379 4231 per
2405 4162 2637 4231 gratiam
2671 4161 3072 4230 praedestinavit
3097 4161 3164 4214 ad
3207 4161 3405 4226 vitam;
3445 4181 3464 4213 ι

1881 4261 1937 4308 et
1968 4271 1986 4303 ι
2021 4251 2292 4307 Habemus
2325 4251 2550 4306 liberum
2596 4251 2878 4305 arbitrium
2905 4249 2970 4304 ad
3003 4252 3200 4305 bonum
3227 4266 3470 4320 praeven-

1883 4350 1997 4398 tum
2036 4351 2088 4397 et
2129 4342 2371 4410 adiutum
2415 4341 2608 4414 gratia.
2646 4361 2664 4393 ι
2697 4341 2878 4406 Unde,
2925 4340 2968 4395 si
3018 4355 3121 4395 non
3158 4341 3469 4411 arrogantia

1881 4433 2152 4499 denotari,
2181 4443 2236 4488 et
2264 4433 2452 4488 lectori
2486 4432 2702 4487 tzedium
2735 4431 2980 4500 ingerere
3023 4431 3362 4495 timeremus,
3400 4445 3469 4485 ne

1882 4526 2110 4596 quilibet
2153 4526 2361 4581 diceret
2407 4525 2557 4598 quasi
2590 4524 2940 4596 singulariter
2971 4523 3126 4578 nobis
3155 4523 3256 4579 hoc
3284 4523 3467 4578 datum

187 4607 314 4669 velit
369 4630 491 4671 esse
543 4617 735 4671 merita
789 4633 908 4686 quze
957 4623 1082 4669 sunt
1135 4614 1301 4684 ipsius
1363 4615 1522 4668 dona.
1584 4635 1601 4666 ι
1637 4613 1776 4669 Ecce
1805 4615 2298 4688 Darrogaremus,
2348 4615 2519 4670 utalii
2551 4615 2664 4670 hac
2691 4614 2929 4687 legentes
2954 4630 3060 4669 non
3098 4622 3317 4684 possent
3346 4629 3468 4685 per-

192 4708 460 4776 quomodo
515 4724 544 4761 a
594 4724 753 4762 sensu
791 4707 978 4778 synodi
1026 4705 1292 4760 Africana:
1361 4722 1467 4759 non
1528 4705 1780 4759 dissenti-

190 4814 327 4863 mus,
355 4812 532 4867 neque
563 4799 766 4869 synodo
796 4797 938 4851 illius
988 4807 1186 4852 sanctm
1237 4796 1505 4850 contraria
1561 4796 1779 4867 scripsi-

191 4905 327 4954 mus,
367 4903 472 4944 nec
527 4889 692 4943 etiam
742 4888 988 4959 gloriosae
1037 4886 1298 4940 Romamn
1350 4886 1605 4941 Ecclesia:
1651 4902 1780 4941 con-

191 4983 440 5036 traimus.

155 5129 162 5141 ,
255 5074 414 5129 Nunc
462 5074 510 5127 si
563 5089 593 5128 a
645 5082 832 5128 sancta
865 5071 1125 5127 Arausica
1176 5071 1402 5143 synodo,
1443 5071 1525 5125 cui
1556 5078 1778 5125 sanctus

188 5165 458 5224 Casarius
491 5184 556 5223 ex
588 5167 921 5238 delegatione
977 5166 1121 5221 sedis
1171 5165 1476 5236 apostolica:
1501 5165 1778 5236 praasedit,

191 5257 562 5328 discrepemus
589 5257 644 5312 in
676 5256 858 5328 aliquo
881 5257 1174 5311 videamus.
1218 5255 1458 5310 Primum
1484 5256 1781 5325 capitulum

190 5349 430 5419 ejusdem
477 5349 666 5419 synodi
695 5357 781 5403 est
809 5364 824 5403 :
867 5344 923 5402 Si
952 5347 1073 5417 quis
1108 5362 1205 5417 per
1232 5346 1492 5401 offensam
1525 5345 1782 5416 praevari-

157 5425 164 5434 ’
191 5441 424 5496 cationis
452 5440 582 5495 Ada:
603 5454 707 5494 non
735 5447 927 5504 totum,
956 5439 1007 5494 id
1044 5448 1126 5493 est
1179 5439 1473 5493 secundum
1502 5453 1697 5508 corpus
1723 5445 1779 5491 et

192 5535 533 5601 animam,iu
583 5521 820 5590 deterius
864 5535 993 5590 dicit
1042 5535 1316 5590 hominem
1362 5543 1772 5599 commutatum,

191 5628 505 5683 scdanima:
530 5628 779 5684 libertate
807 5629 972 5686 illaesa
1017 5630 1271 5693 durante,
1313 5645 1507 5698 corpus
1542 5639 1778 5684 tantum-

195 5720 352 5775 modo
381 5721 718 5790 corruptioni
750 5721 924 5776 credit
973 5721 1287 5776 obnoxium.
1347 5719 1675 5775 Secundum.
1717 5719 1774 5774 Si
1847 5783 1850 5786 Α

195 5810 312 5878 quis
341 5811 441 5868 soli
473 5812 601 5869 Adae
645 5815 1145 5883 praevaricationem
1176 5828 1346 5879 suam,
1399 5827 1502 5868 non
1553 5822 1607 5869 et
1659 5814 1775 5884 ejus

1885 4707 2069 4778 cipere
2091 4749 2106 4774 ,
2161 4708 2266 4763 nisi
2294 4720 2393 4762 nos
2423 4706 2632 4778 singula
2664 4705 2890 4777 singulis
2920 4706 3204 4761 sententiis
3231 4704 3469 4775 singilla-

1886 4799 1982 4852 tim
2016 4799 2538 4862 demonstraremus,
2588 4797 2814 4868 singulis
2843 4797 3089 4866 capitulis
3116 4796 3309 4850 horum
3335 4795 3469 4850 duo-

1883 4907 2003 4946 rum
2046 4890 2405 4961 capitulorum
2437 4889 2735 4943 sententias
2770 4896 3186 4958 componentes,
3236 4885 3468 4956 qualiter

1883 4985 2240 5041 convenirent
2265 4984 2551 5039 ostendere
2577 4985 2935 5037 studeremus.
2967 4979 3120 5034 Nunc
3146 4978 3213 5033 de
3243 4977 3466 5032 undeci-

1883 5091 1973 5132 mo
2003 5074 2242 5146 capitulo
2285 5083 2340 5128 et
2377 5072 2728 5143 sequentibus
2768 5071 2920 5136 aliis,
2967 5084 3087 5139 quae
3134 5067 3367 5122 maxime
3400 5066 3468 5121 de

1885 5168 2024 5224 libro
2053 5168 2446 5223 sententiarum
2488 5164 2742 5235 Prosperi
2767 5205 2780 5230 ,
2832 5177 2967 5234 quas
2993 5161 3058 5216 de
3088 5159 3246 5216 dictis
3292 5159 3466 5214 sancti

1882 5259 2163 5329 Augustini
2191 5258 2428 5313 breviter
2453 5256 2748 5320 adnotavit,
2802 5254 2942 5309 sicut
2969 5261 3021 5306 et
3046 5250 3320 5318 aliquanta
3347 5261 3468 5317 qua:

1881 5349 2259 5421 prtemisimus,
2297 5356 2574 5415 assumpta
2601 5353 2748 5408 sunt,
2784 5341 3024 5413 pressius
3051 5340 3313 5393 rationem
3343 5335 3464 5390 red-

1884 5442 2014 5496 dere
2045 5439 2373 5496 studeamns.
2419 5437 2515 5492 Est
2562 5436 2706 5490 enim
2757 5432 3097 5488 undecimum
3133 5425 3465 5497 capitulum,

1884 5533 1962 5588 De
1992 5533 2310 5603 obligatione
2349 5541 2605 5585 rotorum.
2653 5526 2804 5594 Quod
2847 5541 3006 5581 nemo
3035 5523 3328 5594 quidquam
3357 5520 3466 5577 Do-

1885 5625 2032 5678 mino
2062 5633 2209 5679 recte
2237 5621 2476 5684 voverit,
2528 5619 2631 5673 nisi
2665 5619 2733 5672 ab
2779 5617 2894 5688 ipso
2924 5614 3214 5686 acceperit.
3266 5613 3335 5667 Et
3367 5627 3468 5667 nos

1883 5718 2158 5774 diximus:
2201 5735 2218 5768 ι
2271 5713 2544 5769 Habemus
2573 5711 2801 5766 liberum
2831 5709 3112 5764 arbitrium
3158 5707 3224 5761 ad
3263 5705 3464 5761 bonum

1884 5819 2215 5884 praeventum
2245 5818 2298 5864 ct.
2331 5806 2572 5876 adjutum
2601 5805 2792 5877 gratia.
2832 5825 2850 5857 ι
2887 5804 3273 5860 Duodecimum
3325 5797 3443 5864 Qua
