3992 6336
600 328 703 389 199

1586 325 1920 389 HINCMARI
1958 321 2356 380 RHEMENSIS
2390 322 2910 381 ARCHIEPISCOPI

3728 331 3816 390 ιω

601 448 677 505 les
702 464 796 504 nos
824 447 994 520 diligit
1035 446 1197 502 Deus.
1251 444 1411 501 Tales
1442 459 1541 513 nos
1583 452 1730 500 amat
1777 444 1953 509 Deus,
2000 438 2188 512 quales
2216 440 2263 500 Α
2291 438 2503 510 potestis
2546 437 2742 508 facere.
2796 436 3125 508 Vigesimum
3172 435 3423 509 primum.
3473 438 3546 496 De
3571 439 3817 502 Naturae:

599 536 768 594 futuri
796 553 982 594 sumus
1016 537 1184 608 ipsius
1212 536 1388 603 dono,
1434 550 1540 591 non
1565 535 1752 607 quales
1776 548 1965 590 sumus
1991 542 2178 588 nostro

594 631 815 687 merito.
846 629 1108 686 Videlicet
1140 629 1284 685 sicut
1324 629 1665 700 scripsimus,
1697 644 1715 678 ι
1754 624 1903 693 Quos
1928 639 2027 695 per
2053 638 2180 694 gra-

598 720 728 777 tiam
758 719 1163 789 praedestinavit
1192 719 1274 791 ad
1315 719 1504 775 vitam.
1543 737 1562 770 ι
1597 716 1841 772 Tertium
1886 714 2175 783 decimum.

595 811 896 867 Arbitrium
921 811 1235 876 voluntatis,
1282 811 1458 881 inquit
1481 809 1750 881 synodus,
1800 807 1855 863 in
1886 805 2061 878 primo
2084 804 2182 859 ho-

596 900 745 956 mine
789 900 1158 967 inlirmatum,
1205 901 1307 957 nisi
1357 915 1456 972 per
1501 899 1733 972 gratiam
1775 896 2027 969 baptismi
2072 910 2179 951 non

595 998 776 1061 potest
826 991 1109 1061 reparari;
1137 990 1281 1061 quod
1332 991 1626 1055 amissum,
1677 988 1779 1044 nisi
1810 1004 1841 1042 a
1868 1002 1975 1057 quo
2008 985 2182 1057 potuit

597 1082 737 1148 dari,
762 1098 867 1138 non
894 1089 1073 1153 potest
1097 1082 1269 1138 reddi.
1290 1083 1355 1137 Et
1377 1097 1476 1138 nos
1502 1081 1771 1139 diximus:
1807 1098 1825 1131 ι
1851 1078 2181 1135 Libertatem

598 1174 814 1230 arbitrii
839 1175 893 1229 in
920 1175 1100 1246 primo
1124 1175 1345 1230 homine
1364 1174 1894 1246 perditlimus,quam
1918 1187 2017 1243 per
2030 1171 2185 1227 Chri-

598 1274 743 1320 stum
768 1266 1058 1321 Dominum
1084 1275 1330 1321 nostrum
1357 1266 1680 1335 recepimus.
1704 1284 1723 1319 ι
1747 1265 2011 1333 Quartum
2036 1263 2184 1319 deci-

597 1371 770 1410 mum.
803 1355 991 1413 Nullus
1016 1344 1183 1413 miser
1208 1356 1274 1412 de
1302 1370 1629 1426 quacunque
1654 1355 1870 1411 miseria
1899 1353 2180 1419 liberatur,

596 1446 705 1505 nisi
750 1447 842 1517 qui
870 1446 966 1502 Dei
996 1448 1368 1504 misericordia
1418 1447 1767 1515 praevenitur.
1812 1447 1879 1502 Et
1916 1461 2016 1502 nos
2044 1447 2185 1501 dixi-

597 1552 759 1593 mus:
800 1557 818 1590 ι
854 1538 923 1593 Et
970 1538 1232 1595 habemus
1260 1538 1493 1595 liberum
1537 1538 1821 1593 arbitrium
1870 1537 1937 1591 ad
1982 1537 2183 1591 bonum

596 1636 930 1698 prteventum
957 1637 1013 1684 et
1039 1627 1281 1697 adiutum
1312 1628 1508 1701 gratia.
1541 1647 1562 1682 ι
1597 1626 1856 1697 Quintum
1891 1626 2180 1771 decimim.

596 1718 680 1771 Ah
723 1733 790 1771 eo
830 1720 975 1771 uuod
1014 1719 1269 1771 formavit
1294 1710 1436 1771 Deu's
1464 1728 1704 1771 mutatus
1749 1718 1949 1771 Adam.
2002 1732 2075 1771 se'
2128 1716 2180 1771 in

595 1718 680 1773 Ah
723 1733 790 1775 eo
830 1720 975 1789 quod
1014 1719 1269 1775 formavit
1294 1710 1436 1776 Deu's
1464 1728 1704 1775 mutatus
1749 1718 1949 1783 Adam,
2002 1710 2101 1772 sed
2128 1716 2183 1771 in

2281 532 2488 588 Gratia.
2517 528 2670 585 Sicut
2702 529 2782 587 eis
2804 531 2917 600 qui,
2951 529 3194 585 volentes
3221 529 3276 584 in
3305 529 3421 601 lege
3442 531 3705 602 iustificari
3726 547 3817 593 ets

2280 621 2453 694 gratia
2478 619 2831 685 exciderunt,
2884 620 3169 675 verissime
3199 620 3327 675 dicit
3361 622 3635 690 Apostolus
3660 642 3671 678 :
3702 624 3820 683 Sic:

2280 709 2392 781 lege
2427 708 2641 779 justitia
2667 719 2767 775 est,
2791 726 2913 780 ergo
2952 707 3190 764 Christus
3216 710 3383 781 gratis
3411 723 3635 768 mortuus
3654 726 3738 770 est.
3765 716 3820 772 Et

2280 803 2326 856 si
2350 817 2444 872 per
2469 810 2718 856 naturam
2733 799 2944 870 justitia
2972 810 3069 865 est,
3100 817 3222 871 ergo
3252 799 3489 857 Christus
3530 805 3683 873 gratis
3704 824 3821 862 mor-

2281 903 2402 947 tuus
2430 901 2528 948 est.
2557 890 2673 946 Non
2700 906 2830 962 ergo
2859 891 2999 961 apud
3026 905 3124 947 nos
3153 890 3403 947 Christus
3425 896 3589 963 gratis
3613 904 3824 953 mortuus

2281 994 2386 1049 est,
2407 985 2534 1054 quia
2566 983 2800 1039 diximus
2828 980 2970 1052 quod
2992 982 3286 1048 credimus,
3310 983 3450 1037 sicut
3475 974 3717 1053 scriptum
3735 996 3822 1043 eat:

2282 1072 2497 1127 Credidi
2538 1082 2750 1144 propter
2775 1072 2918 1142 quod
2960 1070 3165 1125 locutus
3192 1087 3308 1125 sum
3328 1112 3344 1137 ,
3388 1081 3443 1126 et
3472 1087 3566 1128 nos
3591 1074 3825 1130 credimus

2281 1172 2506 1235 propter
2545 1163 2691 1234 quod
2730 1170 2788 1217 et
2829 1161 3123 1232 loquimur.
3156 1180 3175 1213 ι
3212 1161 3384 1245 Homo
3431 1160 3594 1217 libero
3635 1162 3826 1218 arbitrio

2283 1254 2425 1310 male
2474 1263 2639 1309 utens
2666 1253 2945 1324 peccavit,
2973 1260 3029 1308 et
3056 1252 3284 1320 cecidit,
3311 1262 3366 1307 et
3392 1251 3559 1308 factus
3578 1262 3654 1309 est
3676 1269 3824 1310 massa

2283 1326 2793 1416 perditionis'totius
2818 1344 3039 1401 humani
3063 1343 3299 1414 generis.
3327 1342 3470 1399 Deus
3495 1353 3664 1401 autem
3684 1345 3826 1401 bonus

2286 1436 2452 1506 elegit
2473 1451 2612 1506 quos
2656 1450 2753 1506 per
2791 1434 3022 1505 gratiam
3067 1433 3471 1505 prmdestinavit
3509 1435 3573 1489 ad
3614 1435 3821 1493 vitam.»

2286 1528 2621 1595 Vigesimum
2667 1526 2987 1582 secundum.
3033 1525 3111 1580 De
3160 1525 3241 1580 his
3285 1542 3403 1598 quae
3432 1524 3619 1581 homini
3650 1526 3825 1598 propria

2284 1630 2425 1675 sunt.
2458 1619 2629 1675 Nemo
2674 1618 2839 1675 habet
2861 1617 2928 1673 de
2948 1632 3048 1673 suo
3079 1617 3182 1673 nisi
3212 1617 3551 1672 mendacium
3591 1625 3642 1673 et
3672 1631 3828 1688 pecca-

2290 1720 2425 1767 tum.
2455 1710 2522 1767 Et
2546 1710 2669 1767 ideo
2691 1709 2958 1766 diximus:
2981 1729 2999 1763 ε
3036 1707 3314 1765 Habemus
3334 1708 3563 1765 liberum
3588 1708 3826 1763 arbitrium

595 1809 751 1883 pejus
776 1826 874 1881 per
900 1811 1245 1883 iniquitatem
1274 1827 1453 1879 suam,
1482 1812 1552 1869 ab
1583 1802 1650 1868 eo
1680 1810 1824 1883 quod
1854 1820 2077 1881 operata
2106 1816 2188 1864 est
2219 1810 2268 1873 Β
2292 1802 2360 1861 ad
2411 1801 2614 1858 malum
2656 1801 2932 1857 desertum
2981 1800 3179 1873 gratia.
3215 1820 3234 1853 ι
3264 1798 3593 1872 Vigesimum
3627 1798 3825 1854 tertiam.

596 1901 856 1981 iniquitas
883 1913 1123 1960 mutatur
1148 1903 1347 1971 fidelis,
1378 1904 1471 1960 sed
1518 1905 1573 1961 in
1596 1904 1791 1961 melius
1815 1918 1914 1975 per
1954 1903 2187 1973 gratiam

597 1991 717 2049 Dei.
748 1993 816 2047 Et
860 2008 961 2050 nos
987 1995 1261 2051 diximus:
1294 2013 1312 2048 ι
1344 1994 1517 2053 llomo
1562 1996 1734 2052 libero
1775 1994 2005 2074 arbitrio
2046 1993 2189 2049 male

596 2092 754 2140 utens
779 2085 1031 2154 peccavit
1053 2095 1108 2141 et
1138 2085 1353 2151 cecidit,
1403 2097 1458 2142 et
1488 2086 1664 2143 factus
1691 2098 1777 2142 est
1805 2102 1984 2142 massa
2009 2087 2190 2157 perdi-

580 2160 761 2231 i'tionis
791 2177 955 2232 totius
984 2176 1205 2233 humani
1233 2179 1466 2249 generis.
1502 2179 1643 2235 Deus
1666 2190 1847 2236 autem
1875 2182 2048 2235 bonus
2078 2178 2189 2235 ele-

597 2265 676 2337 git
717 2282 855 2336 quos
897 2283 993 2337 per
1037 2269 1267 2339 gratiam
1315 2270 1756 2340 praedestinavit,
1796 2271 1858 2326 id
1895 2278 1983 2326 est
2012 2268 2187 2341 gratia

597 2357 920 2427 praeparavit
956 2358 1023 2413 ad
1062 2358 1253 2414 vitam.
1291 2379 1310 2412 ›
1340 2357 1565 2415 Sextum
1595 2359 1887 2414 decimum.
1925 2357 2093 2413 Nemo
2119 2373 2187 2413 ex

597 2459 664 2503 eo
710 2448 855 2518 quod
888 2448 1102 2504 videtur
1145 2450 1347 2505 habere
1376 2450 1642 2522 glorietur
1667 2459 1927 2520 tanquam
1960 2465 2066 2505 non
2099 2464 2187 2505 ac-

597 2540 825 2612 ceperit,
857 2550 912 2595 et
941 2540 1170 2612 reliqua.
1221 2536 1289 2597 Et
1316 2557 1415 2597 nos
1447 2538 1680 2597 dixim‘us
1708 2560 1720 2596 :
1760 2561 1778 2594 ι
1818 2542 2091 2598 Habemus
2119 2542 2186 2598 li-

595 2627 788 2687 berum
816 2630 1100 2701 arbitrium
1145 2630 1213 2687 ad
1253 2632 1454 2687 bonum
1485 2642 1822 2706 prmventum
1852 2642 1907 2688 et
1944 2633 2187 2702 adiutum

599 2718 797 2787 gratia.
828 2738 849 2773 ι
883 2719 1183 2792 Septimum
1233 2722 1524 2778 decimum.
1574 2723 1972 2780 Fortitudinem
2015 2725 2189 2798 genti-

599 2806 731 2863 lium
762 2811 1034 2867 mundana
1084 2813 1388 2885 cupiditas,
1432 2814 1809 2871 fortitudinem
1845 2814 2188 2872 Christiano-

599 2910 720 2951 rum
749 2898 845 2952 Dei
876 2900 1116 2956 charitas
1144 2901 1303 2969 facit,
1354 2911 1410 2959 et
1435 2903 1666 2974 reliqua.
1699 2904 1768 2959 Et
1789 2905 1914 2975 quia
1945 2907 2188 2963 eharitas

598 2986 773 3057 gratia
795 2994 902 3053 est,
929 2988 1193 3058 praevenit
1222 2992 1556 3049 voluntatem
1581 3005 1850 3057 nostram,
1883 3006 1937 3051 et
1970 2995 2099 3052 facit
2124 3012 2189 3053 ac

600 3076 840 3132 custodit
884 3077 1258 3136 fortitudinem
1305 3093 1585 3151 nostram,
1638 3101 1761 3155 qua:
1786 3084 1980 3142 diffusa
2019 3087 2187 3141 estin

2290 1890 2369 1945 De
2411 1889 2675 1946 voluntate
2705 1889 2800 1944 Dei
2827 1900 2875 1945 et
2905 1890 3150 1944 hominis.
3199 1887 3369 1945 Suam
3412 1887 3720 1946 voluntatem
3745 1890 3825 1944 ho-

2290 1987 2465 2043 mines
2495 1986 2732 2053 faciunt,
2768 2002 2875 2041 non
2904 1985 3034 2053 Dei,
3067 1986 3286 2056 quando
3329 1986 3382 2041 id
3407 1995 3569 2057 agunt
3590 1984 3717 2055 quod
3739 1983 3827 2039 Deo

2289 2077 2555 2148 displicet.
2586 2076 2742 2144 Quod
2779 2086 2960 2132 autem
3007 2077 3082 2132 ita
3120 2076 3332 2132 faciunt
3370 2076 3511 2148 quod
3548 2075 3742 2140 volunt,
3780 2081 3829 2129 ut

2290 2169 2485 2225 divinae
2530 2170 2770 2225 serviant
2813 2168 3099 2232 voluntati,
3147 2168 3399 2240 quamvis
3442 2166 3669 2222 volentes
3699 2171 3828 2234 agant

2288 2261 2435 2333 quod
2462 2269 2650 2332 agunt,
2680 2260 2825 2315 illius
2851 2269 3031 2315 tamen
3059 2258 3314 2314 voluntas
3339 2269 3442 2322 est,
3473 2273 3503 2313 a
3532 2264 3697 2333 quoet
3717 2268 3826 2324 pra:-

2288 2362 2512 2426 paratur
2536 2361 2591 2408 et
2619 2352 2836 2424 iubetur
2858 2351 3002 2422 quod
3032 2350 3216 2405 volunt
3241 2367 3256 2404 :
3299 2349 3426 2419 quia
3452 2348 3585 2404 sicut
3606 2346 3823 2406 diximus,

2294 2463 2313 2497 ι
2352 2444 2627 2500 Habemus
2647 2442 2874 2497 liberum
2902 2440 3188 2498 arbitrium
3219 2439 3294 2494 ad
3324 2440 3517 2494 bonum
3541 2440 3824 2507 praeventum

2288 2548 2344 2594 et
2394 2538 2637 2609 adiutum
2681 2536 2882 2608 gratia,
2929 2553 2948 2587 ι
2985 2543 3041 2590 et
3079 2553 3098 2585 ι
3132 2533 3410 2590 Habemus
3454 2531 3666 2586 liberum
3708 2523 3823 2580 arbi-

2292 2626 2453 2681 trium
2518 2628 2587 2682 ad
2652 2625 2854 2689 malum
2907 2625 3180 2680 desertum
3233 2624 3432 2695 gratia.
3479 2640 3499 2674 s
3545 2616 3824 2690 Vigesimutn

2287 2728 2563 2790 quartum.
2617 2717 2695 2774 De
2742 2716 3045 2789 palmitibus
3091 2716 3228 2770 ritis.
3279 2716 3360 2771 Ita
3407 2721 3532 2770 sunt
3573 2712 3622 2766 in
3649 2706 3825 2779 palmite

2287 2811 2429 2867 vites
2464 2820 2526 2866 ut
2551 2810 2644 2865 viti
2668 2808 2802 2864 nihil
2824 2806 3128 2873 conferant,
3155 2806 3261 2863 sed
3293 2807 3417 2862 inde
3445 2801 3691 2873 accipiant
3713 2795 3823 2851 unde

2288 2885 2494 2969 vivant,
2527 2911 2582 2959 et
2610 2889 2837 2972 reliqua.
2864 2899 3023 2968 Quia,
3053 2902 3193 2957 sicut
3222 2900 3362 2956 dicit
3386 2894 3677 2970 Apostolus,
3718 2887 3824 2943 Cra-

2289 2996 2363 3051 tia
2389 2996 2487 3051 Dei
2512 3012 2627 3051 sum
2655 2995 2709 3048 id
2743 2995 2882 3065 quod
2908 3010 3045 3049 sum.
3088 2992 3156 3048 Et
3198 3009 3268 3049 ex
3314 3006 3489 3047 massa
3526 2981 3823 3059 perditionis,

2290 3086 2456 3141 veluti
2488 3086 2852 3156 scripsimus,
2903 3085 3046 3142 Deus
3072 3084 3227 3156 elegit
3259 3101 3393 3157 quos
3420 3099 3510 3155 per
3535 3078 3735 3152 gratiam
3771 3071 3823 3126 ad

599 3162 857 3226 cordibus
881 3172 1086 3227 nostris
1107 3186 1205 3242 per
1234 3172 1494 3244 Spiritum
1519 3186 1771 3235 sanctum
1795 3219 1810 3245 ,
1868 3189 1931 3234 ut.
1957 3189 2009 3234 et
2037 3178 2189 3234 Psal-
2214 3161 2261 3225 C
2291 3178 2455 3231 vitam
2502 3177 2911 3249 prwdestinauit.
2953 3175 3299 3246 Vigesimum’
3334 3177 3594 3247 quintum.
3640 3163 3826 3221 Dilectio

601 3262 761 3316 mista
789 3262 1145 3330 demonstrat,
1175 3265 1363 3323 dicens
1388 3283 1402 3320 :
1427 3266 1659 3340 Diligam
1684 3280 1754 3335 te,
1787 3269 2192 3338 DomineJorti-

600 3350 729 3406 tudo
754 3368 899 3417 mea,
946 3363 992 3406 et
1023 3353 1381 3423 fortitudinem
1407 3373 1577 3412 meam
1602 3376 1634 3413 α
1679 3369 1726 3414 te
1754 3360 2072 3415 custodiam.
2114 3349 2191 3416 De

600 3457 707 3511 qua
738 3458 844 3498 non
864 3447 1167 3511 tacuimus,
1211 3448 1430 3518 quando
1452 3450 1726 3507 diximus:
1763 3470 1781 3504 ι
1814 3451 2088 3508 Praevenit
2116 3452 2184 3525 li-

600 3534 790 3588 berum
835 3536 1120 3592 arbitrium
1167 3548 1413 3595 nostrum
1465 3543 1638 3612 gratia
1684 3542 1895 3598 Domini
1926 3544 2131 3608 nostri,
2165 3562 2184 3597 ι

601 3625 903 3679 scribentes
931 3645 944 3680 :
980 3645 997 3677 ι
1032 3627 1304 3686 Habemus
1330 3629 1561 3687 liberum
1587 3633 1870 3687 arbitrium
1895 3632 1963 3687 ad
1989 3636 2191 3689 bonum

600 3723 937 3784 praeventum
970 3717 1130 3789 136
1153 3727 1207 3775 et
1233 3720 1477 3791 adjutum
1520 3724 1715 3793 gratia.
1755 3743 1773 3774 ι
1802 3721 2069 3778 Octavum
2101 3724 2192 3780 de-

602 3806 825 3862 cimum.
883 3809 1126 3865 Debetur
1160 3826 1372 3869 merces
1417 3814 1574 3870 bonis
1620 3815 1876 3884 operibus
1922 3816 1968 3870 si
2016 3814 2187 3883 flant;

601 3896 695 3953 sed
728 3900 903 3970 gratia
933 3917 1054 3971 quae
1100 3918 1207 3958 non
1256 3904 1483 3960 debetur
1533 3908 1790 3978 praecedit
1832 3917 1891 3962 ut
1923 3907 2073 3964 ﬁant.
2125 3910 2193 3964 Et

601 3984 747 4043 istud
774 3988 1177 4048 absolutissima
1203 4009 1302 4049 nos
1328 3994 1531 4051 dixisse
1560 4005 1735 4065 potest
1763 3996 2016 4069 intelligi,
2064 3997 2192 4068 quia

608 4096 627 4130 ι
659 4079 920 4137 habemus
951 4081 1178 4139 liberum
1205 4085 1494 4141 arbitrium
1521 4088 1590 4143 ad
1616 4089 1817 4144 bonum
1844 4099 2189 4159 praeventum

599 4178 656 4226 et
682 4169 925 4240 adjutum
972 4175 1168 4243 gratia.
1209 4195 1227 4228 ι
1259 4175 1473 4231 Nonum
1518 4178 1810 4234 decimum.
1853 4178 2060 4236 Natura
2086 4182 2190 4236 hu-

601 4276 783 4328 mana,
814 4264 1035 4319 etiamsi
1067 4265 1119 4319 in
1170 4265 1259 4320 illa
1304 4267 1616 4339 integritate
1643 4270 1697 4326 in
1723 4287 1828 4341 qua
1859 4281 1943 4326 est
1975 4271 2191 4328 condita

597 4365 979 4425 permaneret,
1030 4358 1347 4414 nullomodo
1393 4376 1451 4415 se
1501 4361 1615 4431 ipsa
1647 4362 1913 4418 Creatore
1960 4378 2059 4418 suo
2087 4379 2192 4419 non

599 4441 889 4511 adjuvante
932 4457 1197 4501 servaret.
1249 4446 1403 4504 Unde
1450 4464 1574 4504 cum
1603 4437 1723 4506 sine
1750 4453 1927 4523 gratia
1954 4452 2190 4508 salutem

601 4548 707 4585 non
756 4544 942 4602 posset
985 4537 1261 4592 custodire
1283 4554 1445 4608 quam
1473 4542 1716 4612 accepit,
1763 4542 2034 4612 quomodo
2074 4543 2193 4601 sine

600 4620 695 4676 Dei
743 4625 914 4694 gratia
949 4627 1147 4695 poterit
1189 4644 1444 4700 reparare
1491 4634 1632 4702 quod
1672 4634 1944 4704 perdidit?
1977 4635 2043 4691 Et
2075 4636 2193 4693 ideo

596 4713 878 4782 posuimus
924 4717 1050 4787 quia
1085 4737 1103 4768 ι
1151 4719 1313 4775 homo
1360 4720 1530 4779 libero
1574 4723 1802 4781 arbitrio
1850 4726 1992 4781 male
2035 4735 2192 4784 utens

544 4816 549 4821 ί
597 4803 844 4872 peccavit
873 4812 927 4860 et
947 4807 1174 4877 cecidit,
1222 4819 1277 4864 et
1307 4809 1611 4867 libertatem
1642 4814 1886 4879 arbitrii,
1939 4831 2101 4886 quam
2134 4817 2190 4874 in

598 4893 775 4964 primo
807 4896 1024 4953 homine
1053 4900 1425 4971 perdidimus,
1472 4919 1570 4974 per
1595 4904 1868 4962 Christum
1899 4909 2187 4966 Dominum

598 4996 843 5043 nostrum
890 4993 1223 5063 recepimus,
1269 5006 1323 5050 et
1353 4996 1612 5054 habemus
1646 4992 1870 5055 liberum
1903 5002 2189 5058 arbitrium

598 5086 931 5148 praeventum
968 5090 1025 5137 et
1065 5084 1307 5154 adjutum
1352 5088 1546 5157 gratia.
1581 5108 1600 5142 ι
1633 5089 1981 5161 Vigesimum.
2038 5092 2189 5149 Nihil

598 5167 718 5222 boni
760 5169 1020 5225 hominem
1060 5190 1209 5243 posse
1250 5177 1361 5230 sine
1409 5176 1540 5234 Deo.
1588 5178 1753 5235 Multa
1787 5180 1929 5236 Deus
1960 5181 2089 5238 facit
2132 5184 2186 5238 in

597 5262 817 5321 homine
847 5265 1011 5333 bona,
1043 5283 1162 5337 qum
1198 5285 1302 5325 non
1334 5270 1463 5327 facit
1492 5274 1654 5330 homo
1684 5290 1698 5341 ;
1735 5274 1876 5330 nulla
1902 5292 2031 5333 vero
2058 5276 2187 5335 facit

597 5353 759 5409 homo
786 5355 956 5425 bona,
1005 5374 1125 5430 quae
1156 5376 1260 5415 non
1291 5372 1509 5431 praestet
1534 5365 1678 5421 Deus
1716 5376 1774 5421 ut
1804 5366 1968 5424 faciat
1997 5370 2177 5426 homo.

598 5442 664 5496 Et
694 5444 814 5501 ideo
842 5445 1116 5504 diximus:
1154 5470 1173 5502 ι
1212 5449 1485 5510 Habemus
1526 5454 1754 5512 liberum
1784 5459 2068 5515 arbitrium
2111 5461 2181 5516 ad

596 5531 796 5587 bonum
837 5550 1168 5605 praeventum
1211 5551 1265 5598 et
1306 5544 1546 5614 adjutum
1597 5549 1808 5619 gratia:
1843 5569 1861 5603 ι
1889 5551 2016 5621 quia
2063 5552 2181 5608 sine

596 5623 685 5679 illa
716 5626 847 5683 nihil
870 5646 1158 5699 possumus
1184 5634 1381 5702 facere,
1419 5654 1543 5695 cum
1569 5655 1674 5711 qua
1705 5656 1992 5713 possumus
2020 5659 2181 5717 agere

594 5732 714 5790 qua:
762 5718 877 5788 ipse
924 5723 1175 5795 dignatur
1207 5728 1393 5802 largiri
1440 5732 1529 5802 qui
1563 5732 1695 5787 dixit
1726 5750 1737 5785 :
1774 5732 1902 5790 Sine
1931 5751 2011 5790 me
2049 5735 2180 5790 nihil

2292 3282 2398 3338 qua
2424 3266 2698 3338 diligimus
2730 3268 2921 3332 Deum,
2946 3283 3171 3338 prorsus
3196 3268 3399 3323 donum
3433 3263 3523 3319 Dei
3548 3269 3657 3324 est,
3696 3265 3744 3310 et
3761 3267 3827 3353 re-

2292 3360 2459 3432 liqua.
2511 3361 2579 3419 Et
2625 3375 2726 3424 nos
2773 3360 3050 3416 diximus:
3089 3380 3107 3412 ε
3146 3360 3421 3416 Habemus
3466 3356 3677 3411 liberum
3714 3345 3828 3432 arbi-

2272 3438 2457 3508 ‘trium
2490 3452 2558 3507 ad
2586 3453 2786 3508 bonum
2814 3462 3147 3524 praeventum
3177 3461 3234 3507 et
3269 3451 3506 3521 adjutum
3533 3442 3708 3517 gratia.
3735 3454 3753 3489 ο
3775 3431 3828 3488 Et

2293 3545 2435 3614 quod
2470 3544 2525 3600 in
2549 3545 2740 3601 eodem
2783 3544 3133 3615 subsequitur
3157 3544 3420 3616 capitulo,
3465 3542 3562 3597 hoc
3583 3534 3730 3591 etiam
3757 3540 3827 3582 se-

2292 3638 2528 3693 cundum
2573 3638 2737 3694 fidem
2766 3637 3092 3693 catholicam
3140 3639 3443 3700 credimus,
3486 3630 3621 3703 quod
3647 3626 3827 3691 accep“

2291 3742 2389 3798 per
2431 3728 2758 3798 baptismum
2802 3728 3010 3800 gratia,
3076 3744 3270 3785 omnes
3314 3722 3597 3798 baptizati,
3649 3714 3829 3815 Christ?

2293 3821 2588 3876 auxiliante
2632 3828 2689 3876 et
2735 3830 3100 3891 cooperante,
3145 3836 3270 3891 quae
3316 3820 3383 3874 ad
3418 3814 3633 3894 salutem
3672 3812 3830 3859 anima:
3910 3884 3913 3885 ν

2291 3914 2568 3984 pertinent
2623 3911 2833 3982 possint
2893 3920 2949 3967 et
3007 3912 3242 3967 debeant
3304 3908 3532 3968 ﬁdeliter
3593 3899 3826 3999 laboraret

2291 4011 2347 4058 et
2392 4004 2437 4058 si
2496 4001 2767 4058 voluerint
2822 4003 3158 4073 adimplere,
3215 4004 3345 4075 quia
3402 3998 3556 4056 sicut
3590 3991 3825 4047 diximus:

2296 4093 2453 4166 137
2504 4092 2770 4150 Habemus
2822 4094 3043 4150 liberum
3098 4096 3378 4151 arbitrium
3423 4091 3492 4147 ad
3519 4086 3828 4180 (tonumfrtts

2293 4193 2499 4238 ventum
2553 4194 2602 4239 et
2654 4185 2897 4255 adjutum
2937 4186 3134 4255 gratia,
3188 4184 3421 4256 etquod
3476 4173 3825 4267 ευυεθφιίέξπῆ

2291 4268 2679 4343 Αιίιιιιοςγετο
2705 4273 2771 4329 ad
2796 4275 2999 4330 malum
3025 4275 3206 4331 divina
3230 4279 3501 4348 potestate
3526 4261 3829 4350 praedestina:
3878 4316 3884 4325 .

2297 4372 2378 4418 tos
2433 4378 2576 4440 esse,
2628 4381 2737 4420 non
2791 4366 2966 4422 solum
3004 4382 3113 4422 non
3145 4369 3460 4429 credimus;
3511 4357 3601 4413 sed
3650 4348 3829 4440 etiamst

2296 4462 2441 4520 sunt,
2480 4455 2569 4525 qui
2612 4464 2820 4511 tantum
2856 4457 3057 4512 malum
3087 4458 3314 4515 credere
3358 4453 3538 4514 velint,
3571 4456 3685 4502 cum
3709 4446 3830 4493 omni

2222 4512 2272 4572 Ῑ)
2297 4512 2656 4602 detestatione
2704 4547 2808 4604 illis
2835 4552 3125 4605 anathema
3163 4551 3418 4607 dicimus.
3452 4540 3597 4599 Umle
3622 4541 3672 4634 et

2297 4636 2351 4690 in
2379 4637 2592 4693 ratione
2619 4639 2830 4694 reddita
2858 4638 2925 4695 de
2940 4641 3116 4711 primo
3143 4642 3381 4713 capitulo
3401 4640 3512 4708 jam

2296 4725 2363 4781 Et
2397 4744 2495 4784 nos
2517 4730 2681 4784 etiam
2716 4745 2842 4785 cum
2885 4743 3073 4788 sancta
3100 4732 3329 4805 synodo,
3362 4738 3416 4785 et
3438 4714 3827 4805 PrzeJestinatttlj

2295 4821 2403 4886 nis,
2420 4822 2513 4891 qui
2540 4821 2681 4877 sicut
2705 4821 2909 4880 electos
2938 4824 3005 4879 ad
3022 4794 3213 4890 vitam,
3242 4826 3317 4880 ita
3341 4833 3397 4877 et
3419 4810 3662 4932 reprp'hos
3686 4794 3827 4932 :1.ng

2302 4928 2320 4932 ‘
2350 4913 2366 4932 ³
2398 4913 2669 4932 ⁹“λ¹’-’·ηηί
2718 4915 2781 4932 ³⁹ί
2873 4924 2886 4932 Α
3047 4917 3060 4932 ι
3133 4918 3166 4932 -·
3250 4927 3260 4932 -
3393 4906 3538 4932 Δ.....;
3584 4901 3622 4932 ἕο
3655 4905 3732 4932 nm

2298 4913 2367 4968 ad
2397 4913 2679 4969 interitum
2705 4915 2893 4971 dicunt
2916 4917 3352 4987 praedestinatos,
3384 4923 3504 4966 cum
3526 4901 3624 4959 illis
3655 4897 3746 4987 qui,

2296 5004 2498 5059 malum
2524 5005 2737 5078 aliquos
2762 4980 2941 5064 divina
2968 5018 3238 5081 potestate
3259 4980 3828 5082 prtedestinalosf‘ﬁn:

2297 5104 2405 5163 tur,
2439 5097 2540 5152 nisi
2588 5066 2647 5154 se
2683 5066 3043 5167 correxerint,
3082 5111 3137 5158 et
3164 5102 3231 5157 ad
3259 5066 3541 5155 -unitatem
3584 5066 3826 5167 NW“???

2293 5186 2441 5254 fidei,
2474 5198 2637 5258 atque
2664 5201 2867 5247 sanctae
2892 5194 3083 5248 matris
3110 5193 3362 5250 Ecclesia:
3388 5186 3573 5299 sinapiI
3594 5154 3825 5299 Pelii:

2294 5287 2397 5299 μμ-
2783 5297 2794 5299 ,
2998 5283 3027 5299 ..
3102 5283 3114 5296 .
3162 5291 3174 5299 .
3324 5297 3350 5299 α
3394 5277 3606 5299 ,ωηο
3652 5298 3657 5299 ,

2294 5287 2402 5334 tam
2433 5281 2858 5337 satisfactionem
2918 5283 3198 5347 redierint,
3234 5297 3357 5339 cum
3394 5266 3819 5388 prxfatangl'i'm

2293 5367 2486 5475 dicere.
2509 5370 2816 5475 anathema
2873 5338 3152 5428 debemus.
3188 5338 3340 5427 'Hinc

2288 5462 2599 5518 columbino
2618 5463 2776 5520 oculo
2800 5465 3108 5531 intendens,
3140 5482 3258 5535 qua:
3278 5440 3819 5559 ρτοροευθωῖξιδξξὲί

2288 5548 2476 5606 Patres
2507 5554 2700 5619 nostri,
2729 5562 2783 5609 et
2812 5569 2933 5625 qua:
2957 5523 3232 5611 subsecuti
3261 5523 3464 5610 sumus.
3495 5546 3547 5648 εξ

2288 5641 2506 5711 pitrinis
2562 5644 2837 5714 unguibus
2876 5659 3103 5715 carpere
3149 5645 3461 5739 fraternam“
3488 5632 3543 5739 εξ

2290 5706 2693 5804 simplicitatem
2725 5706 2994 5806 quaerens,
3030 5735 3209 5792 videat
3258 5744 3375 5805 qua:
3429 5722 3549 5776 licet
3590 5706 3750 5762 Mem
