3992 6336
158 329 237 386 ΞΜ

868 323 960 380 DE
994 322 1665 381 PRIEDESTINATIONE
1699 321 2159 384 DlSSERTATlO
2194 324 2616 387 POSTERIOR.

3273 320 3382 401 20's

158 445 239 498 ιηιε
259 436 446 501 verbis,
485 445 710 507 propter
734 435 914 492 minus
942 436 1228 507 capacium
1268 436 1555 505 minusque
1583 441 1700 491 stu-
1726 440 1773 497 Α
1802 434 2087 490 ambulans
2129 437 2247 493 sine
2285 438 2393 506 via,
2435 439 2813 511 profundiores
2864 442 3103 503 intrabat
3140 436 3377 508 errores.

158 534 390 587 diosorum
449 527 726 594 inertiam,
784 525 1165 581 contexuimus
1219 539 1252 579 a
1296 524 1594 581 reverenda
1647 530 1705 579 et

84 636 87 647 ’
156 620 426 678 veneranda
497 627 660 690 atque
719 618 987 675 catholica
1039 616 1377 687 prolixitate.
1423 626 1702 673 tantorum

156 715 420 775 doctorum,
467 725 571 765 nec
620 710 675 764 in
717 709 900 779 aliquo
923 709 1263 765 deviavimus
1293 724 1457 764 :cum
1488 715 1704 765 constet

156 805 255 875 quia
291 803 596 873 quicunque
645 817 743 857 nos
806 808 1075 856 venenato
1127 801 1290 856 dente
1339 796 1534 856 rodere
1583 799 1703 856 sine

156 909 290 950 causa
316 892 592 958 maluerit,
641 907 701 947 sc
729 891 1069 956 malevolum,
1111 901 1166 947 ct
1195 906 1301 946 non
1333 906 1433 946 nos
1462 905 1567 946 non
1604 905 1699 946 ca-

154 988 348 1043 tholicos
366 985 760 1057 comprobabit.

211 1080 344 1136 Nunc
369 1080 436 1136 de
465 1078 755 1134 sententiis
797 1077 1135 1142 memoratis,
1179 1091 1315 1147 quas
1345 1075 1701 1147 capitulorum

148 1171 450 1241 compositor
476 1169 851 1235 adnotaverat,
882 1169 1181 1224 videamus.
1224 1188 1243 1221 ι
1290 1169 1345 1223 l°
1384 1168 1440 1222 In
1488 1182 1702 1251 prava-

148 1265 382 1321 ricatione
411 1262 540 1317 Ade:
561 1277 751 1318 omnes
776 1263 1022 1317 homines
1045 1262 1346 1317 naturalem
1369 1261 1700 1331 possibilita-

148 1368 245 1411 tem
282 1363 334 1409 et
362 1354 727 1408 innocentiam
756 1353 1071 1424 perdidisse,
1095 1362 1153 1410 et
1179 1352 1451 1408 neminem
1482 1352 1551 1408 de
1577 1366 1702 1423 pro-

147 1446 294 1501 fundo
319 1443 461 1499 illius
484 1445 655 1499 ruina:
681 1460 777 1514 per
802 1444 1030 1499 liberum
1072 1444 1358 1500 arbitrium
1391 1459 1553 1515 posse
1572 1458 1704 1500 con-

146 1553 362 1608 surgere,
384 1537 488 1591 nisi
518 1551 640 1590 eum
680 1537 854 1606 gratia
886 1536 980 1591 Dei
1021 1536 1331 1591 miserantis
1370 1536 1626 1591 erexerit.
1675 1554 1696 1588 ι

146 1630 243 1686 Nec
275 1644 368 1683 nos
401 1628 717 1699 negavimus
764 1628 817 1682 in
861 1626 1302 1697 prmvaricatione
1333 1626 1464 1681 Atla:
1513 1639 1704 1682 omnes

148 1721 366 1774 homines
415 1718 716 1773 naturalem
764 1718 1175 1788 possibilitatem
1233 1726 1290 1772 et
1335 1718 1699 1774 innocentiam

1806 522 1914 580 Sed
1931 525 2211 595 quaesitus,
2241 536 2298 583 et
2324 529 2595 596 inventus,
2645 540 2701 586 et
2726 544 3033 603 reportatus
3079 547 3182 604 est,
3224 549 3281 595 ct
3325 542 3381 597 in

1800 615 1889 670 via
1914 631 2035 687 qua:
2059 618 2262 674 veritas
2280 628 2338 675 et
2360 621 2469 675 vita
2490 630 2576 678 est
2602 624 2961 693 introductus,
2995 642 3061 684 ac
3090 629 3382 687 dilectione

1802 706 1856 761 in
1887 707 2080 775 Deum,
2118 711 2209 780 qui
2239 710 2388 767 illum
2411 712 2723 785 diligentem
2748 717 2900 786 prior
2925 718 3134 785 dilexit,
3160 722 3381 795 agnitus

1800 806 1904 855 est.
1934 818 1956 853 ι
2005 800 2074 855 Et
2097 809 2220 871 post
2244 801 2520 873 aliquanta
2553 821 2569 862 :
2604 824 2623 858 ι
2656 805 2772 862 Νοη
2812 809 3063 883 adempto
3086 811 3260 869 libero
3286 828 3382 869 aro

1799 889 1985 957 bitrio,
2016 895 2111 949 sed
2132 892 2362 951 liberato
2386 912 2400 949 :
2423 897 2566 966 quod
2588 896 2761 954 donec
2791 900 2911 956 sine
2930 901 3041 959 Deo
3059 903 3233 960 solum
3258 905 3382 971 fuit,

1801 992 2076 1039 mortuum
2103 984 2203 1040 fuit
2232 987 2477 1058 iustitiae,
2509 991 2751 1063 vixitque
2789 1004 3034 1065 peccato.
3066 997 3169 1056 Ubi
3199 1009 3381 1059 autem

1802 1071 1857 1127 id
1910 1072 2231 1131 illuminavit
2268 1079 2641 1137 misericordia
2683 1083 2909 1150 Christi,
2951 1098 3166 1145 erutum
3214 1102 3298 1147 est
3351 1110 3384 1151 a

1802 1176 1972 1234 regno
2015 1164 2238 1232 diaboli,
2261 1176 2319 1222 et
2345 1169 2551 1226 factum
2587 1182 2675 1230 est
2698 1189 2923 1246 regnum
2956 1178 3069 1234 Dei.
3097 1180 3151 1236 In
3181 1196 3290 1253 quo
3322 1194 3386 1242 ut

1803 1264 2124 1323 permanere
2169 1258 2362 1326 possit,
2415 1275 2483 1315 ne
2511 1276 2574 1317 ea
2617 1264 2835 1333 quidem
2878 1265 3138 1326 facultate
3186 1271 3386 1337 sufficit

1803 1342 1929 1409 sibi,
1952 1344 2055 1399 nisi
2085 1344 2210 1402 inde
2238 1349 2470 1420 accipiat
2494 1357 2978 1424 perseverantiam,
3006 1362 3149 1417 unde
3176 1366 3391 1435 accepit

1804 1432 2146 1491 industriam.
2182 1457 2203 1491 ι
2234 1437 2303 1493 Et
2325 1440 2455 1497 item
2496 1457 2512 1498 :
2545 1462 2567 1495 ί
2600 1444 2712 1501 Nisi
2752 1447 2954 1506 Christi
2993 1453 3167 1522 gratia
3223 1432 3391 1512 refor-

1805 1526 2040 1618 maverit
2083 1526 2312 1585 liberum
2360 1532 2478 1604 ejus
2520 1536 2809 1593 arbitrium"
2844 1542 3070 1613 agendo.
3109 1546 3390 1618 spirando,

1804 1616 2137 1685 auxiliando,
2159 1628 2216 1674 et
2236 1635 2407 1693 usque
2428 1624 2482 1679 in
2517 1624 2676 1682 ﬁnem
2698 1632 2988 1699 praeeundo
3013 1616 3332 1695 servaverit.
3364 1659 3386 1694 ι

1804 1706 1874 1761 Et
1913 1717 2102 1764 contra
2148 1709 2331 1769 Gallos
2365 1730 2380 1768 :
2435 1734 2456 1767 ι
2495 1716 2762 1786 Quoniam
2796 1723 3115 1796 priusquam
3153 1742 3184 1784 a
3214 1729 3393 1786 domi-

150 1813 440 1883 perdidisse,
472 1811 751 1879 dicentesf:
784 1829 804 1862 ί
839 1809 1170 1865 Libertatem
1184 1806 1400 1866 arbitrii
1440 1811 1494 1865 in
1523 1810 1701 1881 primo

1811 1800 2029 1856 natione
2080 1802 2274 1859 diaboli
2310 1821 2409 1876 per
2455 1808 2549 1863 Dei
2584 1812 2815 1882 gratiam
2858 1814 3137 1884 liberetur,
3189 1820 3244 1875 in
3292 1820 3390 1877 illo

149 1906 339 1960 homine
400 1905 757 1975 perdidimus.
805 1921 822 1956 ι
861 1904 954 1958 Sic
1006 1910 1064 1957 et
1108 1910 1328 1958 sanctus
1365 1901 1733 1982 Augustinus

151 1997 264 2051 dixit
309 1998 360 2051 in
404 1990 545 2051 libro
574 1996 640 2051 de
670 1993 1023 2065 Correptione
1049 2001 1104 2048 et
1147 1991 1335 2048 Gratia
1375 1993 1513 2065 (cap.
1562 1993 1653 2066 12)
1686 2010 1702 2049 :

153 2108 171 2138 ι
206 2088 341 2143 Nunc
371 2102 520 2152 vero,
561 2087 834 2157 inquiens,
857 2095 1211 2156 posteaquam
1255 2093 1340 2141 est
1369 2085 1460 2139 illa
1504 2099 1702 2156 magna

151 2183 331 2252 peccati
363 2181 557 2235 merito
579 2181 776 2235 amissa
802 2179 1045 2243 libertas,
1076 2179 1238 2235 etiam
1266 2180 1562 2252 majoribus
1605 2181 1705 2236 do-

153 2268 227 2326 nis
267 2270 564 2340 adiuvanda
634 2269 897 2324 remansit
951 2269 1258 2325 inﬁrmitas.
1318 2289 1338 2322 ι
1404 2270 1471 2347 Et
1514 2270 1645 2325 item
1688 2288 1702 2325 :

155 2384 173 2414 ι
205 2363 381 2416 Parum
407 2363 479 2417 sit
508 2362 712 2417 homini
746 2378 840 2432 per
878 2360 1019 2417 illius
1056 2377 1310 2433 reparare
1350 2363 1616 2434 perditam
1643 2363 1710 2418 li-

159 2454 417 2508 bertatem.
463 2472 483 2505 ι
519 2452 658 2520 Quid
697 2453 1047 2523 appellaverit
1098 2454 1361 2523 perditam
1403 2454 1706 2509 libertatem

158 2545 253 2615 ipse
295 2546 448 2600 nobis
493 2554 747 2615 exponat.
788 2545 880 2599 Ait
936 2545 1080 2600 enim
1121 2546 1174 2599 in
1215 2545 1353 2601 libro
1402 2544 1710 2617 llypomne-

158 2638 307 2693 sticon
355 2638 513 2709 (libro
564 2653 647 2698 ιιι.
690 2653 793 2690 non
833 2635 983 2707 longe
1027 2653 1059 2690 a
1098 2636 1345 2707 princip.)
1374 2653 1388 2690 :
1422 2655 1439 2687 ι
1476 2636 1708 2692 Peccato

155 2746 261 2801 ergo
283 2731 504 2786 liberum
538 2729 823 2784 arbitrium
856 2729 1086 2783 hominis
1114 2729 1485 2799 possibilitatis
1507 2731 1706 2783 bonum

156 2822 379 2891 perdidit,
423 2836 529 2875 non
576 2834 772 2874 nomen
826 2829 881 2874 et
924 2820 1207 2873 rationem.
1244 2838 1262 2870 ›
1298 2819 1365 2873 Ει
1408 2821 1535 2873 item
1572 2821 1709 2888 (post

156 2913 378 2987 medium)
411 2928 426 2967 :
476 2931 495 2965 ι
530 2911 670 2979 Quid
701 2912 863 2966 etiam
891 2911 1031 2965 aliud
1054 2911 1386 2966 ostendimus
1412 2910 1465 2965 in
1495 2926 1596 2966 ove
1618 2910 1707 2966 illa

158 3006 340 3074 perdita
393 3020 464 3059 ex
514 3013 732 3058 centum
764 3002 973 3067 ovibus,
1011 3002 1110 3056 nisi
1144 3001 1369 3057 liberum
1421 3002 1706 3057 arbitrium

158 3095 505 3164 possibilitatis
559 3095 697 3149 bono
752 3093 885 3149 vitio
922 3093 1082 3162 primi
1130 3093 1362 3149 hominis
1403 3092 1636 3164 perdito,
1674 3107 1705 3146 a

156 3186 393 3255 iustorum
425 3203 644 3244 errasse
673 3187 986 3243 consortio?
1019 3205 1037 3239 ›
1082 3186 1147 3240 Et
1176 3186 1342 3242 item:
1391 3203 1410 3237 ‹
1440 3184 1545 3241 Per
1571 3185 1710 3242 velle

161 3294 267 3349 ergo
296 3280 498 3334 malum
545 3287 695 3334 recte
741 3278 975 3348 perdidit
1026 3291 1186 3347 posse
1233 3277 1457 3342 bonum,
1491 3277 1581 3349 qui
1613 3293 1712 3348 per

159 3386 292 3439 posse
340 3372 540 3449 bonum
597 3371 773 3442 potuit
826 3370 1045 3425 vincere
1107 3369 1243 3424 velle
1311 3369 1532 3424 malum.
1580 3390 1599 3422 ι
1643 3371 1711 3426 Et
1743 3428 1761 3446 ,

159 3461 267 3517 item
295 3481 309 3517 :
342 3483 360 3515 ι
398 3462 507 3518 Sed
537 3478 661 3517 cum
688 3462 823 3518 velle
869 3472 924 3518 et
986 3462 1125 3517 nolle
1167 3464 1480 3533 prmdocuit,
1532 3465 1618 3519 cui
1642 3464 1710 3519 ad

158 3565 418 3625 utrumque
469 3570 629 3625 posse
666 3554 893 3609 liberum
944 3556 1174 3610 donarat
1235 3554 1545 3621 arbitrium,
1604 3568 1711 3625 quo

159 3649 277 3702 male
318 3660 477 3704 utens
520 3649 790 3703 incautius
834 3648 962 3702 dum
992 3656 1183 3719 sponte
1236 3648 1474 3718 serpenti
1508 3649 1713 3719 praebet

160 3742 375 3796 suadenti
401 3757 728 3798 consensum
771 3742 982 3796 Domini
1026 3741 1307 3811 praeterire
1358 3751 1707 3813 praeceptum,

159 3835 334 3890 amisso
359 3835 737 3904 possibilitatis
776 3836 938 3899 bono,
989 3834 1162 3889 solum
1220 3833 1358 3890 velle
1394 3835 1597 3905 potitus
1628 3842 1714 3889 est

155 3926 462 3982 vulneratus.
505 3945 524 3978 ι
551 3927 616 3981 Et
644 3932 867 3981 sanctus
887 3926 1209 3981 leestinus
1253 3926 1386 3981 dicit
1418 3942 1486 3980 ex
1528 3927 1712 3983 verbis

155 4015 205 4070 S.
235 4017 520 4075 Innocentii
550 4033 671 4089 qum
704 4018 771 4074 ad
797 4016 1226 4086 Carthaginiense
1254 4017 1544 4073 concilium
1578 4017 1713 4072 scri-

154 4119 313 4176 pserat
342 4153 355 4165 .
388 4130 407 4163 r
445 4110 719 4175 Liberum,
765 4108 1036 4179 inquiens,
1083 4108 1244 4178 138
1283 4108 1569 4163 arbitrium
1621 4106 1712 4163 ille

152 4214 438 4271 perpessus,
466 4201 522 4257 id
544 4210 628 4256 est
645 4200 853 4271 primus
874 4200 1056 4264 homo,
1075 4197 1201 4253 dum
1221 4199 1334 4254 suis
1356 4197 1712 4253 inconsultius

153 4291 305 4347 utitur
349 4292 527 4359 bonis,
579 4291 781 4345 cadens
837 4290 890 4343 in
938 4287 1403 4359 praevaricationis
1446 4286 1712 4357 profunda

151 4381 397 4437 dimersus
422 4390 529 4447 est,
552 4389 607 4436 et
633 4380 764 4435 nihil
794 4379 1246 4450 quemadmodum
1270 4375 1465 4433 exinde
1488 4389 1713 4449 surgere

149 4483 316 4541 posset
348 4472 575 4536 invenit,
608 4487 814 4542 suaque
859 4472 913 4526 in
960 4480 1222 4526 aeternum
1273 4468 1525 4525 libertate
1550 4473 1710 4525 decc—

152 4578 279 4635 plus.
319 4586 338 4620 ι
381 4568 448 4623 Et
483 4566 605 4622 ideo
659 4566 977 4635 scripsimus
1008 4579 1027 4619 :
1061 4583 1080 4616 ι
1118 4564 1450 4619 Libertatem
1504 4565 1716 4620 arbitrii

154 4658 199 4712 in
228 4661 392 4729 primo
419 4660 638 4715 homine
665 4658 1020 4729 perdidimus.
1068 4674 1087 4707 ι
1120 4655 1179 4710 2ο
1212 4645 1522 4727 Subjunxit,
1561 4656 1718 4724 Quod

156 4766 296 4828 nemo
316 4753 420 4808 nisi
439 4768 540 4824 per
568 4752 846 4808 Christum
874 4750 1046 4806 libero
1075 4750 1214 4805 bene
1252 4759 1439 4804 utatur
1465 4749 1713 4806 arbitrio.

155 4840 214 4896 Et
254 4860 347 4901 nos
373 4845 447 4901 ita
477 4844 716 4900 diximus
758 4850 1020 4913 ponentes
1046 4859 1060 4895 :
1089 4840 1263 4908 Quam
1288 4841 1580 4896 libertatem
1625 4860 1717 4914 per

155 4934 400 4994 Christum
440 4939 726 4994 Dominum
764 4946 1000 4993 nostrum
1044 4935 1354 5005 recepimus,
1378 4945 1428 4990 et
1464 4936 1714 4991 habemus

154 5026 354 5085 liberum
380 5031 657 5087 arbitrium
700 5018 770 5083 a'd
818 5030 1010 5083 bonum
1050 5038 1371 5099 prmuentum
1399 5036 1446 5083 et
1473 5028 1718 5098 adjutum

154 5121 329 5185 gratia.
358 5119 604 5176 Liberum
624 5130 797 5175 autem
827 5119 1076 5173 habemus
1098 5119 1400 5184 arbitrium,
1428 5120 1553 5188 quia
1590 5135 1716 5191 gra-

155 5210 221 5261 tia
262 5211 550 5277 liberatum,
592 5221 641 5265 et
701 5210 871 5280 gratia
918 5209 982 5263 de
1039 5219 1284 5278 corrupta
1339 5220 1604 5264 sanatum.
1652 5210 1721 5265 Et

156 5315 359 5362 sanctus
409 5306 741 5363 Coelestinus
796 5305 863 5359 de
911 5303 1093 5359 verbis
1150 5303 1443 5373 Innocentii
1503 5303 1719 5375 praemi-

154 5394 253 5451 sit:
279 5415 299 5447 ι
329 5396 435 5452 Sua
458 5399 512 5452 in
543 5405 810 5453 aeternum
837 5394 1086 5450 libertate
1131 5395 1295 5450 homo
1318 5395 1527 5466 primus
1556 5393 1714 5449 dece-

155 5494 267 5552 ptus
315 5487 435 5544 huic
482 5489 654 5544 ruinae
700 5487 1064 5559 suhjacuisset
1108 5500 1422 5557 oppressus,
1455 5485 1558 5542 nisi
1590 5501 1715 5543 eum

156 5587 264 5641 post
288 5578 481 5636 Christi
505 5594 608 5649 pro
635 5596 731 5636 sua
760 5579 933 5652 gratia
957 5576 1254 5635 relevasset
1277 5579 1561 5635 adventus.
1597 5600 1617 5633 ι
1648 5579 1716 5634 Et

156 5680 358 5727 sanctus
373 5671 607 5743 Prosper
633 5673 687 5727 in
733 5670 958 5741 epistola
988 5670 1056 5725 ad
1083 5668 1338 5723 Ruﬁnum
1381 5684 1395 5723 :
1446 5687 1465 5721 ι
1502 5669 1717 5726 Amissa

155 5759 337 5833 quippe
357 5762 589 5817 naturali
619 5763 947 5828 innocentia,
978 5762 1141 5819 homo
1164 5759 1315 5819 exsul
1345 5776 1409 5817 ac
1447 5761 1715 5832 perditus,

382 5856 656 5918 Puram”
705 5855 964 5921 CXXV.

1806 1891 2075 1960 profundo
2088 1892 2253 1963 jacet,
2294 1898 2425 1967 quin
2453 1899 2737 1957 arbitrium
2765 1904 3020 1974 hominis,
3056 1908 3109 1964 in
3161 1912 3308 1982 quod
3328 1925 3391 1969 se

1806 1995 1905 2036 sua
1945 1982 2194 2041 libertate
2234 1986 2501 2045 dimersit.
2550 2011 2572 2047 ι
2615 1991 2681 2047 Et
2716 2003 2937 2053 sanctus
2986 1999 3322 2071 Augustinus
3369 2021 3387 2060 :

1814 2074 2091 2168 t_Propter
2140 2080 2284 2150 quod
2338 2098 2447 2139 non
2506 2093 2679 2142 restat
2723 2086 3021 2149 liberandis
3059 2093 3164 2150 nisi
3211 2096 3390 2168 gratia

1806 2162 2110 2224 liberantis.
2157 2189 2177 2223 ι
2231 2171 2296 2227 Et
2324 2173 2452 2230 hinc
2483 2176 2722 2235 diximus
2772 2197 2787 2234 :
2839 2186 2867 2233 ι
2908 2181 3165 2241 Liberum
3205 2162 3390 2245 autem

1806 2254 2067 2315 habemus
2091 2260 2400 2331 arbitrium,
2436 2267 2562 2336 quia
2591 2269 2768 2340 gratia
2795 2271 3107 2343 liberatum,
3134 2285 3189 2333 et
3210 2279 3390 2351 gratia

1808 2348 1877 2404 de
1900 2361 2155 2423 corrupto
2175 2366 2446 2413 sanatum.
2485 2378 2505 2413 ι
2539 2359 2598 2415 5°
2624 2362 2829 2421 Deinde
2866 2369 3151 2437 supposuit
3178 2387 3198 2422 ι
3222 2348 3397 2438 Quod

1808 2443 1990 2498 omnia
2027 2446 2227 2514 studia,
2264 2457 2320 2504 et
2341 2451 2522 2506 omnia
2556 2468 2721 2525 Opera
2744 2470 2808 2512 ac
2834 2459 3027 2515 merita
3076 2470 3392 2519 sanctorum

1809 2532 1879 2587 ad
1914 2532 2010 2588 Dei
2048 2534 2276 2603 gloriam
2321 2539 2644 2614 laudemque
2701 2547 2983 2604 referenda
3040 2550 3150 2607 sint
3196 2569 3213 2609 :
3261 2553 3391 2624 quia

1808 2637 1970 2681 nemo
1994 2625 2212 2684 aliunde
2231 2630 2279 2684 ei
2308 2631 2542 2701 placeat,
2582 2636 2685 2691 nisi
2706 2652 2774 2692 ex
2800 2654 2866 2694 eo
2892 2641 3033 2710 quod
3063 2643 3179 2714 ipse
3206 2644 3384 2701 dona-

1808 2715 1969 2769 verit.
2000 2715 2062 2770 4ο
2082 2716 2236 2785 Quod
2264 2720 2338 2775 ita
2362 2721 2505 2779 Deus
2530 2724 2583 2778 in
2611 2726 2868 2785 cordibus
2894 2731 3195 2801 hominum,
3225 2744 3391 2806 atque

1809 2804 1865 2859 in
1909 2805 2027 2877 ipso
2055 2807 2228 2865 libero
2248 2822 2505 2884 operetur
2522 2817 2774 2886 arbitrio,
2808 2828 2867 2875 ut
2894 2832 3080 2879 sancta
3104 2804 3385 2899 cogitatio,

1808 2896 1958 2967 pium
1980 2900 2287 2969 consilium,
2313 2906 2596 2978 omnisque
2619 2918 2803 2967 motus
2827 2913 2983 2969 bonae
3009 2896 3300 2975 voluntatis
3321 2934 3392 2976 ex

1810 2986 1923 3078 Deo
1972 2989 2045 3046 sit
2082 3008 2096 3045 :
2144 2993 2270 3063 quia
2316 3010 2413 3067 per
2457 2997 2609 3053 illum
2654 2999 2861 3071 aliquid
2912 3004 3037 3060 boni
3081 3022 3391 3078 possumus,

1811 3077 1929 3133 sine
1965 3095 2074 3150 quo
2103 3083 2238 3137 nihil
2273 3101 2577 3155 possumus.
2610 3109 2630 3144 ι
2660 3089 2790 3158 Qua:
2822 3107 2924 3151 nos
2950 3077 3117 3152 etiam
3158 3115 3267 3156 non
3305 3117 3401 3159 ne-

1738 3161 1784 3225 C
1816 3182 2028 3237 gamus,
2054 3171 2163 3228 imo
2182 3174 2347 3230 etiam
2385 3178 2708 3237 conﬁtemur
2736 3183 2979 3243 dicentes
3008 3204 3022 3242 :
3061 3208 3081 3241 ‹
3133 3190 3199 3245 Et
3229 3192 3397 3250 habe-

1818 3276 1941 3317 mus
1992 3263 2219 3321 liberum
2264 3269 2548 3327 arbitrium
2597 3274 2668 3329 ad
2705 3275 2908 3333 bonum
2954 3292 3290 3351 praeventum
3342 3295 3403 3342 et
3473 3274 3481 3279 ’

1816 3353 2057 3446 adiutum
2086 3359 2281 3428 gratia.
2306 3379 2327 3412 ι
2342 3360 2425 3417 Ad
2451 3364 2651 3422 bonum
2672 3368 2816 3424 enim
2836 3372 3080 3430 absolute
3096 3377 3400 3446 posuimus,

1900 3444 1967 3540 ad
1991 3459 2152 3505 omne
2165 3450 2364 3507 bonum
2390 3454 2652 3526 quidquid
2672 3456 2871 3516 bonum
2894 3471 2977 3519 est
3012 3444 3399 3540 intelligamus.

1817 3530 1877 3589 Si
1905 3535 2106 3594 bonum
2143 3551 2228 3598 est
2263 3545 2523 3614 studium,
2545 3549 2591 3604 si
2620 3549 2820 3608 bonum
2851 3564 2935 3611 est
2960 3530 3215 3616 sanctum
3235 3576 3399 3634 opus,

1815 3627 1860 3681 si
1878 3627 2077 3683 bonum
2090 3641 2173 3686 est
2184 3643 2431 3691 sanctum
2448 3640 2722 3709 meritum,
2738 3644 2782 3700 si
2802 3645 3003 3704 bonum
3015 3654 3256 3723 estquod
3270 3627 3399 3710 san;

1815 3726 1901 3774 etc
1915 3722 2233 3793 cogitamus,
2254 3728 2609 3799 sibonumest
2627 3735 2773 3806 pium
2794 3741 3096 3810 consilium,
3126 3722 3172 3802 si
3199 3748 3401 3806 bonum

1815 3820 1898 3867 est
1919 3816 2123 3869 moveri
2147 3817 2215 3871 ad
2235 3820 2595 3892 quodcunque
2619 3826 2843 3895 bonum,
2865 3838 2919 3887 et
2942 3833 3009 3889 ad
3022 3849 3404 3910 quamcunque

1814 3903 2012 3958 bonam
2077 3906 2441 3977 voluntatem,
2492 3914 2562 3969 ad
2616 3916 2735 3974 haec
2781 3923 2963 3979 omnia
3026 3903 3254 3985 liberum
3303 3903 3400 3987 no-

1816 4001 1989 4047 strnm
2023 3997 2308 4051 arbitrium
2345 4010 2678 4070 praeventum
2716 4016 2773 4062 et
2807 4008 3049 4078 adiutum
3074 4017 3246 4086 gratia
3281 4016 3402 4084 Dei,

1821 4085 1981 4155 139
1998 4095 2054 4141 et
2072 4089 2367 4155 credimus,
2390 4099 2447 4146 et
2465 4092 2716 4162 dicimus,
2736 4105 2790 4152 et
2815 4101 3020 4171 scripto
3042 4085 3404 4166 ﬁrmavimus.

1815 4175 1883 4230 Et
1903 4179 2017 4233 lucc
2036 4180 2218 4235 omnia
2241 4195 2310 4236 ex
2332 4181 2443 4239 Deo
2461 4198 2582 4241 esse
2601 4186 2885 4247 credentes
2908 4191 3163 4261 diximus,
3187 4201 3408 4268 quando

1821 4283 1843 4319 ι
1876 4268 1947 4323 ad
1972 4269 2172 4325 bonum
2203 4282 2536 4342 praventum
2564 4286 2620 4333 et
2646 4278 2890 4351 adiutum
2927 4282 3023 4339 Dei
3055 4288 3228 4357 gratia
3267 4287 3408 4345 libe-

1816 4372 1939 4413 rum
2000 4360 2288 4418 arbitrium
2348 4374 2596 4421 nostrum
2651 4387 2672 4422 ι
2726 4371 3170 4443 conscripsimus.
3235 4374 3410 4437 Deum

1816 4463 2032 4520 quoque
2077 4452 2129 4507 in
2180 4453 2297 4522 ipso
2337 4455 2508 4513 libero
2549 4467 2736 4516 nostro
2769 4460 2998 4521 arbitrio
3033 4469 3249 4538 operari
3281 4485 3411 4526 san-

1743 4518 1796 4578 D
1820 4518 1962 4596 ctam
1994 4543 2398 4615 cogitationem,
2432 4547 2581 4618 pium
2613 4550 2937 4621 consilium,
2957 4518 3254 4631 omnresque
3289 4576 3410 4617 mo-

1822 4640 1911 4688 tus
1936 4633 2091 4689 bonae
2118 4635 2433 4703 voluntatis,
2456 4640 2684 4709 professi
2700 4658 2907 4712 sumus,
2932 4646 3175 4705 dicentes
3204 4668 3219 4707 ε
3251 4671 3270 4705 ι
3298 4651 3411 4709 Ha-

1819 4723 2012 4780 bemus
2037 4724 2266 4783 liberum
2288 4728 2571 4786 arbitrium
2592 4743 2949 4803 przeventum,
2981 4756 3001 4791 ι
3028 4740 3237 4799 scilicet
3255 4753 3411 4801 antc-

1809 4827 1983 4884 ,quam
2002 4816 2144 4871 bona
2167 4817 2486 4888 cogitemus,
2515 4838 2535 4873 ι
2568 4830 2623 4878 et
2649 4821 2890 4892 adiutum
2919 4831 3117 4898 gratia,
3150 4852 3168 4884 ι
3197 4826 3413 4891 utbene

1819 4906 2141 4978 cogitemus,
2171 4907 2310 4965 bene
2346 4925 2653 4980 operemur,
2696 4916 2748 4971 in
2788 4918 2944 4976 bonis
2973 4937 3407 4993 perseveremus.

1819 4999 1933 5056 Nec
1979 5000 2032 5055 in
2075 5001 2194 5057 istis
2237 5002 2448 5059 duobus
2485 5007 2735 5077 capitulis
2771 5025 2802 5065 a
2830 5004 3102 5072 catholico
3142 5031 3305 5075 sensu
3351 5028 3409 5077 et

1821 5093 2210 5150 catholicorum
2250 5097 2433 5154 verbis
2463 5098 2516 5153 in
2550 5100 2731 5171 aliquo
2777 5103 2888 5162 Deo
2926 5109 3131 5178 gratias
3161 5110 3406 5167 deviavi-

1822 5202 1963 5244 mus.
1988 5188 2046 5243 5°
2079 5188 2411 5261 Supposuit:
2450 5211 2467 5244 ι
2496 5192 2750 5256 Οιηιιὶιιπι
2781 5200 3107 5267 studiorum,
3138 5204 3409 5258 omnium-

1822 5293 1927 5348 que
1954 5279 2213 5335 virtutum
2231 5322 2245 5346 ,
2278 5283 2473 5353 quibus
2501 5284 2570 5339 ab
2595 5285 2751 5341 initio
2774 5286 2897 5345 ﬁdei
2937 5290 3005 5345 ad
3032 5291 3200 5347 Deum
3235 5293 3381 5349 tendi

1824 5379 1931 5435 tur,
1964 5369 2132 5425 Deum
2166 5373 2485 5442 proﬁtemur
2522 5384 2830 5445 auctorem,
2872 5388 2926 5434 et
2958 5396 3064 5435 non
3097 5381 3409 5440 dubitamus

1823 5462 1892 5517 ab
1930 5460 2098 5533 ipsius
2135 5462 2310 5533 gratia
2358 5464 2543 5519 omnia
2584 5466 2822 5524 hominis
2867 5470 3061 5525 merita
3096 5473 3405 5542 praweniri,

1821 5570 1920 5629 per
1945 5570 2107 5627 quem
2137 5555 2197 5610 ﬁt
2236 5564 2298 5611 ut
2331 5554 2533 5628 aliquid
2570 5559 2698 5615 boni
2733 5568 2789 5617 et
2812 5561 2949 5618 velle
2977 5563 3320 5636 incipiamus,
3354 5576 3411 5625 et

1823 5650 2024 5706 facere.
2057 5650 2174 5718 Quo
2213 5649 2398 5720 utique
2429 5651 2629 5707 auxilio
2657 5660 2712 5708 et
2747 5654 3118 5714 misericordia
3158 5657 3253 5716 Dei
3298 5677 3407 5717 non

1827 5742 2070 5807 aufer'tur
2094 5745 2321 5801 liberum
2344 5742 2651 5813 arbitrium,
2677 5747 2771 5803 sed
2792 5746 3074 5820 liberatur,
3099 5761 3159 5808 ut
3178 5753 3245 5808 de
3266 5762 3413 5807 tene-

2933 5846 2971 5907 7
