3992 6336
589 352 695 408 205

1560 337 1889 397 lilNCMARl
1928 333 2317 392 BHEMENSIS
2354 332 2871 390 ARCHIEPISCOPI

3707 332 3795 389 204

589 471 751 523 broso
788 463 1042 527 lucidum,
1066 461 1133 516 de
1154 473 1317 531 pravo
1337 464 1563 519 rectum,
1586 454 1652 508 de
1678 450 1930 521 languido
1943 461 2156 511 sanum,
2185 460 2238 517 Α
2261 445 2333 501 do
2352 445 2420 501 de
2440 444 2733 501 Vocatione
2758 442 2996 514 gentium
3025 435 3378 506 demonstrat,
3411 440 3590 496 dicens
3609 459 3623 495 :
3641 440 3671 495 ἰ
3699 442 3798 500 Non

588 560 656 613 de
697 554 1036 625 imprudente
1075 550 1147 606 sit
1186 547 1485 618 providum.
1535 545 1707 599 Tanta
1743 549 1827 596 est
1852 538 1997 595 enim
2030 550 2160 608 erga

2262 534 2444 605 itaque
2493 534 2671 590 omnis
2727 531 3044 602 reparabilis
3093 542 3393 602 reparatus,
3444 545 3612 599 neque
3649 536 3803 590 omnis

587 620 788 703 omnes
819 643 1065 701 homines
1112 640 1324 696 bonitas
1371 637 1489 702 Dei,
1529 643 1588 689 ut
1633 642 1817 687 nostra
1868 629 2000 684 velit
2040 640 2163 683 esse
2261 625 2520 682 sanabilis
2544 639 2710 680 sanus
2734 631 2859 679 est:
2891 622 3018 693 quia
3051 620 3366 691 reparabilis
3399 628 3455 675 et
3486 622 3724 678 sanabilis
3747 625 3803 680 de

589 737 781 793 merita
813 748 935 805 quae.
964 739 1091 788 sunt
1119 728 1288 800 ipsius
1310 728 1469 791 dona,
1496 732 1549 780 et
1576 737 1672 794 pro
1698 722 1782 776 his
1802 734 1921 789 quae
1940 716 2164 787 largitus

589 837 675 885 est
717 834 920 883 mterna
963 820 1184 893 praemia
1220 817 1294 874 sit
1334 816 1652 872 donaturus.
1705 812 1829 881 Agit
1864 808 2060 879 quippe
2107 805 2163 859 in

590 918 750 974 nobis
778 926 838 972 ut
867 912 1013 986 quod
1042 911 1177 976 vult,
1202 919 1259 964 et
1280 906 1510 962 velimus
1533 914 1588 959 et
1614 917 1857 973 agamus.
1893 918 1912 951 ι
1943 897 2042 952 llic
2068 895 2167 949 ali-

590 1007 933 1080 quantulum,
963 1001 1311 1073 responsione
1336 1012 1441 1054 non
1467 995 1687 1059 omissa,
1716 991 1810 1047 sed
1835 988 2165 1049 intermissa,

591 1078 751 1158 liceat
783 1098 936 1156 nobis
960 1092 1159 1165 alloqui
1189 1089 1544 1161 capitulorum
1580 1086 1804 1140 istorum
1838 1078 2167 1149 composito-

592 1210 730 1251 rem.
764 1190 921 1255 Vide,
962 1183 1278 1257 corrigendo
1307 1192 1379 1246 te,
1418 1179 1604 1240 frater,
1653 1175 1787 1257 velis
1828 1171 1967 1227 nolis
2000 1169 2171 1223 frater

594 1292 800 1347 noster,
849 1277 1083 1349 quandiu
1111 1253 1331 1330 vdixeris
1368 1270 1452 1325 vel
1498 1284 1624 1323 vere
1664 1253 1743 1320 vel
1785 1265 1907 1319 ﬁcte
1945 1259 2172 1316 Domino

595 1376 761 1429 Pater
800 1382 995 1436 noster,
1035 1367 1163 1439 quia
1208 1364 1468 1434 scriptum
1510 1368 1596 1416 est
1629 1376 1642 1412 :
1691 1356 1860 1412 Dicite
1894 1356 1976 1408 Ius
2002 1352 2174 1423 quise

597 1469 859 1532 alienant,
900 1464 1090 1535 fratres
1137 1460 1300 1514 nostri
1350 1473 1436 1514 vos
1469 1455 1592 1510 estis
1632 1451 1774 1522 (Isa:
1807 1465 1962 1509 vat,
1997 1445 2073 1517 5),
2108 1458 2175 1499 ne

598 1576 627 1615 a
674 1570 724 1614 te
767 1560 1071 1614 incorreeto
1107 1552 1288 1608 audiat
1327 1558 1548 1604 sanctus
1590 1543 1934 1601 leestinus.
1981 1539 2033 1593 in
2084 1536 2178 1592 illo

598 1666 824 1707 manens
861 1648 945 1703 cui
980 1645 1119 1702 nuda
1148 1651 1205 1698 et
1230 1650 1415 1712 aperta
1439 1647 1567 1694 sunt
1598 1635 1802 1699 omnia,
1833 1643 1887 1688 et
1923 1631 2009 1687 cui
2035 1628 2178 1698 cogi-

601 1741 732 1797 tatio
757 1736 991 1793 hominis
1015 1732 1324 1796 conﬁtetur,
1356 1729 1497 1784 unde
1517 1740 1574 1784 et
1593 1726 1773 1782 omnia
1804 1732 1989 1779 nostra
2012 1721 2177 1783 videt,

2264 727 2457 772 natura
2492 724 2575 771 est
2639 723 2946 784 reparatum
2995 720 3174 767 autem
3218 720 3272 766 et
3313 721 3557 766 sanatum
3601 728 3712 768 esse
3748 715 3806 769 de

2264 810 2436 881 gratia
2471 817 2575 864 est.
2603 807 2947 876 Quapropter
2976 803 3334 875 colligendum
3368 812 3528 872 atque
3562 804 3806 860 sciendum

2267 906 2367 962 est,
2394 913 2584 952 sanum
2612 896 2830 966 quidem
2853 893 3020 949 fuisse
3041 892 3322 948 arbitrium
3344 891 3566 946 liberum
3588 892 3640 946 in
3660 894 3809 962 primo

2270 986 2485 1040 homine
2514 986 2687 1039 eidem
2721 984 2899 1053 primo
2928 981 3132 1053 homini
3161 984 3366 1045 datum,
3409 995 3513 1049 quo
3538 981 3808 1036 libertatem

2269 1087 2326 1132 ct
2358 1078 2766 1148 possibilitatem
2821 1073 3021 1129 bonum
3059 1073 3193 1127 velle
3240 1082 3297 1128 et
3340 1087 3498 1143 posse
3544 1073 3733 1138 habuit,
3766 1084 3812 1130 et

2271 1186 2379 1240 quo
2415 1185 2512 1239 per
2549 1169 2749 1224 malum
2786 1168 2920 1221 velle
2948 1166 3177 1236 perdidit
3203 1166 3403 1220 bonum
3431 1179 3600 1234 posse,
3624 1164 3707 1233 qui
3734 1181 3813 1232 per

2272 1276 2432 1331 posse
2461 1262 2659 1316 bonum
2688 1261 2864 1330 potuit
2892 1258 3107 1312 vincere
3154 1255 3289 1310 velle
3316 1254 3534 1309 malum.
3575 1254 3694 1308 Post
3730 1256 3816 1310 hoc

2273 1360 2454 1408 autem
2483 1366 2590 1405 non
2616 1350 2715 1405 fuit
2740 1351 2794 1404 in
2823 1349 3041 1404 homine
3069 1346 3355 1401 arbitrium
3384 1345 3608 1401 liberum
3629 1360 3814 1412 sanum,

2276 1442 2370 1498 sed
2407 1441 2648 1496 sanabile
2679 1458 2694 1495 :
2726 1440 2802 1494 illi
2849 1448 3028 1492 tamen
3072 1438 3161 1492 cui
3198 1436 3336 1492 nihil
3373 1445 3457 1491 est
3503 1436 3814 1506 impossibile.

2278 1533 2372 1587 Est
2408 1520 2589 1586 autem
2623 1532 2679 1585 in
2708 1531 2788 1586 eis
2823 1530 3039 1594 sanum,
3068 1530 3135 1584 ab
3161 1542 3228 1584 eo
3250 1537 3308 1583 et
3333 1542 3431 1597 per
3454 1541 3574 1582 eum
3602 1539 3814 1582 sanatum

2279 1623 2433 1694 cujus
2459 1633 2543 1679 est
2580 1622 2778 1693 gratia,
2817 1620 2884 1677 de
2919 1618 3127 1691 peccati
3158 1633 3318 1674 servo
3343 1617 3515 1689 gratia
3547 1617 3815 1683 liberatum,

2281 1722 2337 1769 et
2361 1714 2533 1784 gratia
2559 1712 2804 1768 libertate
2834 1713 3111 1778 donatum.
3139 1718 3194 1764 et
3214 1709 3457 1765 libertati
3485 1709 3649 1783 gratia
3673 1708 3819 1764 reddi-

599 1841 656 1886 et
685 1830 858 1893 audit,
891 1836 940 1882 te
980 1827 1085 1880 hoc
1120 1837 1218 1880 suo
1267 1818 1572 1875 testimonio
1619 1816 1784 1870 fuisse
1828 1814 2076 1874 abusum,
2123 1817 2179 1863 et
2210 1815 2254 1874 Β
2287 1811 2397 1857 ιιιιιι
2429 1817 2444 1856 :
2476 1804 2662 1872 sicque
2699 1803 2755 1857 in
2794 1802 2984 1857 electis
3020 1803 3130 1857 suis
3164 1802 3340 1872 gratia
3377 1801 3473 1855 Dei
3510 1802 3576 1856 de
3602 1810 3820 1870 corrupto

600 1921 743 1975 dicat
780 1917 875 1972 tibi
909 1933 922 1970 :
960 1914 1091 1986 t|Ex
1129 1926 1227 1967 ore
1249 1920 1339 1965 tuo
1366 1918 1417 1963 te
1439 1906 1642 1976 judico,
1679 1919 1835 1959 serve
1874 1914 2124 1970 nequam.
2154 1916 2174 1948 ι

601 2010 828 2077 Quando
862 2005 1035 2076 legisti
1064 2014 1120 2059 et
1150 2000 1437 2071 scripsisti,
1466 2006 1523 2053 et
1559 1992 1828 2052 credenda
1857 2007 1921 2046 ac
1952 1987 2181 2046 tenenda

601 2111 765 2170 atque
810 2080 1147 2167 praedicanda
1201 2093 1315 2146 haec
1358 2090 1413 2143 itt
1453 2102 1645 2142 manus
1686 2083 1861 2154 regias
1899 2078 2184 2150 pervenire

605 2190 799 2254 fecisti,
826 2188 971 2258 quod
993 2187 1123 2250 dixi,
1149 2193 1204 2239 et
1224 2182 1428 2253 Spiritu
1450 2188 1638 2236 sancto
1661 2177 1898 2247 repletus
1919 2172 2184 2230 veraciter

606 2283 715 2337 dixi
750 2300 764 2336 :
798 2281 968 2336 Tanta
994 2288 1077 2334 est
1100 2292 1227 2349 erga
1252 2289 1441 2331 omnes
1469 2273 1713 2328 homines
1734 2270 1951 2325 bonitas
1978 2266 2096 2331 Dei,
2125 2272 2187 2320 ut

604 2386 791 2429 nostra
823 2373 952 2427 velit
976 2385 1097 2427 esse
1127 2367 1319 2424 merita
1346 2380 1466 2437 quae
1496 2371 1623 2419 sunt
1644 2362 1815 2432 ipsius
1844 2360 2006 2415 dona.
2036 2356 2183 2424 Quo-

606 2468 750 2521 circa
782 2471 995 2519 constat
1017 2476 1137 2517 csse
1157 2459 1520 2515 certissimum
1551 2456 1677 2526 quia
1705 2454 1865 2517 Deus,
1888 2451 2184 2508 secundum

604 2554 889 2628 Apostolos
930 2552 1152 2607 Paulum
1198 2559 1252 2605 et
1288 2548 1535 2612 Petrum,
1576 2544 1683 2599 uult
1728 2559 1904 2598 omnes
1954 2541 2187 2594 homines

606 2648 778 2701 salvos
817 2645 932 2714 ﬁeri
971 2642 1019 2711 (1
1062 2641 1195 2696 Tim.
1245 2656 1303 2703 tt,
1339 2638 1417 2711 4),
1457 2645 1512 2693 et
1558 2636 1831 2691 Neminem
1875 2632 1979 2689 vult
2022 2632 2189 2703 perire

614 2738 702 2807 (II
730 2738 878 2793 Petr.
911 2753 992 2798 ιιι,
1026 2735 1100 2806 9).
1135 2735 1312 2802 Quare
1334 2732 1517 2788 dixisti
1558 2730 1706 2786 illum
1733 2729 1789 2783 in
1824 2726 2192 2798 suprascripto

611 2830 847 2902 capitulo
882 2828 1141 2900 quosdam
1186 2824 1595 2898 praedestiuasse
1638 2822 1705 2877 ad
1745 2818 2057 2876 interitum?
2085 2817 2192 2871 Ra-

612 2922 879 2975 tissimum
908 2926 993 2971 est
1020 2917 1165 2970 enim
1193 2915 1340 2984 quia,
1364 2913 1503 2969 sicut
1529 2927 1629 2983 ego
1664 2910 1798 2975 dixi,
1827 2917 1884 2964 et
1912 2917 1968 2963 tu
1994 2908 2194 2963 abusus

613 3011 904 3082 scripsisti,
952 3018 1098 3064 tanta
1147 3018 1232 3062 est
1276 2994 1404 3077 crga
1445 3019 1634 3060 omnes
1685 3002 1932 3057 homines
1981 2999 2194 3055 bonitas

616 3102 730 3168 Dei,
756 3111 813 3156 ut
834 3103 1018 3155 nostra
1049 3098 1172 3151 velit
1192 3109 1313 3151 esse
1341 3093 1526 3150 merita
1548 3107 1667 3162 qua:
1694 3100 1821 3147 sunt
1844 3088 2012 3158 ipsius
2033 3088 2191 3143 dona.

2283 1904 2548 1959 sanatum,
2593 1904 2753 1964 atque
2799 1893 3185 1948 incolumitatis
3223 1892 3457 1947 sanitate
3498 1901 3817 1956 muneratutu,

2288 1986 2447 2040 modo
2476 1986 2530 2038 in
2569 2000 2682 2055 spe,
2732 1984 2786 2039 in
2826 1983 3006 2038 futura
3038 1985 3145 2038 vita
3190 1998 3250 2039 re
3296 1999 3505 2050 sanum,
3547 1983 3656 2039 sine
3691 1983 3822 2039 ullius

2284 2077 2643 2146 corruptionis
2676 2077 3093 2147 interpolatione
3126 2085 3183 2132 et
3226 2076 3630 2131 attaminatione
3667 2078 3819 2130 datum

2284 2180 2445 2241 atque
2471 2170 2796 2226 donandum.
2823 2189 2844 2219 ›
2875 2169 2939 2224 Ει
2958 2169 3080 2224 ideo
3100 2168 3372 2225 diximus:
3399 2187 3417 2219 ι
3443 2168 3695 2224 Habemus
3717 2168 3822 2221 libe—

2283 2276 2404 2317 rum
2432 2260 2713 2314 arbitrium
2750 2259 2922 2327 gratia
2957 2259 3023 2313 de
3043 2268 3304 2328 corrupto
3331 2267 3591 2313 sanatum.
3623 2277 3640 2308 ι
3661 2256 3821 2310 Subse-

2285 2353 2469 2423 quitur
2496 2359 2716 2406 sanctus
2740 2348 3065 2405 Coelestinus
3092 2363 3106 2402 :
3138 2368 3157 2400 ι
3186 2349 3260 2402 De
3291 2349 3618 2418 imprudente
3638 2348 3699 2400 sit
3720 2361 3820 2417 pro.

2286 2446 2489 2501 vidum.
2520 2464 2539 2498 ι
2572 2442 2682 2498 Nec
2706 2444 2807 2497 hoc
2832 2441 3028 2496 exinde
3057 2450 3344 2509 exceptum
3372 2449 3454 2495 est
3473 2440 3607 2509 quod
3631 2440 3823 2495 diximus

2287 2538 2350 2593 de
2378 2545 2620 2606 corrupto
2654 2544 2918 2598 sumit-am,
2952 2532 3092 2588 sicut
3133 2532 3308 2587 sancti
3343 2529 3627 2586 lnmcentii
3656 2530 3820 2590 verbis,

2288 2636 2348 2684 ιιι
2375 2627 2655 2683 brevitatis
2694 2626 2874 2679 studio
2916 2640 3036 2693 qua:
3070 2623 3405 2693 Augustinus
3454 2632 3509 2676 et
3553 2621 3754 2690 Prosper
3781 2628 3824 2671 ct

2289 2726 2508 2773 sanctus
2528 2714 2822 2786 Gregorius
2849 2723 3010 2783 atque
3035 2713 3360 2769 Ambrosius
3382 2714 3502 2768 inde
3525 2713 3693 2766 dicunt
3710 2726 3823 2780 pne-

2290 2809 2676 2869 termittamus,
2714 2806 2782 2861 S..
2816 2805 3138 2861 C(Bleslinus
3196 2806 3330 2860 dicit
3363 2824 3376 2859 :
3413 2826 3431 2856 ι
3461 2805 3517 2859 lu
3555 2803 3825 2875 praevarica-

2295 2900 2456 2955 tionis
2502 2899 2766 2969 profunda
2812 2897 3083 2952 dimersus
3133 2897 3260 2951 huic
3313 2899 3480 2951 ruina:
3520 2894 3826 2964 suhjacuissct

2292 3008 2600 3067 oppressus,
2627 2992 2727 3047 nisi
2755 3007 2877 3046 eum
2901 3000 3020 3061 post
3049 2989 3247 3047 Christi
3285 3007 3383 3062 pro
3405 3008 3497 3053 sua
3531 2990 3687 3061 gratia
3713 2988 3824 3042 releo

2294 3093 2479 3139 vasset
2502 3085 2782 3139 adventus.
2812 3081 2869 3136 ln
2896 3083 3364 3153 praevaricationis
3392 3085 3580 3152 quippe
3609 3078 3824 3151 profunda

618 3192 771 3247 [inde
797 3199 882 3246 est
906 3203 1004 3259 pro
1033 3197 1182 3241 certo
1217 3183 1561 3239 falsissimum
1601 3180 1744 3252 quod
1771 3178 1952 3235 dixisti
1978 3195 1991 3230 :
2025 3176 2192 3231 Deum
2220 3170 2265 3232 C
2296 3177 2464 3233 libero
2497 3174 2727 3231 arbitrio
2751 3175 3017 3229 dimersus
3047 3172 3275 3227 liberum
3308 3175 3542 3244 corrupit
3567 3171 3825 3230 arbitrium,

554 3306 559 3311 ·
617 3283 878 3357 quosdam
905 3258 975 3336 ad
1012 3277 1287 3334 interitum
1336 3274 1767 3346 pnedestinasse,
1812 3270 2066 3340 quoniam
2103 3266 2197 3338 qtti
2294 3278 2351 3324 et
2381 3269 2535 3323 ruina
2582 3269 2772 3339 jacens
2799 3282 3089 3337 oppressus
3132 3265 3260 3320 utile
3303 3268 3401 3322 sibi
3434 3266 3696 3335 providere
3720 3258 3827 3327 quid

617 3390 807 3429 omnes
835 3371 1083 3428 homines
1119 3368 1232 3422 vult
1267 3366 1444 3421 salvos
1469 3362 1589 3418 fieri
1621 3370 1675 3417 et
1701 3362 1967 3414 neminem
1994 3357 2195 3426 perire,
2295 3369 2498 3429 posset,
2538 3359 2642 3414 nisi
2685 3374 2808 3413 eum
2851 3358 3055 3414 Christi
3094 3357 3269 3428 gratia
3316 3358 3589 3417 relevaret,
3631 3357 3826 3409 sanaret,

617 3465 888 3520 neminem
938 3458 1239 3517 credendus
1280 3466 1368 3511 est
1405 3454 1472 3508 ad
1521 3452 1876 3524 perditionem
1924 3446 2198 3519 praedesti-
2274 3446 2458 3520 'atque
2505 3451 2852 3516 illuminaret,
2894 3460 2951 3506 et
2994 3452 3061 3505 de
3103 3451 3449 3520 imprudente
3487 3447 3738 3521 providum
3769 3442 3828 3496 fa-

620 3569 797 3611 nasse.
833 3553 981 3607 Sicut
1015 3564 1179 3619 supra
1216 3546 1565 3618 apostolicam
1612 3548 1857 3599 tenentes
1897 3538 2195 3595 doctrinam

621 3643 1016 3700 commilitones
1037 3636 1103 3695 ac
1124 3637 1477 3695 comministri
1504 3634 1673 3690 nostri
1695 3633 1940 3689 docuisse
1963 3645 2197 3685 noscun-

624 3747 729 3788 tnr.
760 3732 825 3787 Et
853 3733 896 3787 si
932 3747 1053 3786 eum
1086 3730 1176 3783 tali
1208 3728 1475 3782 sententia
1508 3724 1576 3778 ad
1603 3724 1744 3779 illius
1760 3723 2021 3793 judicium
2046 3735 2202 3775 vene-

624 3831 723 3894 ris,
749 3828 890 3882 scias
910 3841 1008 3897 pro
1029 3832 1179 3879 certo
1199 3822 1326 3894 quia
1354 3838 1457 3876 non
1482 3821 1632 3875 clava
1653 3817 1938 3883 Herculea,
1965 3817 2058 3871 sed
2080 3831 2200 3885 qua:

623 3918 854 3989 amplius
872 3924 1064 3986 pensat
1077 3912 1366 3984 apostolica
1388 3911 1579 3971 l’erula,
1599 3908 1760 3963 talem
1776 3908 1828 3961 ιιι
1847 3909 2020 3975 capite
2036 3906 2201 3959 ictum

624 4009 879 4079 accipies,
910 4016 968 4061 ttt
997 4005 1156 4077 140
1183 4004 1271 4058 vix
1301 4011 1393 4057 aut
1419 4014 1692 4071 nunquam
1723 3998 1946 4053 ulterius
1970 3994 2081 4064 jam
2112 4008 2199 4049 re-

623 4117 832 4174 surgas.
868 4099 943 4155 De
970 4100 1073 4154 hoc
1106 4096 1339 4166 capitulo
1376 4095 1508 4149 satis
1533 4094 1587 4147 in
1628 4090 1953 4163 supradictis
1985 4102 2205 4156 respon-

624 4196 819 4249 dimus.
849 4192 912 4247 Et
942 4205 1009 4246 ne
1048 4189 1193 4244 dicat
1218 4202 1317 4242 nos
1357 4186 1600 4255 complex
1640 4182 1865 4254 quilibet
1884 4177 2206 4248 composito—

622 4287 700 4343 ris
729 4283 947 4355 capituli
977 4282 1206 4353 pleniter
1235 4293 1341 4332 non
1370 4279 1436 4330 ad
1467 4276 1649 4330 omnia
1679 4270 2042 4340 respondisse,
2078 4267 2205 4336 quia

624 4383 732 4436 dtto
759 4387 966 4433 tantum
997 4390 1062 4427 ex
1090 4372 1257 4426 libero
1283 4369 1509 4423 arbitrio
1537 4368 1602 4421 de
1628 4364 1807 4419 verbis
1826 4361 1997 4417 sancti
2027 4359 2202 4415 Caele-

624 4471 752 4528 stini
783 4470 835 4524 in
866 4465 1112 4536 Capitula
1143 4447 1173 4517 a
1201 4461 1355 4515 nobis
1382 4467 1635 4528 excerpto
1662 4456 1959 4527 posuimus,
1989 4450 2206 4521 quando

629 4563 897 4619 .ﬁximus:
933 4578 951 4610 ι
986 4557 1257 4611 Habemus
1287 4553 1512 4606 liberum
1550 4549 1854 4611 arbitrium,
1882 4547 2008 4618 quia
2035 4545 2205 4616 gratia
2236 4534 2283 4593 Ι)

628 4654 939 4716 liberatu’m,
970 4657 1025 4704 et
1059 4647 1230 4719 gratia
1262 4644 1328 4698 de
1362 4651 1614 4713 corrupto
1646 4653 1916 4705 sanatum,
1947 4659 1965 4689 ι
1993 4639 2060 4695 de
2087 4636 2207 4693 aliis

627 4758 747 4816 qua:
812 4750 1034 4796 sanctus
1099 4737 1424 4792 leestinus
1487 4736 1700 4806 posuit,
1763 4732 2203 4802 super-addamus.

629 4834 775 4899 Dixit
810 4833 952 4889 enim
985 4848 999 4884 :
1039 4849 1058 4882 ι
1095 4830 1171 4884 De
1202 4830 1484 4885 tenebroso
1516 4827 1771 4889 lucidum,
1813 4823 2027 4893 quando
2059 4829 2209 4876 tene-

628 4929 850 4982 brosum
874 4922 994 4989 fuit,
1026 4930 1338 4991 corruptum
1369 4921 1485 4973 sine
1513 4918 1674 4972 dubio
1712 4915 1812 4969 fuit
1842 4913 2096 4982 :quando
2126 4911 2209 4965 lu-

631 5004 753 5073 nnen
805 5016 1029 5085 recepit,
1055 5014 1337 5068 sanitatem
1382 5009 1605 5078 accepit.
1650 5008 1724 5062 De
1769 5020 1935 5075 pravo
1975 5011 2205 5067 rectmn,

633 5112 848 5185 quando
884 5124 1112 5180 pravum
1154 5104 1273 5172 fuit,
1323 5098 1634 5174 corruptum
1681 5101 1800 5155 sine
1843 5097 2006 5152 dubio
2056 5097 2157 5148 fuit
2193 5111 2207 5149 :

633 5184 848 5278 quando
871 5207 1174 5253 recreatum
1206 5195 1375 5264 gratia
1404 5193 1497 5247 Dei
1527 5191 1649 5255 fuit,
1668 5188 1855 5259 procul
1878 5188 2039 5244 dubio
2063 5184 2212 5239 sani-

637 5276 801 5345 tatem
830 5290 1048 5358 ret-cpit.
1091 5289 1165 5342 De
1204 5286 1456 5355 languido
1484 5298 1697 5348 sanum,
1722 5279 1934 5351 quando
1969 5278 2069 5332 luit
2096 5276 2215 5329 lan-

636 5382 877 5459 guidum,
928 5379 1029 5433 fuit
1077 5378 1193 5432 sine
1238 5374 1574 5430 dubitatione
1608 5379 1922 5442 corruptum
1953 5386 1966 5423 :
1999 5368 2214 5439 quando

639 5473 925 5529 sanitatem
968 5469 1187 5538 recepit,
1231 5477 1477 5522 sanatum
1515 5480 1579 5519 ac
1615 5478 1710 5535 per
1737 5463 1840 5518 hoe
1880 5475 2069 5517 sanum
2096 5459 2214 5515 sine

640 5565 803 5621 dubio
831 5562 950 5618 fuit.
983 5563 1050 5618 Et
1075 5563 1200 5632 quia
1231 5561 1372 5614 aliud
1408 5559 1478 5613 sit
1512 5572 1721 5621 sanum,
1757 5554 1901 5611 aliud
1944 5554 2016 5610 sit
2056 5567 2218 5608 sana-

643 5664 777 5716 tum,
808 5654 947 5707 sicut
972 5662 1026 5706 et
1046 5651 1189 5705 aliud
1212 5650 1468 5710 sanabile,
1499 5656 1556 5703 et
1576 5646 1720 5702 aliud
1744 5659 1959 5711 sanum,
1985 5652 2040 5699 et
2069 5642 2217 5701 aliud

641 5741 965 5810 reparabile,
989 5739 1131 5793 aliud
1164 5749 1490 5807 reparatum,
1517 5737 1747 5807 Prosper
1778 5736 1830 5789 in
1860 5734 1996 5789 libro
2024 5749 2217 5790 secun-

640 5831 941 5902 spondendi
981 5830 1358 5886 necessitatem
1403 5828 1656 5897 abstulit,
1683 5827 1776 5883 sed
1823 5826 2125 5882 libertatem
2168 5829 2216 5882 si

2299 3545 2481 3599 seret?
2516 3563 2535 3595 ι
2571 3541 2682 3598 Nec
2723 3542 2849 3597 hinc
2892 3557 2924 3596 a
2973 3542 3240 3597 catholico
3290 3559 3448 3599 sensu
3489 3552 3541 3599 et
3581 3538 3828 3597 catholico,-

2302 3651 2418 3689 rum
2458 3634 2657 3699 verbis,
2697 3634 2900 3704 gratias
2938 3634 3124 3704 gratia:
3160 3637 3523 3707 sempiternre,
3570 3633 3646 3688 vel
3679 3632 3724 3685 in
3753 3628 3829 3683 ali-

2299 3740 2406 3795 quo
2471 3725 2825 3781 deviavimus.
2883 3723 2941 3778 6°
2997 3725 3279 3795 subjunxit
3332 3745 3347 3782 :
3396 3745 3414 3778 ι
3450 3726 3686 3781 Fatemur
3730 3734 3826 3790 gra-

2303 3820 2429 3872 tiam
2479 3816 2569 3871 Dei
2616 3825 2671 3873 et
2725 3814 3050 3885 adjutoriutn
3100 3818 3264 3872 etiam
3321 3820 3387 3874 ad
3441 3817 3664 3889 singulos
3707 3821 3831 3866 actus

2303 3910 2447 3973 dari,
2487 3908 2639 3980 141
2668 3924 2897 3980 eamque
2926 3924 3032 3963 non
3078 3910 3195 3965 dari
3235 3912 3530 3966 secundum
3565 3907 3731 3963 merita
3751 3918 3828 3956 nos

2304 4011 2447 4063 stra,
2483 4012 2538 4055 ut
2576 4016 2702 4056 vera
2739 4002 2810 4057 sit
2848 4003 3053 4072 gratia,
3088 4002 3143 4057 id
3189 4012 3276 4057 est
3316 4004 3480 4074 gratis
3503 4003 3618 4056 data
3637 4013 3719 4068 per
3739 3994 3831 4062 ejus

2304 4093 2731 4149 misericordiam
2784 4094 2878 4163 qui
2923 4094 3102 4148 dixit:
3136 4093 3442 4150 Miserebor
3493 4093 3576 4149 cui
3623 4090 3832 4145 misertus

2308 4198 2404 4239 cro
2430 4222 2446 4250 ,
2508 4192 2563 4238 et
2615 4182 3044 4239 misericordiam
3106 4186 3384 4255 praestabo.
3428 4186 3512 4240 cui
3570 4178 3831 4237 misericors

2307 4273 2479 4329 luero.
2515 4293 2533 4327 ι
2578 4272 2706 4329 llam
2735 4274 2841 4329 duo
2876 4274 3145 4345 capitula,
3174 4276 3464 4344 septimum
3508 4281 3561 4329 et
3595 4278 3829 4327 octavum.

2308 4365 2362 4419 in
2392 4380 2555 4418 unum
2583 4364 2842 4435 copulans
2869 4364 2935 4421 de
2974 4367 3178 4436 synodo
3208 4365 3489 4429 Palaestina
3513 4374 3686 4422 contra
3709 4358 3832 4415 Pela-

2310 4458 2456 4527 gium
2485 4457 2627 4512 dicta
2656 4456 2966 4527 assumpsit.
2995 4455 3159 4512 Forte
3187 4457 3481 4532 lethargica
3508 4455 3734 4530 passione
3755 4463 3832 4517 op-

2312 4563 2561 4618 pressus,
2594 4555 2686 4602 aut
2724 4546 2962 4602 Silenico
2988 4549 3253 4605 cantharo
3288 4552 3590 4613 debriatus,
3620 4539 3834 4601 memoria

2315 4647 2524 4693 mortua
2555 4636 2859 4706 ignoravit,
2900 4636 3028 4707 quia
3062 4636 3115 4707 ip
3140 4640 3299 4695 tertio
3329 4649 3383 4695 et
3410 4647 3598 4709 quarto
3632 4628 3834 4701 Capitula

2313 4730 2457 4784 beati
2487 4728 2760 4783 leestitni
2791 4730 2879 4784 illa
2901 4730 3016 4800 jam
3039 4732 3345 4803 scripserit,
3372 4748 3403 4786 a
3432 4730 3618 4801 quibus
3638 4739 3725 4782 nos
3753 4733 3833 4774 non

2314 4820 2654 4876 diseordasse
2699 4824 3137 4878 monstravimus.
3168 4822 3225 4877 7°
3253 4841 3272 4875 ι
3315 4823 3567 4877 Fateatur
3599 4830 3707 4873 esse
3729 4810 3834 4866 liber

2315 4930 2433 4968 rum
2464 4914 2778 4982 arbitrium,
2819 4915 3030 4972 etiamsi
3066 4916 3247 4973 divino
3284 4916 3513 4984 indigeat
3533 4906 3787 4980 adiutorio.
3817 4918 3830 4949 ι

2315 5006 2381 5059 Ει
2409 5006 2515 5061 hoc
2556 5007 2882 5077 capitulum,
2909 5008 2962 5062 itt
3000 5007 3220 5080 Synodo
3261 5006 3537 5061 Palaestina
3570 5000 3832 5062 decimum.

2313 5088 2659 5168 interponere
2693 5101 3032 5169 procuravit,
3060 5099 3126 5155 de
3176 5115 3283 5171 quo
3328 5112 3426 5155 nos
3478 5093 3601 5151 lassi
3646 5098 3832 5145 sumus.

2314 5190 2442 5260 (Ma
2476 5209 2494 5241 ι
2533 5191 2792 5247 habemus
2830 5190 3075 5251 liberum.
3107 5192 3387 5246 arbitrium
3418 5190 3485 5244 ad
3520 5189 3698 5243 bonum
3725 5190 3834 5248 pr£°

2317 5291 2536 5338 ventum
2560 5294 2615 5337 et
2643 5284 2880 5355 adjutum
2913 5293 3181 5355 gratia,et
3211 5286 3468 5340 habemus
3488 5281 3694 5335 liberum
3715 5265 3834 5324 arbi-

2321 5372 2515 5440 triunt,
2564 5375 2690 5444 quia
2729 5375 2899 5446 gratia
2932 5377 3250 5443 liberatum,
3276 5376 3511 5447 etgratia
3544 5371 3606 5425 de
3625 5368 3836 5447 corrupto

2318 5474 2585 5519 sanatum.
2620 5487 2638 5517 ι
2673 5467 2752 5520 Ad
2778 5468 2891 5522 haec
2916 5476 3098 5522 autem
3116 5509 3132 5532 ,
3160 5478 3215 5523 et
3242 5469 3308 5523 ad
3341 5446 3427 5520 illa
3451 5476 3563 5533 quze
3586 5446 3833 5524 subjuniii‘v

2318 5556 2487 5625 gratis
2510 5557 2892 5626 reSpondemus
2929 5560 3054 5628 quia
3077 5558 3192 5630 jam
3217 5559 3336 5615 inde
3357 5546 3705 5626 respondimus
3727 5558 3737 5595 :
3760 5534 3835 5593 sed

2320 5646 2496 5702 adhuc
2548 5649 2872 5717 respondere
2900 5665 3008 5703 non
3038 5652 3398 5706 de-trectamns
3423 5686 3438 5712 ,
3482 5643 3598 5713 quia
3619 5631 3833 5717 seri'ptutu

2317 5747 2401 5791 est
2432 5756 2444 5790 :
2478 5738 2628 5803 Quod
2671 5743 3175 5809 supererogaveris,
3219 5755 3316 5808 ego
3365 5739 3483 5791 cum
3522 5732 3711 5786 rediero
3734 5716 3833 5774 red-

2320 5828 2441 5887 dam
2476 5830 2589 5885 tibi.
2631 5830 2859 5887 Sanctus
2894 5808 3035 5887 enim
3065 5832 3381 5889 C‘oelestinus
3423 5824 3568 5881 nobis
3590 5836 3649 5874 ex
3678 5808 3749 5869 his
3772 5821 3835 5863 re-
