3992 6336
198 363 294 421 205

963 357 1051 413 DE
1085 355 1751 413 PREDESTINATIONE
1788 352 2241 412 DISSERTATIO
2272 352 2680 412 POSTERIOR.

3342 356 3450 415 800

198 474 441 531 vellemus
477 472 785 527 nullatenus
809 471 1106 526 interdicit.
1139 469 1213 525 Ut
1232 485 1362 540 ergo
1384 469 1638 540 inquiens
1655 470 1767 541 ple-
1793 475 1844 533 Α
1868 466 2104 538 synodus
2146 472 2202 521 et
2227 465 2493 525 catholico
2514 477 2570 523 et
2589 465 3040 541 sullieientis‘sime
3067 476 3255 525 texens
3274 478 3326 526 et
3356 487 3449 526 or-

199 569 311 624 niiis
332 566 421 636 qui
450 566 508 620 in
538 565 724 635 aliquo
747 566 994 621 dubitant
1020 565 1355 620 instruantur
1378 606 1393 631 ,
1418 564 1766 620 constitutio-

202 673 287 712 nes
304 666 613 711 sanctorum
635 655 858 710 Patrum
881 657 1267 726 compendiose
1287 651 1656 712 monstramus
1677 656 1765 712 in-

199 745 363 801 diculo
396 762 412 801 :
460 760 569 815 quo
589 746 636 799 si
681 745 805 815 quis
846 759 954 799 non
1002 745 1230 799 nimium
1263 755 1347 800 est
1386 745 1803 801 contensiosus‘

200 844 473 909 agnoscat,
523 836 765 892 omnium
798 836 1218 906 disputationum
1271 836 1665 913 connexi‘onem
1698 849 1766 892 ex

199 930 295 985 hac
320 929 659 985 subditarum
672 928 1056 983 auctoritatum
1073 928 1337 983 brevitate
1364 929 1620 998 pendere.
1650 927 1766 982 nul-

200 1025 406 1094 iamque
447 1022 555 1079 sibi
579 1021 1023 1078 contradictionis
1067 1034 1351 1093 superesse
1380 1021 1670 1086 rationem,
1718 1023 1767 1078 si

194 1129 314 1168 cum
360 1112 649 1169 catholicis
677 1114 865 1169 credat
901 1123 958 1169 ct
983 1114 1158 1179 dicat,
1206 1114 1455 1169 videlicet
1477 1130 1598 1185 quae
1623 1115 1766 1172 illius

189 1205 347 1260 dictis
365 1219 530 1276 supra
564 1204 924 1260 condiximus.
955 1204 1063 1259 Sed
1089 1205 1342 1275 quoniam
1373 1203 1512 1260 forte
1540 1204 1766 1260 istorum

190 1296 546 1366 capitulorum
584 1296 915 1367 compositor
955 1296 1117 1351 nimis
1162 1296 1534 1351 contensiosus
1562 1304 1675 1361 est,
1711 1304 1768 1352 et

188 1404 298 1443 nec
318 1404 438 1443 eum
468 1388 751 1444 catholicis
800 1388 969 1445 credit
1000 1398 1056 1444 et
1091 1388 1224 1444 dicit
1257 1389 1401 1458 quod
1421 1388 1769 1444 crediderunt

186 1486 254 1533 et
279 1478 530 1535 dixerunt
572 1479 860 1545 catholici,
889 1489 944 1535 et
985 1495 1109 1536 esse
1145 1466 1351 1535 mavult
1388 1480 1767 1536 Aristodemus

190 1570 417 1640 apostoli
481 1569 707 1625 Joannis
758 1569 1135 1627 contradictor
1194 1571 1502 1627 contrarius
1528 1612 1545 1638 ,
1603 1586 1768 1641 quam

191 1664 411 1733 apostoli
437 1663 662 1719 Joannis
681 1670 737 1717 et
757 1665 1034 1734 apostolici
1053 1664 1328 1722 lees’tini
1343 1663 1656 1734 discipulus,
1683 1679 1772 1720 ac-

188 1752 355 1822 cipiat
378 1751 619 1807 tunicam
639 1761 882 1808 nostram
902 1795 917 1818 ,
939 1752 1163 1809 Patrum
1184 1753 1395 1810 scilicet
1420 1753 1607 1811 labore
1634 1768 1766 1810 con—-

1870 559 2066 614 dinans
2093 559 2383 615 tenendum
2412 561 2704 630 capitulum
2735 561 3025 659 nobis-Stis
3044 552 3278 631 posteris
3302 580 3451 619 eont-

1869 651 2165 706 mendavit.
2190 650 2237 705 A
2252 652 2408 722 cujus
2436 667 2706 708 consensu
2721 693 2736 715 ,
2774 650 3103 709 verum/nec
3126 670 3159 709 a
3182 656 3451 713 sententia

1869 741 2151 815 Prosperi,
2188 753 2373 800 nostra
2413 746 2778 816 conscriptio,
2819 747 2963 802 sicut
3002 761 3168 818 supra
3203 748 3450 804 ostendi-

1869 850 2025 902 mus,
2050 837 2107 891 in
2131 836 2319 906 aliquo
2345 837 2597 893 deviavit.
2629 837 2735 894 Sed
2767 846 2824 896 et
2842 839 2887 896 si
2916 854 3238 911 quacunque
3259 857 3450 899 neces-

1867 926 2029 981 sitate
2043 927 2400 999 capitulorum
2423 930 2650 986 istorum
2677 933 3008 1002 compositor
3024 948 3244 990 sensum
3295 936 3451 992 istius

1868 1017 2089 1088 capituli
2137 1019 2456 1091 eliquasset,
2499 1037 2607 1078 non
2659 1023 2728 1078 ab
2774 1039 2835 1079 re
2879 1033 3024 1080 esset
3054 1028 3199 1097 quod
3243 1038 3449 1099 egerat.

1868 1105 2021 1163 Nunc
2047 1117 2228 1165 autem
2244 1152 2257 1173 ,
2286 1123 2542 1169 manente
2565 1115 2746 1171 verbis
2773 1122 2831 1170 et
2856 1130 3015 1171 sensu
3044 1116 3098 1172 in
3117 1133 3217 1173 sua
3247 1119 3457 1176 incolu-

1869 1203 2056 1257 mitate
2099 1204 2363 1274 capitulo,
2409 1207 2591 1263 minus
2639 1208 2949 1265 necessario
2994 1208 3126 1265 illud
3174 1210 3358 1267 divisit
3390 1227 3458 1269 ac

1869 1291 2202 1363 compilavit.
2254 1293 2404 1350 Bene
2450 1281 2718 1367 siquidem
2763 1307 2986 1355 sanctus
3013 1308 3240 1357 noverat
3274 1300 3456 1358 Casa-

1871 1383 1986 1437 rius
2007 1424 2023 1447 ,
2050 1384 2142 1453 qui
2164 1399 2231 1438 ex
2259 1384 2596 1456 delegatione
2617 1388 2925 1458 apostolicae
2939 1389 3085 1445 sedis
3104 1389 3232 1446 huic
3248 1393 3456 1463 synodo

1871 1475 2125 1544 praesedit
2160 1474 2469 1543 Arausicaa,
2503 1477 2635 1548 quid
2674 1487 2894 1534 sanctus
2919 1477 3250 1550 Augustinus
3276 1482 3344 1538 de
3385 1483 3455 1537 li-

1872 1564 2004 1619 hero
2030 1564 2257 1620 arbitrio
2283 1566 2489 1621 homini
2512 1568 2688 1636 primo
2717 1569 2842 1624 dato
2874 1569 2932 1625 in
2962 1569 3101 1626 libro
3124 1571 3190 1627 de
3216 1570 3456 1645 Correp-

1873 1653 2021 1709 tione
2050 1662 2108 1710 et
2131 1654 2317 1710 Gratia
2345 1656 2589 1724 dixerat,
2626 1672 2897 1729 quemque
2941 1660 2997 1714 in
3026 1660 3177 1717 libris
3206 1662 3274 1716 de
3310 1663 3458 1719 Prat-

1874 1743 2237 1799 destinatione
2272 1754 2618 1814 sanctorum,
2650 1754 2705 1801 et
2731 1748 2799 1802 de
2828 1747 2977 1805 Bono
3006 1753 3451 1820 perseverantiae,

189 1851 425 1908 ιοιιεηη,
459 1843 514 1898 id
545 1851 630 1899 es;
672 1854 876 1899 vestem
910 1844 1150 1909 ﬁdelem,
1181 1859 1286 1915 qua
1314 1845 1431 1914 ipse
1456 1845 1630 1917 ετςιιῑςι
1676 1843 1772 1900 Dei
1804 1838 1849 1897 Β
1877 1834 1945 1888 ad
1975 1834 2430 1903 prmdecessorem
2466 1852 2623 1893 suum
2654 1838 2915 1894 Hilarium
2957 1842 3179 1913 scriptrs
3210 1859 3452 1900 comme-

188 1934 360 2003 possit
392 1933 704 1988 resuscitari
735 1934 803 1987 ad
831 1933 1020 1999 ﬁdem,
1056 1941 1118 1988 ut
1144 1933 1230 1989 vel
1249 1934 1328 1989 sic
1347 1934 1773 2004 indignationem

189 2024 355 2079 animi
395 2024 515 2095 ejus
559 2031 749 2079 contra
799 2039 929 2089 nos,
958 2024 1048 2093 qui
1075 2024 1259 2080 fideles
1287 2038 1504 2087 sumus,
1556 2021 1773 2079 auferre

190 2117 481 2186 possimus.
513 2115 664 2171 Unde
687 2115 865 2170 adhuc
887 2114 958 2170 illi
986 2115 1054 2171 de
1076 2116 1286 2171 duobus
1306 2114 1661 2185 sequentibus
1679 2128 1776 2169 ca-

189 2208 372 2280 pitulis
419 2209 884 2279 respondebimus.
911 2209 969 2265 8°
1006 2228 1025 2262 t
1059 2209 1355 2265 Arbitrium
1385 2208 1680 2264 voluntatis
1715 2208 1770 2263 in

189 2302 365 2373 primo
396 2301 618 2357 homine
656 2301 1012 2367 inﬁrmatum,
1048 2302 1155 2357 nisi
1202 2315 1298 2372 per
1319 2300 1549 2372 gratiam
1589 2298 1771 2371 bapti-

187 2393 287 2447 smi
308 2432 322 2457 ,
354 2406 461 2446 non
487 2400 668 2461 potest
693 2392 957 2463 reparari.
1002 2412 1020 2445 ι
1048 2393 1114 2448 Ει
1147 2393 1252 2448 hoc
1280 2407 1349 2447 ex
1373 2391 1534 2447 tertio
1558 2390 1770 2447 decimo

190 2484 425 2554 capitulo
473 2484 747 2539 Arausicze
792 2484 980 2554 synodi
1023 2484 1350 2553 assumpsit,
1397 2483 1465 2539 de
1515 2497 1624 2552 quo
1671 2496 1771 2537 nos

190 2576 461 2641 diximus,
485 2576 613 2644 quia
649 2591 669 2625 ε
696 2573 1002 2629 libertatem
1030 2574 1276 2639 arbitrii,
1317 2591 1336 2626 ι
1356 2573 1409 2629 id
1435 2581 1519 2629 est
1535 2571 1769 2643 possibi-

187 2666 397 2722 litatem
442 2665 627 2721 liberae
671 2664 967 2721 voluntatis
1000 2664 1247 2732 arbitrii,
1282 2684 1302 2718 ς
1355 2679 1453 2736 per
1493 2663 1769 2723 Christum

188 2750 478 2813 Dominum
517 2765 762 2813 nostrum
802 2757 1127 2828 recepimus.
1156 2757 1225 2812 Et
1252 2755 1514 2811 habemus
1536 2754 1768 2811 liberum

188 2850 478 2907 arbitrium
516 2850 641 2921 quia
680 2851 850 2922 gratia
883 2850 1207 2916 liberatum,
1253 2868 1272 2902 ι
1322 2849 1463 2904 sicut
1504 2848 1765 2919 scriptum

186 2950 267 2997 est
297 2960 312 2995 :
357 2940 403 2995 Τ
404 2957 505 2995 unc
530 2957 645 2996 vere
672 2941 821 2996 liberi
845 2942 991 2995 eritis
1008 2982 1023 3006 ,
1048 2957 1167 2995 cum
1202 2956 1288 2996 vos
1319 2937 1494 2997 Filius
1520 2938 1770 2994 liberave-

187 3032 249 3086 rit
294 3031 500 3104 (Joan.
527 3047 645 3098 Vill,
671 3030 799 3101 56),
845 3032 1094 3100 quodque
1135 3038 1263 3085 tunc
1293 3028 1386 3096 ﬁt,
1414 3044 1538 3084 cum
1575 3028 1767 3084 eodem

1875 1933 2081 1989 morat,
2129 1940 2291 1997 quem
2320 1928 2486 1982 etiam
2530 1928 2730 1985 librum
2756 1946 2982 2003 compar
3006 1943 3063 1990 et
3099 1935 3279 1991 socius
3310 1935 3456 1993 illius

1873 2025 2096 2072 sanctus
2116 2014 2353 2087 Prosper
2381 2032 2442 2074 se
2462 2018 2720 2076 habuisse
2743 2037 2851 2076 non
2892 2031 3036 2079 tacet
3058 2025 3112 2079 in
3133 2026 3361 2096 epistola
3382 2028 3454 2081 ad

1871 2106 2254 2178 Augustinum,
2302 2108 2529 2165 dicens:
2566 2128 2584 2162 ι
2624 2110 2846 2167 Librum
2887 2113 2955 2169 de
3004 2113 3360 2186 Correptione
3400 2128 3457 2174 et

1872 2194 2058 2251 Gratia
2080 2195 2297 2266 plenttm
2324 2196 2525 2255 divina:
2556 2200 2900 2257 auctoritatis
2922 2204 3220 2260 emitteres.
3250 2206 3369 2274 Quo
3397 2207 3452 2262 in

1873 2286 2126 2342 notitiam
2165 2297 2407 2345 nostram
2449 2291 2721 2362 insperata
2754 2296 3159 2365 opportunitate
3193 2299 3392 2366 delato,
3430 2320 3451 2353 ο

1870 2391 1928 2437 et
1970 2382 2199 2454 reliqua.
2234 2385 2302 2440 Et
2330 2387 2662 2444 credendum
2690 2400 2776 2445 est
2815 2392 2941 2462 quia
2981 2406 3203 2451 sanctus
3227 2395 3458 2468 Prosper

1870 2473 2077 2531 Hilario
2103 2479 2350 2533 eumdem
2379 2479 2576 2535 librum
2594 2522 2609 2547 ,
2647 2497 2807 2553 quem
2831 2499 2889 2541 se
2922 2487 3119 2543 habere
3148 2490 3302 2558 dixit,
3321 2506 3453 2546 con-

1864 2565 2057 2637 iuncto
2080 2575 2134 2622 et
2153 2566 2408 2624 familiari
2438 2586 2536 2627 suo
2556 2588 2662 2627 non
2687 2576 2981 2645 negaverit.
3009 2576 3162 2633 Unde
3187 2589 3240 2634 et
3264 2580 3455 2637 beatus

1868 2656 2174 2725 Caesarius,
2218 2673 2342 2729 quae
2388 2660 2515 2718 hinc
2565 2675 2788 2721 sanctus
2836 2667 3167 2738 Augustinus
3210 2670 3454 2738 dixerat.

1869 2748 2165 2803 succedens
2187 2749 2239 2803 in
2266 2750 2454 2806 ordine
2471 2766 2569 2807 suo
2593 2765 2780 2811 sancto
2799 2755 3003 2811 llilario
3030 2774 3136 2813 non
3169 2760 3456 2832 ignoravit.

1866 2835 1959 2890 Ait
1982 2836 2129 2891 enim
2158 2848 2379 2894 sanctus
2398 2840 2732 2912 Augustinus
2761 2846 2813 2900 in
2843 2847 3070 2917 praefato
3096 2849 3235 2907 libro
3286 2852 3311 2924 (
3333 2870 3456 2924 cap.

1869 2925 1957 2992 ll,
1992 2926 2087 2981 sub
2124 2928 2304 3000 ﬁnem)
2341 2948 2354 2984 :
2397 2950 2415 2983 ι
2442 2931 2526 2986 Fit
2553 2935 2752 3005 quippe
2782 2936 2835 2991 in
2866 2938 3021 2994 nobis
3052 2954 3149 3009 per
3181 2941 3322 2998 hanc
3358 2943 3457 2999 Dei

1867 3016 2099 3087 gratiam
2149 3018 2204 3072 in
2251 3018 2392 3076 bono
2436 3023 2782 3093 recipiendo,
2832 3016 2889 3082 et
2929 3043 3341 3099 perseveranter
3375 3045 3456 3089 te-

188 3123 381 3192 spirim
420 3136 606 3177 sumus
628 3122 802 3175 rem,“
820 3161 836 3186 ν
866 3135 974 3190 quo
1003 3120 1145 3175 idem
1170 3117 1414 3174 Christus
1458 3119 1766 3189 redemptor
1815 3190 1824 3192 Α
1868 3111 2046 3167 uendo
2064 3152 2078 3177 ,
2106 3128 2214 3167 non
2242 3115 2417 3169 solum
2431 3132 2589 3186 posse
2610 3119 2753 3188 quod
2775 3119 3055 3190 volumus,
3085 3139 3268 3180 verum
3292 3128 3458 3183 etiam

187 3190 237 3266 et
264 3211 512 3266 salvator
539 3218 726 3266 noster
761 3225 828 3265 ex
850 3210 1196 3265 immaculata
1219 3209 1457 3280 Virginis
1479 3222 1644 3263 carne
1670 3223 1769 3279 pro
1794 3190 1840 3254 C
1874 3205 2010 3261 velle
2035 3207 2179 3277 quod
2195 3222 2502 3279 possumus.
2520 3210 2673 3277 Quod
2690 3227 2794 3268 non
2824 3212 2928 3269 fuit
2960 3214 3014 3270 in
3029 3216 3244 3273 homine
3259 3220 3454 3291 primo:

189 3306 348 3362 nobis
388 3314 473 3360 est
505 3313 683 3360 natus.
719 3303 776 3360 9ο
805 3323 825 3357 ‹
861 3304 1160 3361 Arbitrium
1198 3303 1495 3361 voluntatis
1524 3312 1653 3358 tunc
1687 3312 1772 3359 est

193 3411 320 3451 vere
344 3394 599 3461 liberum,
627 3411 749 3451 cum
768 3396 911 3452 vitiis
936 3396 1276 3466 peceatisquc
1302 3409 1410 3450 non
1432 3393 1618 3450 servit.
1641 3392 1772 3477 Tabe

199 3476 387 3541 datum
415 3494 502 3542 est
531 3501 563 3541 a
598 3487 709 3542 Deo
737 3488 923 3557 utique
954 3488 1156 3542 homini
1187 3487 1397 3558 primo,
1430 3486 1575 3557 quod
1609 3476 1774 3541 amis-

194 3595 310 3633 sum
332 3580 440 3633 nisi
477 3594 508 3633 a
547 3594 655 3648 quo
691 3580 862 3649 potuit
905 3579 1023 3634 dari
1071 3595 1176 3634 non
1203 3577 1383 3651 potuit
1410 3577 1584 3633 reddi.
1616 3575 1772 3632 Unde

192 3674 403 3731 Veritas
432 3676 561 3731 dicit
592 3693 605 3729 :
641 3673 699 3729 Si
723 3692 808 3730 vos
835 3672 1008 3730 Filius
1035 3674 1351 3739 liberaverit,
1368 3690 1482 3728 vere
1507 3672 1657 3727 liberi
1675 3672 1776 3727 eri-

191 3767 286 3834 tis,
319 3786 341 3819 ι
382 3765 540 3838 142
579 3767 719 3822 sicut
748 3768 802 3821 in
841 3766 1266 3838 prtecedentibus
1290 3767 1395 3821 duo
1442 3764 1675 3836 capitula
1704 3779 1772 3820 ex

191 3857 396 3927 synodo
422 3856 707 3911 Palaestina
728 3850 1057 3926 cenjunctim
1091 3856 1267 3926 posuit
1293 3896 1308 3921 ,
1330 3864 1384 3910 et
1403 3852 1670 3925 superﬂue
1691 3853 1773 3908 in-

191 3947 475 4011 tersernit,
506 3947 660 4016 quasi
692 3961 793 4002 non
835 3946 1105 4003 suliiceret
1129 3947 1269 4018 quod
1292 3946 1586 4017 apostolica
1616 3945 1772 4001 sedes

191 4039 254 4093 ad
274 4037 660 4094 suilicientiam
688 4037 856 4094 edidit
884 4056 897 4092 :
929 4039 1003 4094 ita
1035 4054 1179 4094 nunc
1207 4038 1500 4109 capitulum
1551 4038 1771 4093 tertium

191 4131 459 4188 decimum
506 4132 780 4188 Arausica:
814 4131 1002 4203 synodi
1042 4131 1097 4186 in
1148 4132 1255 4186 duo
1283 4129 1498 4196 divisit,
1530 4139 1585 4185 et
1616 4129 1774 4186 aliter

189 4237 348 4293 quam
382 4223 501 4293 ipsa
526 4222 813 4293 protulerit
839 4223 1008 4278 isdem
1048 4221 1282 4279 secando
1308 4221 1628 4292 composuit.
1657 4220 1771 4276 lloc

188 4310 454 4383 siquidem
480 4312 773 4383 capitulum
811 4312 1070 4367 Arausica
1093 4313 1329 4384 synodus
1358 4311 1425 4368 de
1464 4312 1604 4368 libro
1629 4309 1770 4367 Sen-

189 4408 478 4462 tentiarum
509 4406 758 4480 Prosperi
778 4447 792 4471 ,
824 4407 1055 4477 capitulo
1086 4407 1189 4461 150
1226 4409 1421 4477 partim
1458 4409 1770 4480 assumpsit,

189 4507 241 4552 et
258 4498 398 4554 dixit
424 4515 439 4552 :
469 4517 489 4550 ι
517 4497 817 4553 Arbitrium
843 4499 1139 4554 voluntatis
1161 4501 1213 4553 in
1241 4501 1415 4570 primo
1446 4501 1663 4556 homine
1687 4503 1770 4556 in-

189 4587 497 4654 ﬁrmatum,
525 4588 629 4643 nisi
666 4603 765 4658 per
792 4590 1020 4661 gratiam
1063 4589 1314 4659 baptismi
1351 4606 1456 4645 non
1493 4601 1670 4661 potest
1693 4606 1774 4647 re-

190 4684 402 4753 parari;
432 4683 575 4753 quod
604 4684 894 4748 amissum,
935 4682 1039 4738 nisi
1066 4698 1097 4738 a
1131 4699 1239 4754 quo
1270 4685 1446 4753 potuit
1480 4682 1629 4748 dari,
1663 4700 1772 4739 non

190 4781 363 4841 potest
384 4772 561 4828 reddi.
587 4771 976 4843 Unde}Veritas
995 4773 1113 4844 ipsa
1140 4773 1298 4828 dicit:
1322 4773 1383 4828 Si
1410 4791 1494 4828 vos
1514 4772 1687 4827 Filius
1708 4773 1774 4827 li-

193 4862 471 4931 beraverit,
496 4874 621 4917 tunc
645 4879 761 4918 vere
804 4863 953 4918 liberi
978 4864 1146 4919 eritis.
1180 4883 1200 4917 ι
1246 4862 1263 4935 (
1290 4863 1450 4918 Joan.
1480 4880 1598 4929 Vill,
1632 4865 1722 4919 36.
1753 4866 1770 4934 )

192 4952 292 5010 lste
326 4966 542 5022 autem,
571 4957 714 5011 sicut
742 4958 1134 5028 praemisimus,
1179 4967 1431 5012 octavum
1472 4958 1767 5028 capitulum

191 5048 439 5103 erexitde
467 5048 755 5103 medietate
777 5038 931 5104 istius
955 5048 1228 5121 synodalis
1248 5048 1467 5120 capituli
1494 5049 1766 5104 scribens:

198 5156 216 5187 ι
248 5141 545 5196 Arbitrium
570 5142 864 5199 voluntatis
896 5144 947 5198 in
978 5143 1154 5214 primo
1178 5143 1393 5198 homine
1417 5143 1770 5209 infirmatam,

193 5229 293 5283 nisi
324 5246 421 5301 per
454 5233 686 5303 gratiam
713 5234 993 5303 baptismi,
1020 5249 1125 5288 non
1153 5242 1332 5305 potest
1364 5233 1625 5305 reparari.
1659 5253 1678 5285 ›
1706 5234 1775 5288 Et

194 5334 391 5376 nonum
433 5323 501 5377 de
545 5326 810 5378 sententia
844 5325 1125 5396 Prospcri,
1153 5341 1259 5397 qua
1295 5340 1361 5379 ex
1387 5327 1568 5380 verbis
1597 5326 1771 5380 sancti

194 5411 473 5484 Augustini
500 5414 631 5468 dicit
656 5431 670 5467 :
698 5433 717 5465 t
752 5415 1046 5470 Arbitrium
1072 5417 1359 5473 voluntatis
1377 5426 1504 5472 tunc
1532 5426 1619 5472 est
1647 5431 1776 5472 vere

196 5501 420 5560 liberum
450 5521 572 5561 cum
597 5507 746 5561 vitiis
773 5523 879 5561 non
909 5510 1095 5563 servit.
1129 5507 1261 5563 Tale
1286 5510 1472 5564 datum
1504 5516 1585 5565 est
1613 5523 1641 5563 a
1667 5509 1776 5565 Deo

195 5592 393 5649 homini
419 5596 615 5666 primo.
647 5595 801 5663 Quod
822 5596 1077 5651 amissum
1099 5638 1113 5662 ,
1138 5597 1239 5652 nisi
1264 5613 1293 5651 a
1313 5613 1421 5668 quo
1441 5599 1613 5667 potuit
1635 5598 1773 5665 dari,

196 5686 301 5736 n‘on
330 5693 505 5754 potest
540 5685 712 5741 reddi.
750 5685 898 5742 Unde
923 5686 1139 5742 Veritas
1180 5675 1309 5742 dicit
1342 5704 1355 5740 :
1388 5685 1449 5743 Si
1480 5705 1568 5743 vos
1599 5686 1796 5744 Filius

197 5771 515 5845 liberaverit,
552 5788 676 5835 tunc
708 5794 822 5835 vere
858 5779 1008 5835 liberi
1044 5780 1211 5836 eritis.
1242 5798 1261 5834 ι
1294 5777 1563 5836 Caeterum
1586 5788 1774 5836 sancta

1798 4548 1853 4608 D

1872 3311 2038 3351 unum
2058 3298 2202 3353 enim
2227 3299 2418 3354 horum
2436 3300 2487 3355 in
2516 3300 2608 3357 illo
2620 3300 2722 3357 fuit
2739 3343 2756 3368 ,
2776 3302 3007 3360 alterum
3024 3322 3130 3362 non
3151 3306 3271 3363 fuit.
3295 3307 3458 3364 Nam-

1870 3402 1979 3460 que
2005 3397 2065 3443 ut
2087 3390 2357 3461 reciperet
2381 3391 2584 3447 bonum
2609 3396 2783 3466 gratia
2809 3412 2915 3451 non
2936 3399 3155 3469 egebat,
3180 3401 3308 3472 quia
3322 3418 3459 3458 non-

1871 3480 2002 3537 dum
2027 3483 2340 3552 perdiderat
2366 3502 2379 3539 :
2405 3492 2465 3540 ut
2490 3495 2672 3542 autem
2705 3488 2758 3543 in
2785 3503 2851 3545 eo
2878 3502 3241 3561 permaneret,
3266 3496 3461 3566 egebat

1873 3570 2144 3642 adjutorio
2169 3574 2389 3644 gratiae,
2417 3574 2536 3632 sine
2558 3592 2665 3646 quo
2692 3577 2746 3632 id
2769 3580 2990 3635 omnino
3020 3596 3126 3636 non
3156 3595 3361 3653 posset.
3389 3586 3458 3641 Et

1860 3663 2035 3737 143
2057 3674 2342 3735 acceperat
2365 3681 2524 3738 posse
2560 3668 2605 3722 si
2636 3669 2814 3737 vellet,
2845 3673 2989 3742 quod
3030 3682 3089 3728 ut
3117 3675 3280 3732 nollet
3305 3678 3370 3733 de
3399 3678 3463 3732 li-

1872 3756 2003 3812 hero
2042 3757 2316 3812 descendit
2340 3758 2605 3816 arbitrio:
2639 3763 2780 3831 quod
2807 3771 2935 3821 tunc
2969 3765 3042 3820 ita
3069 3766 3295 3823 liberum
3316 3781 3460 3836 erat,

1873 3855 1935 3903 ut
1954 3849 2091 3904 bene
2117 3849 2254 3905 velle
2280 3861 2465 3920 posset
2508 3861 2565 3908 et
2603 3854 2763 3911 male.
2797 3856 2937 3924 Quid
2967 3860 3073 3915 erit
3114 3871 3294 3916 autem
3323 3861 3460 3918 libe-

1874 3938 1988 3994 rius
2016 3939 2187 3994 libero
2214 3941 2463 4009 arbitrio,
2490 3945 2706 4013 quando
2735 3962 2840 4002 non
2871 3949 3071 4018 poterit
3099 3952 3307 4008 servire
3329 3969 3461 4024 pec-

1873 4030 2029 4084 cato?
2054 4042 2175 4100 qna:
2218 4029 2397 4087 futura
2439 4042 2557 4088 erat
2595 4042 2649 4089 et
2681 4036 2910 4104 homini,
2941 4040 3083 4096 sicut
3123 4040 3264 4099 facta
3296 4053 3464 4100 estet

1874 4123 2082 4193 angelis
2124 4125 2350 4190 sanctis,
2401 4140 2612 4183 merces
2657 4128 2857 4184 meriti.
2903 4129 3056 4188 Nunc
3100 4143 3314 4202 autem,
3363 4154 3464 4208 per

1876 4225 2157 4286 peccatum
2184 4216 2394 4287 perdito
2419 4218 2562 4275 bono
2594 4220 2809 4287 merito,
2842 4219 2899 4275 in
2929 4222 3016 4278 his
3041 4224 3132 4294 qui
3159 4225 3463 4283 liberantur

1874 4304 2078 4362 factum
2101 4317 2185 4364 est
2210 4309 2409 4365 donum
2435 4311 2644 4382 gratiae,
2672 4327 2793 4382 qua:
2833 4328 3045 4371 merces
3078 4316 3256 4372 meriti
3281 4317 3463 4376 futura

1874 4406 2011 4453 erat.
2044 4418 2064 4452 ι
2094 4398 2162 4454 Ει
2196 4410 2317 4470 post
2363 4416 2535 4472 pauca
2574 4420 2587 4457 :
2638 4421 2659 4455 ι
2709 4402 2960 4475 Nunquid
3008 4407 3206 4463 dicturi
3249 4424 3460 4480 sumus,

1877 4488 1995 4544 Non
2038 4491 2211 4561 potuit
2252 4505 2478 4561 peccare
2515 4494 2605 4563 qui
2638 4493 2746 4549 tale
2787 4495 3021 4553 habebat
3047 4498 3275 4556 liberum
3319 4488 3467 4559 arbi-

1878 4581 2077 4636 trium?
2102 4591 2197 4637 aut
2220 4598 2327 4638 non
2350 4585 2525 4655 potuit
2551 4586 2688 4644 mori
2717 4588 2803 4642 cui
2833 4589 3036 4644 dictum
3061 4600 3162 4658 est,
3194 4594 3239 4649 si
3268 4610 3464 4665 pecca-

1875 4674 2021 4729 veris
2062 4684 2239 4731 morte
2267 4676 2551 4732 morieris?
2581 4686 2675 4732 aut
2719 4694 2829 4735 non
2869 4684 3043 4752 potuit
3079 4685 3280 4741 bonum
3309 4687 3465 4746 dese-

1876 4780 2019 4830 rere,
2047 4782 2169 4821 eum
2200 4767 2302 4822 hoc
2331 4768 2607 4837 peccando
2637 4771 2955 4840 deseruerit,
2978 4785 3034 4830 et
3062 4776 3183 4833 ideo
3217 4791 3464 4837 mortuus

1876 4856 1981 4912 sit?
2016 4876 2034 4909 ι
2071 4857 2138 4912 Et
2167 4858 2296 4912 item
2325 4860 2464 4930 (cap.
2496 4860 2586 4933 11)
2620 4879 2635 4917 :
2676 4880 2694 4914 ι
2730 4862 2838 4920 Sed
2859 4866 3098 4924 deseruit
3129 4880 3184 4925 et
3216 4871 3465 4930 desertus

1874 4959 1975 5003 est.
2026 4949 2156 5004 Tale
2194 4951 2393 5023 quippe
2441 4963 2560 5008 erat
2615 4953 2942 5025 adjutoritim
2996 4963 3140 5030 quod
3185 4965 3465 5024 desereret

1879 5056 2001 5095 cum
2040 5042 2220 5107 vellet,
2242 5053 2296 5097 et
2320 5044 2373 5097 in
2409 5059 2516 5114 quo
2549 5058 2895 5116 permaneret
2919 5052 2964 5107 si
2994 5052 3171 5119 vellet,
3210 5070 3316 5112 non
3352 5074 3463 5129 quo

1878 5134 2034 5189 ﬁeret
2072 5142 2131 5188 ut
2159 5134 2336 5190 vellet.
2365 5135 2491 5192 llaec
2523 5150 2610 5192 est
2646 5141 2819 5210 prima
2858 5143 3053 5211 gratia,
3075 5160 3195 5215 quae
3223 5148 3347 5203 data
3375 5161 3463 5209 est

1878 5225 2053 5295 primo
2095 5226 2267 5281 Adam
2310 5247 2323 5282 :
2376 5230 2472 5285 sed
2513 5232 2630 5287 haec
2671 5215 2943 5303 potentior
2986 5249 3072 5292 est
3122 5239 3177 5293 in
3226 5244 3463 5299 secundo

1879 5320 2089 5374 Adam:
2123 5320 2301 5376 Prima
2332 5332 2434 5389 est,
2464 5339 2572 5393 qua
2600 5322 2662 5385 ﬁt
2697 5335 2755 5380 ut
2781 5327 2979 5382 habeat
3011 5329 3172 5385 homo
3193 5329 3462 5400 justitiam

1881 5410 1926 5465 si
1976 5411 2138 5465 velit:
2172 5414 2408 5468 secunda
2436 5429 2565 5484 ergo
2599 5415 2720 5484 plus
2761 5426 2959 5486 potest,
2985 5434 3092 5488 qua
3120 5420 3285 5476 etiam
3315 5421 3378 5479 ﬁt
3404 5433 3466 5480 ut

1878 5503 2031 5571 velit,
2051 5515 2106 5559 et
2135 5514 2345 5559 tantum
2373 5505 2504 5560 velit
2531 5516 2791 5578 tantoque
2810 5507 3004 5563 ardore
3027 5511 3235 5584 diligat,
3259 5523 3318 5568 ut
3341 5531 3464 5571 car-

1878 5593 1965 5649 nis
1990 5593 2324 5650 voluntatem
2367 5595 2639 5650 contraria
2681 5596 3151 5668 concupiscentem
3191 5600 3465 5658 voluntate

1878 5687 2103 5760 spiritus
2151 5687 2352 5743 vincat.
2409 5707 2427 5739 ι
2461 5687 2529 5743 Ει
2572 5688 2702 5744 item
2755 5699 2980 5748 sanctus
3034 5678 3366 5766 Augustinus
3408 5695 3464 5751 in

1877 5776 2067 5837 eodem
2086 5780 2227 5836 libro
2247 5779 2313 5836 de
2334 5778 2684 5853 Correptione
2701 5792 2756 5840 et
2782 5775 2967 5841 Gratia
2986 5785 3122 5858 (cap.
3148 5774 3175 5840 t
3186 5787 3235 5856 l,
3256 5786 3426 5847 iuitiol
3446 5801 3477 5853 :A
