3992 6336
527 356 629 414 207

524 531 657 614 vario
696 531 886 610 habuit
918 559 1186 617 magnam,
1239 543 1333 597 sed
1379 540 1669 609 disparem.
1719 534 1811 589 ille
1852 534 1908 588 in
1948 531 2106 586 bonis

526 657 647 707 erat
682 661 803 718 qua:
831 641 1071 698 bonitate
1111 636 1193 691 sui
1226 630 1530 697 conditoris
1560 633 1877 696 acceperat.
1923 622 2106 692 Neque

528 741 672 799 enim
699 714 764 793 ea
789 737 950 798 bona,
972 738 1029 786 et
1069 727 1161 783 ille
1195 726 1308 783 suis
1347 722 1558 778 meritis
1580 723 2017 787 comparaverat,
2050 714 2106 769 in

529 829 724 902 quibus
769 836 993 896 prorsus
1038 817 1243 875 nullum
1288 813 1594 885 patiebatur
1634 807 1856 902 malum.
1906 803 2107 902 -Sancti

528 894 660 974 vero
686 916 741 971 in
774 894 889 968 hac
917 909 1044 974 vita,
1086 905 1157 962 ad
1190 918 1326 975 quos
1352 901 1586 971 pertinet
1614 894 1952 951 liberationis
1994 894 2109 949 haec

532 1007 725 1082 gratia,
757 1004 812 1060 in
838 1000 996 1058 malis
1022 1004 1171 1061 sunt,
1196 1009 1269 1048 ex
1298 992 1497 1063 quibus
1534 988 1772 1044 clamant
1812 985 1878 1039 ad
1923 982 2107 1038 Domi-

532 1072 663 1153 ἷιυιιι
689 1072 919 1149 {Libera
948 1104 1041 1144 nos
1062 1104 1095 1140 a
1116 1083 1256 1140 malo
1288 1076 1743 1153 (Mattlt.v1).llle
1777 1075 1831 1129 in
1874 1073 1982 1128 illis
2014 1072 2112 1128 bo-

532 1190 620 1246 nis
641 1184 842 1244 Christi
877 1188 1052 1238 morte
1089 1192 1193 1232 non
1219 1175 1401 1247 eguit:
1432 1173 1566 1226 istos
1583 1184 1614 1223 a
1640 1178 1788 1222 reatu
1811 1173 1865 1220 et
1890 1163 2112 1220 haeredi-

537 1281 680 1336 tario
703 1287 757 1331 et
784 1273 1000 1347 proprio
1030 1269 1173 1325 illius
1197 1266 1333 1338 Agni
1363 1263 1581 1333 sanguis
1607 1259 1852 1315 absolvit.
1881 1255 1971 1347 Ille
1999 1270 2111 1309 non

536 1384 672 1440 opus
695 1364 927 1423 habebat
952 1376 1019 1416 eo
1039 1356 1324 1429 adiutorio.
1350 1352 1501 1421 Quod
1535 1349 1823 1420 implorant
1852 1346 1941 1401 isti
1985 1359 2112 1401 cum

534 1464 749 1518 dicunt:
772 1456 937 1511 .Vidco
958 1451 1119 1507 aliam
1139 1448 1301 1519 legem
1322 1448 1377 1501 in
1404 1444 1648 1498 membris
1673 1440 1799 1494 meis
1823 1453 2112 1508 repugnan-

534 1563 636 1607 tem
656 1549 757 1619 legi
785 1544 969 1602 mentis
1007 1556 1156 1606 atere,
1183 1549 1231 1594 et
1267 1536 1613 1607 captivantem
1642 1548 1722 1585 me
1765 1530 1819 1583 in
1861 1528 1970 1598 lege
1995 1542 2114 1596 pec-

533 1643 636 1697 cati
659 1618 776 1711 quo:
800 1647 872 1692 est
901 1635 956 1688 in
982 1631 1223 1688 membris
1251 1630 1395 1684 meis.
1432 1625 1630 1696 Infelix
1652 1639 1746 1694 ego
1779 1623 1956 1685 homo,
1997 1618 2112 1689 quis

534 1748 617 1787 me
637 1726 871 1784 liberabit
899 1725 962 1779 de
988 1737 1202 1792 corpore
1228 1719 1409 1775 mortis
1442 1714 1643 1787 hujus?
1663 1713 1850 1769 Gratia
1892 1711 1988 1765 Dei
2021 1726 2113 1779 per

1507 333 1836 395 Ill'NCMARl
1871 327 2266 388 RHEMENSIS
2312 319 2829 383 ARCHIEPISCOPI
3042 386 3053 397 ς

531 466 730 537 c-Quid
768 474 896 541 ergo
940 458 1112 514 Adam
1165 468 1272 510 non
1315 450 1501 506 imbuit
1544 449 1640 504 Dei
1680 443 1946 518 gratiam?
1991 441 2105 497 lmo
2132 451 2177 503 Α
2208 436 2580 493 Manifestatur
2608 434 2752 490 enim
2798 433 2852 488 in
2893 447 2983 499 eo,
3023 428 3167 504 quieti
3191 428 3475 486 arbitrium
3496 428 3769 490 voluntatis

3665 315 3765 377 ξοδ

2206 544 2395 585 sanum
2420 527 2595 598 primo
2622 525 2826 581 homini
2874 524 3050 581 fuerat
3089 525 3298 589 datum,
3329 531 3384 578 et
3428 523 3481 577 in
3511 523 3598 579 illo
3626 524 3765 580 inﬁr-

2204 626 2431 683 matum,
2467 625 2526 671 et
2560 616 2703 685 quod
2746 615 3005 670 amissum
3049 629 3155 669 non
3188 622 3372 684 potest
3400 615 3635 684 reparari
3675 616 3770 673 nisi

2205 725 2302 778 per
2328 710 2557 781 gratiam
2595 707 2867 778 baptismi,
2913 723 3020 777 quo
3063 714 3422 762 renascuntur
3471 706 3647 763 ﬁdeles
3688 724 3770 766 eo-

2207 802 2327 856 dem
2360 800 2576 871 spiritu,
2609 813 2717 869 qno
2758 806 2815 852 et
2848 797 3094 854 conditor
3115 804 3170 852 et
3192 806 3477 866 reparator
3502 806 3675 852 noster
3697 810 3774 855 est

2207 901 2386 955 natus,
2412 891 2664 959 idemque
2687 888 2977 944 voluntatis
3004 887 3287 942 arbitrium
3314 888 3382 942 ah
3406 886 3523 955 ipso
3546 887 3774 946 ﬁdelibus

2207 984 2470 1049 redditur,
2517 998 2625 1053 quo
2673 983 2852 1053 primo
2892 980 3097 1036 homini
3149 978 3329 1035 fuerat
3377 978 3581 1035 datum.
3629 980 3775 1037 Plena

2207 1089 2339 1130 vero
2378 1074 2586 1130 sanitas
2629 1082 2790 1143 atque
2818 1072 3058 1144 perfecta
3103 1071 3325 1126 libertas
3368 1086 3512 1126 nunc
3552 1071 3778 1129 ﬁdelibus

2209 1169 2452 1226 redditur
2480 1170 2533 1225 in
2563 1184 2676 1240 spe,
2720 1169 2776 1224 in
2821 1168 3024 1234 futuro,
3066 1182 3189 1222 cum
3240 1165 3535 1222 novissime
3577 1167 3775 1221 inimica

2210 1262 2484 1319 destructa
2523 1260 2689 1318 fuerit
2719 1276 2884 1327 mors,
2934 1262 2988 1316 in
3018 1276 3098 1325 re,
3124 1261 3264 1316 sicut
3284 1260 3548 1330 scriptum
3582 1269 3677 1325 est,
3700 1277 3780 1330 spe

2209 1353 2339 1407 salvi
2367 1352 2498 1423 facti
2527 1367 2726 1406 sumus.
2755 1349 2890 1405 Nam
2925 1350 3160 1421 quandiu
3204 1349 3293 1405 hic
3340 1348 3636 1405 nonaliter
3660 1351 3781 1404 vivi-

2211 1457 2350 1508 mus,
2379 1457 2502 1497 cum
2530 1450 2706 1497 morte
2742 1440 3106 1511 conﬂigimus,
3135 1441 3224 1495 ubi
3264 1454 3465 1509 corpus
3491 1441 3629 1510 quod
3670 1455 3780 1497 cer-

2210 1533 2477 1605 rumpitur
2504 1541 2764 1605 aggravet
2782 1532 3042 1599 animam,
3082 1541 3138 1588 et
3177 1531 3435 1603 deprimit
3460 1541 3669 1588 terrena
3706 1533 3779 1587 in-

2211 1624 2472 1682 habitatio
2499 1634 2718 1681 sensum
2761 1622 2930 1678 multa
2975 1623 3325 1695 cogitantem.
3362 1620 3464 1677 Ubi
3499 1636 3626 1678 caro
3661 1637 3782 1678 cou-

2212 1720 2441 1791 cupiscit
2456 1719 2715 1775 adversus
2738 1718 3012 1788 spiritum,
3030 1716 3253 1785 spiritus
3267 1715 3537 1769 adversus
3560 1729 3779 1778 carnem,

532 1821 713 1876 Jesum
743 1816 1009 1873 Christum
1046 1812 1333 1867 Dominam
1363 1817 1596 1862 nostrum
1641 1805 1811 1877 (Rom.
1849 1819 1917 1858 \‘ll
1938 1843 1953 1869 ,
1997 1801 2109 1873 25).
2145 1803 2188 1862 Β
2216 1822 2276 1868 ιη
2302 1828 2409 1868 non
2435 1824 2770 1882 qumcunque
2795 1808 3040 1863 volumus
3070 1806 3158 1860 illa
3185 1804 3478 1861 faciamus,
3507 1804 3603 1861 Ubi
3628 1805 3780 1858 inter.

534 1910 800 1979 Quoniam
824 1907 878 1963 in
912 1906 1001 1960 eis
1030 1918 1157 1959 caro
1179 1901 1508 1970 concupiscit
1547 1898 1807 1953 adversus
1838 1894 2109 1966 spiritum,

532 2014 589 2062 et
615 2003 839 2075 Spiritus
870 1999 1131 2055 adversus
1158 2010 1402 2059 carnem.
1426 2001 1588 2062 atque
1610 1991 1661 2045 in
1694 1989 1785 2044 tali
1816 1987 2115 2044 certamine

450 2134 453 2141 ι
532 2097 844 2152 laborantes
886 2106 950 2147 ac
996 2087 1363 2162 periclitantes
1396 2085 1509 2140 dari
1542 2083 1650 2138 sibi
1679 2080 1954 2153 pugnandi
1999 2079 2116 2133 vin-

533 2187 795 2255 cendique
820 2183 1073 2238 virtutem
1117 2194 1213 2248 per
1252 2174 1450 2232 Christi
1479 2174 1707 2245 gratiam
1736 2178 1991 2241 poscunt.
2024 2168 2115 2223 ille

529 2292 686 2342 vero,
718 2274 862 2330 nulla
894 2272 985 2327 tali
1014 2268 1130 2325 rixa
1176 2284 1206 2322 a
1238 2267 1416 2338 seipso
1441 2266 1701 2320 adversus
1729 2262 1963 2332 seipsuin
1996 2272 2115 2315 ten-

532 2377 682 2422 tatus
703 2375 865 2434 atque
897 2362 1165 2425 turbatus,
1196 2358 1249 2412 in
1281 2356 1370 2411 illo
1396 2352 1882 2411 beatitudinisioco
1908 2365 2004 2406 sua
2030 2365 2115 2407 se-

532 2473 657 2512 cum
688 2469 842 2526 ,paee
887 2450 1185 2506 fruebatur.
1218 2447 1451 2503 Proinde
1488 2445 1591 2500 etsi
1638 2460 1743 2499 non
1773 2443 1985 2497 interim
2025 2442 2118 2498 lte-

532 2547 689 2610 tiure,
731 2558 874 2599 nunc
904 2556 1048 2596 vero
1091 2549 1267 2594 tamen
1314 2536 1613 2608 potentiore
1650 2534 1830 2605 gratia
1876 2532 2118 2604 indigent

533 2636 644 2691 isti.
674 2635 743 2690 Et
779 2631 1220 2704 qumpotcntiur,
1252 2644 1413 2699 quam
1449 2626 1539 2681 Dei
1577 2625 1884 2696 unigenitus
1922 2624 2114 2691 Filius,

531 2726 757 2800 aequalis
783 2725 929 2780 Patri
961 2736 1014 2777 et
1044 2732 1366 2785 comternus,
1405 2734 1503 2789 pro
1532 2718 1612 2773 eis
1648 2719 1808 2772 homo
1837 2715 2035 2782 factus,
2061 2724 2118 2771 et

533 2821 577 2876 si
605 2820 724 2876 sine
753 2832 852 2873 suo
886 2814 996 2870 ullo
1022 2813 1102 2867 vel
1147 2811 1398 2882 originali
1417 2810 1502 2866 vel
1538 2810 1758 2880 proprio
1785 2810 2116 2879 peccato,.ab

535 2908 847 2964 lmminibus
878 2903 1270 2974 ,pecculoribus
1325 2899 1651 2956 cruciﬁxus?
1713 2899 1815 2965 Qui
1870 2898 2117 2968 quamvis

536 3001 696 3056 tertia
744 2998 829 3053 die
865 2995 1161 3050 resurrexit
1210 3007 1484 3062 nunquam
1526 2991 1828 3045 moriturus
1869 2989 2112 3054 ulterius,

531 3093 756 3167 pertulit
795 3100 973 3147 tamen
996 3104 1114 3161 ,pro
1140 3088 1460 3144 mortalibus
1498 3096 1725 3142 mortem
1755 3086 1846 3155 qui
1888 3084 2115 3139 mortuis

2216 1907 2344 1960 dum
2374 1903 2636 1958 habemus
2676 1901 3006 1965 deserentes,
3052 1896 3280 1959 ideoque
3320 1886 3494 1966 gratia
3528 1895 3665 1966 juste
3703 1895 3783 1949 de-

2216 1997 2388 2061 serti,
2438 1994 2666 2051 liberum
2714 1991 2997 2047 arbitrium
3041 1988 3270 2060 iustitiae
3318 1988 3547 2043 liberum
3596 1987 3779 2057 peccati

2216 2102 2465 2153 servant,
2516 2085 2661 2143 sicut
2707 2085 3045 2139 demonstrat
3082 2079 3376 2152 Apostolus
3422 2076 3779 2133 dicens:Cimt

2215 2181 2353 2235 enim
2378 2177 2511 2233 serui
2545 2176 2723 2232 essetis
2748 2174 2968 2246 peccati,
2999 2173 3148 2228 liberi
3176 2171 3354 2242 fuistis
3369 2170 3609 2241 justitiar.
3636 2167 3782 2235 Quem

2215 2284 2336 2339 ergo
2375 2266 2606 2336 fructum
2649 2262 2905 2319 habuistis
2936 2272 3058 2317 tunc
3102 2262 3157 2315 iu
3200 2261 3308 2325 his,
3339 2261 3398 2314 in
3437 2258 3620 2329 quibus
3663 2272 3782 2309 nunc

2214 2353 2751 2426 erubescitisHRom.
2790 2368 2869 2418 vt,
2911 2351 3027 2423 21.)
3053 2349 3188 2406 Nam
3231 2349 3358 2405 linis
3415 2349 3619 2405 illorum
3653 2359 3783 2401 mors

2215 2456 2319 2504 est.
2363 2443 2639 2501 interdum
2685 2453 2864 2497 autem
2913 2442 3193 2504 habemus,
3223 2439 3406 2511 gratia
3453 2436 3694 2509 prmventi
3735 2441 3785 2487 et

2194 2522 2404 2609 oadjuti,
2437 2535 2665 2591 liberum
2709 2532 3014 2611 arbitrium,
3054 2531 3265 2602 peccati
3300 2529 3549 2594 liberum,
3580 2523 3782 2595 iustitia:

2216 2645 2454 2695 servum,
2505 2628 2650 2683 sicut
2703 2626 2897 2681 iterum
2941 2625 3083 2680 idem
3134 2623 3480 2679 demonstrat
3520 2616 3782 2691 Apostolus

2216 2721 2444 2776 dicens:
2484 2716 2641 2772 Nunc
2686 2733 2806 2771 vero
2845 2715 3052 2771 liberati
3097 2731 3130 2768 a
3173 2722 3415 2784 peccato,
3454 2711 3583 2767 servi
3628 2719 3780 2762 autem

2218 2811 2345 2882 facti
2361 2809 2498 2876 Deo,
2522 2808 2721 2863 habetis
2746 2806 2973 2876 fructum
3000 2815 3221 2861 vestrum
3242 2805 3302 2860 in
3322 2801 3778 2872 saneti/icationem,

2216 2903 2373 2973 ﬁnem
2401 2918 2518 2956 vero
2572 2901 2728 2955 vitam
2762 2909 3009 2955 wternam
3054 2898 3228 2964 (ibid.,
3273 2896 3417 2971 22).]
3445 2894 3575 2951 Cum
3623 2899 3782 2945 autem

2218 2992 2445 3048 mortale
2466 2993 2569 3047 hoc
2592 2990 2826 3046 induerit
2849 2989 3345 3056 immortalitatem,
3365 2995 3421 3042 et
3438 2982 3779 3055 corruptivum

2219 3083 2323 3138 hoc
2355 3081 2593 3137 induerit
2642 3080 3126 3150 incorruptionem,
3170 3089 3224 3137 et
3262 3080 3478 3137 venerit
3517 3076 3652 3148 quod
3677 3087 3781 3145 per-

529 3153 787 3260 pra'sﬁtit
810 3153 1093 3248 vitamﬁut
1125 3180 1386 3250 redempti
1416 3177 1533 3248 ejus
1562 3153 1840 3249 sanguine,
1878 3185 2025 3230 tanto
2048 3190 2112 3229 ac
2142 3153 2187 3214 (ἶ
2218 3171 2419 3229 fectum
2448 3180 2550 3238 est,
2573 3179 2628 3226 et
2646 3171 2993 3227 evacuabitur
3018 3172 3158 3242 quod
3187 3187 3254 3227 ex
3279 3180 3439 3244 parte
3464 3177 3566 3234 est,
3593 3163 3781 3223 habebi-

532 3280 625 3337 talt
649 3279 878 3353 pignore
915 3283 1136 3345 accepto
1184 3273 1471 3327 dicerent:
1508 3269 1569 3325 Si
1620 3268 1760 3322 Deus
1806 3283 1899 3338 pro
1938 3266 2113 3333 nobis,

531 3373 647 3445 quis
675 3381 861 3427 contra
890 3367 1024 3424 nos?
1055 3366 1144 3438 qui
1168 3364 1387 3436 .proprio
1427 3361 1566 3417 Filio
1596 3379 1698 3416 non
1745 3362 1991 3427 pepercit,
2012 3360 2117 3415 sed

531 3484 626 3539 pro
658 3466 807 3535 nobis
843 3461 1081 3517 omnibus
1110 3458 1326 3512 tradidit
1377 3456 1548 3521 illum,
1573 3466 1836 3525 quomodo
1868 3469 2117 3507 nou-cum

530 3555 620 3609 ille
676 3554 852 3608 omnia
901 3551 1049 3605 nobis
1097 3545 1550 3617 donarit?(liom.
1588 3560 1710 3608 sm,
1758 3543 1962 3614 Eii-5'2.)
2014 3542 2121 3597 Per

532 3647 682 3701 hunc
713 3643 1066 3699 mediator-em
1092 3640 1233 3694 Deus
1259 3636 1494 3693 ostendit
1531 3649 1626 3691 eos
1655 3649 1791 3704 quos
1811 3631 2122 3704 ejuslM

533 3734 799 3807 sanguine
838 3731 1066 3788 redemit
1115 3729 1295 3785 facere
1330 3742 1392 3783 se
1438 3741 1505 3781 ex
1548 3725 1709 3781 malis
1752 3725 2012 3794 deinceps
2068 3730 2120 3779 in

532 3838 799 3882 aeternum
819 3825 1009 3889 bonos,
1033 3836 1193 3892 quem
1215 3820 1295 3875 sic
1315 3818 1574 3889 suscepit,
1599 3826 1658 3871 ut
1686 3831 1960 3884 nunquam
1979 3822 2123 3869 esset

539 3917 737 3982 malus,
786 3931 887 3970 nec
940 3930 1006 3969 ex
1064 3911 1207 3967 malo
1254 3910 1430 3967 factus
1478 3924 1693 3980 seraper
1738 3915 1884 3964 esset
1927 3920 2120 3963 nonus.

532 4010 697 4067 istam
744 4010 973 4080 gratiam
1013 4022 1122 4062 non
1171 4005 1358 4060 habuit
1399 4004 1560 4058 homo
1588 4003 1812 4073 primus,
1847 4016 1952 4071 qua
1989 4015 2124 4080 nun-.-

534 4117 698 4173 quam
725 4101 887 4156 vellet
910 4114 1033 4155 esse
1063 4097 1236 4152 malus
1260 4115 1277 4150 ς
1309 4096 1402 4151 sed
1431 4110 1563 4150 sane
1593 4092 1797 4157 habuit,
1829 4092 1883 4147 in
1924 4106 2029 4160 qua
2075 4084 2121 4145 ει

534 4206 857 4269 permanere
884 4191 1064 4257 vellet,
1092 4204 1368 4259 nunquam
1416 4185 1589 4241 malus
1634 4191 1795 4239 esset.
1833 4201 1852 4234 ι
1883 4182 1950 4237 Ει
1995 4181 2122 4236 item

535 4287 727 4343 beatus
756 4282 1123 4355 Augustinus:
1160 4297 1178 4332 ‹
1213 4280 1392 4333 Prima
1416 4276 1639 4331 libertas
1665 4273 1956 4328 voluntatis
1981 4282 2120 4338 erat,

534 4394 696 4451 posse
721 4392 833 4433 non
859 4390 1087 4446 peccare
1113 4387 1126 4426 :
1159 4370 1450 4426 novissima
1473 4368 1573 4422 erit
1600 4365 1764 4420 multo
1799 4363 1992 4434 major,
2018 4379 2125 4417 non

2219 3278 2338 3317 tntis
2361 3260 2742 3333 tuncperfccte
2763 3261 3047 3318 arbitrium
3073 3261 3259 3319 liberte
3275 3260 3584 3324 voluntatis,
3601 3254 3782 3312 scilicet

2222 3351 2378 3425 145
2405 3352 2546 3408 nolle
2580 3367 2851 3423 peccare,
2883 3367 2988 3408 non
3014 3367 3175 3422 posse
3207 3368 3439 3422 peccare
3459 3391 3480 3417 ,
3515 3363 3614 3404 non
3639 3356 3782 3414 posse

2218 3445 2381 3510 mori,
2410 3461 2515 3499 non
2536 3459 2704 3515 posse
2734 3445 2936 3499 bonum
2965 3443 3233 3513 deserere.
3262 3444 3335 3500 Et
3360 3445 3414 3498 in
3452 3441 3535 3497 his
3561 3434 3781 3493 omnibus

2221 3536 2533 3591 adhaerente
2562 3535 2718 3590 nobis
2761 3534 3133 3591 misericordia
3182 3533 3488 3590 Salvatoris
3528 3524 3705 3587 nostri.
3729 3528 3781 3575 ιιι

2219 3629 2409 3683 beatus
2439 3627 2769 3698 Augustinus
2792 3625 2948 3692 dicit,
2976 3625 3029 3680 in
3067 3641 3209 3696 saepe
3235 3630 3538 3682 memorato
3584 3617 3707 3671 libro
3724 3610 3780 3665 de

2220 3720 2569 3791 Correptione
2599 3727 2656 3774 et
2694 3718 2907 3787 Gratia,
2957 3719 3024 3774 de
3063 3716 3505 3790 prtedestinatis:
3536 3710 3652 3781 quia
3685 3704 3782 3759 sive

2220 3828 2342 3869 cum
2371 3819 2790 3878 convertuntur,
2819 3811 2934 3867 sive
2975 3826 3098 3866 cum
3140 3810 3495 3882 praeliantur,
3536 3802 3642 3859 sive
3672 3808 3779 3851 cum

2221 3915 2567 3962 coronantur.
2617 3904 2750 3959 Nam
2796 3913 2852 3960 et
2901 3912 3028 3960 tunc
3078 3903 3183 3959 illis
3230 3904 3329 3961 Dei
3378 3891 3774 3958 misericordia!!!

2222 3996 2582 4052 necessariam
2630 4003 2821 4051 sancta
2858 3994 3140 4065 Scriptura
3174 4001 3432 4058 testatur,
3464 3987 3550 4044 ubi
3580 3986 3777 4065 sanctus

2223 4088 2290 4143 de
2312 4087 2539 4142 Domino
2566 4085 2675 4141 Deo
2696 4084 2834 4141 dicit
2874 4084 3070 4140 animae
3096 4099 3226 4150 sure,
3258 4083 3365 4150 Qui
3407 4084 3618 4136 coronat
3649 4079 3699 4123 te
3734 4064 3780 4116 in

2223 4179 2553 4233 miseratione
2579 4187 2626 4231 et
2648 4175 3009 4231 misericordia
3027 4173 3200 4248 (Psal.
3227 4190 3328 4244 cn,
3350 4172 3428 4244 ι),
3453 4167 3563 4224 Hoc
3575 4162 3781 4216 liberum

2223 4269 2508 4324 arbitrium
2535 4269 2697 4323 homo
2730 4268 2945 4338 primus
2993 4266 3312 4334 habuisset,
3353 4264 3399 4320 si
3449 4262 3501 4317 in
3531 4270 3594 4311 eo
3629 4249 3783 4338 libero

2224 4358 2448 4414 arbitrio
2475 4358 2618 4428 quod
2640 4336 2831 4413 habuit
2850 4357 2994 4412 sicut
3015 4365 3269 4428 potuerat
3293 4368 3423 4410 usus
3445 4349 3643 4404 fuisset.
3663 4336 3784 4428 Sicf"

574 4422 696 4436 ν..-
721 4422 829 4433 ..-η
859 4422 1085 4446 ,πη-τ
1113 4422 1125 4426 -
1244 4422 1349 4424 τη
1883 4422 1902 4434 .
1980 4422 1989 4431 ,
2492 4422 2510 4428 -
3015 4422 3031 4428 -

535 4422 699 4542 posse
742 4482 971 4540 peccare
1004 4482 1017 4518 :
1048 4479 1168 4533 qua:
1217 4461 1395 4515 futura
1438 4466 1556 4514 erat
1608 4467 1663 4512 et
1709 4456 1935 4521 homini,
1985 4454 2126 4510 sicut
2155 4449 2583 4542 npraemisimus
2636 4447 2703 4504 de
2752 4448 2931 4504 verbis
2978 4447 3150 4503 sancti
3194 4440 3477 4519 Augustini
3501 4438 3636 4507 (cap.
3669 4422 3778 4542 “li

538 4563 683 4620 facta
710 4569 796 4618 est
822 4567 878 4614 et
900 4555 1107 4613 abuelis
1120 4553 1352 4618 sanctis,
1375 4565 1582 4606 merces
1615 4547 1815 4605 meriti.
1844 4566 1871 4598 θ

1114 4733 1339 4793 CAPUT
1364 4732 1551 4788 XXIII.

542 4873 793 4946 Sequitur
827 4869 1125 4946 redargutio
1144 4869 1323 4946 Δἱρείιιδς
1356 4864 1732 4946 εοῃψὶιαιογὶε,
1758 4878 1823 4946 ea:
1847 4861 1984 4915 beati
2017 4861 2126 4915 Ait-

772 4936 1043 5014 gttstiui'et
1071 4936 1375 4995 cwlerorum
1402 4938 1673 4990 doctorum
1708 4936 1892 4988 verbis.

613 5080 709 5136 llis
736 5079 909 5136 sancti
938 5076 1222 5150 Augustini
1259 5075 1440 5131 verbis
1474 5071 1911 5127 manifestissime
1937 5070 2123 5136 claret,

545 5171 918 5228 rationabilius
944 5178 1185 5224 sanctam
1227 5168 1490 5239 synodum
1519 5165 1887 5235 composuisse
1917 5166 2127 5235 capitu-

2148 4516 2201 4575 D
2289 4539 2428 4608 Quid
2472 4547 2610 4604 erat,
2641 4538 2835 4608 inquit,
2866 4537 3092 4596 liberius
3113 4512 3563 4593 liberovarbitrio,
3594 4512 3783 4608 quando

2229 4646 2334 4686 non
2368 4630 2602 4701 potuerit
2655 4602 2864 4685 servire
2904 4635 3161 4699 peccato,
3207 4642 3337 4698 quae
3380 4622 3552 4677 futura
3591 4611 3699 4665 erat
3736 4602 3783 4652 ei

2224 4724 2455 4788 homini,
2503 4723 2644 4778 sicut
2690 4720 2833 4777 facta
2878 4730 2965 4777 est
3002 4730 3058 4777 et
3083 4720 3290 4791 angelis
3338 4709 3556 4773 sanctis,
3600 4703 3782 4791 more.”

2228 4816 2405 4870 meriti
2421 4814 2444 4868 ?
2458 4835 2481 4867 ο
2517 4813 2622 4868 Sed
2643 4813 2944 4882 cuicunque
2956 4810 3159 4882 placet,
3174 4810 3407 4880 benigno
3426 4799 3601 4856 animo
3625 4777 3781 4882 coniti-

2228 4915 2312 4962 rat
2339 4904 2633 4976 capitulum
2654 4868 3161 4960 sancta'Arausica:
3191 4868 3386 4974 synodi
3417 4904 3535 4950 cum
3571 4868 3781 4969 capitulo

2234 5013 2263 5053 a
2290 4998 2445 5054 nobis
2466 4996 2532 5054 ad
2563 5013 2779 5053 sensum
2801 5004 3082 5066 excerpta,
3112 4995 3239 5066 quia
3263 4991 3463 5048 librant
3499 4990 3606 5066 pne
3627 4977 3779 5066 aiant:

2230 5086 2333 5144 bus
2351 5096 2485 5142 tunc
2528 5103 2635 5144 non
2674 5048 2991 5152 habuimus:
3032 5048 3247 5155 qita‘ndo
3273 5084 3377 5138 hoc
3412 5048 3689 5141 capitulum

2233 5179 2482 5235 sensibus
2527 5178 2949 5234 orthodoxornm
3006 5178 3214 5232 dictare
3257 5168 3433 5230 coacti
3486 5163 3692 5235 sumus.
3735 5141 3781 5235 cf

543 5265 679 5331 lum,
730 5279 891 5335 quam
949 5264 1111 5319 istum
1167 5262 1431 5316 divisisse.
1493 5258 1626 5326 Quia
1684 5257 1827 5327 quod
1892 5259 2129 5329 synodus
2236 5232 2947 5339 vidcaigianquvoﬁinud
2971 5269 3238 5323 δίοιειηιοε
3276 5250 3584 5320 acatholica
3622 5232 3781 5339 “sui”

546 5359 723 5415 dixit:
755 5376 773 5410 ι
805 5356 1100 5412 Arbitrium
1150 5354 1440 5410 voluntatis
1482 5352 1537 5406 in
1582 5352 1759 5423 primo
1789 5352 2004 5407 homine
2043 5353 2126 5406 in-

548 5452 843 5518 ﬁrmatam,
872 5449 974 5504 nisi
1021 5464 1117 5519 per
1136 5444 1645 5519 gratiambaptismi
1688 5461 1793 5499 non
1822 5452 1999 5515 potest
2040 5460 2130 5498 rc-

546 5538 755 5625 phi‘a’ri,
783 5542 924 5625 quod
950 5540 1206 5595 amissum
1247 5538 1352 5625 nisi
1401 5554 1433 5613 ξι
1479 5553 1584 5608 quo
1628 5537 1800 5608 potuit
1836 5536 1973 5602 dari,
2023 5552 2130 5590 non

1342 5606 1349 5631 l

474 5682 489 5693 .
548 5621 726 5707 potest
763 5621 942 5700 're'ddi,
989 5651 1008 5684 ι
1044 5621 1499 5713 ιοιυηινςοὴιξῐιεῑ
1535 5630 1795 5713 quidquid
1836 5621 2133 5713 adﬁcien-

549 5726 673 5781 dum
700 5733 862 5795 atque
886 5704 1717 5791 credendum'nioiiis'exinde‘CSt
1739 5704 2157 5778 necessarium.‘

2235 5362 2571 5433 expositione
2622 5360 2808 5432 synodi
2848 5359 3289 5416 discordavimus.
3340 5341 3583 5433 Synodu‘s

2237 5470 2256 5502 ι
2292 5452 2583 5508 Arbitrium
2616 5450 2907 5507 voluntatis
2950 5453 3001 5507 in
3033 5452 3207 5521 primo
3234 5443 3450 5504 homine
3480 5419 3778 5521 iiiﬁrnlilil‘n'l:

2239 5491 2255 5502 .
2625 5491 2907 5507 ,νυ-...ωηο
3034 5491 3206 5521 ru"...

2232 5540 2336 5596 nisi
2357 5556 2457 5611 per
2483 5541 2712 5612 gratiam
2743 5541 2994 5613 baptismi
3025 5556 3128 5596 non
3154 5545 3333 5612 potest
3355 5515 3622 5599 reparari.

2234 5588 2447 5611 ηψπ--
2483 5588 2712 5612 ηψπ.--
2745 5588 2994 5613 -..,,-,--..-
3025 5588 3128 5596 ην--
3194 5588 3329 5596 ,----
3418 5588 3435 5599 .
3747 5588 3757 5593 -

2233 5632 2491 5687 amissum
2524 5632 2626 5687 nisi
2667 5647 2697 5687 a
2749 5647 2856 5703 quo
2887 5632 3062 5703 potuit
3108 5588 3226 5688 dari
3266 5640 3371 5685 non
3418 5588 3778 5703 potest-leid:

2236 5719 2389 5781 Unde
2416 5686 2947 5794 Veritasipsa-dici‘t:
2978 5723 3037 5780 Si
3056 5686 3141 5780 vos
3165 5723 3334 5780 Itilius
3352 5686 3652 5781 liberaverit,
3674 5686 3780 5736 W‘
