3992 6336
215 334 329 393 209

988 332 1077 388 DE
1109 327 1779 388 PIUEDESTINATIONE
1817 327 2270 391 DlSSERTATlO
2305 332 2717 391 POSTERIOR.

3384 338 3492 395 2H)

217 466 343 505 me
392 448 541 503 liberi
586 446 756 503 eritis.
796 465 813 498 t
872 446 938 502 Et
989 462 1097 501 nos.
1140 448 1413 511 diximus,
1470 446 1801 501 Libertatem
1833 449 1878 504 Α
1907 454 2079 499 reStat
2110 446 2405 503 liberaudis
2432 449 2533 504 nisi
2559 451 2732 519 gratia
2756 451 3058 509 liherantis.
3083 454 3261 523 Quam
3279 455 3494 513 arbitrii

215 543 431 597 arbitrii
483 541 537 595 in
588 540 1036 611 primo’homine
1078 540 1455 610 perdidimus,
1501 554 1663 609 quam
1708 553 1805 609 per

213 636 503 692 Christum
526 634 1427 703 Dominum-nostrum-recepimus.
1451 633 1519 688 Et
1544 634 1804 688 habemus

213 726 457 782 liberum
485 725 771 780 arbitrium
806 725 870 778 ad
898 725 1098 778 bonum
1126 732 1457 794 praeventum
1483 733 1538 778 et
1562 722 1804 791 adjutum

214 823 441 895 gratia:
472 830 528 875 et
576 820 838 874 habemus
884 818 1112 872 liberum
1151 818 1437 872 arbitrium
1489 817 1555 871 ad
1604 815 1804 871 malum

211 912 496 966 desertum
521 910 711 979 gratia.
736 907 990 963 Liberum
1011 916 1191 962 autem
1216 909 1477 963 habemus
1496 907 1803 971 arbitrium,

210 1003 352 1072 quia
377 1001 550 1072 gratia
579 1000 862 1055 liberatum
888 1008 943 1053 et
963 997 1136 1069 gratia
1164 998 1230 1053 de
1251 1007 1509 1068 corrupto
1532 1006 1801 1052 sanatum.

290 1092 393 1147 His
412 1092 483 1147 ita
504 1089 731 1145 redditis
748 1099 934 1145 contra
956 1089 1397 1158 reprehensorem
1416 1088 1573 1158 hujus
1593 1102 1633 1141 a.
1650 1086 1805 1141 uobis

208 1183 468 1253 excerpti
495 1181 732 1252 capituli,
768 1180 923 1251 quasi
948 1195 1013 1235 ex
1044 1179 1212 1233 latere
1249 1178 1485 1235 breviter
1516 1176 1803 1232 memorari

211 1274 695 1344 delegiiuus,quia
723 1272 968 1343 pervenit
996 1271 1062 1325 ad
1110 1286 1243 1343 nos,
1276 1271 1541 1342 quoniam
1574 1270 1665 1325 isti
1711 1284 1806 1325 ne-

211 1362 469 1427 bubones,
494 1365 583 1432 qui
634 1363 686 1416 in
738 1369 906 1418 totum
953 1360 1129 1416 adhuc
1163 1361 1306 1415 sicut
1350 1374 1516 1431 prave
1564 1359 1807 1415 sentiunt

210 1454 467 1525 proferre
492 1455 545 1508 in
580 1453 850 1525 publicum
881 1468 986 1507 non
1012 1461 1369 1523 przesumunt,
1390 1452 1590 1507 librum
1619 1452 1808 1506 adver-

208 1560 343 1599 sum
388 1561 488 1601 nos
537 1545 748 1600 occulte
794 1543 1179 1610 conscribuut,
1232 1558 1394 1614 quem
1447 1543 1514 1598 ad
1563 1553 1806 1598 nostram

210 1637 468 1692 notitiam
495 1636 797 1707 pervenire,
823 1646 878 1690 et
894 1635 962 1689 ad
984 1635 1266 1692 lectionem
1289 1642 1529 1690 nostram
1549 1633 1809 1689 adversus

208 1741 359 1796 quos
401 1726 645 1780 scribunt
690 1724 997 1780 detractant
1036 1724 1349 1795 perducere.
1393 1724 1448 1779 In
1487 1738 1625 1793 quo,
1667 1723 1807 1778 sicut

208 1817 378 1874 nobis
399 1816 579 1871 retulit
595 1817 685 1887 qui
707 1817 957 1872 eumdem
981 1817 1136 1872 nobis
1157 1817 1541 1888 transcriptum
1560 1814 1805 1888 perferre
1835 1807 1880 1868 Β

208 1918 506 1978 satagens,
558 1908 611 1961 in
649 1908 860 1962 turbine
904 1908 1275 1973 tumultuoso,
1320 1908 1413 1979 qui
1461 1922 1633 1978 nuper
1676 1906 1809 1964 huic

210 2014 386 2069 regno
410 1998 626 2062 accidit,
656 2012 785 2052 cum
813 1997 934 2053 aliis
960 1998 1076 2053 suis
1116 1998 1379 2069 perdidit,
1417 1997 1594 2053 aemuli
1632 1995 1812 2052 nostri

210 2088 406 2143 dicunt
426 2103 524 2144 nos
544 2088 746 2153 dicere,
778 2087 1016 2143 scribere
1036 2097 1089 2143 et
1103 2089 1422 2158 praedicare,
1439 2087 1564 2159 quia
1577 2086 1811 2142 liberum

211 2177 501 2232 arbitrium
558 2177 799 2232 funditus
845 2178 897 2231 in
940 2176 1158 2233 homine
1206 2178 1382 2247 primo
1433 2183 1694 2247 peccante
1736 2175 1811 2231 sit

211 2267 507 2336 perditum.
538 2266 697 2321 Unde
722 2267 959 2321 breviter
993 2266 1251 2337 adnotare
1277 2267 1645 2331 decrevimus,
1676 2265 1807 2335 quid

210 2360 285 2413 de
316 2360 483 2413 libero
515 2359 741 2413 arbitrio
765 2358 1065 2415 sentiamus
1091 2378 1105 2413 :
1134 2367 1193 2413 ut
1213 2359 1303 2429 qui
1333 2356 1473 2414 forte
1502 2358 1809 2413 fatuitatem

213 2449 433 2505 illorum
460 2449 720 2520 attigerit,
750 2464 871 2520 qua:
914 2449 1027 2505 sale
1051 2449 1330 2505 catholica:
1371 2449 1650 2520 sapientiae
1678 2464 1810 2504 con-

212 2539 336 2593 dita
357 2548 511 2594 mens
532 2547 715 2594 nostra
735 2539 933 2594 sentiat
947 2538 1036 2594 hic
1063 2538 1181 2594 sine
1204 2537 1518 2595 diﬂicultate
1550 2538 1807 2609 reperiat.

213 2628 441 2685 Primus
484 2645 718 2700 namque
764 2630 927 2687 homo
956 2645 1082 2686 cum
1109 2629 1302 2686 liberio
1338 2629 1567 2687 arbitrio
1588 2631 1664 2686 ita
1700 2629 1809 2684 im-

207 2720 463 2778 mortalis
489 2730 575 2778 est
590 2722 865 2788 conditus,
894 2729 954 2777 ut
972 2733 1154 2792 posset
1180 2738 1287 2778 non
1304 2736 1531 2793 peccare
1559 2721 1604 2776 si
1625 2719 1806 2784 vellet,

206 2820 271 2868 et
297 2821 483 2884 posset
529 2827 756 2883 peccare
799 2813 857 2868 si
890 2812 1094 2867 vellet:
1128 2828 1232 2867 nou
1262 2821 1564 2867 moreretur
1603 2809 1648 2866 si
1698 2824 1808 2864 non

208 2913 493 2975 peccaret,
514 2912 818 2960 moreretur
837 2912 1015 2960 autem
1035 2904 1081 2958 si
1108 2910 1360 2975 peccaret
1383 2921 1396 2957 :
1430 2919 1535 2959 non
1554 2910 1809 2973 peccaret

196 2986 349 3053 vero
372 2994 420 3050 si
441 3009 547 3051 non
569 2995 753 3052 vellet.
778 2995 849 3050 Et
868 2994 912 3049 si
936 2994 1162 3050 arbitrio
1185 2993 1354 3050 libero
1375 2994 1448 3049 ita
1471 2994 1804 3064 persisteret,

210 3098 281 3142 ut
303 3101 537 3158 peccare
564 3102 671 3143 non
703 3086 881 3149 vellet,
923 3087 1195 3156 acciperet
1236 3087 1383 3142 illam
1416 3087 1595 3142 meriti
1626 3085 1804 3158 magni

1906 534 2207 592 libertatem
2261 541 2583 609 recepimus,
2616 552 2808 598 utnon
2849 545 3022 599 solum
3075 546 3214 602 bene
3264 547 3495 605 velimus

1903 636 1958 681 et
1980 627 2119 682 bene
2162 629 2479 699 possimus:
2513 647 2700 687 verum
2730 644 2847 689 uta
2875 637 3016 692 bono
3048 638 3328 694 discedere
3383 655 3493 695 non

1903 719 2154 785 velimus,
2177 729 2234 775 et
2261 721 2314 776 in
2341 721 2483 778 bono
2513 740 2863 793 perseverare
2908 729 3201 798 possimus,
3231 744 3340 786 non
3364 732 3496 787 abo-

1905 808 2051 866 lente
2081 812 2175 867 sed
2222 812 2472 868 adolente
2500 816 2675 885 gratia
2721 818 3006 874 arbitrium
3042 821 3270 877 liberum
3318 824 3494 892 gratia

1905 900 2192 958 liberatum
2219 944 2234 968 ,
2275 905 2451 975 gratia
2496 906 2566 961 de
2612 919 2868 978 corrupto
2915 921 3187 967 sanatum.
3239 912 3364 969 llaec
3413 924 3499 969 est

1905 995 2137 1052 secunda
2166 998 2360 1065 gratia,
2393 1005 2447 1052 et
2472 997 2683 1053 arbitrii
2726 999 2883 1054 liberi
2930 1003 3102 1068 gratia
3136 1004 3228 1058 Dei
3266 1018 3495 1074 recupe-

1908 1097 2026 1143 rata
2044 1088 2285 1145 libertas.
2304 1088 2439 1145 Cum
2467 1101 2647 1146 autem
2671 1091 2722 1144 in
2746 1090 2936 1146 electis
2954 1093 3168 1161 penitus
3196 1095 3492 1151 novissima

1906 1179 2128 1236 inimica
2179 1182 2452 1237 destructa
2506 1182 2673 1238 fuerit
2728 1199 2916 1247 mors,
2977 1192 3031 1237 et
3091 1186 3319 1241 mortale
3388 1187 3494 1242 hoc

1906 1272 2144 1329 induerit
2168 1273 2648 1342 immortalitatem,
2664 1283 2720 1331 et
2743 1275 3108 1346 corruptivum
3131 1276 3233 1333 hoc
3261 1278 3497 1335 induerit

1907 1365 2403 1437 incorruptionem,
2455 1367 2795 1439 profuturam
2847 1369 3057 1425 scilicet
3109 1371 3179 1426 ad
3231 1370 3495 1426 honorem

1906 1458 2052 1523 vitae,
2085 1474 2192 1513 non
2220 1458 2287 1512 ad
2315 1458 2999 1530 diuturnimtemsupplicii
3028 1478 3041 1514 :
3075 1460 3201 1531 quia
3229 1469 3499 1533 etpecca—

1907 1555 2065 1604 tores.
2091 1549 2317 1605 induent
2342 1544 2805 1621 incorruptionem
2830 1551 2897 1605 ad
2920 1551 3331 1607 diuturnitatem
3367 1568 3497 1623 sup-

1906 1640 2081 1712 plicii,
2131 1657 2237 1696 non
2268 1644 2334 1697 ad
2388 1642 2651 1699 honorem
2697 1645 2840 1699 vita.
2888 1645 3043 1713 Quos
3080 1646 3220 1718 ignis
3247 1648 3340 1717 qui
3389 1664 3498 1704 nou

1909 1734 2287 1804 exstinguetur
2334 1751 2458 1790 cum
2525 1737 2866 1813 s‘usceperit,
2925 1753 3030 1795 non
3087 1740 3395 1812 exstinguet
3444 1752 3500 1797 et

1907 1824 2157 1896 perimet,
2193 1826 2286 1880 sed
2318 1841 2491 1896 pmuse
2525 1842 2638 1883 sua:
2688 1843 2903 1898 semper
2929 1830 3172 1902 integros
3200 1846 3499 1888 conserva-

1908 1915 2006 1970 bit.
2040 1914 2190 1971 Tucn
2220 1914 2463 1987 ejusdem
2513 1918 2814 1974 conditoris
2852 1928 2907 1974 et
2951 1922 3305 1992 reparatoris,
3336 1931 3501 1993 atque

1909 2006 2251 2064 coronatoris
2292 2008 2462 2064 nostri
2507 2011 2703 2081 gratia,
2738 2011 2831 2081 qui
2863 2021 3090 2068 coronat
3118 2028 3216 2070 nos
3245 2013 3298 2069 in
3336 2015 3500 2071 mise-
3603 2079 3618 2090 ο

1908 2103 2141 2160 ricordia
2164 2114 2218 2159 et
2246 2105 2707 2175 miserationibus,
2726 2109 2771 2164 si
2797 2125 2920 2164 cum
2944 2109 3129 2166 electis
3152 2121 3500 2183 resurgentes

1909 2192 2197 2249 immutari
2217 2196 2583 2252 meruerimus
2602 2238 2617 2263 ,
2663 2213 2851 2254 omnes
2878 2199 3098 2269 quidem
3129 2214 3504 2272 resurgentes,

1908 2284 2003 2339 sed
2035 2301 2140 2341 non
2167 2301 2357 2341 omnes
2383 2288 2811 2356 immutabimur,
2840 2292 3169 2362 accipiemus
3194 2293 3499 2365 perfectam

1908 2384 1967 2432 et
1987 2376 2133 2432 illam
2164 2379 2454 2434 maximam
2482 2378 2809 2449 libertatem,
2832 2392 3016 2440 utnec
3045 2400 3296 2456 peccare,
3323 2401 3501 2457 neque
3564 2384 3581 2430 τ

1908 2467 1978 2524 ab
2005 2468 2307 2525 aeternitate
2335 2469 2600 2529 desistere
2642 2474 2944 2543 possimus,
2997 2491 3172 2545 neque
3219 2477 3447 2533 velimus
3480 2497 3497 2533 :

1907 2574 2070 2629 quam
2102 2571 2430 2630 acceperunt
2455 2562 2507 2617 in
2539 2579 2763 2619 munere
2787 2567 2961 2637 angeli
2994 2568 3204 2633 sancti;
3231 2584 3354 2639 qua:
3378 2577 3509 2626 erat:

1909 2649 2118 2703 arbitrii
2172 2650 2327 2705 liberi
2386 2665 2595 2707 merces
2647 2654 2861 2720 meriti,
2912 2656 3029 2710 sine
3088 2657 3503 2727 interpositione

1909 2741 2121 2807 mortis,
2168 2742 2214 2798 si
2245 2758 2351 2798 non
2399 2754 2699 2813 peccasset,
2736 2754 2791 2801 et
2834 2747 3057 2804 homini.
3094 2748 3243 2806 lianc
3285 2752 3501 2808 arbitrii

1909 2829 2211 2887 libertatem
2260 2836 2468 2903 primus
2518 2834 2680 2891 homo
2728 2852 2834 2892 non
2864 2836 3085 2905 habuit,
3135 2841 3263 2911 quia
3315 2856 3386 2897 ne
3430 2841 3508 2897 ad

1909 2923 2052 2980 banc
2075 2934 2134 2980 ut
2162 2934 2374 2996 poterat
2415 2928 2763 2998 perveniret,
2793 2929 3043 2988 libertate
3067 2934 3283 2990 arbitrii
3328 2949 3506 3005 quam

1909 3025 2192 3086 acceperat
2220 3017 2578 3075 inconsultius
2599 3029 2776 3087 utens,
2826 3021 2879 3077 in
2909 3023 3015 3079 iter
3033 3024 3227 3080 laevum
3250 3026 3509 3094 deﬂeuit,

1911 3104 2165 3163 desertus
2193 3106 2349 3180 147
2379 3109 2483 3163 Dei
2496 3112 2689 3181 gratia,
2721 3127 2879 3183 quem
2908 3115 3058 3183 prior
3098 3114 3216 3184 ipse
3232 3115 3507 3171 deseruit;

211 3177 648 3250 permansionem
672 3217 690 3244 ,
734 3177 902 3251 146
941 3189 1000 3231 ut
1050 3191 1278 3248 peccare
1329 3192 1435 3232 non
1472 3186 1657 3248 posset
1708 3192 1807 3231 nec

2193 3163 2332 3180 -.η
2496 3163 2527 3181 υ
2908 3163 3046 3183 Γ---
3100 3163 3213 3184 τ--
3241 3163 3507 3171 ------.--,

1913 3194 2019 3252 Sed
2040 3199 2167 3268 quia
2210 3216 2315 3255 non
2346 3202 2703 3257 intartemumr
2727 3203 2995 3274 projiciet,
3028 3212 3123 3259 aut
3147 3205 3511 3263 obliviscetur

213 3272 399 3337 vellet,
421 3271 562 3328 sicut
590 3280 917 3342 acceperunt
944 3270 998 3325 in
1020 3284 1243 3359 munere
1271 3270 1442 3341 angeli
1464 3269 1669 3335 sancti,
1685 3282 1809 3339 qua:

213 3377 435 3419 merces
461 3363 643 3418 meriti
670 3372 790 3419 erat
810 3362 993 3418 futura
1043 3371 1100 3417 et
1132 3362 1359 3417 homini.
1390 3361 1515 3419 Haec
1540 3368 1625 3416 est
1645 3359 1807 3447 primi

212 3454 456 3512 hominis
481 3454 689 3511 arbitrii
714 3455 873 3512 liberi
919 3470 1112 3526 magna
1140 3464 1195 3511 et
1217 3457 1391 3525 prima
1426 3453 1668 3518 libertas,
1699 3467 1816 3522 qua

212 3543 472 3601 libertate
498 3546 771 3602 voluntate
795 3547 1070 3616 peccavit,
1119 3556 1176 3601 et
1216 3554 1445 3601 mortem
1487 3544 1587 3600 sibi
1616 3559 1646 3599 a
1698 3545 1811 3599 Deo
1858 3554 1863 3559 '

213 3638 557 3709 praedictam,
587 3653 655 3695 ne
681 3638 828 3693 illam
856 3639 1131 3710 peccando
1162 3638 1491 3702 incurreret,
1527 3637 1813 3694 voluntate

213 3730 496 3801 peccando
510 3728 767 3784 incurrit:
795 3737 851 3784 et
867 3743 962 3800 per
982 3728 1183 3783 malum
1198 3727 1332 3784 velle
1351 3728 1584 3798 perdidit
1605 3728 1806 3783 bonum

213 3836 399 3892 posse,
447 3820 542 3890 qui
587 3834 686 3890 per
730 3834 888 3891 posse
931 3820 1132 3877 bonum
1176 3819 1351 3891 potuit
1398 3819 1627 3876 vincere'
1669 3819 1808 3875 velle

214 3912 442 3968 malum.
476 3910 545 3967 Et
583 3911 727 3966 sicut
754 3912 921 3966 homo
946 3910 1052 3975 ita,
1075 3919 1135 3965 ut
1182 3910 1436 3976 diximus,
1487 3910 1805 3967 immortalis

213 4002 471 4058 conditus
515 4000 636 4068 fuit,
667 4001 792 4071 quia
839 4000 982 4057 Deus
1018 4014 1139 4057 esse
1175 4000 1366 4066 voluit,
1394 4001 1625 4072 perdidit
1661 4001 1806 4071 quod

213 4094 581 4160 immortalis,
611 4103 667 4150 et
711 4078 974 4150 remansit
1006 4094 1148 4163 quod
1194 4093 1357 4149 homo
1397 4092 1537 4148 fuit:
1571 4094 1641 4147 ita
1682 4103 1806 4164 post

213 4199 407 4240 usum
436 4183 628 4239 habuit
674 4184 957 4239 arbitrium
1006 4182 1235 4238 liberum
1259 4221 1274 4249 ,
1309 4181 1535 4252 iustitia:
1574 4182 1809 4237 liberum

211 4275 426 4348 peccati
476 4289 713 4343 servum,
768 4289 864 4344 per
906 4290 965 4330 se
1011 4273 1279 4330 sumciens
1315 4274 1423 4330 sibi
1460 4274 1526 4329 ad
1579 4273 1813 4341 malum,

214 4367 530 4439 languidum
558 4374 739 4422 autem
765 4375 928 4436 atque
967 4365 1260 4420 invalidum
1293 4365 1361 4423 ad
1383 4380 1544 4421 omne
1576 4366 1811 4431 bonum,

213 4469 510 4530 antequam
539 4472 639 4529 per
674 4456 875 4513 Christi
912 4456 1210 4530 adventum
1248 4456 1438 4527 spiritu
1481 4455 1577 4511 Dei
1606 4467 1810 4528 agente

215 4552 285 4609 sit
315 4560 555 4617 rectum,
581 4558 637 4607 et
682 4548 808 4605 ﬁdei
858 4549 1033 4620 gratia
1074 4548 1434 4605 illuminatum
1456 4589 1479 4616 ,
1521 4550 1664 4620 quod
1699 4558 1807 4606 sua

216 4643 473 4700 libertate
517 4651 639 4698 erat
689 4656 917 4713 pravum
967 4656 1030 4697 ac
1070 4642 1434 4698 tenebrosum.
1490 4642 1644 4710 Quod
1690 4659 1812 4699 non,

218 4732 343 4788 inde
377 4731 586 4802 recepit
612 4732 754 4786 unde
780 4730 1015 4802 perdidit
1039 4749 1053 4786 :
1081 4732 1177 4787 sed
1204 4732 1273 4787 ab
1303 4731 1395 4789 illo
1427 4733 1631 4804 recepit
1654 4733 1798 4803 quod

218 4824 437 4889 lubeat,
466 4840 496 4879 a
525 4840 635 4894 quo
668 4826 812 4895 quod
834 4825 1017 4880 amisit
1042 4835 1348 4895 acceperat.
1378 4825 1646 4895 Quoniam
1678 4834 1804 4897 post

220 4932 403 4975 casum
427 4919 587 4990 primi
630 4919 867 4975 hominis
890 4919 1060 4976 noluit
1085 4919 1226 4975 Deus
1250 4919 1351 4976 nisi
1382 4920 1451 4974 ad
1494 4935 1646 4977 suam
1672 4935 1800 4991 gra-

222 5012 347 5067 tiam
374 5014 684 5084 pertinere,
724 5021 784 5067 ut
811 5013 974 5068 homo
1000 5013 1221 5068 accedat
1246 5012 1313 5069 ad
1349 5024 1497 5076 eum,
1542 5023 1598 5069 et
1640 5014 1811 5068 homo

220 5119 325 5159 mn
351 5105 573 5160 recedat
601 5105 671 5159 ab
700 5118 787 5170 eo,
818 5104 961 5159 sicut.
1002 5104 1262 5172 scriptum
1287 5111 1409 5158 est:
1445 5101 1569 5157 Fiat
1612 5119 1810 5158 manus

222 5204 309 5252 tua
341 5213 502 5267 super
532 5197 703 5250 uirum
724 5196 953 5251 dexterte
981 5206 1106 5261 tum,
1135 5203 1184 5249 et
1211 5211 1368 5263 super
1385 5194 1555 5265 ﬁlium
1575 5194 1800 5248 hominis

222 5304 368 5357 quem
399 5286 731 5356 conﬁrmasti
759 5285 874 5352 tibi,
900 5295 949 5340 et
991 5302 1097 5340 non
1126 5284 1447 5340 discedimus
1477 5301 1509 5338 a
1535 5294 1585 5339 te
1625 5282 1798 5355 (Psal.
1826 5334 1831 5341 .

219 5390 403 5443 um,
434 5376 545 5447 l8).
575 5376 683 5432 Iste
705 5385 789 5433 est
813 5376 1082 5432 secundus
1100 5376 1291 5437 Adam,
1322 5392 1420 5446 per
1447 5390 1608 5445 quem
1637 5389 1798 5430 acce-

220 5470 396 5523 dtmus
421 5468 488 5523 ad
519 5469 714 5533 Deum,
743 5478 799 5525 et
843 5468 896 5522 iu
931 5484 1039 5538 quo
1075 5482 1181 5522 non
1228 5468 1558 5524 discedimus
1586 5482 1616 5522 a
1664 5467 1795 5523 Deo.

220 5556 277 5613 ln
306 5560 482 5629 primo
505 5574 741 5630 namque
778 5559 948 5614 Adam
991 5560 1340 5616 discessimus
1374 5575 1403 5614 a
1438 5561 1579 5621 Deo,
1616 5559 1668 5613 iu
1691 5574 1800 5629 quo

220 5650 429 5719 perdita
479 5660 564 5706 est
591 5650 842 5707 libertate
872 5651 1085 5707 arbitrii
1132 5653 1367 5706 maxima
1414 5651 1505 5705 illa
1555 5633 1796 5716 libertas,

224 5750 404 5799 st'non
430 5742 691 5801 remansit
720 5744 821 5801 nisi
850 5744 963 5801 sola
993 5745 1297 5802 inﬁrmitas.
1327 5743 1663 5816 Quapropter
1692 5760 1797 5801 non

1909 3290 2173 3346 misereri.
2191 3292 2351 3357 Deus,
2383 3292 2599 3349 dabitur
2626 3294 2741 3359 haec
2766 3297 2940 3367 gratia
2981 3297 3189 3354 homini
3210 3298 3262 3353 in
3289 3298 3509 3366 futuro,

1910 3393 2035 3435 cum
2062 3379 2223 3439 fuerit
2267 3385 2409 3440 sicut
2438 3386 2613 3456 angeli
2651 3388 2827 3442 sancti
2853 3388 2904 3443 iu
2933 3388 3108 3455 cmlo,
3138 3404 3283 3446 nunc
3311 3390 3364 3445 in
3396 3406 3506 3463 spe-

1909 3469 2107 3525 salvus.
2138 3472 2314 3528 tactus
2357 3474 2423 3529 in,
2456 3474 2688 3542 smculo,
2723 3484 2850 3532 tunc
2898 3477 2972 3533 llL
3006 3493 3065 3534 re
3104 3478 3398 3539 salvandus
3435 3482 3509 3539 it»

1908 3562 2104 3619 smcula
2130 3565 2468 3621 seculorum.
2494 3566 2687 3623 Amen.

2472 3699 2701 3757 CAPUT
2737 3701 2931 3759 XXIV.

1908 3808 2190 3867 Reddenda
2241 3814 2399 3885 ratio
2430 3814 2608 3885 incipit
2658 3816 2723 3870 de
2765 3816 2995 3885 capitulo
3051 3820 3202 3872 tertio
3256 3836 3288 3873 α
3347 3820 3509 3874 nobis.

1976 3892 2239 3959 excerpta,
2262 3884 2402 3959 quod
2418 3884 2730 3954 compilutor
2748 3887 3098 3959 capitulorum
3120 3889 3268 3942 nobis
3292 3907 3326 3943 α
3352 3890 3496 3959 regia

1977 3953 2300 4025 sublimitate
2329 3953 2577 4008 datorum
2602 3953 2855 4008 acerrime
2885 3957 3227 4025 reprehendit,
3267 3976 3385 4012 cum
3407 3953 3511 4015 vltis

1975 4039 2093 4093 qua:
2123 4023 2583 4099 l’rwdestinatiani
2612 4025 2799 4079 exinde
2819 4025 2891 4099 ad
2917 4023 3070 4079 suam
3093 4028 3273 4099 dicunt
3300 4030 3496 4099 confir-

1977 4092 2227 4164 mandam
2268 4094 2611 4164 sententiam,
2653 4102 2701 4147 et
2748 4093 2974 4164 qualiter
3011 4097 3258 4150 catholici
3310 4092 3507 4156 eorum.

1976 4177 2130 4232 prave
2174 4162 2328 4217 dictis
2368 4178 2432 4216 ea:
2469 4161 2863 4237 Scripturarnm
2905 4167 3172 4221 sententiis
3222 4169 3491 4224 contrarii.-

1974 4241 2118 4287 cant.

1973 4363 2253 4435 Explicius
2299 4372 2461 4433 prout
2503 4363 2773 4423 Dominus
2797 4364 3176 4422 dedi'tduohus
3207 4367 3501 4437 capitulis,

1903 4464 1957 4511 et
1980 4456 2186 4511 reddita
2228 4456 2437 4510 ratione
2462 4463 2651 4511 contra
2680 4455 3031 4520 cribratores,
3072 4459 3166 4513 sed
3207 4474 3315 4513 nou
3352 4474 3486 4516 con-

1903 4554 2211 4618 sumptores
2237 4560 2445 4611 eorum,
2474 4561 2618 4601 nunc
2652 4545 2870 4602 tertium
2899 4545 3163 4602 adeamus
3189 4548 3487 4618 capitulum

1902 4654 2026 4695 cum
2045 4637 2197 4693 omni
2222 4636 2439 4703 ﬁducia,
2464 4652 2571 4692 non
2595 4637 2672 4695 de
2686 4636 2841 4694 nobis
2863 4647 3275 4707 prmsumentes,
3304 4639 3399 4696 sed
3421 4640 3490 4697 de

1902 4734 1993 4793 illo
2024 4732 2373 4788 conﬁdentes.
2394 4730 2688 4801 quitdixit:
2735 4730 2850 4801 Ego
2879 4730 3014 4785 dabo
3042 4730 3182 4788 vobis
3210 4748 3267 4787 os
3310 4743 3361 4787 et
3399 4750 3489 4788 sa-

1902 4826 2188 4898 pientiam,
2219 4826 2304 4880 cui
2345 4841 2447 4879 non
2487 4832 2730 4893 poterunt
2773 4838 3011 4876 resistere
3045 4831 3093 4876 et
3130 4824 3489 4898 contradicere

1904 4936 2080 4975 omnes
2126 4916 2427 4974 adversarii.
2460 4917 2615 4971 vestri
2653 4914 2805 4988 (Luc.
2854 4907 2980 4980 x13,
3033 4916 3156 4987 l5),
3201 4914 3487 4987 credentes

1902 5010 2202 5065 certissime
2232 5016 2287 5063 et
2327 5007 2465 5063 nihil
2487 5007 2796 5062 baasitantes
2824 5006 2876 5061 iu
2904 5006 3027 5072 (ide,
3051 5005 3175 5076 quia
3201 5005 3292 5074 qui
3320 5006 3487 5074 erepit

1902 5104 2016 5174 ipse
2044 5102 2284 5171 perﬁciet
2322 5119 2335 5155 :
2392 5100 2503 5170 ipsi
2538 5099 2728 5169 gloria,
2765 5098 2955 5158 virtus,
3004 5106 3060 5151 et
3102 5096 3386 5168 imperium
3427 5096 3484 5151 in

1902 5195 2099 5251 saecula
2130 5194 2483 5263 sempiterna.
2514 5193 2589 5247 De
2637 5193 2740 5248 hoc
2769 5191 3003 5260 capitulo
3024 5230 3039 5253 ,
3081 5189 3221 5245 sicut
3264 5200 3484 5246 sanctus

1902 5287 2136 5357 Prosper
2161 5286 2518 5350 demonstrat,
2550 5300 2618 5340 ex
2643 5283 2945 5352 objections
2974 5280 3249 5338 Gallorum
3270 5290 3327 5335 et
3352 5280 3480 5334 Vin-

1900 5380 2309 5444 centianorum,
2344 5386 2400 5434 et
2433 5375 2975 5446 ex.responsionibus
3002 5373 3203 5443 quibus
3238 5389 3305 5428 ex
3339 5373 3484 5428 dele-

1902 5472 2116 5542 gatione
2140 5458 2283 5527 sedis
2304 5471 2611 5541 apostolica:
2639 5484 2825 5524 eorum
2849 5468 3194 5537 ipsorumque
3221 5465 3491 5521 similium.

1902 5572 2208 5617 conuueuta
2254 5562 2529 5624 dissolvit,
2557 5569 2772 5619 veteres
2817 5558 3282 5627 Praedestinatiani
3331 5558 3483 5631 dixe-

1903 5663 2045 5707 runt.
2078 5652 2169 5706 Ait
2197 5653 2341 5706 enim
2372 5651 2604 5720 objectio
2628 5660 2815 5706 octava
2839 5649 3115 5705 Gallorum
3144 5667 3158 5704 :
3191 5649 3344 5718 Quod
3372 5666 3479 5705 non

1902 5759 2089 5801 omnes
2116 5744 2360 5802 homines
2387 5743 2516 5802 velit
2559 5745 2700 5802 Deus
2740 5743 2916 5801 salvus
2953 5743 3103 5809 ueri,
3134 5744 3226 5800 sed
3272 5751 3486 5801 certum
3516 5779 3521 5785 π
