3992 6336
579 369 690 428 ῇιι

1547 359 1877 417 ΗΪΝΟΜΑΒῘ
1910 361 2303 419 RllEMENSIS
2339 355 2850 421 ARCHIEPISCDPI

3710 373 3807 443 2n

552 492 852 547 numerum
868 478 1393 549 praedestinatorum.
1425 474 1492 530 Et
1511 475 1638 530 item
1662 475 1894 544 objectio
1908 467 2144 531 secunda
2169 482 2219 537 Α
2245 476 2488 531 omnium
2514 476 2876 532 Eeclesiarum
2906 485 3079 533 matcr
3096 520 3112 543 ,
3148 490 3395 537 sanctam
3425 483 3735 544 catholicam
3754 501 3802 547 ει

572 569 1045 624 Vincentianorum
1072 583 1091 620 :
1124 566 1259 634 Quia
1311 566 1455 621 Deus
1492 566 1625 622 nolit
1664 581 1855 621 omnes
1895 566 2141 633 salvare,

567 660 774 715 etiamsi
804 674 995 715 omnes
1032 659 1230 716 salvari
1270 660 1459 714 velint.
1488 658 1557 713 Et
1594 657 1983 714 Gotbescalcus
2020 673 2142 713 mo-

566 752 767 807 dernus
805 750 1322 807 Prtedestinatianus
1358 751 1415 804 in
1457 749 1598 804 libro
1624 749 1692 804 ad
1730 749 2011 804 Rabanum
2051 763 2143 802 ar-

565 843 969 914 chiepiscopum
989 842 1360 915 Moguntinum
1386 859 1405 896 :
1437 860 1457 894 ι
1485 842 1727 906 Omnes,
1756 840 1966 911 inquit,
2006 854 2143 910 quos

564 933 683 988 vult
711 934 857 990 Deus
892 934 1070 990 salvos
1106 934 1260 999 ﬁeri,
1298 934 1420 989 sine
1464 933 1798 987 dubitatione
1826 932 2141 986 salvantur:

563 1040 668 1082 nec
691 1036 913 1096 possunt
940 1026 1159 1089 salvari,
1194 1025 1297 1081 nisi
1323 1040 1458 1095 quos
1485 1025 1623 1079 Deus
1645 1024 1755 1077 vult
1792 1023 1969 1079 salvos
2001 1021 2138 1077 ﬁeri.

564 1115 678 1171 Nec
712 1126 795 1171 est
838 1117 1124 1186 quisquam
1164 1131 1323 1186 quem
1365 1117 1507 1171 Deus
1539 1114 1737 1169 salvari
1777 1114 1908 1170 velit
1936 1121 1993 1170 et
2033 1127 2141 1167 non

567 1206 826 1261 salvetur.
854 1204 988 1273 Quia
1019 1206 1161 1263 Deus
1188 1218 1373 1261 noster
1404 1206 1586 1260 omnia
1609 1220 1946 1276 qurecunque
1973 1204 2143 1259 voluit

562 1293 715 1349 fecit.
744 1294 849 1366 lpsi
876 1310 1068 1350 omnes
1109 1296 1289 1364 itaque
1316 1294 1449 1350 salvi
1480 1297 1616 1350 liunt
1640 1311 1777 1365 quos
1813 1310 2004 1351 omnes
2028 1295 2145 1349 vult

563 1385 745 1441 salvos
788 1385 926 1441 fieri.
964 1405 985 1438 ι
1020 1387 1085 1441 Et
1114 1386 1344 1442 domnus
1368 1386 1693 1443 Prudentius
1732 1388 1785 1443 in
1814 1387 2041 1459 epistola
2073 1386 2141 1441 ad

563 1465 1030 1552 archiepiscopum
1083 1496 1239 1538 suum
1297 1480 1674 1549 Wenilonem,
1721 1482 1789 1538 de
1843 1482 2143 1538 ordinando

560 1571 740 1629 Enen
766 1573 1101 1629 Parisiorum
1127 1574 1412 1645 episcopo,
1441 1583 1639 1645 quarto
1672 1575 1909 1644 capitulo
1949 1574 2020 1628 ita
2055 1574 2141 1627 di-

562 1667 678 1721 cit:
719 1684 739 1718 ¢
773 1664 841 1722 Ut
874 1666 1064 1723 credat
1110 1674 1272 1736 atque
1316 1670 1661 1733 confiteatur,
1687 1666 1858 1722 Deum
1897 1667 2143 1735 omnipo-

560 1767 768 1827 tentem
794 1775 986 1815 omnes
1016 1775 1366 1830 quoscunque
1390 1760 1505 1814 vult
1531 1760 1762 1826 salvare,
1787 1769 1844 1815 et
1869 1761 2140 1814 neminem

2247 567 2603 636 apostolicam
2626 567 2922 623 Romanam
2953 565 3245 625 Ecclesiam
3275 593 3287 626 :
3318 576 3574 643 quoniam
3604 580 3799 648 privile-

2244 661 2389 730 gium
2415 661 2556 730 quod
2582 659 3291 726 Hierusalem,bonorabilis
3315 667 3612 723 secundum
3636 686 3803 731 sacros

2244 751 2490 807 Nicaenos
2513 767 2774 818 canones,
2800 768 2919 824 qua:
2945 752 3070 808 olim
3091 755 3232 810 dicta
3254 766 3341 812 est
3361 758 3555 815 civitas
3578 759 3802 830 iustitiae,

2243 848 2299 895 et
2321 850 2494 895 mater
2521 841 2820 899 civitatum.
2851 851 3074 912 propter
3099 844 3474 902 infidelitatem
3506 857 3559 903 et
3588 853 3805 923 negatio-

2243 946 2365 986 nem
2395 931 2515 987 Filii
2548 934 2642 987 Dei
2668 934 2926 1004 perdidit,
2958 935 3141 990 dicens
3176 952 3301 992 eum
3341 938 3513 994 filium
3541 939 3728 1012 Josepn
3752 954 3805 1000 et

2243 1020 2410 1075 filium
2438 1021 2576 1077 fabri
2595 1064 2610 1087 ,
2637 1030 2691 1078 et
2720 1024 2786 1078 ad
2816 1040 2936 1078 eum
2967 1043 2979 1078 :
3007 1025 3084 1079 Tu
3129 1026 3290 1082 homo
3337 1043 3461 1082 cum
3492 1030 3568 1085 sis
3610 1031 3735 1087 facis
3761 1043 3808 1089 te

2243 1113 2419 1183 ipsum
2445 1113 2638 1178 Deum,
2683 1124 2738 1171 et
2783 1117 3104 1173 daemonium
3150 1120 3347 1186 habes;
3394 1130 3449 1176 ct
3484 1122 3551 1178 de
3575 1138 3638 1178 eo
3664 1123 3802 1180 :Non

2242 1202 2503 1258 habemus
2539 1218 2717 1277 regem
2756 1206 2861 1260 nisi
2891 1206 3199 1275 C:csarem,
3228 1219 3281 1263 et
3322 1211 3619 1266 secundum
3654 1212 3811 1284 legem

2242 1297 2401 1352 debet
2423 1296 2581 1361 mori,
2605 1300 2729 1368 quia
2757 1298 2950 1353 Filium
2979 1297 3070 1352 Dei
3096 1314 3154 1354 se
3177 1299 3326 1367 fecit,
3349 1301 3468 1355 hsce
3495 1301 3808 1359 confessione

2240 1387 2383 1442 beati
2412 1387 2555 1443 Petri
2589 1390 2889 1458 promeruit
2922 1389 3192 1444 dicentis:
3228 1389 3307 1444 Tu
3333 1408 3394 1445 es
3427 1390 3662 1447 Christus
3680 1393 3807 1462 ﬁlias

2240 1476 2339 1531 Dei
2365 1478 2463 1533 rivi
2487 1477 2700 1548 (Matth.
2725 1494 2835 1542 xvt,
2871 1479 2992 1547 ili),
3024 1488 3080 1534 et
3110 1481 3511 1535 contestatione
3548 1482 3690 1537 Pauli
3722 1484 3809 1538 ob-

2240 1568 2402 1623 tinuit
2427 1569 2760 1634 alﬁrmantis,
2786 1572 2913 1641 quia
2940 1566 3178 1627 Christus
3212 1571 3375 1627 Iesus
3413 1573 3585 1642 factus
3608 1584 3677 1628 est
3701 1574 3808 1629 obe-

2241 1658 2388 1712 diens
2418 1657 2569 1713 Patri
2599 1676 2759 1723 usque
2783 1660 2852 1713 ad
2873 1670 3109 1726 mortem,
3144 1671 3366 1716 mortem
3405 1673 3583 1717 autem
3605 1664 3758 1717 crucis
3783 1679 3805 1717 :

2241 1760 2454 1819 promer
2486 1751 2627 1821 quod
2652 1760 2698 1805 et
2734 1749 2872 1805 Deus
2908 1750 3059 1804 illum
3091 1751 3343 1806 exultavit
3365 1792 3380 1817 ,
3414 1762 3462 1806 et
3506 1752 3709 1807 donavit
3738 1750 3809 1805 illi
3868 1794 3875 1800 .

561 1862 723 1920 posse
760 1850 962 1905 salvari
999 1850 1301 1915 ullatenus,
1347 1850 1450 1905 nisi
1484 1866 1645 1920 quem
1692 1850 1805 1921 ipse
1833 1849 2142 1904 salvaverit.
2177 1837 2221 1896 Β
2251 1859 2458 1909 nomen,
2486 1844 2624 1916 quod
2642 1855 2716 1898 est
2738 1861 2896 1916 super
2914 1862 3064 1899 omne
3078 1862 3287 1911 nomen,
3314 1854 3372 1899 ut
3394 1847 3449 1901 in
3475 1847 3673 1900 nomine
3694 1844 3806 1900 Iesu

561 1944 765 2000 Omnes
794 1952 971 1999 autem
995 1944 1193 1999 salvari
1215 1957 1570 2015 quoscunque
1592 1943 1706 2013 ipse
1726 1942 1938 1998 salvarc
1955 1942 2142 1997 volue-

560 2039 635 2095 rit
667 2056 679 2092 :
710 2053 776 2094 ac
815 2053 913 2110 per
952 2038 1054 2095 hoc
1097 2037 1406 2109 quicunque
1448 2052 1554 2092 non
1601 2025 1899 2102 salvanthr,
1932 2036 2149 2108 penitus

559 2145 670 2185 non
692 2144 823 2188 esse
850 2129 1147 2186 voluntatis
1172 2129 1319 2186 illius
1339 2139 1400 2184 ut
1429 2129 1725 2196 salventur,
1758 2131 1972 2185 dicente
2010 2129 2144 2184 Pro-

557 2222 769 2293 pheta:
814 2219 1008 2277 Omnia
1052 2237 1375 2292 quazcuuque
1421 2220 1582 2276 voluit
1629 2220 1883 2274 Domtnus
1923 2219 2044 2289 fecit
2089 2220 2146 2274 in

560 2310 687 2366 (mlo
714 2320 761 2365 et
786 2310 843 2365 in
870 2319 1036 2378 terra,
1055 2312 1112 2365 in
1133 2312 1272 2365 mari
1292 2320 1340 2365 et
1359 2312 1419 2366 in
1438 2310 1677 2365 omnibus
1702 2311 1902 2380 abyssis
1924 2331 1942 2363 ›
1969 2308 2143 2382 (Psal.

483 2422 500 2440 -
558 2416 779 2467 cxxnv,
812 2400 889 2474 6).
920 2401 1067 2469 Quos
1096 2400 1363 2457 mendacii
1392 2400 1708 2471 redarguit,
1739 2409 1795 2455 et
1823 2415 1989 2470 prave
2022 2416 2147 2455 san-

559 2500 703 2545 ctam
735 2492 951 2547 tradere
977 2491 1319 2561 Scripturam
1351 2491 1457 2547 Leo
1487 2493 1541 2547 in
1571 2502 1716 2547 tomo
1741 2493 1807 2548 ad
1830 2492 2145 2547 Flavianum

557 2579 800 2635 breviter
819 2582 1359 2638 demonstratdicens
1388 2583 1560 2653 (epist.
1586 2583 1674 2649 12,
1714 2593 1837 2639 ante
1858 2583 2143 2653 medium):

566 2691 586 2724 ς
625 2672 773 2743 Opus
801 2670 905 2729 fuit
937 2674 1159 2741 secreti,
1192 2672 1354 2747 148
1382 2674 1575 2744 inquit,
1598 2673 1999 2753 dispensatione
2018 2690 2150 2730 con-

559 2765 691 2831 silii,
732 2774 793 2819 ut
838 2765 1301 2823 incommutabilis
1343 2766 1505 2832 Deus,
1554 2765 1709 2836 cujus
1747 2767 1999 2822 voluntas
2040 2780 2145 2821 non

556 2868 741 2931 potest
765 2876 863 2923 sua
890 2847 1226 2933 benignitate
1248 2862 1472 2933 privari,
1496 2863 1729 2932 primam
1756 2876 1883 2933 erga
1913 2877 2012 2917 nos
2035 2862 2150 2931 pie-

558 2954 691 3013 tatis
718 2969 831 3011 suae
860 2953 1268 3024 dispositionem
1299 2962 1642 3010 sacramento
1675 2954 1970 3009 occultiore
1995 2968 2147 3008 com-

557 3044 759 3116 pleret,
785 3053 842 3100 et
866 3045 1032 3101 homo
1068 3044 1347 3099 diabolicae
1378 3045 1685 3114 iniquitatis
1726 3045 1963 3100 versutia
1995 3052 2151 3099 actus

559 3137 618 3192 in
640 3136 874 3206 culpam,
900 3144 1090 3192 contra
1118 3136 1212 3192 Dei
1228 3136 1564 3207 propositum
1588 3152 1692 3191 non
1718 3136 1940 3205 periret.
1969 3135 2149 3206 Ingre-

2244 1946 2396 1988 omne
2440 1950 2572 2005 genu
2602 1937 2846 2004 ﬂectatur
2874 1935 3179 2002 caelestium,
3218 1938 3545 1991 terrestrium
3586 1946 3631 1990 et
3659 1935 3804 2003 infer-

2246 2040 2457 2088 narum,
2484 2032 2534 2077 et
2562 2025 2729 2078 omnis
2756 2023 2937 2095 lingua
2967 2024 3282 2092 confiteatur
3310 2026 3440 2095 quia
3469 2023 3710 2078 Dominus
3727 2021 3803 2077 Je-

2245 2114 2333 2171 stts
2352 2113 2653 2171 Christusin
2668 2114 2836 2187 gloria
2849 2126 2919 2170 est
2938 2116 3034 2170 Dei
3053 2114 3231 2172 Patris
3247 2114 3506 2187 (Philipp.
3523 2132 3582 2175 ll,
3603 2116 3653 2180 8,
3670 2114 3803 2183 etc.).

2244 2205 2534 2276 Propterea
2568 2207 2711 2261 sicut
2742 2209 3011 2275 quondam
3043 2208 3113 2261 de
3141 2206 3482 2262 Hierusalem
3524 2206 3710 2260 dictum
3733 2213 3802 2258 est

2245 2312 2344 2367 per
2366 2297 2689 2366 Prophetam
2718 2316 2730 2350 :
2754 2296 2996 2351 Gloriosa
3021 2297 3163 2350 dicta
3189 2306 3315 2351 sunt
3340 2297 3405 2350 de
3435 2305 3508 2360 te,
3529 2295 3696 2350 ciritas
3721 2292 3807 2347 Dei

2246 2397 2430 2442 mater.
2466 2386 2595 2442 Sion
2624 2387 2762 2441 dicet
2798 2387 2973 2453 homo,
3003 2397 3051 2441 et
3083 2389 3235 2442 homo
3281 2397 3439 2441 natus
3478 2396 3549 2440 est
3579 2386 3629 2438 in
3654 2399 3737 2447 ea,
3761 2391 3802 2436 et

2246 2479 2354 2550 ipse
2382 2479 2620 2548 fundarit
2645 2496 2760 2555 eam
2797 2478 3097 2534 Altissimus
3136 2478 3314 2551 (Psal.
3357 2494 3590 2544 LXXXVI,
3626 2476 3677 2555 5)
3702 2494 3713 2528 :
3738 2474 3801 2529 ita

2248 2586 2278 2624 a
2316 2554 2707 2641 Prophetarum
2759 2571 2986 2626 Domino
3035 2572 3138 2626 ista
3179 2571 3483 2641 gloriﬁcata
3528 2580 3610 2625 est
3650 2554 3802 2636 magni

2248 2660 2392 2717 Petri
2426 2662 2688 2731 principis
2726 2660 3089 2731 apostolorum
3129 2661 3454 2732 praesentia,
3490 2659 3570 2715 cui
3774 2670 3801 2708 a

2249 2768 2376 2807 vero
2405 2752 2500 2805 Dei
2520 2748 2657 2806 Filio
2681 2759 2734 2807 et
2756 2766 2881 2806 vere
2921 2751 3155 2805 hominis
3178 2751 3294 2807 ﬁlio
3313 2792 3328 2815 ,
3361 2765 3427 2806 ex
3454 2748 3653 2804 duabus
3679 2756 3727 2801 et
3757 2746 3799 2799 in

2250 2843 2465 2898 duabus
2493 2842 2701 2897 naturis
2726 2851 2888 2910 atque
2925 2841 3246 2895 substantiis
3269 2858 3367 2897 seu
3406 2834 3800 2912 operationibus,

2251 2935 2428 2990 divina
2474 2936 2677 2990 scilicet
2702 2942 2756 2989 et
2788 2929 3048 2997 humana,
3078 2933 3131 2987 in
3168 2933 3382 2989 unitate
3416 2945 3669 3004 personae.
3710 2942 3806 2981 non

2251 3027 2305 3081 in
2332 3027 2539 3081 unitate
2562 3026 2903 3092 substantiae,
2942 3025 3274 3082 subsistente
3302 3042 3412 3081 uno
3443 3024 3563 3080 Iesu
3593 3021 3801 3081 Christo,

2252 3126 2366 3172 toto
2391 3119 2443 3172 in
2492 3120 2626 3184 suis,
2678 3134 2799 3190 qua:
2824 3119 3105 3189 aequaliter
3137 3127 3193 3173 et
3240 3117 3471 3174 indivise
3519 3116 3803 3172 habetcum

563 3234 713 3288 ditur
731 3202 868 3303 ergo
897 3232 1012 3288 btet:
1041 3202 1437 3286 mundi—intima
1462 3202 1634 3285 Filius
1654 3202 1769 3284 ne}.
1805 3248 1823 3281 ι
1845 3228 1982 3283 llinc
2007 3202 2152 3283 eam-
2179 3205 2223 3267 C
2256 3210 2415 3265 Patre
2440 3218 2494 3266 et
2537 3210 3020 3303 Spirituusenclor
3053 3211 3428 3303 cumauibus
3450 3221 3567 3303 Anna
3624 3202 3693 3303 illi
3731 3205 3803 3300 θῗι

561 3326 774 3398 positor
814 3325 1049 3382 istorum
1082 3322 1459 3396 capitulorum,
1517 3338 1636 3392 qua:
1664 3323 1820 3377 nobis
1856 3331 1916 3376 ut
1944 3322 2025 3377 eis
2066 3337 2154 3376 re-

563 3417 930 3487 spondeamus
955 3416 1203 3483 dedistis,
1229 3415 1539 3486 expressius
1556 3412 1685 3469 nihil
1717 3415 1871 3478 dixit,
1916 3424 1975 3467 ut
2003 3421 2155 3484 puta-

562 3522 708 3573 mus,
736 3507 864 3578 quia
890 3506 1135 3577 percepit
1164 3520 1224 3562 se
1256 3505 1505 3576 posuisse
1525 3504 1590 3560 de
1612 3505 1792 3560 verbis
1827 3505 1998 3558 sancti
2024 3504 2155 3559 Cm-

563 3594 770 3662 lestini,
801 3611 922 3666 quae
948 3596 1002 3650 in
1031 3594 1268 3666 capitulo
1294 3603 1491 3666 quarto
1514 3595 1831 3664 scripserat,
1860 3595 1949 3649 ubi
1980 3594 2112 3649 dicit
2137 3611 2152 3647 :

566 3688 739 3744 Tanta
768 3689 915 3744 enim
945 3697 1032 3744 est
1060 3703 1187 3759 erga
1221 3702 1413 3743 omnes
1438 3687 1685 3742 homines
1710 3686 1925 3741 bonitas
1952 3685 2068 3746 Dei,
2097 3693 2156 3739 ut

566 3793 757 3839 nostra
775 3782 906 3839 velit
949 3796 1069 3838 esse
1095 3781 1288 3837 merita
1314 3796 1436 3852 qua:
1475 3787 1601 3835 sunt
1646 3779 1816 3851 ipsius
1861 3780 2022 3833 dona.
2046 3778 2155 3832 Nos

2255 3310 2525 3355 comterna
2573 3309 2630 3355 et
2666 3301 2894 3355 indivisa
2939 3298 3270 3364 substantia,
3306 3307 3420 3353 toto
3449 3298 3500 3352 in
3525 3292 3723 3353 nostris,
3753 3288 3805 3341 in

2256 3392 2450 3462 quibus
2475 3392 2643 3446 nostri
2673 3398 2759 3445 est
2788 3390 3027 3461 generis,
3055 3390 3106 3445 id
3134 3398 3218 3445 est
3257 3390 3441 3444 anima
3482 3381 3729 3444 rationali,
3754 3385 3802 3431 et

2258 3485 2374 3539 sine
2404 3483 2509 3538 ullo
2544 3484 2752 3554 peccati
2801 3482 3055 3554 contagio
3100 3497 3266 3537 carne
3299 3483 3554 3543 humana,
3598 3475 3658 3531 de
3697 3469 3797 3525 Vir-

2209 3568 2222 3581 '
2257 3575 2397 3644 ginis
2429 3575 2619 3629 matris
2651 3586 2819 3628 carne
2871 3572 3221 3627 immaculata
3263 3572 3470 3643 Spiritu
3522 3572 3697 3622 sancto
3737 3560 3799 3613 le:

2257 3664 2511 3728 cundata,
2548 3677 2669 3731 quas
2716 3663 2785 3717 ab
2840 3661 2996 3716 initio
3044 3662 3098 3716 in
3133 3662 3294 3717 nobis
3320 3662 3544 3718 Creator
3573 3649 3797 3711 condidit.

2260 3762 2315 3808 et
2336 3769 2455 3823 quze
2489 3753 2789 3822 reparanda
2839 3753 3099 3821 suscepit,
3124 3762 3253 3808 tunc
3297 3767 3463 3808 carne
3508 3748 3670 3804 adhuc
3693 3756 3797 3811 pas-

2258 3843 2399 3900 sibili
2426 3852 2478 3898 et
2504 3836 2743 3910 mortali,
2778 3859 2920 3899 nunc
2964 3852 3144 3898 autem
3187 3845 3401 3899 devicta
3430 3848 3598 3898 morte
3632 3830 3800 3892 clarili-

2259 3945 2376 3991 cata
2408 3936 2675 4006 passionis
2710 3936 2957 4000 victoria,
3012 3946 3173 4006 atque
3219 3937 3274 3991 in
3328 3936 3421 3991 Dei
3463 3931 3628 3988 Patris
3656 3922 3798 3998 gloria

2260 4035 2637 4099 permanente,
2688 4034 2744 4082 et
2772 4028 3026 4081 saaculum
3062 4026 3413 4097 iudicaturo,
3457 4040 3521 4080 ac
3570 4022 3676 4078 sine
3711 4015 3799 4069 ﬁne

2260 4125 2538 4187 regnante,
2567 4117 2768 4173 dictum
2792 4126 2875 4172 est
2904 4136 2916 4171 :
2942 4118 3021 4171 Tu
3047 4134 3100 4172 es
3122 4116 3316 4174 Petrus
3338 4130 3384 4173 et
3409 4130 3563 4187 super
3592 4114 3710 4165 hanc
3726 4120 3800 4174 με’

2261 4219 2395 4265 tram
2425 4211 2695 4280 mdiﬁcabo
2730 4209 3021 4265 Ecclesium
3043 4227 3209 4265 meam
3234 4211 3452 4283 (Matth.
3490 4222 3596 4265 xvt,
3625 4199 3721 4270 l8).
3744 4194 3799 4250 El

567 3883 774 3940 autem,
795 3884 851 3930 et
869 3883 1061 3932 contra
1077 3873 1289 3945 priscos
1309 3880 1365 3928 et
1398 3880 1587 3927 contra
1628 3871 1916 3925 modernos
1944 3868 2157 3924 Prmde-

568 3967 912 4032 stinatianos,
940 3965 1007 4021 de
1028 3964 1210 4020 verbis
1238 3962 1515 4032 Prosperi,
1543 3970 1599 4016 et
1623 3961 1792 4032 ipsius
1820 3960 2157 4029 aliorumque

565 4056 962 4123 catholicorum
1008 4056 1286 4111 doctorum
1350 4051 1630 4118 sensibus,
1677 4050 1966 4122 capitulum
2016 4049 2157 4104 istud

569 4149 960 4221 excerpsimus,
991 4148 1271 4204 dicentes:
1300 4145 1440 4201 Deus
1484 4145 1805 4214 omnipotens
1850 4159 2029 4196 omnes
2065 4142 2158 4195 ho-

568 4246 736 4299 mines
760 4244 872 4299 sine
907 4240 1204 4311 exceptione
1226 4240 1335 4297 cult
1356 4238 1525 4294 salvos
1547 4238 1682 4307 fieri,
1708 4238 1825 4291 licet
1849 4253 1952 4289 non
1981 4252 2157 4289 omnes

571 4335 857 4389 solventur.
902 4333 1058 4399 Quod
1108 4341 1284 4386 autem
1317 4332 1533 4401 quidam
1573 4328 1867 4391 salvantur,
1907 4327 2158 4379 salvantis

573 4436 646 4480 est
677 4425 871 4478 donum
890 4422 1068 4493 ;qnod
1096 4431 1270 4475 autem
1306 4419 1521 4491 quidam
1551 4427 1797 4489 pereunt,
1830 4416 2157 4487 pereuntium

573 4526 648 4570 est
678 4514 938 4567 meritum.
976 4537 983 4543 -

2261 4301 2401 4357 sicut
2428 4301 2515 4355 illa
2541 4299 2812 4371 quondam
2841 4300 3177 4356 Hierusalem
3210 4301 3405 4356 civitas
3428 4294 3593 4354 sancti
3625 4289 3797 4345 minuta

2261 4402 2344 4448 est
2372 4391 2688 4462 angelorum
2722 4390 2987 4457 custodia,
3016 4406 3186 4462 usque
3236 4391 3366 4447 dum
3411 4394 3624 4460 propter
3648 4381 3796 4434 incre-

2262 4486 2538 4541 dulitatem
2591 4493 2648 4540 et
2692 4485 2947 4540 duritiam
2991 4484 3173 4539 cordis
3213 4485 3299 4540 sui
3347 4480 3546 4538 audivit
3584 4474 3647 4529 ab
3693 4466 3797 4522 eis:

645 4603 834 4658 Primo
879 4599 1282 4655 satisfaciamus
1337 4596 1665 4664 lectoribus,
1726 4596 1982 4666 quoniam
2036 4594 2157 4648 ideo
2182 4551 2234 4612 Β
2265 4576 2628 4634 Transeamus
2651 4580 2719 4634 ab
2748 4579 2832 4634 his
2886 4579 3126 4644 SOdibltS.
3156 4587 3211 4634 ει
3249 4597 3278 4635 a
3325 4579 3597 4635 Sal"more
3632 4555 3799 4666 Sl'otfi

579 4694 807 4766 apostoli
835 4702 890 4749 et
910 4692 1161 4762 Prosperi
1184 4692 1366 4747 verbis
1385 4692 1498 4745 sine
1517 4690 1814 4759 exceptione
1837 4688 2162 4758 interposui-

577 4804 720 4852 mus,
754 4786 879 4857 quia
920 4783 1307 4841 Gothescalcus
1346 4798 1607 4837 novorum
1654 4780 2160 4851 Praedestinatiano-

576 4893 698 4935 rum
720 4878 1061 4948 primicerius
1090 4877 1140 4930 in
1146 4872 1399 4975 Jirchato
1423 4889 1521 4928 suo
1548 4872 1727 4928 libello
1762 4871 1829 4926 ad
1875 4870 2156 4926 Rabanum

579 4969 874 5039 scripserat
908 4986 921 5022 :
952 4962 1233 5024 Omnes‘et
1259 4980 1449 5023 omnes
1479 4965 1678 5019 debere
1716 4962 1963 5035 intelligi,
1997 4963 2047 5016 id
2076 4969 2160 5016 est

578 5072 772 5114 omnes
797 5057 889 5129 qui
916 5056 1216 5120 salvantur,
1240 5056 1304 5110 de
1328 5054 1523 5124 quibus
1542 5053 1672 5108 dicit
1695 5052 1985 5121 Apostolus
2009 5068 2022 5106 :
2057 5050 2161 5117 Qui

580 5150 688 5205 uult
737 5166 913 5204 omnes
955 5149 1189 5204 homines
1226 5147 1394 5202 salvos
1436 5147 1552 5215 ﬁeri
1593 5144 1654 5216 (I
1690 5144 1823 5199 Tim.
1868 5161 1935 5205 tt,
1975 5143 2066 5215 4),
2108 5152 2165 5197 et

582 5255 775 5295 omnes
793 5240 885 5310 qui
913 5254 1016 5294 non
1040 5238 1341 5297 salvantur,
1364 5251 1500 5306 quos
1521 5250 1627 5290 non
1654 5236 1768 5289 vult
1786 5235 1926 5290 Deus
1943 5232 2160 5290 salvari.

587 5331 787 5399 Sicque
836 5333 938 5387 hac
986 5330 1433 5401 interpretatione
1481 5343 1734 5399 perversa
1775 5337 1832 5383 et
1871 5326 2160 5397 apostolica

582 5423 749 5477 verba
777 5430 832 5476 et
872 5421 1120 5491 Prosperi
1149 5420 1291 5491 apud
1329 5419 1602 5473 auditores
1650 5432 1776 5473 suos
1822 5415 2167 5487 pervertebat

588 5515 901 5569 sententias.
952 5514 1103 5569 Unde
1142 5528 1366 5569 necesse
1399 5516 1487 5567 'est
1510 5511 1695 5576 nobis,
1734 5526 1797 5564 ex
1837 5508 2168 5563 orthodoxe-

588 5616 711 5659 runt
739 5606 956 5674 scriptis
980 5606 1286 5666 ostendere,
1316 5605 1359 5657 si
1394 5602 1674 5657 catholica:
1713 5600 1833 5654 lidei
1875 5598 2167 5668 capitulum

592 5697 735 5751 istud
773 5712 801 5751 a
834 5696 991 5752 nobis
1029 5706 1340 5766 excerptum
1389 5696 1566 5750 valeat
1604 5694 1910 5750 convenire.
1960 5690 2167 5747 Consu—

595 5793 768 5847 leutes
816 5801 939 5845 ante
979 5790 1158 5845 omnia
1201 5790 1339 5845 sicut
1366 5789 1618 5859 etprima
1664 5796 1745 5841 est
1794 5785 1848 5840 in
1896 5791 2009 5839 toto
2039 5781 2171 5838 orbe

2263 4671 2525 4725 voluisset
2552 4688 2566 4724 :
2593 4671 2735 4725 Ecce
2776 4670 3109 4739 relinquetur
3132 4671 3284 4725 vobis
3312 4670 3503 4724 domus
3525 4668 3692 4717 vestra
3719 4651 3796 4706 d0-

2265 4770 2445 4828 serta;
2485 4764 2557 4817 ita
2602 4768 2655 4815 et
2712 4762 2812 4815 ista
2845 4760 3107 4816 illustrata
3162 4767 3445 4833 permanet
3490 4762 3538 4811 et
3583 4748 3794 4822 protecta

2264 4855 2601 4909 orationibus
2648 4855 2886 4924 gentium
2938 4855 3183 4926 magistri
3224 4852 3452 4909 dicentis
3498 4867 3511 4903 :
3549 4839 3697 4898 Testis
3734 4837 3796 4886 es!

2264 4946 2403 4998 enim
2445 4943 2572 4997 mihi
2606 4943 2768 5008 Deus,
2797 4944 2881 4997 cui
2913 4946 3080 4997 servio
3109 4945 3164 4997 in
3208 4945 3398 5012 spiritu
3435 4954 3542 4994 meo
3570 4935 3619 4986 in
3648 4926 3795 4980 Ευαη-

2264 5035 2399 5105 gelio
2428 5032 2556 5087 Filii
2591 5037 2724 5103 ejus,
2779 5034 2916 5105 quod
2958 5035 3070 5088 sine
3100 5035 3477 5088 intermissione
3525 5014 3793 5079 τηεπιονίαπι

2265 5127 2418 5180 vestri
2433 5126 2570 5196 facio
2593 5125 2648 5178 in
2677 5125 3001 5179 orationibus
3033 5110 3159 5178 meis
3190 5124 3360 5193 (Rom.
3390 5139 3429 5186 ι,
3455 5119 3526 5189 9).
3569 5114 3683 5179 Ουίε
3702 5113 3791 5158 ¹¹⁰¹¹

2266 5220 2333 5273 ab
2356 5219 2595 5281 homine,
2625 5233 2796 5287 neque
2834 5232 2934 5287 per
2974 5219 3266 5284 hominem,
3294 5217 3384 5273 sed
3409 5228 3500 5284 per
3541 5201 3791 5287 Dominum

2265 5308 2447 5365 Jesum
2478 5285 2776 5377 Christum,
2828 5285 2969 5370 sicut
3018 5310 3211 5366 Petrus
3239 5319 3293 5365 et
3320 5305 3511 5362 Paulus
3557 5285 3789 5365 apostola-

2272 5402 2509 5465 tum,ita
2557 5409 2613 5455 et
2660 5401 2775 5455 inec
2828 5409 3016 5456 sancta
3070 5402 3225 5455 sedes
3272 5398 3501 5454 omnium
3546 5384 3788 5442 civitatum

2270 5494 2470 5548 meruit
2498 5495 2877 5563 principatum.
2910 5493 3086 5548 Veluti
3135 5501 3350 5547 sanctus
3389 5481 3675 5542 Anacletusl
3702 5477 3789 5563 δεῖξ’

2272 5587 2380 5641 tius
2413 5602 2442 5639 a
2467 5585 2626 5655 beato
2656 5585 2818 5639 Petro
2854 5584 3111 5639 Romamn
3155 5585 3299 5639 sedis
3350 5580 3633 5649 episcopus,
3657 5570 3705 5615 εὶ
3734 5552 3792 5653 ῆι)

2272 5679 2390 5749 ipso
2426 5678 2789 5747 apostolorum
2828 5677 3070 5746 principe
3115 5678 3406 5749 presbyter
3450 5656 3798 5749 ordinatus-tn

2275 5736 2502 5846 epistola
2559 5788 2655 5829 sua
2705 5736 2845 5827 dicit.
2884 5736 3059 5843 (epist.
3174 5736 3295 5825 sub.
3329 5753 3587 5825 initium):
3622 5764 3637 5797 ς
3670 5736 3793 5794 Alite.
