3992 6336
176 332 272 391 915

937 322 1024 377 DE
1060 313 1725 385 PREDESTINATIONE
1763 310 2215 374 DISSERTATIO
2252 315 2660 375 POSTERIOR.

3326 316 3432 372 2H

181 450 364 522 inquit,
397 447 589 517 prima:
638 444 912 506 civitates,
943 458 1080 513 quas
1116 443 1269 498 vobis
1300 439 1637 509 conscriptas
1682 437 1736 492 in
1769 442 1814 498 Α
1844 436 2131 506 iniquitate
2159 448 2214 495 et
2239 442 2598 497 obdurattonc
2645 443 2863 512 propria
2912 449 3163 512 pereant.
3217 443 3435 499 Veritas

177 543 399 613 quodam
439 549 587 593 tomo
617 537 907 602 mittimus,
951 551 983 588 a
1018 536 1224 591 sanctis
1269 531 1525 604 apostolis
1550 570 1567 596 ,
1613 539 1670 584 et
1721 544 1754 583 a

178 635 328 690 beato
351 630 658 692 Clemente,
690 627 804 682 sive
828 641 857 680 a
883 625 1060 690 nobis,
1087 623 1744 695 primatcsprzedicatores

178 728 497 791 acceperunt
524 735 541 773 :
565 720 683 773 haec
721 732 851 771 vero
877 724 1069 772 saneta
1098 715 1342 770 Romana
1376 727 1430 770 et
1457 713 1755 791 apostolica

178 814 431 875 Ecclesia,
461 827 567 866 non
591 811 658 864 ab
681 808 963 879 apostolis,
1014 809 1109 864 sed
1139 809 1209 862 ab
1238 809 1355 878 ipso
1388 784 1616 864 Domino
1652 805 1756 861 sal-

177 917 353 957 vatore
394 912 590 956 nostro
630 901 924 969 primatum
979 898 1236 960 obtinuit,
1285 898 1425 952 sicut
1463 897 1579 967 ipse
1628 895 1756 950 bea-

177 1005 225 1048 to
247 991 403 1047 Petro
434 990 702 1060 Apostolo
723 989 859 1042 dixit
884 986 906 1042 ἐ
939 987 1018 1044 Τιι
1045 1005 1098 1044 es
1123 988 1332 1051 Petrus,
1359 997 1590 1058 et-super
1618 987 1754 1040 hanc

171 1094 361 1155 petram
400 1078 681 1148 a'di/icabo
722 1077 1017 1132 Ecclesium
1065 1094 1271 1137 meum,
1314 1088 1364 1131 et
1403 1086 1567 1147 porta:
1595 1075 1754 1145 inferi

174 1190 266 1227 non
289 1170 650 1241 prrevalebunt
681 1168 926 1223 adversus
954 1185 1112 1236 eam;
1142 1179 1197 1224 et
1227 1183 1246 1222 :
1276 1167 1390 1222 Tibi
1419 1167 1555 1222 dabo
1585 1166 1753 1221 claves

175 1263 305 1333 regni
329 1260 611 1324 ca’lorum,
641 1269 691 1314 et
717 1277 1039 1333 quacunque
1064 1260 1306 1332 ligaveris
1346 1275 1504 1330 super
1531 1267 1745 1319 terram,

173 1361 312 1407 erunt
352 1349 522 1421 ligula
566 1359 616 1405 et
646 1350 700 1403 in
726 1349 876 1414 caelo,
904 1359 952 1404 et
978 1367 1297 1421 quacunque
1330 1348 1545 1404 solveris
1592 1366 1749 1418 super

172 1452 384 1508 terram,
415 1451 574 1496 erunt
596 1430 770 1495 soluta
798 1450 846 1495 et
875 1442 927 1494 in
955 1440 1080 1495 caelo
1112 1438 1329 1511 (Matth.
1378 1455 1489 1505 xvr,
1518 1439 1605 1505 18,
1631 1439 1746 1507 l9).

173 1533 412 1588 Adhibita
440 1540 531 1586 cst
554 1531 721 1586 etiam
752 1533 986 1586 societas
1019 1532 1072 1586 in
1095 1532 1282 1587 eadem
1326 1531 1570 1585 Romana
1617 1531 1752 1586 urbe

173 1620 450 1678 beatissimi
470 1621 716 1690 Apostoli
743 1620 916 1686 Pauli,
944 1621 1089 1675 vasis
1112 1620 1412 1685 electionis,
1439 1622 1530 1691 qui
1548 1637 1654 1677 uno
1666 1621 1753 1677 die

173 1728 368 1784 unoque
384 1723 634 1784 tempore
647 1712 877 1784 gloriosa
893 1720 1066 1767 morte
1092 1727 1214 1767 cum
1229 1712 1386 1769 Petro
1400 1713 1500 1767 sub
1510 1714 1750 1784 principe

1855 541 1940 585 est
1967 531 2113 586 enim
2139 547 2260 600 quae
2292 533 2426 586 dixit
2457 551 2468 586 :
2517 532 2636 587 Vivo
2661 549 2777 604 ego,
2803 534 2931 587 dicit
2965 532 3220 587 Dominus
3271 533 3431 593 Deus.

1859 619 2000 675 Nolo
2027 632 2243 675 mortem
2293 622 2459 691 impii.
2494 623 2583 700 sed
2610 632 2666 677 ut
2711 633 3001 679 revertatur
3041 624 3235 690 impius
3280 640 3313 678 α
3346 626 3434 677 via

1855 728 1951 766 sua
1973 720 2020 765 et
2045 713 2202 767 vivat.
2234 710 2606 768 Convertimini
2639 731 2673 769 a
2721 715 2818 769 riis
2849 726 3028 769 vestris
3071 730 3337 786 pessrmrs,
3385 725 3437 768 et

1853 818 2016 872 quare
2067 801 2396 863 moriemini,
2442 801 2642 857 domus
2694 803 2884 858 Israel.
2949 804 3206 873 Nunquid
3257 804 3439 859 volens

1855 892 2007 961 cupio
2048 903 2265 947 mortem
2322 893 2485 963 iniqui
2509 893 2539 946 .7
2566 893 2691 947 dicit
2734 893 2992 948 Dominus
3039 893 3178 949 Dens
3205 894 3433 966 (Exerit.

1856 997 2050 1046 χχχιιι,
2078 983 2190 1054 ll).
2229 982 2486 1037 Dominus
2517 982 2688 1051 iurat,
2714 998 2782 1039 ne
2802 984 2924 1053 quis
2950 985 3237 1039 criminum
3289 986 3437 1040 mole

1854 1075 2122 1144 desperet,
2162 1077 2287 1146 quia
2333 1090 2441 1131 non
2496 1075 2610 1130 vult
2638 1085 2867 1132 mortem
2904 1077 3081 1147 i-npii,
3117 1078 3211 1132 sed
3239 1088 3299 1133 nt
3348 1092 3435 1132 re-

1855 1175 2103 1220 vertatur
2130 1181 2160 1220 a
2184 1165 2271 1220 via
2313 1180 2409 1220 sua
2437 1174 2492 1220 et
2514 1166 2680 1230 vivat,
2717 1155 3266 1221 et‘Przedestinatrani
3314 1183 3438 1238 per-

1848 1256 2063 1327 jurant,
2092 1257 2218 1326 quia
2262 1257 2354 1327 qui
2396 1272 2504 1313 non
2554 1258 2836 1312 salvantur
2882 1256 3099 1327 penitus
3150 1272 3259 1312 non
3311 1272 3444 1314 esse

1854 1350 2146 1404 voluntatis
2180 1348 2390 1404 Domini
2422 1357 2481 1403 ut
2509 1348 2806 1405 solventur.
2839 1348 2907 1403 Et
2935 1348 3065 1404 item
3095 1348 3356 1404 Dominus
3377 1349 3437 1404 in

1854 1439 2148 1508 Evangelio
2196 1438 2378 1494 dicit:
2418 1437 2548 1492 Dico
2598 1437 2759 1504 vobis,
2821 1438 3075 1509 gaudium
3125 1446 3200 1492 est
3252 1452 3434 1492 coram

1854 1530 2055 1601 angelis
2080 1530 2175 1584 Dei
2202 1530 2259 1584 in
2285 1528 2412 1584 coelo
2435 1546 2592 1599 super
2619 1547 2725 1584 uno
2763 1539 3036 1599 peccatore
3074 1529 3438 1599 paenitentiam

1853 1632 2036 1693 agente
2067 1622 2221 1694 (Luc.
2256 1639 2346 1689 xv,
2375 1622 2451 1691 7).
2488 1622 2557 1677 Et
2592 1623 2635 1677 si
2661 1637 2825 1691 super
2845 1637 2950 1676 uno
2975 1622 3278 1692 pmnitcnte
3308 1637 3438 1691 gau-

1853 1712 1984 1769 dent
2004 1713 2200 1783 angeli,
2236 1728 2342 1767 non
2390 1711 2558 1768 nmlto
2600 1712 2790 1782 magis,
2847 1713 2893 1767 si
2945 1727 3134 1767 omnes
3162 1714 3437 1781 pten'ten-

170 1802 365 1858 Nerone
391 1805 700 1875 agonizans
748 1812 1040 1859 coronatus
1068 1813 1174 1868 est,
1207 1814 1263 1859 et
1306 1804 1467 1859 ambo
1504 1814 1748 1860 sanctam
1784 1787 1826 1846 Β
1859 1806 1986 1860 tiam
2015 1805 2230 1874 egerint
2254 1813 2309 1859 et
2331 1803 2681 1867 crediderint,
2707 1801 2879 1873 angeli
2899 1801 3074 1857 sancti
3097 1801 3435 1871 gaudebunt,

174 1896 454 1950 Romanam
485 1896 785 1951 Ecclesium
814 1905 1288 1961 consecraverunt,
1320 1897 1549 1967 aliisque
1596 1897 1747 1952 urbi-

175 1990 261 2045 bus
306 1991 358 2044 in
400 1991 670 2046 universo
702 1993 903 2048 mundo
962 2008 1082 2048 eam
1127 2008 1222 2049 sua
1254 1994 1540 2065 praesentia
1587 2002 1750 2066 atque

176 2081 461 2136 venerando
507 2083 789 2154 triumpho
821 2084 1197 2153 praetulerunt.
1237 2105 1256 2139 ι
1288 2085 1356 2141 Et
1399 2094 1622 2141 sanctus
1662 2085 1749 2141 ln-

177 2174 437 2227 nocentius
471 2175 545 2228 ad
581 2174 897 2231 Decentium
935 2175 1275 2248 Eugubinum
1316 2176 1509 2233 scribit
1537 2177 1748 2249 episco-

178 2279 283 2330 pum
334 2262 528 2319 dicens
579 2264 751 2336 (epist.
806 2265 877 2320 29
922 2266 977 2320 in
1020 2268 1268 2340 princip.)
1305 2286 1320 2323 :
1359 2286 1378 2319 ι
1416 2268 1551 2335 Quis
1599 2267 1746 2323 enim

178 2356 382 2419 nesciat,
429 2364 531 2410 aut
579 2371 686 2410 non
719 2358 986 2423 advertat,
1017 2359 1067 2412 id
1098 2359 1240 2429 quod
1276 2375 1306 2413 a
1348 2360 1593 2430 principe
1623 2374 1749 2430 apo-

179 2444 412 2498 stolorum
445 2445 619 2501 Petro
660 2445 921 2503 Romanae
960 2448 1216 2504 Ecclesia:
1263 2449 1519 2504 traditum
1545 2457 1651 2514 est,
1681 2465 1746 2504 ac

181 2549 301 2587 nunc
322 2550 493 2605 usque
517 2535 853 2600 custoditur,
884 2535 952 2590 ab
989 2539 1242 2594 omnibus
1272 2538 1470 2595 debere
1513 2541 1743 2608 servari,

182 2638 264 2677 nec
286 2625 576 2694 superduci
605 2634 700 2682 aut
726 2626 992 2682 introduci
1015 2628 1236 2699 aliquid,
1260 2630 1402 2700 quod
1436 2640 1531 2685 aut
1556 2642 1746 2688 aucto-

181 2714 366 2770 ritatem
409 2732 523 2771 non
581 2717 797 2781 habent,
824 2728 917 2772 aut
945 2718 1161 2774 aliunde
1192 2723 1443 2791 accipere
1497 2722 1744 2778 videatur

182 2806 460 2877 exemplum
483 2809 512 2861 ’ξ
568 2806 875 2863 Prmsertim
914 2824 1035 2865 cum
1063 2813 1134 2865 sit
1172 2812 1540 2879 manifestum,
1587 2813 1747 2885 150

185 2895 231 2949 in
268 2912 470 2953 omnem
538 2899 746 2954 Italiam
779 2942 793 2964 ,
844 2900 1066 2964 Callias,
1110 2903 1415 2974 Hispanias,
1480 2904 1743 2971 Africam,

182 2996 320 3057 atque
370 2990 653 3056 Siciliam,
715 2991 1027 3062 insulasque
1086 2993 1489 3063 interiacentes,
1539 2994 1743 3051 nullum

186 3079 452 3139 instituisse
506 3084 807 3149 Ecclesias,
849 3085 953 3141 nisi
982 3101 1077 3143 eos
1105 3102 1242 3157 quos
1284 3087 1610 3143 venerabilis
1646 3087 1746 3142 Pe-

183 3178 299 3235 uns,
322 3184 408 3227 aut
434 3175 566 3247 ejus
588 3191 955 3242 successores,
999 3178 1383 3235 constituerint
1409 3181 1739 3237 sacerdotes.

182 3262 269 3316 Ant
312 3264 488 3335 legant
542 3266 589 3321 si
637 3267 697 3321 in
734 3268 819 3322 his
863 3270 1154 3338 provinciis
1187 3270 1325 3327 alius
1375 3274 1743 3343 apostolorum

186 3362 263 3406 aut
282 3354 466 3426 legitur
489 3365 591 3413 aut
621 3358 895 3415 invenitur
915 3360 1186 3417 docuisse.
1210 3361 1311 3429 Qui
1338 3363 1383 3418 si
1404 3380 1510 3419 non
1531 3364 1740 3437 legunt,

183 3444 285 3510 quia
314 3463 585 3518 nusquam
614 3449 916 3516 inveniunt,
944 3461 1156 3522 Oportet
1177 3468 1274 3509 eos
1302 3455 1407 3511 hoc
1427 3457 1740 3525 sequiquod

182 3534 391 3595 Ecclesia
434 3543 692 3598 Romana
739 3546 995 3610 custodit,
1054 3562 1084 3601 a
1121 3563 1230 3618 qua
1276 3564 1371 3605 eos
1419 3550 1742 3620 principium

184 3633 423 3702 accepisse
468 3652 588 3693 non
629 3637 850 3693 dubium
870 3648 973 3702 est,
998 3656 1065 3695 ne
1093 3641 1220 3695 dum
1244 3642 1546 3713 peregrinis
1567 3658 1745 3699 asser-

187 3719 389 3779 tionibus
415 3726 665 3792 student,
683 3738 844 3799 caput
864 3730 1261 3787 institutionum
1281 3733 1566 3789 videantur
1584 3736 1743 3789 amito

186 3818 295 3867 tere.
331 3836 349 3869 ι
376 3816 521 3873 Cum
553 3817 670 3875 haec
695 3819 768 3874 ita
817 3835 878 3875 se
915 3820 1174 3887 habeant,
1201 3830 1259 3877 et
1301 3833 1523 3879 sanctus
1571 3824 1747 3880 Coale-

183 3903 331 3960 slinns
361 3923 506 3978 papa
525 3946 541 3974 ,
589 3906 743 3977 cujus
770 3919 1010 3980 tempore
1037 3910 1269 3981 primum
1298 3913 1414 3969 lucc
1435 3923 1621 3971 exorta
1660 3924 1746 3970 est

185 3992 395 4061 heresis,
428 3999 585 4054 dicat
617 3999 673 4054 in
724 3999 990 4055 Decretali
1014 4001 1241 4073 epistola
1282 4018 1379 4058 sua
1411 4005 1547 4074 (post
1584 4006 1739 4074 epist.

183 4084 227 4138 8.
267 4086 548 4162 Caelestim')
602 4093 670 4148 ad
714 4093 1004 4153 Venerium
1053 4104 1110 4151 et
1164 4103 1393 4152 caeteros
1436 4096 1745 4155 Gallicanos

181 4178 435 4252 ePiscopos
488 4182 628 4254 (cap.
678 4183 788 4257 lt),
844 4185 976 4256 quid
1021 4186 1147 4242 inde
1183 4188 1427 4254 credere,
1459 4196 1745 4246 tenerent

180 4269 452 4335 [medicare
488 4272 755 4330 catholico
798 4274 1091 4353 debeamus
1134 4295 1147 4332 :
1187 4295 1207 4330 ι
1262 4276 1740 4347 Obsecrationum,

181 4353 425 4428 inquiens,
476 4364 897 4422 sacerdotalium
951 4377 1294 4427 sacramenta
1348 4371 1741 4443 reSpieiamus,

1850 1896 1942 1967 qni
1973 1896 2024 1950 in
2052 1895 2144 1952 illo
2182 1896 2370 1952 vident
2414 1896 2555 1951 unde
2589 1893 2905 1965 gaudeant?
2938 1893 3011 1948 De
3050 1892 3193 1947 illius
3221 1891 3435 1949 scilicet

1848 1988 2066 2059 gaudio,
2104 2005 2134 2042 a
2183 2002 2291 2059 quo
2322 1987 2716 2057 sempiternum
2769 1986 3025 2056 gaudium
3079 1994 3425 2057 acceperunt.

1848 2078 2046 2152 Legem
2078 2094 2211 2152 ergo
2235 2079 2511 2139 credendi.
2555 2088 2616 2134 ut
2640 2087 2863 2135 sanctus
2894 2077 3217 2134 C(elestinus
3251 2076 3431 2146 jubet.

1847 2169 1934 2227 lex
1972 2170 2126 2226 nobis
2168 2177 2373 2225 statuat
2409 2166 2742 2239 supplicandi
2771 2186 2783 2222 :
2809 2177 2866 2222 ιιι
2894 2168 3153 2237 quoniam
3182 2168 3250 2225 ab
3281 2166 3431 2223 omni

1850 2260 2089 2317 Ecclesia
2142 2259 2413 2316 catholica
2461 2260 2572 2314 Deo
2618 2257 2954 2329 supplicatur
3003 2272 3103 2329 pro
3153 2257 3433 2321 omnibus,

1847 2354 2132 2408 credamus
2165 2351 2332 2405 Deum
2360 2364 2550 2406 omnes
2588 2349 2836 2406 homines
2874 2347 3010 2404 velle
3061 2346 3241 2404 salvos
3289 2346 3429 2412 ﬁeri,

1847 2443 1974 2500 licet
2002 2460 2108 2499 non
2131 2458 2322 2498 omnes
2337 2442 2631 2508 salventur,
2648 2451 2702 2498 et
2722 2443 2866 2513 quod
2889 2442 3104 2512 quidam
3131 2440 3432 2502 salvantur.

1845 2535 2111 2590 salvantis
2139 2535 2205 2590 sit
2240 2535 2479 2599 donum;
2522 2535 2664 2604 quod
2711 2543 2891 2589 artem
2932 2534 3153 2604 quidam
3178 2541 3433 2603 pereunt,

1846 2628 1917 2682 sit
1942 2627 2280 2697 pereuntium
2308 2626 2587 2682 meritum.

1917 2720 2048 2784 Piis,
2101 2719 2335 2787 devotis,
2376 2728 2540 2789 atque
2570 2718 2853 2775 catholicis
2880 2718 2984 2773 hoc
3013 2725 3195 2788 potest
3225 2725 3279 2771 et
3327 2716 3431 2772 hcc

1845 2812 2006 2869 debet
2051 2809 2316 2878 suillcere,
2364 2810 2509 2880 quod
2547 2811 2789 2866 omnium
2852 2807 3214 2865 Ecclesiarum
3257 2815 3436 2863 mater

1847 2912 2035 2959 sancta
2080 2901 2352 2960 catholica
2383 2910 2546 2972 atque
2572 2900 2880 2972 Apostolica
2928 2899 3085 2971 151
3115 2899 3273 2957 docet
3319 2897 3434 2955 Ito.

1845 3012 2004 3053 mana
2029 2995 2289 3053 Ecclesia.
2339 2994 2459 3065 ipsa
2484 2994 2629 3050 enim
2666 3002 2726 3049 ut
2752 3002 2928 3049 mater
2967 3008 3067 3048 nos
3089 2991 3306 3048 Christo
3334 3006 3434 3062 ge-

1849 3089 1988 3154 nuit,
2025 3103 2124 3144 nos
2153 3087 2411 3157 religione
2446 3085 2692 3144 nutrivit.
2716 3100 2818 3141 nos
2854 3084 3102 3140 doctrina
3132 3082 3390 3139 instruxit
3416 3098 3430 3136 :

1849 3195 1950 3237 nos
1969 3181 2109 3237 sicut
2136 3180 2189 3233 in
2217 3189 2406 3236 sancto
2436 3178 2598 3234 Petro
2621 3193 2648 3232 a
2670 3177 2887 3233 Christo
2915 3176 3069 3230 ﬁrma
3097 3183 3249 3246 petra
3275 3188 3435 3231 acce~

1847 3271 1946 3342 pit,
1971 3270 2221 3326 doctores
2252 3268 2508 3333 instituit,
2541 3277 2596 3323 et
2617 3266 2886 3323 catholico
2929 3266 3070 3321 lacte
3097 3274 3349 3326 nutritos.
3374 3273 3433 3321 et

1847 3367 1915 3419 τι]
1949 3364 2124 3419 virum
2151 3361 2451 3433 perlectum
2501 3361 2808 3432 perductos,
2834 3358 2901 3414 ad
2946 3358 3248 3414 docendum
3289 3356 3430 3413 alios

1848 3458 2179 3522 informavit,
2205 3471 2303 3528 per
2332 3456 2560 3512 Paulum
2589 3454 2796 3519 dicens,
2827 3454 2951 3523 quia
2986 3452 3227 3506 Christus
3269 3448 3428 3505 Iesus

1790 3587 1801 3595 -
1848 3554 1982 3609 venit
2033 3553 2087 3606 in
2122 3552 2262 3606 hunc
2311 3548 2569 3604 mundum
2594 3555 2892 3617 peccatores
2924 3543 3094 3601 salvos
3145 3544 3320 3613 facere
3361 3541 3429 3613 ει

1849 3642 1984 3697 Tim.
2010 3641 2179 3711 1,15).
2207 3640 2398 3697 Dicant
2417 3636 2906 3701 Przedestinatiani,
2949 3649 3109 3705 quem
3160 3647 3265 3687 non
3305 3647 3440 3707 esse.

1847 3743 2186 3806 poccatorem
2221 3731 2430 3802 possint
2458 3729 2728 3796 excipere,
2777 3727 2868 3782 illo
2914 3735 3143 3795 excepto
3174 3725 3267 3795 qui
3314 3725 3433 3781 sine

1848 3833 2070 3894 peccato
2093 3832 2147 3879 et
2175 3822 2350 3877 alieno
2369 3829 2425 3875 et
2455 3819 2673 3890 proprio
2702 3820 2851 3872 venit
2876 3830 3121 3888 quaerere
3142 3824 3193 3870 et
3217 3814 3429 3871 salvam

1846 3916 1989 3985 quod
2017 3914 2271 3985 perierat.
2318 3912 2510 3967 Dicant
2539 3910 2630 3981 qui
2661 3926 2765 3966 non
2795 3907 2978 3979 periit,
3001 3922 3126 3963 cum
3174 3906 3315 3962 idem
3345 3906 3429 3959 di-

1847 4016 1938 4063 cat
1966 4004 2275 4076 Apostolus,
2321 4020 2384 4058 επ
2416 4018 2519 4057 uno
2558 4018 2735 4057 omnes
2778 4016 2889 4055 esse
2938 3999 2996 4054 in
3037 3996 3430 4054 condemnatio-

1848 4114 1961 4161 nem
1993 4094 2166 4167 (-Rom.
2196 4110 2245 4157 v,
2279 4092 2389 4166 l6).
2423 4093 2479 4148 Si
2500 4106 2691 4149 omnes
2710 4090 3030 4162 perivimus,
3055 4102 3246 4145 omnes
3275 4102 3426 4158 qua:-

1850 4202 1969 4243 rere
1987 4186 2171 4240 venit:
2208 4185 2251 4241 si
2281 4197 2472 4239 omnes
2512 4195 2756 4252 (interere
2787 4180 2953 4243 venit,
3008 4177 3429 4236 omnes-salvari

1846 4277 2036 4335 voluit.
2079 4277 2147 4332 Et
2178 4276 2306 4332 item
2352 4275 2616 4345 scriptum
2655 4280 2740 4328 est
2779 4288 2792 4327 :
2824 4271 3033 4327 Invidia
3064 4269 3262 4325 diaboli
3287 4285 3433 4324 mors

1848 4369 2076 4441 introivit
2110 4369 2164 4423 in
2193 4367 2368 4423 orbem
2389 4376 2651 4421 terrarum
2680 4363 2832 4437 (Sap.
2858 4362 3056 4431 ",2‘5).
3102 4362 3168 4417 Et
3190 4361 3429 4418 Joannes

183 4451 381 4552 (illaab
424 4454 688 4555 apostolis
724 4456 942 4555 tradita,
978 4458 1034 4514 in
1072 4467 1187 4516 toto
1230 4459 1432 4516 mundo
1469 4469 1633 4533 atque
1686 4464 1741 4521 in
1767 4488 1825 4555 υ
1849 4458 2165 4535 apostolus:
2216 4457 2284 4513 In
2338 4458 2434 4513 hoc
2468 4456 2739 4555 apparuit,
2772 4455 2968 4526 inquit,
2996 4451 3175 4555 ilius
3204 4451 3321 4555 Dii,
3369 4463 3427 4511 ut

183 4542 311 4594 omni
336 4544 603 4600 catholica
647 4545 889 4603 Ecclesia
912 4548 1256 4606 uniformiter
1283 4551 1650 4620 celebrantur,
1684 4563 1745 4610 ut
1767 4542 1817 4579 ’⁵
1848 4546 2097 4603 dissolvat
2147 4563 2305 4619 opera
2330 4545 2528 4602 diaboli
2569 4544 2622 4619 (1
2651 4544 2812 4601 Joan.
2854 4560 2934 4610 ιιι,
2959 4542 3036 4615 8).
3066 4542 3219 4601 Unde
3246 4542 3385 4600 Beda
3409 4560 3427 4597 :

183 4622 334 4698 legem
364 4635 622 4691 credendi
662 4635 749 4692 lex
800 4645 1005 4694 statuat
1036 4641 1393 4710 supplicandi.
1428 4662 1449 4697 ›
1484 4643 1617 4711 Qute
1665 4643 1744 4701 sit

185 4732 343 4780 autem
370 4726 457 4783 lex
487 4729 951 4800 supplicandi,et
995 4732 1109 4803 ipse
1157 4734 1213 4789 in
1261 4735 1455 4791 eodem
1503 4737 1742 4807 capitulo

186 4813 412 4884 explicat,
454 4829 511 4875 et
544 4821 788 4879 Ecclesia
817 4826 972 4896 quasi
1003 4829 1307 4897 specialiter
1344 4831 1399 4886 in
1441 4832 1530 4888 die
1557 4833 1740 4888 eruci-

190 4899 382 4963 tixiouis
424 4911 637 4967 Domini
672 4916 842 4971 nostri
884 4916 1013 4973 Iesu
1059 4917 1283 4986 Christi,
1312 4923 1607 4978 ostendens
1639 4938 1742 4992 pro

189 4996 360 5088 quibus
396 5004 467 5059 sit
506 5007 819 5075 cruciﬁxus,
841 5025 1082 5080 quosque
1108 5011 1222 5067 vult
1246 5013 1424 5069 salvos
1452 5015 1592 5081 ﬂeri,
1614 5030 1742 5088 sup-

190 5084 434 5161 plicando,
472 5105 531 5152 et
572 5100 1022 5169 eongemiseendo
1062 5104 1416 5171 demonstrat,
1457 5122 1620 5162 orans
1643 5084 1740 5176 pro

193 5180 415 5239 omnibus
463 5186 798 5259 hominibus,
833 5203 889 5248 et
912 5195 1225 5265 singillatim
1268 5206 1431 5267 atque
1481 5198 1740 5254 distincte

191 5278 275 5334 pro
298 5276 539 5335 omnibus
567 5281 870 5350 ordinibus,
921 5301 1021 5357 pro
1047 5289 1301 5344 omnibus
1330 5290 1605 5358 gradibus,
1640 5305 1739 5360 pro

194 5366 417 5423 omnibus
450 5372 820 5443 dignitatibus,
842 5394 941 5448 pro
964 5381 1328 5438 sebismaticis
1354 5393 1409 5438 et
1446 5383 1739 5450 haereticis,
1761 5393 1767 5399 ‘

194 5459 277 5514 pro
309 5452 498 5517 Judaais
532 5475 696 5536 atque
724 5471 966 5539 paganis,
992 5481 1050 5525 ut
1073 5487 1232 5544 nemo
1264 5473 1519 5530 credatur
1546 5487 1741 5545 excep-

199 5548 288 5609 ωε,
313 5566 467 5649 agens
494 5558 633 5627 apud
679 5560 917 5617 divinam
946 5564 1290 5621 clementiam
1315 5566 1479 5622 totius
1517 5568 1740 5623 humani

200 5647 383 5729 Beneris
411 5658 644 5705 causam.
680 5649 831 5707 Unde
859 5661 915 5708 et
950 5656 1018 5710 ad
1061 5654 1240 5712 locum
1269 5656 1433 5712 dicit:
1461 5657 1603 5712 Deus
1643 5657 1739 5729 qui

204 5725 352 5788 salvos
369 5751 569 5812 omnes,
594 5753 649 5800 et
674 5746 947 5825 neminem
978 5749 1056 5807 vis
1099 5749 1295 5814 perire,
1350 5749 1474 5807 licet
1516 5725 1739 5827 avidam

1852 4661 1873 4695 ι
1908 4641 2110 4698 Omnes
2134 4650 2451 4712 peccatores
2477 4653 2543 4694 ex
2567 4638 2780 4695 diabolo
2798 4638 2910 4693 nati
2935 4645 3061 4693 sunt
3081 4637 3134 4691 in
3159 4645 3430 4707 quantum

1846 4744 2182 4805 peceatores.
2235 4732 2360 4788 Ideo
2391 4732 2532 4787 enim
2568 4732 2714 4787 venit
2747 4731 2998 4786 Christus
3028 4731 3190 4785 homo
3222 4737 3281 4784 ut
3320 4729 3429 4784 sol-

1845 4836 1998 4881 veret
2025 4834 2245 4896 peccata
2270 4824 2569 4879 hominum.
2603 4822 2867 4891 Quocirca
2888 4822 2933 4877 si
2960 4821 3079 4876 ideo
3107 4820 3272 4885 venit,
3300 4833 3426 4892 pec-

1846 4928 2058 4973 catores
2087 4915 2264 4972 salvos
2285 4915 2462 4970 facere
2494 4915 2639 4968 venit
2662 4931 2675 4965 :
2702 4922 2757 4969 et
2779 4913 2903 4982 quia
2922 4925 3112 4968 omnes
3130 4910 3425 4969 secundum

1846 5008 2165 5080 Apostolnm
2188 5016 2499 5077 peceatores
2521 5012 2696 5070 erant,
2721 5004 2859 5060 sicut
2881 5003 3017 5058 dixit
3038 5018 3132 5073 per
3154 5008 3427 5072 peccatum

1850 5120 2010 5167 mors,
2060 5110 2108 5155 et
2161 5100 2235 5153 ita
2279 5100 2335 5152 in
2385 5113 2561 5167 omnes
2590 5096 2821 5149 homines
2849 5091 3178 5163 pertransivit
3237 5091 3291 5142 in
3319 5105 3424 5162 quo

1848 5210 2025 5248 omnes
2053 5197 2393 5262 peccaverunt
2439 5187 2614 5259 (Rom.
2644 5203 2698 5251 v,
2754 5185 2864 5258 η),
2895 5184 2985 5254 qui
3013 5181 3159 5261 venit
3178 5195 3425 5252 qurerere

1849 5286 1991 5356 quod
2014 5283 2271 5353 perierat,
2303 5296 2493 5336 omnes
2517 5292 2763 5349 quaerere
2810 5276 2975 5339 venit,
3009 5287 3200 5328 onmes
3245 5271 3424 5326 salvos

1849 5378 1968 5436 ﬁeri
1997 5376 2185 5442 voluit,
2211 5375 2428 5431 dicente
2454 5374 2647 5428 iterum
2675 5371 2833 5427 Paulc
2864 5386 2958 5440 per
3002 5381 3160 5436 quem
3190 5367 3303 5436 ipse
3345 5365 3423 5420 lo-

1844 5479 2000 5529 Clitus
2021 5479 2103 5524 est
2128 5466 2378 5524 Christus
2409 5482 2424 5521 :
2460 5464 2563 5530 Qui
2596 5463 2700 5518 vult
2728 5477 2905 5515 omnes
2961 5459 3197 5512 homines
3248 5452 3422 5511 salvos

1842 5565 1959 5633 ﬁeri
2013 5561 2065 5632 (1
2101 5559 2237 5614 Tim.
2282 5573 2360 5624 ιι,
2409 5555 2490 5626 4);
2539 5563 2593 5619 et
2626 5553 2833 5607 Petro:
2881 5548 2985 5615 Qui
3033 5547 3290 5602 neminem
3314 5544 3422 5601 vult

1841 5653 2043 5723 perire,
2101 5650 2193 5705 sed
2255 5664 2431 5704 omnes
2502 5646 2572 5700 ad
2621 5641 2977 5715 paenitentiam
3031 5638 3260 5693 converti
3321 5633 3421 5708 (II

1840 5747 1983 5805 Petr.
2019 5762 2108 5813 tu,
2126 5742 2205 5817 9).
