3992 6336
593 288 704 347 215

1562 300 1905 366 ἨΙΝΟΜΑΙΠ
1941 311 2161 367 ΙὶῐΙΕΜΙ

2263 313 2336 371 LlS
2375 316 2893 380 ARCHIEPISCOPI
3749 340 3840 400 ate

667 410 779 467 Cur
801 425 932 485 ergo
971 429 1079 470 non
1109 432 1299 474 omnes
1329 418 1629 489 salvantur,
1678 424 1793 495 ipsa
1821 425 2036 483 Veritas
2072 442 2172 498 per
2198 429 2248 491 Α
2275 429 2624 501 luminamur,
2659 437 2755 493 sed
2781 439 3125 509 exigentibus
3151 444 3356 501 nostris
3380 445 3592 504 meritis
3620 448 3838 520 adjuvari

594 498 855 558 Joannem
898 505 1284 576 evangelistam
1316 513 1658 581 respondeat.
1692 515 1809 570 Hoc
1853 528 1929 572 est
1976 529 2173 586 autem,

593 593 788 665 inquit,
804 596 1094 665 judicium,
1126 600 1252 671 quia
1303 601 1397 657 lux
1422 607 1556 659 venit
1599 608 1656 660 in
1682 610 1958 677 mundum,
2005 622 2056 666 et
2093 613 2176 666 di-

593 683 833 740 lexerunt
862 687 1098 744 homines
1137 693 1375 749 tenebras
1415 697 1582 767 magis
1607 714 1764 769 quam
1791 700 1977 755 lucem.
2004 701 2176 757 Erant

587 775 727 830 enim
756 792 938 832 eorum
963 778 1103 834 mala
1124 798 1282 852 opera
1313 782 1496 856 (Joan.
1520 802 1602 852 ut,
1637 789 1745 859 19).
1779 789 1934 846 Unde
1955 801 2175 848 sanctus

585 868 918 938 Augustinus
950 871 1081 925 dicit
1123 861 1309 942 (tract.
1362 875 1431 930 12
1473 878 1526 932 in
1566 877 1754 948 Joan.)
1786 899 1800 936 :
1839 900 1860 934 ι
1893 881 2174 950 Quomodo

587 959 808 1026 quidam
833 960 1038 1017 bonum
1063 979 1200 1035 opus
1228 964 1495 1037 fecerunt,
1528 977 1586 1024 ut
1607 973 1857 1027 venirent
1881 975 1949 1028 ad
1968 975 2170 1041 lucem,

585 1050 640 1106 id
667 1061 753 1108 est
773 1054 842 1108 ad
874 1052 1173 1123 Christum,
1201 1066 1257 1112 et
1287 1062 1560 1129 quomodo
1590 1064 1807 1133 quidam
1861 1066 2172 1123 dilexerunt

583 1143 873 1200 tenebras?
915 1145 972 1200 Si
999 1161 1191 1204 omnes
1218 1160 1534 1219 peccatores
1576 1146 1802 1221 invenit,
1825 1166 1883 1212 et
1913 1173 2104 1215 omnes
2137 1175 2169 1214 a

580 1245 809 1304 peccato
853 1247 1028 1303 sanat,
1074 1249 1131 1296 et
1180 1255 1404 1312 serpens
1452 1244 1563 1309 ille,
1595 1246 1650 1301 in
1693 1263 1801 1317 quo
1836 1247 2064 1318 ﬁgurata
2086 1260 2172 1307 est

581 1342 735 1384 mors
759 1329 996 1397 Domini,
1015 1346 1111 1389 eos
1136 1337 1395 1405 sanatqui
1422 1339 1586 1393 morsi
1617 1339 1852 1407 fuerant,
1878 1351 2169 1415 etpropter

580 1434 805 1475 morsus
852 1424 1119 1491 serpentis
1168 1435 1386 1483 erectus
1430 1436 1513 1483 est
1541 1444 1783 1500 serpens,
1816 1433 1869 1487 id
1892 1444 1976 1489 est
2019 1451 2167 1491 mors

580 1510 798 1567 Domini
826 1523 1051 1585 propter
1092 1518 1350 1574 mortales
1392 1520 1640 1578 homines
1667 1538 1804 1593 quos
1852 1526 2056 1582 invenit
2087 1530 2168 1584 in-

575 1603 775 1675 justas,
810 1608 1082 1677 quomodo
1101 1608 1416 1682 intelligitur
1440 1628 1455 1668 :
1479 1613 1596 1670 Hoc
1622 1628 1696 1670 est
1721 1618 2006 1688 judicium,
2037 1639 2166 1693 quo-

579 1694 724 1750 niam
764 1695 857 1751 lux
883 1700 1019 1753 venit
1064 1702 1121 1755 in
1150 1703 1427 1768 mundum,
1485 1716 1533 1759 et
1583 1707 1879 1765 dilexerunt
1928 1712 2163 1769 homines

2279 536 2385 575 non
2412 538 2717 592 possumus.
2755 548 2774 581 ι
2816 530 2898 584 Ab
2932 529 3317 603 Oinuipoteute
3347 537 3624 607 videlicet,
3658 544 3721 598 de
3743 560 3839 617 quo

2276 621 2333 668 et
2373 614 2572 673 Paulus
2602 620 2769 675 dicit:
2805 621 2867 677 Si
2886 640 3153 694 negamus,
3187 636 3239 681 et
3277 628 3370 682 ille
3410 632 3620 700 negabit
3646 614 3773 691 ποδί
3798 641 3839 695 si

2274 722 2379 760 non
2402 710 2686 781 credimus,
2709 711 2799 767 ille
2824 715 2999 783 ﬁdelis
3038 730 3326 785 permanet.
3379 720 3593 793 Negare
3618 744 3671 782 se
3689 728 3837 799 ipsum

2273 811 2378 850 non
2410 808 2574 865 potest
2607 800 2693 864 (11
2722 801 2855 865 Tim.
2889 820 2947 871 ιι,
2983 806 3093 877 12).
3124 807 3254 874 Quae
3277 810 3619 882 impotentia,
3653 825 3709 872 ut
3747 820 3840 875 Au-

2274 885 2523 954 gustinus
2542 889 2900 960 demonstrat,
2931 898 3164 955 maxime
3177 899 3243 953 ad
3260 904 3707 973 omnipotentiam
3730 925 3838 980 per-

2273 975 2430 1031 tinet.
2474 977 2675 1036 Fidelis
2702 984 2846 1039 enim
2895 999 3200 1055 permanet,
3233 1007 3436 1063 negare
3489 975 3835 1068 seipsum-non

2269 1078 2470 1140 potest.
2522 1073 2676 1131 Unde
2709 1077 2853 1133 idem
2884 1081 3074 1137 doctor
3119 1085 3354 1143 eximius
3410 1088 3465 1143 in
3507 1088 3758 1151 Sermone
3778 1098 3836 1153 de

2271 1164 2514 1234 symbolo
2557 1168 2625 1222 ad
2662 1167 2970 1243 Neophytos
3023 1174 3095 1229 ita
3128 1177 3298 1233 dicit:
3355 1197 3378 1232 α
3407 1180 3747 1252 Omnipotens
3770 1205 3829 1245 ex

2270 1254 2440 1309 nihilo
2466 1257 2722 1325 primitus
2749 1272 2947 1318 cuncta
2977 1264 3126 1329 fecit,
3158 1283 3281 1322 cum
3335 1272 3537 1339 quibus
3568 1273 3687 1329 fecit
3709 1279 3833 1345 pari-

2271 1351 2354 1400 ter
2382 1348 2523 1401 unde
2547 1347 2690 1404 fecit.
2720 1351 2973 1410 Materies
3004 1357 3185 1427 itaque
3226 1360 3353 1416 cmli
3405 1373 3462 1418 et
3510 1375 3683 1432 terrm,
3712 1370 3833 1426 sicut

2268 1433 2385 1488 haec
2432 1435 2486 1489 in
2530 1438 2795 1508 principio
2829 1452 2955 1498 sunt
2983 1454 3187 1513 creata,
3245 1450 3415 1506 simul
3456 1467 3578 1508 cum
3612 1456 3734 1527 ipsis
3762 1469 3832 1517 est

2268 1536 2471 1580 creata.
2537 1528 2648 1585 Nec
2701 1532 2798 1587 fuit
2831 1537 2973 1592 unde
3025 1537 3219 1595 fierent
3261 1557 3386 1612 quae
3428 1545 3573 1603 Deus
3607 1549 3657 1604 in
3701 1552 3831 1620 prin-

2267 1617 2408 1687 cipio
2480 1619 2626 1686 fecit,
2679 1632 2735 1679 et
2795 1634 2974 1683 tamen
3036 1630 3173 1687 facta
3226 1645 3357 1690 sunt
3415 1653 3535 1708 qua:
3607 1617 3830 1714 Omnipo-

2268 1716 2387 1764 tens
2466 1710 2637 1779 fecit,
2722 1731 2845 1786 qua:
2917 1719 3059 1775 facta
3137 1727 3487 1795 composuit,
3572 1710 3825 1802 implevit,

576 1789 749 1859 magis
772 1792 1008 1847 tenebras
1037 1810 1194 1864 quant
1223 1795 1412 1851 lucem.
1446 1796 1616 1854 Erant
1646 1802 1783 1856 enim
1815 1804 1957 1858 mala
2006 1822 2163 1876 opera
2196 1791 2238 1851 Β
2267 1803 2499 1857 οτηίινίῑ·
2580 1803 2637 1860 Si
2705 1808 2851 1863 enim
2916 1825 3036 1881 Quae
3112 1814 3165 1869 in
3232 1818 3511 1890 principio
3582 1821 3705 1879 fecit
3771 1841 3825 1881 ex

575 1881 806 1957 eorum?
841 1881 981 1948 Quid
1036 1885 1286 1941 esthoc?
1327 1886 1569 1955 Quorum
1626 1893 1774 1947 enim
1821 1904 1979 1949 erant
2022 1897 2162 1953 mala

581 1971 785 2039 opera?
821 1971 1011 2028 Nonne
1053 1977 1243 2032 venisti
1271 1988 1331 2034 ut
1359 1978 1627 2048 justillces
1661 1983 1889 2056 impios?
1935 1987 2042 2045 Sed
2083 1991 2165 2046 di-

572 2058 837 2127 lexerunt,
870 2064 1065 2135 inquit,
1097 2069 1263 2140 magis
1286 2072 1524 2126 tenebras
1553 2091 1710 2145 quam
1747 2075 1937 2133 lucem.
1966 2081 2041 2136 lbi
2071 2099 2167 2151 po-

577 2151 691 2207 suit
727 2152 857 2208 vim.
893 2154 1045 2211 Multi
1092 2159 1237 2213 enim
1265 2161 1575 2218 dilexerunt
1614 2178 1835 2235 peccata
1864 2185 1981 2225 sua.
2024 2171 2163 2239 Quia

581 2245 676 2315 qui
705 2247 994 2304 confitetur
1016 2259 1240 2320 peccata
1282 2267 1401 2320 sua,
1435 2263 1489 2310 et
1520 2268 1741 2313 accusat
1786 2271 2009 2330 peccata
2037 2280 2160 2331 sua,

571 2334 686 2406 jam
715 2353 837 2394 cum
863 2340 971 2396 Deo
996 2340 1145 2397 facit.
1171 2343 1404 2399 Accusat
1432 2345 1575 2402 Deus
1614 2360 1836 2418 peccata
1885 2361 1994 2418 tua,
2021 2355 2066 2410 si
2110 2363 2166 2409 et

574 2434 639 2480 tu
665 2441 908 2495 accusas,
941 2430 1289 2504 conjungeris
1333 2433 1465 2491 Deo.
1505 2437 1669 2504 Quasi
1725 2442 1845 2497 duae
1892 2458 1981 2499 res
2012 2454 2161 2511 sunt,

578 2518 747 2575 hamo
784 2529 840 2577 et
884 2530 1141 2592 peccator
1169 2542 1182 2578 :
1214 2525 1356 2594 quod
1380 2529 1535 2583 audis
1567 2531 1750 2597 homo,
1800 2532 1945 2590 Deus
1985 2533 2156 2590 fecit:

564 2612 721 2681 quod
749 2612 904 2668 audis
928 2624 1204 2683 peccator,
1236 2620 1351 2692 ipse
1373 2621 1536 2676 homo
1567 2622 1714 2678 fecit.
1744 2624 1872 2679 Dele
1902 2628 2043 2696 quod
2087 2626 2163 2682 fe-

578 2702 725 2768 cisti,
754 2712 816 2758 ut
838 2704 982 2762 Deus
1007 2708 1176 2765 salvet
1194 2711 1334 2780 quod
1361 2711 1507 2768 fecit.
1538 2712 1764 2785 Oportet
1804 2724 1864 2770 ut
1901 2717 2082 2773 oderis
2107 2719 2162 2773 in

462 2785 473 2788 ’
572 2801 789 2866 teo‘pus
812 2804 985 2864 tuum,
1014 2809 1070 2855 et
1091 2817 1244 2859 ames
1293 2804 1347 2858 in
1396 2815 1450 2861 te
1486 2820 1621 2876 opus
1658 2807 1771 2862 Dei.
1815 2806 1949 2863 Cum
1981 2817 2162 2865 autem

573 2889 931 2957 cmperittibi
970 2892 1256 2962 displicere
1299 2896 1444 2964 quod
1493 2895 1688 2962 fecisti,
1727 2897 1852 2953 inde
1898 2898 2167 2970 incipiunt

570 2976 714 3032 bona
737 2992 902 3048 opera
920 2990 1030 3043 tua,
1049 2982 1175 3052 quia
1205 2997 1431 3040 accusas
1452 2985 1594 3040 mala
1614 3001 1780 3057 opera
1797 2995 1909 3043 tua.
1940 2988 2159 3045 Initium

573 3067 845 3127 bonorum
890 3088 1115 3145 operum
1145 3075 1421 3134 confessio
1460 3087 1544 3133 est
1595 3094 1821 3150 operum
1870 3082 2156 3137 malorum.

2215 1892 2438 1948 .nihilo
2519 1897 2708 1967 utique
2773 1899 2936 1968 fecit,
3009 1906 3175 1962 etiam
3250 1925 3321 1965 ex
3398 1913 3487 1969 his
3552 1930 3666 1984 qua:
3721 1917 3827 1973 fecit

2267 1985 2530 2055 quidquid
2579 1989 2809 2048 voluerit
2858 1994 3038 2052 facere
3105 2011 3302 2068 potens
3342 2011 3465 2069 est,
3510 2008 3628 2076 quia
3675 2011 3824 2064 omni-

2267 2086 2460 2146 potens
2484 2089 2586 2136 est.
2613 2081 2723 2140 Nec
2751 2085 2874 2142 ideo
2903 2091 3126 2146 credant
3157 2092 3331 2164 iniqui
3362 2095 3537 2152 Deum
3588 2116 3686 2155 non
3723 2117 3822 2157 esse

2267 2168 2729 2236 omnipotentem,
2802 2176 2927 2244 quia
2994 2180 3162 2234 multa
3223 2193 3418 2239 contra
3472 2185 3586 2253 eius
3647 2187 3820 2245 faciunt

2266 2257 2620 2328 voluntatem,
2653 2264 2779 2333 quia
2806 2275 3006 2322 etcum
3035 2269 3241 2326 faciunt
3270 2276 3418 2344 quod
3458 2292 3561 2331 non
3589 2278 3710 2343 vult,
3735 2279 3819 2334 hoc

2266 2346 2348 2402 eis
2369 2347 2531 2405 faciet
2557 2353 2701 2420 quod
2724 2354 2839 2424 ipse
2859 2356 2990 2412 vult.
3020 2358 3178 2416 Nullo
3204 2364 3370 2419 modo
3401 2364 3562 2435 igitur
3604 2369 3818 2436 omnipo.

2270 2440 2433 2496 tentis
2455 2441 2539 2496 vel
2563 2448 2872 2502 mutantvel
2895 2459 3153 2519 superant
3174 2453 3514 2511 voluntatem
3533 2475 3547 2510 :
3564 2457 3668 2512 sive
3681 2460 3817 2514 homo

2258 2526 2405 2597 juste
2434 2531 2744 2601 damnetur,
2776 2539 2892 2595 sive
2912 2541 3345 2601 misericorditer
3366 2547 3639 2612 liberetur,
3661 2550 3818 2605 volun-

2268 2628 2352 2675 tas
2372 2620 2768 2693 Omnipotentis
2791 2629 3062 2700 impletur.
3106 2634 3262 2701 Quod
3311 2652 3444 2706 ergo
3465 2655 3569 2695 non
3595 2641 3696 2695 vult
3713 2642 3816 2697 0m-

2266 2711 2515 2782 nipotens
2544 2716 2646 2771 hoc
2671 2719 2845 2775 solum
2895 2737 3001 2776 non
3032 2735 3230 2793 potest.
3280 2727 3471 2784 Utitur
3496 2745 3621 2801 ergo
3660 2731 3810 2796 malis,

2266 2819 2376 2861 non
2402 2809 2698 2863 secundum
2751 2825 2938 2867 eorum
2964 2829 3207 2883 pravam,
3242 2818 3341 2873 sed
3371 2822 3656 2875 secundum
3682 2836 3809 2877 suam

2266 2905 2473 2953 rectam
2530 2899 2884 2958 voluntatem.
2934 2904 3071 2960 Nam
3131 2908 3277 2963 sicut
3342 2911 3469 2965 mali
3517 2920 3693 2966 natura
3733 2926 3810 2966 sua

2264 2988 2441 3053 bona,
2495 2992 2597 3049 hoc
2634 3003 2719 3051 est
2766 2997 2910 3053 bono
2933 2998 3049 3069 ejus
3073 3015 3263 3070 opere,
3294 3004 3438 3059 male
3461 3014 3708 3060 utuntur:
3745 3004 3810 3058 sic

2267 3079 2382 3145 ipse
2433 3082 2609 3139 bonus
2651 3085 2815 3140 etiam
2855 3101 3043 3142 eorum
3079 3091 3239 3146 malis
3274 3093 3534 3162 operibus
3559 3094 3684 3149 bene
3723 3092 3808 3146 uti.

571 3161 733 3219 Facis
754 3141 1061 3232 veritatem,
1095 3167 1252 3240 152
1282 3177 1337 3224 et
1363 3171 1519 3227 venis
1550 3173 1616 3227 ad
1633 3141 1839 3229 lucem.
1888 3174 2028 3241 Quid
2077 3183 2163 3231 est
2189 3141 2234 3205 (ἶ
2270 3179 2381 3256 tur,
2428 3190 2496 3231 ne
2520 3175 2918 3248 Omnipotentis
2945 3180 3196 3238 voluntas
3222 3183 3409 3256 aliqua
3437 3199 3501 3241 ex
3525 3194 3671 3255 parte
3712 3184 3805 3238 vin-

574 3251 713 3309 facis
736 3255 1057 3312 veritatem?
1086 3258 1202 3316 Non
1249 3269 1304 3316 te
1325 3262 1535 3333 palpas,
1585 3279 1691 3320 non
1725 3266 1821 3321 tibi
1870 3265 2159 3334 blandiris,

573 3359 685 3401 non
717 3353 768 3401 te
797 3346 1008 3414 adulas,
1055 3365 1164 3405 non
1199 3349 1337 3408 dicis
1367 3352 1550 3409 Justus
1596 3370 1739 3421 sum,
1769 3370 1893 3412 cum
1936 3357 2015 3412 sis
2059 3358 2163 3414 ini-

578 3452 742 3508 quus,
773 3449 831 3497 et
874 3441 1068 3513 incipis
1099 3442 1276 3500 facere
1322 3447 1629 3501 veritatem.
1654 3448 1817 3504 Venis
1865 3461 2044 3506 autem
2094 3452 2162 3506 ad

572 3528 776 3599 lucem,
802 3542 860 3588 ut
881 3534 1294 3592 manifestentur
1308 3554 1469 3608 opera
1504 3549 1615 3607 tua,
1646 3543 1771 3612 quia
1800 3542 1854 3597 in
1888 3544 1996 3599 Deo
2020 3543 2161 3601 facta

568 3634 749 3685 sunt:
780 3627 907 3697 quia
952 3635 1008 3682 et
1034 3628 1139 3684 hoc
1162 3631 1337 3700 ipsum
1387 3632 1531 3701 quod
1588 3632 1685 3687 tibi
1740 3635 2014 3706 displicuit
2034 3651 2162 3708 pec-

575 3727 762 3774 catum
821 3726 1013 3788 tuum,
1085 3737 1194 3778 non
1264 3723 1360 3778 tibi
1432 3723 1785 3795 diSpliceret,
1845 3728 1951 3783 nisi
2015 3729 2160 3786 Deus

574 3809 677 3866 tibi
713 3810 950 3879 luceret,
997 3822 1053 3869 et
1085 3814 1202 3885 ejus
1245 3814 1451 3871 veritas
1514 3815 1608 3870 tibi
1659 3819 2053 3875 ostenderetur.
2100 3838 2119 3873 ι

652 3904 723 3957 At
743 3902 792 3958 si
834 3906 958 3974 quis
986 3905 1054 3960 de
1081 3904 1579 3963 Prtedestinatianis
1611 3911 1726 3964 bmc
1780 3909 1991 3979 legerit,
2020 3910 2161 3968 forte

574 3993 683 4053 sub
709 4009 809 4050 suo
848 4009 1009 4051 sensu
1061 3996 1205 4053 dicet
1250 3999 1391 4069 quod
1427 3999 1680 4055 dixerunt
1707 4001 1925 4071 quidam
1964 4002 2017 4057 in
2067 4003 2159 4061 illo

582 4095 849 4160 tempore.
882 4086 985 4156 Qui
1007 4089 1224 4160 aperuit
1247 4089 1433 4146 oculos
1461 4091 1587 4146 caeci
1613 4093 1745 4157 uati,
1777 4092 2017 4163 nunquid
2050 4109 2159 4150 non

575 4189 788 4253 poterat
818 4180 1001 4238 facere
1033 4191 1092 4237 ut
1123 4182 1226 4239 iste
1265 4199 1374 4239 non
1403 4185 1742 4240 moreretur?
1779 4194 1832 4241 et
1871 4185 2158 4243 Praedesli-

568 4272 825 4329 natianus
854 4290 869 4328 :
901 4272 1053 4329 Sicut
1075 4275 1162 4330 isti
1195 4274 1369 4330 illuxit
1390 4276 1555 4342 Deus,
1580 4291 1739 4346 quem
1785 4278 1993 4333 salvum
2040 4279 2157 4334 fieri

573 4363 768 4432 voluit,
813 4365 895 4421 sic
938 4374 993 4422 et
1032 4365 1121 4421 isti
1160 4366 1428 4422 illuxisset
1468 4375 1527 4420 ut
1578 4367 1900 4435 salvaretur,
1933 4369 1978 4424 si
2006 4370 2157 4429 illum

577 4455 788 4511 salvum
837 4455 956 4511 fieri
986 4456 1265 4511 voluisset.
1302 4456 1661 4528 Omnipotens
1686 4469 1771 4514 est
1798 4460 1941 4514 enim
1978 4461 2150 4528 Deus,
2183 4498 2236 4560 Β

567 4554 712 4603 utet
740 4544 797 4601 in
826 4547 1072 4619 symbolo
1102 4548 1369 4604 catholica
1420 4549 1709 4606 conﬁtetur
1765 4551 2029 4620 Ecclesia,
2058 4557 2152 4624 qui

568 4637 752 4692 omnia
780 4652 1118 4709 quascunque
1146 4638 1318 4695 voluit
1352 4639 1501 4696 fecit.
1542 4641 1883 4711 Respondeat
1911 4643 2156 4716 Evange-

567 4727 695 4783 lista
737 4726 953 4785 Marcus
982 4746 996 4784 :
1026 4729 1094 4786 Et
1126 4747 1228 4786 non
1251 4740 1454 4803 poterat
1508 4733 1580 4787 ibi
1604 4730 1847 4789 virtutem
1876 4735 2039 4791 ullam
2065 4738 2153 4807 fa-

569 4832 705 4884 cere,
735 4818 838 4873 nisi
868 4836 1066 4890 paucos
1088 4820 1327 4890 inﬁrmos
1355 4821 1614 4892 impositis
1645 4824 1887 4878 manibus
1928 4827 2150 4881 curavit.

2266 3250 2443 3320 catur.
2504 3267 2660 3338 153
2704 3267 2762 3325 Si
2796 3270 2938 3325 enim
2988 3287 3094 3328 non
3143 3250 3377 3331 haberet
3402 3250 3543 3347 quod
3568 3277 3720 3331 bonus
3756 3272 3812 3326 de

2267 3355 2424 3412 malis
2472 3355 2621 3425 juste
2657 3374 2722 3414 ac
2770 3360 2907 3415 bene
2942 3361 3169 3430 faceret,
3226 3365 3379 3421 nullo
3428 3366 3586 3421 modo
3623 3379 3705 3419 eos
3742 3359 3809 3415 vel

2263 3446 2414 3501 nasci
2437 3447 2520 3500 vel
2555 3450 2736 3504 vivere
2761 3448 2980 3505 sineret.
3029 3451 3176 3519 Quos
3206 3454 3383 3512 malos
3410 3456 3522 3526 ipse
3550 3443 3647 3509 non
3688 3451 3808 3512 fecit,

2263 3540 2389 3611 quia
2442 3541 2690 3597 homines
2740 3540 2903 3597 fecit:
2959 3543 3086 3613 quia
3116 3561 3220 3600 non
3270 3556 3515 3617 peccata,
3568 3559 3675 3615 qua:
3706 3546 3808 3595 sunt

2264 3638 2453 3683 contra
2487 3639 2762 3697 naturam,
2800 3632 2893 3687 sed
2939 3641 3163 3690 naturas
3211 3636 3362 3706 ipsas
3411 3637 3623 3693 creavit.
3670 3632 3808 3687 Malos

2265 3726 2444 3773 tamen
2473 3734 2569 3773 eos
2591 3719 2802 3774 futuros
2826 3724 3085 3791 prtescius
3115 3712 3372 3795 ignorare
3390 3743 3494 3782 non
3525 3725 3696 3796 potuit.
3722 3719 3807 3775 Sed

2261 3806 2404 3861 sicut
2428 3818 2653 3863 noverat
2680 3824 2802 3879 qum
2822 3811 2922 3881 ipsi
2949 3825 3133 3868 essent
3160 3816 3302 3871 mala
3332 3817 3547 3879 facturi.
3575 3816 3651 3871 sic
3671 3812 3806 3866 etiam

2264 3907 2492 3953 noverat
2520 3914 2641 3969 qua:
2672 3902 2813 3957 bona
2854 3904 2922 3958 de
2964 3905 3068 3960 illis
3109 3917 3256 3962 esset
3286 3908 3546 3964 facturus.
3582 3926 3600 3959 ι
3627 3905 3686 3959 Ει
3710 3907 3806 3972 post

2260 3992 2537 4063 paululum
2563 4012 2576 4061 ς
2625 4012 2645 4046 ι
2683 3994 2789 4051 Sed
2817 3998 3075 4066 quoniam
3103 4000 3212 4054 dixi
3242 4003 3348 4059 hoc
3370 4002 3536 4058 solum
3582 3996 3803 4064 Omnipo-

2261 4092 2462 4139 tentem
2488 4101 2594 4139 non
2624 4100 2786 4155 posse
2810 4089 2955 4157 qttod
2980 4104 3086 4143 non
3129 4091 3262 4157 vult,
3296 4109 3363 4148 ne
3386 4095 3503 4163 quis
3531 4104 3610 4145 me
3637 4095 3806 4142 temere

2258 4172 2462 4229 dixisse
2503 4175 2802 4231 arbitretur
2828 4176 3028 4247 aliquid
3060 4178 3494 4251 Omnipotentem
3522 4194 3618 4235 non
3653 4183 3798 4246 posse.

2259 4260 2364 4322 hoc
2384 4274 2440 4320 et
2468 4266 2658 4326 beatus
2684 4267 2977 4339 Apostolus
3023 4271 3159 4326 dixit
3184 4290 3198 4325 :
3236 4271 3299 4328 Si
3327 4290 3429 4328 non
3449 4271 3704 4333 credimus,
3731 4261 3802 4317 illa

2256 4357 2430 4427 ﬁdelis
2447 4369 2735 4427 permanet,
2768 4376 2956 4431 negare
2981 4363 3208 4430 seipsum
3229 4380 3335 4419 non
3353 4371 3534 4435 potest.
3559 4358 3664 4413 Non
3685 4352 3801 4409 enim

2258 4460 2437 4521 potest
2473 4448 2683 4519 justitia
2720 4451 2857 4506 velle
2907 4451 3087 4508 facere
3125 4456 3267 4524 quod
3315 4456 3564 4526 injustum
3592 4457 3685 4513 εει,
3726 4447 3800 4497 θυι

2258 4542 2523 4611 sapientia
2572 4542 2711 4598 velle
2748 4543 2889 4613 quod
2932 4544 3154 4599 stultum
3201 4556 3309 4614 est,
3350 4554 3441 4601 aut
3467 4545 3653 4599 veritas
3689 4532 3799 4633 velle

2257 4632 2399 4702 quod
2447 4630 2640 4686 falsum
2691 4640 2795 4688 est.
2843 4631 2994 4688 Unde
3054 4635 3408 4690 admonemur
3459 4636 3615 4689 Deum
3654 4630 3797 4682 omni-

2256 4732 2530 4794 potentem
2561 4738 2667 4777 non
2702 4723 2803 4778 hoc
2829 4723 2999 4779 solum
3031 4727 3174 4795 quod
3215 4727 3292 4781 ait
3317 4724 3609 4796 Apostolus,
3641 4724 3796 4784 nega"

2254 4815 2483 4886 seipsum
2511 4829 2614 4867 non
2642 4822 2828 4883 potest,
2857 4814 2952 4870 sed
2974 4815 3142 4870 multa
3170 4832 3276 4872 ncn
3300 4830 3474 4887 posse.
3506 4813 3634 4867 Ecce
3651 4812 3793 4868 οιθςο

570 4907 644 4963 Et
672 4904 979 4963 mirabatur.
1010 4919 1221 4981 propter
1252 4911 1672 4967 incredulitatem
1695 4913 1907 4969 illorum
1955 4916 2150 4987 (Marc.
2178 4926 2214 4968 σι’
2257 4906 2400 4970 ἀίοοι
2429 4914 2483 4959 εί
2509 4903 2626 4974 eius
2662 4907 2893 4962 “male
2919 4907 3101 4963 dicere
3140 4910 3314 4966 αυάθο
3343 4906 3481 4980 (ιιιυά
3506 4913 3686 4973 υθῧπθ
3704 4904 3788 4987 "of

567 5015 645 5067 vr,
696 5001 774 5073 5).
831 4999 969 5057 Hinc
1009 5001 1151 5056 Deda
1211 5002 1348 5075 (cap.
1397 5004 1454 5076 4)
1502 5003 1555 5058 in
1618 5004 1907 5076 Evangelio
1939 5007 2094 5064 Lucae
2138 5025 2154 5064 :

575 5110 596 5144 ι
653 5093 885 5149 Amabat
916 5094 1099 5165 itaque
1122 5095 1288 5161 cives,
1321 5095 1414 5151 sed
1461 5096 1560 5166 ipsi
1592 5112 1649 5152 se
1673 5098 1939 5154 cbaritate
1980 5102 2155 5170 patria

570 5200 672 5241 suo
701 5185 873 5242 livore
899 5186 1209 5257 privabant.
1241 5206 1259 5238 ι
1310 5188 1377 5244 Ει
1397 5186 1658 5244 Dominus
1683 5190 1884 5245 dicenti
1913 5190 2017 5246 sibi
2041 5207 2056 5246 :
2093 5192 2155 5249 Si

570 5277 698 5348 quid
716 5288 881 5347 potes,
906 5277 1103 5349 adjuua
1131 5295 1226 5333 nos
1252 5278 1494 5333 misertus
1522 5280 1688 5333 nostri
1709 5278 1903 5351 (Marc.
1928 5297 2002 5347 ιχ,
2036 5281 2152 5355 ‘22),

573 5369 881 5438 respondit:
901 5367 963 5423 Si
990 5378 1132 5438 potes
1156 5369 1384 5435 credere,
1410 5369 1585 5423 omnia
1607 5370 1875 5440 possibilia
1901 5373 2151 5427 credenti.

568 5456 640 5515 Et
669 5471 892 5516 sanctus
940 5459 1237 5532 Gregorius
1280 5460 1500 5515 bomilia
1529 5459 1588 5514 3t
1623 5478 1636 5514 :
1673 5480 1692 5511 ‹
1726 5460 1879 5517 Hanc
1906 5462 2158 5518 videlicet

570 5550 911 5607 incurvatam
943 5553 1228 5608 mulierem
1259 5568 1382 5608 cum
1419 5553 1643 5608 vidisset
1665 5551 1823 5610 Jesus
1846 5556 2061 5611 vocavit
2087 5556 2157 5611 ad

570 5656 655 5707 se,
696 5661 714 5694 ι
744 5650 799 5697 et
826 5643 1050 5713 reliqua.
1090 5662 1108 5695 ‹
1152 5643 1342 5709 Vocat,
1374 5644 1551 5714 inquit
1577 5653 1800 5699 sanctus
1836 5644 2152 5715 Gregorius,

571 5735 665 5791 sed
701 5750 808 5792 non
832 5736 993 5806 erigit
1022 5754 1034 5791 ε
1070 5736 1507 5807 quandoquidem
1537 5752 1633 5809 per
1653 5734 1768 5809 ejus
1811 5738 2040 5811 gratiam
2092 5738 2154 5794 il-

2264 4996 2458 5052 audeo.
2489 4996 2633 5052 Deus
2659 4997 3001 5067 omnipotens
3020 5014 3126 5053 non
3151 5007 3327 5069 potest
3345 4997 3496 5060 mori,
3528 5008 3624 5048 non
3644 4981 3792 5058 pom"

2262 5089 2485 5156 mutari,
2512 5104 2619 5145 non
2640 5100 2818 5160 potest
2844 5090 2984 5157 falli,
3015 5108 3120 5147 non
3150 5101 3325 5163 potest
3358 5090 3516 5145 miser
3546 5081 3671 5144 ﬁeri,
3702 5087 3790 5174 noti

2260 5190 2441 5252 potest
2474 5183 2638 5237 vinci.
2691 5182 2816 5238 llmc
2841 5193 3002 5253 atque
3046 5184 3349 5256 hujusmodi
3394 5181 3528 5237 absit
3554 5169 3790 5270 utmposﬂl

2262 5273 2632 5343 Omnipotens.
2667 5273 2747 5329 Ac
2770 5291 2867 5345 per
2910 5275 3015 5331 hoc
3039 5291 3146 5331 non
3179 5275 3349 5332 solum
3370 5269 3592 5331 ostendit
3613 5263 3789 5368 ‘Verluf

2260 5370 2679 5439 omnipotentem
2724 5386 2846 5426 esse
2872 5373 3014 5441 quod
3057 5373 3156 5427 ista
3192 5389 3296 5428 non
3334 5370 3514 5442 possit,
3542 5361 3630 5420 sed
3653 5361 3785 5414 etiam

2259 5461 2405 5531 cogit
2434 5462 2642 5516 Veritas
2680 5463 3107 5532 omnipotentem
3159 5479 3266 5519 non
3311 5475 3426 5518 esse
3452 5457 3537 5528 qui
3565 5455 3788 5515 haecPO“

2258 5553 2347 5608 sit.
2399 5552 2597 5608 Voleus
2627 5563 2723 5608 est
2755 5555 2900 5609 enim
2947 5554 3088 5611 Deus
3130 5553 3386 5626 quidquid
3428 5558 3521 5605 est.
3567 5540 3785 5635 ίΕιεηξυε

2258 5661 2408 5717 ergo,
2448 5655 2501 5701 et
2532 5645 3007 5711 incommutabilis,
3060 5656 3115 5703 et
3142 5663 3327 5712 verax,
3360 5653 3414 5699 et
3435 5643 3624 5698 beatus,
3650 5636 3696 5684 el
3716 5637 3783 5677 ιη·

2259 5736 2576 5810 superabilis
2602 5735 2784 5793 volens
2812 5744 2912 5793 est.
2966 5735 3026 5795 Si
3049 5751 3178 5813 ergo
3210 5744 3382 5812 potest
3403 5746 3514 5790 esse
3536 5722 3661 5795 quod
3694 5723 3779 5770 ιιοη
