3992 6336
165 296 265 354 ΞΠ

922 292 1012 349 DE
1047 290 1716 356 PREDESTINATIONE
1753 298 2208 360 DISSEBTATIO
2242 302 2651 364 POSTEBIOB.

165 409 291 475 vult,
332 406 673 478 omnipotens
720 420 825 460 non
869 413 974 460 est.
1025 404 1123 461 Est
1147 415 1328 461 autem
1378 408 1740 479 omnipotens,
1771 423 1821 473 Α
1849 424 1960 464 sua:
1982 412 2176 466 merito
2201 416 2488 481 excaecath
2528 418 2872 475 veraeissime
2892 421 3145 491 scripsit:
3180 422 3437 494 Propter-

167 516 287 573 ergo
308 498 566 571 quidquid
594 498 709 552 vult
733 506 931 568 potest.
969 497 1044 551 De
1073 512 1181 567 quo
1202 507 1260 552 et
1302 497 1548 554 Psalmus
1572 500 1699 555 dicit
1728 516 1742 553 :

166 594 229 648 In
265 590 388 646 celo
426 592 558 646 etin
599 601 741 646 terra
787 590 963 644 omnia
989 606 1312 661 quwcunque
1340 590 1503 645 voluit
1545 591 1686 660 fecit.
1721 609 1741 642 ι

167 681 329 758 (Ρωι.
357 698 514 747 CXIII,
541 681 620 753 ⁸5),
646 691 704 737 et
730 684 858 738 item
891 682 945 737 in
976 682 1115 737 libro
1136 683 1202 737 de
1236 682 1435 738 Natura
1470 690 1527 738 et
1557 682 1747 738 Gratia

167 778 292 849 (cap.
326 775 417 847 49)
445 793 460 830 :
490 794 510 827 ι
543 775 701 830 Absit
750 790 781 829 a
814 775 972 831 nobis
996 786 1057 830 ut
1102 776 1269 830 Deum
1316 790 1478 848 posse
1519 790 1748 845 peccare

165 869 413 923 dicamus.
469 865 588 921 Non
610 866 755 922 enim
780 875 843 921 ut
869 865 1017 922 stulti
1050 876 1276 936 putant;
1325 868 1445 923 ideo
1488 884 1592 922 non
1641 868 1748 922 erit

163 953 511 1022 omnipotens,
535 951 661 1021 quia
692 965 792 1007 nec
818 951 952 1007 mori
975 961 1178 1020 potest,
1205 962 1260 1007 et
1284 968 1483 1024 negare
1508 954 1743 1023 seipsum

162 1060 263 1100 non
282 1052 471 1113 potest.
512 1063 534 1096 ι
583 1042 845 1099 Similiter
871 1052 927 1097 et
948 1041 1128 1112 justus
1152 1058 1498 1114 permanens,
1540 1044 1609 1100 de
1637 1060 1759 1114 quo-

161 1138 386 1194 Joannes
404 1137 682 1206 apostolus
709 1138 876 1194 dicit:
903 1136 1104 1193 Fidelis
1131 1147 1179 1192 et
1202 1140 1374 1209 iustus
1400 1151 1476 1195 est
1506 1140 1558 1211 (1
1579 1140 1740 1196 locu.

160 1246 200 1293 ι,
225 1230 307 1299 9),
351 1230 582 1300 iniustus
605 1244 725 1287 esse
748 1246 855 1286 non
888 1241 1096 1300 potest,
1138 1242 1198 1287 ut
1223 1233 1394 1289 salvet
1421 1235 1488 1289 ad
1531 1249 1590 1289 se
1615 1250 1745 1289 con-

158 1322 290 1375 verti
337 1321 420 1376 vel
450 1320 649 1376 reverti
699 1321 947 1378 nolentes
989 1324 1314 1393 :quoniam,
1362 1334 1422 1381 ut
1450 1324 1744 1397 Gregorius

160 1412 327 1467 dicit:
381 1410 703 1467 Peccatores
760 1412 851 1466 diu
901 1420 961 1466 ut
1009 1422 1399 1469 convertantur
1438 1426 1739 1486 exspectat,

161 1517 288 1573 quos
312 1516 412 1555 non
436 1516 730 1556 conversos
764 1501 953 1557 durius
983 1501 1223 1558 damnat.
1256 1504 1356 1573 Qui
1388 1521 1485 1576 per
1511 1507 1742 1576 prophe-

161 1602 264 1647 tam
286 1591 413 1646 dicit
436 1607 451 1643 :
476 1590 622 1645 Deus
645 1593 966 1661 appropians
1004 1609 1097 1662 ego
1125 1610 1265 1659 sum,
1304 1604 1353 1649 et
1380 1612 1485 1650 non
1509 1596 1648 1650 Deus
1677 1597 1740 1651 de

164 1683 309 1754 longe
357 1683 516 1754 (Jer.
578 1700 752 1752 χχιιι,
797 1684 915 1757 25).
966 1685 1034 1740 Et
1093 1687 1293 1743 iterum
1341 1706 1441 1760 per
1487 1692 1737 1747 eumdem

1847 515 1910 554 ea
1945 516 2050 555 non
2087 512 2325 572 poterant
2366 507 2574 561 credere
2604 508 2787 578 (Joan.
2814 527 2911 578 xu,
2932 512 3046 583 39),
3078 517 3202 584 quia
3234 517 3433 573 iterum

1847 592 1983 647 dixit
2023 592 2228 649 Isaias:
2260 594 2559 653 Exctecavit
2597 600 2777 656 oculos
2801 619 2981 658 eorum
3005 646 3019 670 ,
3069 617 3118 660 et
3164 608 3433 666 indurauit

1845 700 1938 738 cor
1954 701 2155 751 eorum,
2188 694 2247 741 ut
2273 705 2377 742 non
2400 691 2608 746 uideant
2636 694 2826 760 oculis,
2867 709 2914 751 et
2936 699 3229 770 intelligant
3255 704 3432 768 corde,

1845 783 1892 827 et
1922 786 2287 830 convertantur
2312 789 2359 830 et
2390 796 2569 834 sanem
2591 798 2677 836 eos
2707 783 2841 855 (Isa.
2864 802 2942 851 γι,
2974 788 3082 857 10).
3120 810 3138 839 ι
3188 789 3345 856 Quod
3364 791 3432 846 de

1847 865 2117 921 haereticis
2142 877 2226 922 est
2249 869 2398 924 valde
2429 871 2745 939 timendum,
2775 877 2865 944 qui
2893 887 3095 933 sanctae
3128 863 3428 949 Scriptura:

1846 956 2164 1022 sententias,
2214 964 2276 1012 et'
2322 961 2660 1028 apertissima
2706 966 3098 1021 catholicorum
3153 972 3295 1025 dicta
3337 973 3433 1026 de-

1847 1055 2184 1113 truncaules,
2215 1051 2282 1104 ad
2322 1068 2450 1106 suos
2475 1068 2668 1109 seusns
2699 1056 2961 1112 violenter
2992 1059 3334 1126 inﬂectendo,
3360 1077 3429 1117 ex
3534 1048 3541 1058 ’

1843 1139 1925 1193 eis
1962 1149 2149 1194 contra
2199 1136 2591 1198 conscientiam
2637 1161 2791 1200 suam
2822 1163 2987 1216 prava
3015 1149 3262 1218 dogmata
3310 1167 3431 1220 quae

1845 1231 2200 1288 disseminant
2224 1244 2491 1289 conantur
2518 1251 2783 1294 asserere.
2822 1237 2976 1294 Unde
3005 1240 3136 1294 item
3185 1242 3329 1296 Beda
3373 1244 3429 1298 in

1851 1320 2143 1392 Evangelio
2169 1322 2326 1378 Lueze
2352 1324 2429 1396 (in
2458 1324 2654 1380 Lucam
2678 1345 2794 1398 cap.
2832 1330 2919 1399 12)
2945 1347 2960 1383 :
2999 1349 3018 1383 ι
3051 1329 3200 1396 Sola,
3231 1332 3430 1402 inquit,

1843 1409 2179 1480 blasphemia
2217 1412 2270 1466 in
2304 1412 2565 1482 Spiritum
2616 1428 2893 1483 sanetum,
2945 1436 3050 1489 qua
3104 1422 3334 1491 quisque
3374 1424 3429 1478 in

1842 1502 2248 1559 similitudinem
2278 1505 2476 1561 diaboli
2497 1516 2554 1561 et
2579 1509 2890 1578 angelorum
2921 1511 3058 1579 ejus,
3089 1523 3278 1569 contra
3301 1530 3432 1570 con-

1842 1591 2125 1647 scientiam
2165 1609 2318 1649 suam
2355 1594 2690 1664 maiestatem
2721 1600 2940 1657 deitatis
2967 1618 3426 1672 oppugnareJtou

1842 1683 2096 1753 trepidat,
2133 1700 2241 1739 non
2287 1686 2448 1741 habet
2482 1688 2853 1745 remissionem
2885 1692 2937 1746 in
2985 1702 3271 1759 internum,
3328 1696 3425 1750 sed

159 1774 501 1845 prophetam,
544 1773 793 1843 Peccata,
849 1776 1045 1847 inquit,
1091 1790 1340 1850 separant
1384 1781 1521 1836 inter
1557 1798 1640 1837 me
1686 1776 1810 1837 etB
1838 1792 1964 1833 reus
1993 1780 2100 1833 erit
2152 1782 2343 1835 :eterni
2394 1781 2599 1847 delicti,
2645 1784 2785 1839 sicut
2827 1786 3157 1856 evangelista
3208 1788 3423 1844 Marcus

158 1884 261 1922 τοι.

226 1958 371 2014 Unde
415 1958 660 2019 Joannes
704 1959 1338 2032 Constantinopolitanus
1379 1963 1434 2017 in
1477 1963 1617 2020 libro
1671 1964 1739 2021 de

157 2050 506 2122 Reparatione
532 2052 707 2122 lapsi:
742 2072 763 2105 ‹
800 2052 861 2108 Si
900 2069 1029 2125 ergo
1065 2066 1284 2126 peccata
1312 2062 1587 2126 suntquae
1639 2071 1739 2113 nos

158 2151 397 2213 separant
424 2157 457 2198 a
486 2142 617 2207 Deo,
660 2141 970 2200 auferamus
1012 2158 1046 2198 e
1091 2146 1267 2201 medio
1294 2146 1438 2201 istud
1486 2146 1738 2202 obstacu-

158 2232 285 2298 lum,
301 2240 355 2289 et
372 2233 510 2288 nihil
534 2244 620 2290 est
639 2235 785 2306 quod
803 2250 903 2291 nos
944 2236 1229 2306 prohibeat
1258 2237 1510 2308 coniungi
1547 2237 1677 2294 Deo.
1710 2258 1731 2293 ι

160 2323 219 2378 Et
240 2326 375 2381 idem
404 2326 462 2381 in
490 2328 681 2382 eodem
728 2327 866 2383 libro
896 2345 911 2381 :
955 2346 977 2381 ι
1013 2327 1149 2383 Cum
1197 2330 1583 2400 impossibilem
1613 2346 1738 2389 esse

161 2424 391 2470 naturam
426 2416 664 2472 divinam
703 2416 951 2473 dininitio
982 2419 1229 2474 veritatis
1270 2421 1528 2486 ostendit,
1578 2422 1737 2476 intel-

161 2502 312 2575 ligere
355 2506 635 2573 debenms,
678 2508 805 2577 quia
857 2509 1070 2564 etiamsi
1125 2510 1281 2580 punit
1327 2510 1492 2575 Deus,
1519 2511 1735 2566 etiamsi

162 2610 335 2665 penus
381 2596 568 2664 infert,
599 2614 706 2654 non
749 2599 853 2654 hoc
896 2614 1019 2654 cum
1049 2600 1129 2654 ira
1172 2599 1429 2669 passibili,
1464 2601 1559 2656 sed
1611 2616 1731 2656 cum

161 2686 397 2744 iuen‘abili
423 2688 715 2744 clementia
754 2688 915 2754 facit,
966 2690 1233 2745 medentis
1278 2704 1386 2744 non
1414 2689 1733 2759 perimentis

162 2779 360 2837 allectu.
396 2783 465 2838 Et
490 2782 613 2839 ideo
643 2782 799 2839 valde
836 2783 1067 2839 libenter
1113 2783 1306 2853 recipit
1351 2783 1729 2854 pmniteutem.

162 2870 484 2931 Pmuitentiac
511 2874 964 2931 medicamentum
992 2875 1036 2930 si
1068 2874 1401 2945 praeveniens
1431 2881 1587 2929 curet
1619 2874 1733 2929 ani-

162 2981 313 3033 mam,
339 2982 444 3022 non
482 2967 614 3024 facit
639 2983 762 3023 eum
793 2968 861 3022 ad
904 2967 1194 3023 vindictam
1220 2968 1514 3023 iracundiae
1536 2982 1729 3036 perve-

164 3056 271 3112 nire
296 3073 388 3127 pro
416 3058 501 3112 his
524 3072 647 3128 qua:
682 3057 956 3114 commisit
995 3057 1051 3111 in
1086 3056 1273 3111 Deum.
1306 3056 1423 3111 Non
1455 3058 1623 3119 enim,
1673 3063 1730 3110 ut

1839 1872 2120 1928 evidenter
2137 1875 2378 1944 exponit,
2406 1877 2499 1946 qui
2519 1879 2696 1946 posito
2730 1880 2832 1935 hoc
2861 1882 3071 1935 Domini
3096 1883 3426 1948 testimonio,

1839 1960 2118 2029 subjunxit
2189 1973 2353 2034 atque
2404 1966 2516 2029 ait,
2570 1970 2818 2037 quoniam
2875 1971 3138 2037 dicebant,
3185 1975 3427 2043 spiritum

1838 2051 2165 2108 immundum
2198 2056 2349 2110 habet
2379 2057 2575 2125 (Marc.
2618 2075 2699 2123 Ill,
2734 2059 2845 2130 50).
2879 2081 2897 2111 ι
2953 2061 3103 2117 llanc
3149 2066 3425 2133 propheta:

1837 2146 2182 2211 sententiam,
2229 2162 2336 2216 qua
2389 2140 2609 2214 dicitur,
2654 2148 2881 2206 Exca'ca
2927 2169 3018 2206 cor
3039 2155 3220 2223 populi
3266 2157 3426 2226 hujus

1838 2231 1977 2303 (lsa.
2003 2250 2081 2301 v1,
2119 2237 2230 2307 10),
2267 2246 2323 2292 et
2363 2238 2569 2308 reliqua
2609 2242 2828 2309 exponit
2877 2243 3067 2298 beatus
3089 2244 3341 2302 Gelasius
3372 2247 3426 2302 iu

1837 2332 1987 2380 tomo
2014 2325 2080 2380 de
2106 2328 2456 2384 anathemate
2499 2330 2707 2396 Aeaeii,
2754 2333 2894 2388 sicut
2915 2335 3005 2403 qui
3034 2335 3227 2405 legerit
3275 2336 3426 2394 inve-

1836 2412 1955 2468 nire
1980 2414 2200 2472 valebit.
2249 2417 2317 2472 Et
2355 2418 2484 2474 item
2515 2419 2658 2475 Beda
2700 2422 2755 2476 in
2787 2423 3075 2494 Evangelio
3126 2414 3286 2481 Lucae
3328 2426 3426 2496 (in

1835 2501 2037 2558 Lucam
2064 2522 2183 2577 cap.
2215 2508 2337 2579 xu),
2383 2510 2510 2578 quia
2552 2511 2990 2568 inexcusabiliter
3011 2524 3257 2584 pereunt,
3289 2531 3427 2584 quos

1834 2593 1949 2647 vult
1971 2593 2114 2649 Deus
2134 2597 2312 2652 salvos
2340 2597 2459 2653 ﬁeri
2484 2614 2499 2652 :
2548 2619 2567 2650 ι
2603 2601 2742 2667 Quid
2775 2612 2954 2658 autem
2980 2612 3035 2658 et
3060 2620 3092 2658 a
3119 2604 3271 2659 vobis
3294 2605 3428 2673 ipsis

1834 2696 1941 2736 non
1960 2681 2218 2751 judicatis
2238 2687 2379 2756 quod
2395 2687 2601 2756 justum
2625 2692 2744 2745 est?
2766 2693 3056 2748 ostendens
3083 2708 3200 2759 eos,
3236 2703 3426 2764 utpote

1834 2771 2154 2828 rationalem
2186 2786 2519 2842 creaturam,
2568 2780 2669 2833 etsi
2703 2780 2909 2837 litteras
2956 2783 3221 2848 nesciant,
3255 2794 3419 2839 natu-

1835 2865 1938 2921 rali
1975 2875 2154 2921 tamen
2185 2867 2404 2939 ingenio
2452 2885 2611 2940 posse
2638 2872 2957 2941 dignoscere
2979 2914 2993 2940 ,
3042 2875 3129 2930 vel
3154 2891 3279 2930 eum
3325 2876 3423 2945 qui

1833 2971 2000 3027 opera
2025 2956 2078 3012 in
2103 2972 2163 3013 se
2182 2973 2302 3028 qua:
2327 2974 2487 3014 nemo
2515 2961 2655 3018 alius
2682 2962 2924 3031 fecisset,
2954 2980 3115 3034 supra
3140 2966 3419 3022 hominem

1835 3049 2264 3120 intelligendum,
2306 3061 2361 3107 et
2392 3051 2511 3108 ideo
2564 3054 2728 3110 Deum
2757 3071 2878 3111 esse
2919 3058 3287 3123 credendum;
3334 3049 3421 3112 vel

165 3147 394 3213 diximus,
444 3156 668 3218 propter
702 3147 1053 3218 semetipsum
1080 3146 1319 3201 vindicat
1360 3147 1501 3201 Deus
1524 3146 1576 3200 in
1606 3160 1731 3214 pec—
1758 3128 1802 3189 Ο
1835 3149 1958 3210 post
1995 3149 2075 3197 tot
2120 3143 2300 3197 saeculi
2342 3143 2504 3214 hujus
2549 3144 2861 3215 iujustitias,
2902 3144 3106 3218 justum
3147 3147 3423 3205 Creatoris

165 3248 400 3308 calorem,
435 3241 592 3310 quasi
618 3239 886 3295 ulciscens
916 3238 1169 3308 injuriam
1202 3236 1362 3309 154
1382 3251 1556 3292 suam.
1586 3234 1731 3291 Nihil

165 3333 291 3388 enim
317 3333 422 3387 tale
444 3332 636 3403 recipit
666 3328 718 3387 in
745 3346 806 3387 se
831 3338 1026 3384 natura
1073 3330 1277 3393 divina,
1305 3329 1400 3385 sed
1429 3328 1499 3383 ad
1527 3327 1732 3382 utilita-

167 3431 254 3478 tem
278 3432 521 3480 nostram
578 3422 712 3491 facit
755 3422 978 3483 omnia;
1042 3436 1141 3490 pro
1170 3420 1405 3475 utilitate
1448 3428 1635 3475 nostra
1674 3426 1731 3473 et

170 3516 510 3586 correptiones
543 3514 752 3569 inducit
776 3521 834 3569 et
884 3526 1098 3582 poenas,
1150 3527 1258 3567 non
1297 3519 1358 3566 ut
1388 3527 1447 3566 se
1475 3511 1729 3576 vindicet,

172 3610 238 3665 sed
263 3618 323 3664 ut
342 3623 444 3663 nos
470 3607 741 3664 emendet.
767 3606 922 3674 Quod
950 3606 995 3661 si
1023 3604 1404 3676 persistitqnis
1426 3604 1481 3659 in
1509 3603 1730 3669 duritia,

172 3699 283 3755 sicut
300 3708 357 3755 et
375 3698 469 3755 ille
489 3698 585 3768 qui
619 3698 817 3752 avertit
843 3711 874 3750 a
903 3696 1021 3751 luce
1047 3695 1233 3751 oculos
1281 3710 1433 3760 suos,
1475 3694 1733 3749 damnum

172 3790 357 3857 quidem
393 3788 504 3845 luci
555 3787 740 3842 intulit
776 3786 1005 3851 nullum,
1039 3786 1386 3855 semetipsum
1429 3800 1559 3841 vero
1585 3795 1732 3839 tene-

171 3879 253 3936 bris
281 3879 703 3943 condemnavit;
734 3878 810 3933 ita
850 3887 906 3933 et
950 3876 1043 3947 qui
1092 3891 1191 3946 per
1241 3890 1341 3932 cor
1385 3876 1730 3946 impmnitens

172 3981 486 4045 contemnere
511 3985 572 4027 se
604 3976 759 4040 putat
783 3968 1040 4024 virtutem
1077 3967 1191 4032 Dei,
1232 3968 1577 4036 semetipsum
1601 3967 1730 4022 alie-

171 4075 271 4118 num
319 4062 535 4118 elﬁci‘ta
565 4061 758 4117 salute.
788 4079 810 4112 ι
862 4061 929 4115 Ει
969 4060 1022 4114 in
1052 4059 1340 4130 Evangelia
1381 4058 1545 4114 Marci
1594 4061 1730 4114 scri-

172 4162 290 4220 ptum
304 4164 422 4211 est:
460 4154 565 4220 Qui
590 4163 763 4208 autem
786 4152 1215 4222 blasphemaverit
1242 4152 1297 4206 in
1325 4151 1581 4222 Spiritum
1604 4168 1729 4205 sano

173 4254 299 4313 tum,
356 4262 464 4301 non
494 4246 645 4300 habet
675 4245 1031 4298 remissionem
1065 4245 1122 4297 in
1149 4252 1419 4305 azternum,
1469 4243 1559 4296 sed
1607 4258 1727 4297 reus

173 4335 240 4389 erit
262 4337 446 4391 (sterni
471 4335 648 4390 delicti
694 4333 894 4408 (Marc.
925 4350 1006 4398 Ill,
1033 4332 1146 4404 29).
1204 4332 1359 4389 Unde
1384 4340 1436 4389 et
1465 4331 1607 4387 Beda
1646 4333 1727 4404 (in

176 4420 339 4481 Luem
383 4443 503 4497 cap.
550 4425 683 4497 ll):
721 4444 739 4477 ο
779 4424 881 4492 Qui
917 4439 1047 4496 ergo
1084 4423 1370 4480 manifeste
1418 4423 1724 4494 intelligens

1829 3232 2093 3303 judicium
2130 3250 2250 3290 esse
2292 3244 2601 3290 venturum.
2651 3237 2820 3294 Nemo
2861 3240 3042 3310 igitur,
3091 3255 3245 3296 exeo
3272 3239 3416 3310 quod

1834 3336 1998 3390 supra
2023 3322 2222 3377 dictmn
2252 3332 2356 3387 est,
2380 3337 2595 3378 servum
2626 3327 2959 3382 nescientem
2983 3326 3193 3383 Domini
3230 3328 3419 3384 volun,

1836 3421 2002 3469 tatem
2031 3416 2286 3484 vapulare
2336 3415 2492 3486 155
2540 3419 2747 3487 paucis,
2801 3419 2944 3474 inter
2971 3420 3303 3489 peccandum
3354 3420 3422 3477 de

1832 3507 2074 3562 remedio
2103 3505 2388 3580 neseiendil
2414 3518 2706 3578 praesumat
2734 3524 2748 3563 :
2778 3511 2927 3580 quia,
2956 3519 3016 3565 ut
3052 3510 3157 3565 alia
3186 3518 3417 3577 taceam,

1833 3613 1900 3653 ex
1930 3613 1994 3655 eo
2024 3598 2141 3668 ipso
2184 3599 2329 3669 quod
2372 3599 2534 3655 homo
2579 3609 2684 3667 est,
2737 3617 2838 3658 nec
2879 3602 3020 3658 mala
3051 3619 3171 3673 quae
3206 3612 3419 3671 caveat,

1833 3704 1935 3744 nec
1982 3691 2123 3745 bona
2170 3698 2348 3761 potest
2389 3691 2643 3762 ignorare
2671 3708 2792 3763 quae
2837 3703 3073 3764 appetat.
3117 3714 3137 3747 ι
3182 3693 3318 3750 llinc
3364 3703 3420 3749 et

1832 3780 2032 3837 Paulus
2070 3782 2125 3836 in
2153 3782 2390 3852 Epistola
2434 3784 2501 3839 ad
2546 3784 2841 3853 Romanos,
2871 3788 3016 3856 quia,
3049 3787 3245 3857 inquit,
3275 3788 3417 3857 quod

1833 3878 2014 3923 notum
2058 3880 2133 3924 est
2186 3869 2301 3936 Dei,
2341 3871 2679 3940 manifestum
2722 3883 2797 3927 est
2844 3872 2949 3928 illis
2988 3873 3169 3945 (Rom.
3214 3890 3257 3940 ι,
3304 3875 3415 3946 l9).

1832 3958 1989 4016 Unde
2034 3961 2350 4016 Ambrosius
2392 3978 2407 4014 :
2451 3960 2648 4017 Notitia
2702 3964 2796 4019 Dei
2846 3963 3187 4019 manifestata
3236 3974 3417 4021 estex

1831 4052 2017 4106 mundi
2046 4051 2270 4108 fabrica.
2323 4052 2393 4108 Ut
2416 4053 2559 4107 enim
2584 4054 2748 4120 Deus,
2790 4056 2881 4125 qui
2911 4065 3104 4110 natura
3133 4057 3417 4112 invisibilis

1829 4151 1932 4208 est,
1960 4143 2123 4199 etiam
2154 4159 2184 4198 a
2214 4144 2515 4199 visibilibus
2550 4145 2721 4213 possit
2748 4146 2902 4211 sciri,
2933 4161 3069 4216 Opus
3115 4146 3311 4202 factum
3344 4149 3414 4204 ab

1828 4246 1895 4288 eo
1922 4240 2007 4288 est
2029 4233 2172 4303 quod
2200 4231 2448 4302 opiﬁcem
2472 4233 2785 4289 visibilitate
2813 4250 2911 4289 sua
2939 4233 3329 4299 manifestaret,
3354 4244 3415 4291 ut

1827 4336 1925 4392 per
1952 4333 2156 4378 certum
2196 4323 2460 4381 incertum
2502 4332 2686 4395 posset
2724 4325 2877 4389 sciri,
2926 4331 2982 4380 et
3006 4325 3093 4380 ille
3121 4339 3241 4380 esse
3268 4325 3412 4381 Deus

1826 4412 2066 4468 omnium
2095 4414 2426 4477 crederetur,
2454 4414 2544 4484 qui
2578 4415 2681 4470 hoc
2710 4430 2847 4484 opus
2874 4414 3002 4470 fecit
3046 4416 3189 4484 quod
3237 4414 3413 4468 omni-

176 4528 302 4583 oma
334 4487 459 4582 Dei;
482 4532 603 4573 ωσι
624 4487 700 4570 ’ἀρ
724 4487 925 4571 vii-vium
950 4487 1150 4587 ηᾎεπθ
1175 4531 1279 4571 non
1300 4515 1504 4586 Δροεδίι,
1531 4487 1718 4570 eadem
1750 4487 1800 4547 Β
1823 4506 1927 4562 bus
1954 4505 2207 4575 possibile
2226 4515 2328 4560 est.
2358 4508 2500 4572 Deus
2531 4507 2674 4561 enim
2701 4506 2803 4561 illis
2833 4505 3217 4561 manifestavit.
3245 4506 3413 4560 Mani-

176 4606 449 4664 slimulatus
478 4608 678 4664 invidia
722 4607 1086 4663 calumniatur
1115 4614 1171 4662 et
1216 4606 1492 4662 Christum
1519 4607 1724 4678 Deique

182 4694 399 4766 Verbum,
437 4710 494 4757 et
517 4715 681 4771 opera
712 4699 947 4771 Spiritus
970 4699 1145 4756 sancti
1187 4700 1319 4756 dicit
1356 4715 1480 4756 esse
1499 4699 1720 4755 Beelze-

178 4789 272 4861 bub,
298 4794 388 4850 isti
419 4809 524 4850 non
546 4793 868 4858 dimittetur,
898 4808 1072 4863 neque
1093 4792 1147 4847 in
1178 4793 1280 4849 hoc
1301 4791 1519 4856 saaculo,
1549 4807 1724 4861 neque

180 4879 219 4935 in
234 4881 421 4942 futuro.
459 4877 576 4941 Non
605 4886 749 4956 quod
796 4900 1055 4957 negemus
1080 4893 1138 4940 et
1164 4885 1235 4949 ei,
1277 4885 1321 4940 si
1347 4885 1721 4955 paenitentiam

183 4984 303 5043 agere
342 4976 602 5043 voluerit,
638 4992 798 5047 posse
826 4976 1023 5032 dimitti
1059 4978 1127 5031 ab
1149 4992 1215 5032 eo
1256 4976 1348 5047 qui
1375 4976 1490 5032 vult
1529 4991 1721 5032 omnes

183 5062 386 5126 homines
415 5070 597 5126 salvos
625 5070 761 5136 fieri,
792 5077 847 5125 et
895 5070 949 5125 in
1001 5069 1328 5140 agnitionem
1356 5069 1603 5125 veritatis
1631 5083 1722 5125 ve-

186 5154 300 5224 nire;
334 5158 429 5214 sed
451 5160 596 5229 quod
630 5159 730 5229 ipsi
753 5157 921 5227 judiei
945 5166 1001 5213 et
1025 5158 1269 5229 largitori
1298 5159 1469 5214 venitne
1496 5159 1724 5215 creden—

186 5249 260 5309 ies.
271 5251 353 5319 qui
369 5259 426 5305 ct
438 5266 495 5305 se
509 5250 882 5319 paenitentiam
898 5263 1113 5318 semper
1125 5255 1491 5318 accepturum,
1507 5256 1562 5302 et
1583 5248 1725 5304 hanc

187 5329 529 5407 blasphemiam
559 5353 833 5408 nunquam
857 5337 989 5392 dicit
1014 5351 1135 5393 esse
1166 5336 1566 5401 remittendam,
1600 5350 1719 5391 cre—

191 5420 336 5483 damus
355 5432 501 5485 hunc
537 5428 911 5500 blasphemum
936 5427 1279 5499 exigentibus
1310 5426 1551 5491 meritis,
1586 5425 1727 5480 sicut

191 5527 414 5592 nunquam
441 5525 511 5580 ad
536 5522 915 5580 remissionem
936 5562 951 5585 ,
995 5521 1071 5576 ita
1114 5535 1215 5575 nec
1240 5520 1308 5575 ad
1338 5520 1486 5590 ipsos
1534 5519 1724 5589 dignos

191 5611 472 5671 Mitentiae
512 5614 722 5670 fructus
768 5629 887 5669 esse
942 5618 1350 5684 perventurum.
1410 5607 1571 5664 Juxta
1618 5608 1723 5663 hoc

195 5702 294 5763 ΨΜ
309 5703 538 5767 Joannes
562 5704 909 5778 Evangelista
937 5705 1002 5763 de
1030 5701 1349 5778 quibusdam
1376 5698 1721 5771 blasphemus

1822 4597 2042 4653 festavit
2084 4612 2144 4654 se
2193 4598 2336 4653 Deus
2382 4598 2508 4653 dum
2541 4612 2676 4669 opus
2725 4598 2852 4654 fecit
2904 4614 3000 4669 per
3042 4596 3184 4668 quod
3228 4606 3412 4681 posset

1824 4690 2064 4762 agnosci.
2109 4688 2403 4745 Invisibilia
2451 4690 2591 4744 enim
2618 4690 2731 4760 ejus
2764 4707 2797 4743 a
2825 4699 3069 4744 creatura
3097 4689 3281 4749 mundi
3319 4704 3413 4758 per

1821 4800 1885 4838 ea
1911 4799 2029 4853 qua:
2077 4782 2218 4850 facta
2244 4791 2364 4835 sunt
2409 4780 2671 4834 intellecta
2713 4781 3105 4850 conspiciuntur
3152 4778 3331 4850 (Rom.
3366 4796 3408 4843 ι,

1824 4873 1938 4946 20),
1980 4881 2034 4928 et
2059 4874 2365 4944 sequentia,
2391 4888 2512 4942 quae
2552 4872 2751 4927 ibidem
2796 4870 3061 4927 mirabilis
3085 4870 3306 4934 Paulus,
3355 4880 3412 4926 et
3504 4896 3513 4905 -

1826 4963 2102 5034 expositor
2120 4963 2236 5031 ejus
2256 4962 2577 5018 Ambrosius
2596 4971 3019 5033 prosequuntur.
3051 4960 3205 5015 Sicut
3225 4971 3279 5014 et
3300 4958 3410 5016 Leo

1829 5055 1883 5111 in
1917 5066 2063 5112 tomo
2097 5057 2162 5110 ad
2207 5054 2523 5110 Flavianum
2570 5055 2637 5111 de
2681 5054 2925 5126 Eutyche
2958 5054 3185 5123 loquens
3232 5052 3405 5124 (epist.

1829 5148 1918 5212 10,
1944 5164 2060 5217 cap.
2102 5146 2158 5218 ‘2)
2207 5149 2586 5202 demonstrat:
2639 5165 2658 5198 ι
2689 5146 2795 5201 Sed
2844 5146 2985 5200 side
3037 5146 3162 5208 hoc,
3210 5143 3403 5211 inquit,

1827 5238 2148 5294 Christianm
2183 5238 2305 5291 li'lei
2357 5237 2504 5293 fonte
2553 5237 2841 5309 purissimo
2884 5235 3152 5291 sincerum
3201 5232 3408 5292 intelle-

1829 5340 1977 5385 ctum
2024 5332 2210 5386 audire
2236 5347 2342 5386 non
2383 5340 2616 5399 poterat,
2669 5330 2795 5401 quia
2834 5329 3169 5400 splendorem
3200 5327 3407 5396 perspi—

1828 5436 1943 5478 cuae
1971 5421 2217 5477 veritatis
2253 5421 2618 5477 obcaecatioue
2643 5421 2743 5476 sibi
2765 5419 2985 5491 propria
3012 5417 3345 5485 tenebrarat,
3379 5434 3402 5469 ι

1828 5524 1881 5572 et
1902 5515 2128 5585 reliqua.

1897 5607 2010 5663 lloc
2038 5615 2216 5661 autem
2244 5603 2386 5675 quod
2422 5603 2489 5659 de
2535 5601 2714 5673 specie
2738 5610 2824 5658 est
2868 5600 3073 5656 dictum
3116 5598 3180 5653 in
3211 5611 3411 5669 genere:

1825 5698 1985 5758 debet
2010 5696 2255 5769 intelligi,
2285 5695 2450 5771 veluti
2479 5705 2533 5752 et
2577 5704 2797 5752 sanctus
2830 5690 3123 5765 Gregorius
3170 5689 3222 5744 in
3271 5687 3409 5743 libro
