3992 6336
605 307 717 364 ⁸219

1601 311 1855 368 lllNCMA
1864 311 1933 368 ΕΙ
1970 312 2365 401 RHEMENSIS
2400 313 2915 374 ARCHIEPISCOPI
3591 325 3602 335 ’
3756 328 3846 390 2'20

608 439 699 489 γη
730 412 1009 488 Moralium
1046 416 1185 503 (cap.
1208 431 1301 503 ei)
1329 430 1461 487 dicit
1493 448 1507 485 :
1558 449 1577 483 ι
1596 430 1858 494 ,Τταάὶάὶι
1888 430 2006 486 illos
2042 430 2183 486 Deus
2212 439 2261 494 A
2289 440 2436 487 recto
2471 441 2528 488 et
2564 433 2680 490 zelo
2708 435 2803 489 Dei
2830 437 2944 491 haec
2974 435 3190 505 agebat,
3213 437 3346 494 dicit
3391 439 3461 495 de
3504 455 3570 497 eo
3595 443 3845 518 Dominus,

608 531 662 582 in
694 527 966 598 reprobum
999 542 1230 591 sensum,
1261 534 1315 579 ut
1338 525 1680 595 faciantque:
1726 541 1832 578 non
1857 524 2189 579 conueniunt.

609 617 779 688 (flant.
815 633 854 681 ι,
893 614 1007 687 28).
1036 615 1170 682 Quia
1218 615 1362 670 enim
1385 615 1688 684 gloriﬁcare
1715 614 2004 669 noluerunt
2026 630 2191 685 quem

607 714 993 778 cognoverunt,
1030 706 1260 775 reprobo
1305 705 1485 761 sensui
1532 705 1715 759 traditi
1748 707 1816 759 ad
1859 706 1962 760 hoc
2015 704 2191 761 relicti

606 807 753 862 sunt,
784 805 843 852 ut
868 797 1140 853 nescirent
1154 796 1267 867 jam
1289 811 1519 867 pensare
1540 795 1680 850 mala
1700 811 1820 866 quae
1842 795 2130 851 faciebant.
2163 816 2182 848 ι

604 894 671 948 Ει
703 893 828 947 item
857 892 912 946 in
939 891 1080 948 libro
1104 907 1201 947 vm
1227 890 1364 962 (cap.
1393 891 1448 960 9)
1473 908 1486 944 :
1517 908 1535 941 ι
1572 889 1727 946 Nunc
1763 891 1908 944 enim
1936 900 2189 960 peccator

546 992 551 998 ‘
603 985 832 1053 quisque
857 982 1024 1038 Deum
1077 998 1183 1038 non
1231 983 1422 1037 metuit
1460 991 1515 1037 et
1563 981 1711 1046 vivit,
1746 982 2086 1051 blasphemat
2131 991 2188 1036 et

602 1075 815 1144 proficit
871 1095 884 1130 :
938 1075 1064 1146 quia
1116 1074 1322 1130 scilicet
1370 1075 1678 1130 misericors
1725 1072 1979 1139 Creator,
2024 1088 2185 1144 quem

605 1165 972 1234 exSpectando
1018 1164 1135 1218 vult
1183 1166 1496 1232 corrigere,
1553 1164 1862 1233 aspiciendo
1910 1179 2017 1218 non
2071 1164 2187 1218 vult

600 1257 814 1326 punire,
836 1256 979 1310 sicut
1001 1255 1261 1325 scriptum
1275 1267 1389 1311 est:
1418 1254 1766 1310 Dissimulans
1786 1265 1999 1325 peccata
2017 1255 2186 1308 homi-

600 1363 726 1401 num
754 1357 964 1419 propter
989 1349 1342 1418 paenitentiam
1368 1345 1517 1418 (Snp.
1549 1363 1608 1411 ιι,
1637 1346 1750 1418 24).
1799 1366 1816 1399 ι
1871 1347 1939 1401 Ει
1964 1346 2018 1400 in
2046 1346 2184 1401 libro

598 1452 688 1491 xvi
718 1437 856 1507 (cap.
889 1437 975 1509 {8)
1009 1452 1024 1492 :
1057 1450 1077 1489 ι
1114 1437 1206 1494 Sic
1248 1438 1429 1507 itaque
1454 1438 1632 1492 anima
1663 1437 1781 1507 ejus
1825 1438 2184 1507 quodcunque

596 1526 767 1582 voluit
814 1528 917 1584 hoc
954 1527 1101 1597 fecit,
1146 1538 1204 1584 ut
1249 1526 1374 1585 inde
1414 1545 1629 1600 quoque
1664 1530 1995 1584 voluntatem
2027 1545 2181 1586 suam

598 1618 840 1687 impleat,
872 1621 1013 1677 unde
1034 1622 1295 1676 voluntati
1321 1621 1462 1676 illius
1491 1622 1781 1693 repugnari
1816 1623 2118 1677 videbatur.
2157 1641 2176 1675 ι

598 1710 734 1776 Quia
763 1718 821 1766 ut
854 1711 1184 1781 Augustinus
1227 1712 1278 1768 in
1326 1713 1463 1769 libro
1493 1715 1560 1768 de
1588 1713 1736 1768 Bono
1762 1714 2181 1782 perseverantiae

596 1801 731 1856 dicit
758 1819 775 1856 :
806 1820 827 1853 ι
859 1802 1001 1857 Nihil
1033 1803 1115 1866 fit,
1149 1804 1251 1859 nisi
1282 1804 1423 1872 quod
1468 1813 1560 1857 aut
1601 1805 1714 1874 ipse
1748 1804 1898 1870 facit,
1938 1814 2033 1860 aut
2063 1804 2179 1859 fieri

597 1893 710 1961 ipse
732 1893 1021 1963 permittit.
1068 1914 1089 1945 ι
1140 1894 1291 1950 Unde
1316 1894 1374 1949 S.
1422 1894 1717 1965 Gregorius
1742 1896 1795 1949 in
1827 1896 1963 1950 libro
1991 1911 2030 1950 ιι
2061 1895 2178 1949 Mo-

594 1984 790 2040 ralium
817 1986 954 2057 (cap.
982 1985 1071 2056 l4)
1110 1987 1242 2041 dicit
1273 2005 1286 2037 :
1335 2006 1356 2039 ι
1394 1985 1529 2054 Quia
1583 1986 1725 2042 Deus
1759 1988 1877 2043 sine
1906 1987 2180 2044 mutabili-

595 2083 707 2130 tate
731 2076 892 2131 simul
927 2088 1123 2132 cuncta
1154 2078 1393 2149 reSpicit,
1425 2080 1542 2144 sine
1583 2079 1911 2135 distentione
1934 2095 2181 2150 compre-

594 2168 782 2222 hendit
811 2185 824 2221 :
858 2169 1106 2224 videlicet
1140 2179 1194 2225 et
1214 2172 1353 2225 bona
1377 2183 1498 2241 quae
1526 2170 1762 2240 adjuvat,
1792 2182 1848 2227 et
1874 2175 2015 2228 mala
2057 2189 2179 2246 quin

593 2256 817 2323 iudicat,
842 2270 899 2314 et
922 2275 1042 2329 qua:
1080 2259 1261 2331 adjuta
1311 2273 1640 2327 remunerat,
1693 2272 1750 2319 et
1786 2281 1907 2333 quae
1927 2266 2179 2335 judicans

594 2347 836 2402 damnat.
862 2350 919 2404 In
961 2351 1045 2404 his
1072 2366 1193 2421 quae
1215 2352 1430 2406 diverso
1459 2353 1695 2423 disponit
1718 2356 1907 2410 ordine
1935 2355 2180 2413 diversus

593 2450 701 2493 non
730 2450 833 2495 cst.
864 2460 883 2493 ι
909 2440 973 2494 Ει
996 2440 1351 2514 Hieronymus
1372 2443 1424 2497 in
1453 2445 1677 2513 epistola
1699 2447 1765 2500 ad
1787 2446 2175 2515 Philemonem,

591 2536 780 2582 contra
813 2528 914 2585 hoc
939 2531 1081 2600 quod
1110 2531 1296 2586 dicunt
1315 2532 1701 2589 Gothcscalcus
1728 2545 1892 2605 atque
1930 2538 2176 2593 Pruden-

593 2622 741 2676 tius:
782 2621 882 2689 Qui
913 2638 1017 2678 non
1072 2624 1367 2690 salvantur,
1418 2642 1527 2680 non
1554 2634 1639 2680 est
1691 2627 1906 2696 penitus
1932 2628 2178 2687 voluntas

591 2710 684 2765 Dei
717 2719 776 2766 ut
813 2712 943 2767 salvi
995 2712 1146 2779 fiant,
1180 2714 1253 2768 ita
1279 2714 1451 2769 dicit:
1488 2733 1509 2766 ι
1549 2716 1606 2770 Si
1647 2717 1793 2772 enim
1823 2718 1965 2773 Deus
1988 2718 2178 2773 volun-

590 2803 729 2857 tarie
758 2813 943 2858 etnon
975 2819 1042 2859 ex
1071 2807 1395 2861 necessitate
1421 2807 1597 2862 bonus
1635 2815 1738 2873 est,
1789 2808 1977 2864 debuit
2004 2809 2177 2865 homio

589 2910 714 2949 nem
769 2896 971 2952 faciens
1016 2898 1082 2951 ad
1132 2914 1284 2953 suam
1335 2900 1620 2970 imaginem
1668 2910 1722 2956 et
1767 2903 2172 2959 similitudinem

588 2984 787 3047 facere,
824 2987 927 3042 hoc
971 2995 1055 3044 est
1078 2996 1138 3042 ut
1163 2990 1279 3058 ipse
1302 2990 1603 3047 voluntarie
1625 3001 1681 3046 et
1704 3008 1810 3049 non
1838 3010 1905 3048 ex
1936 2994 2175 3049 necessi-

589 3084 701 3133 tate
730 3078 903 3133 bonus
931 3087 1032 3134 est.
1063 3078 1163 3146 Qui
1191 3088 1368 3136 autem
1395 3092 1643 3138 asserunt
1674 3084 1747 3138 ita
1776 3099 1899 3138 eum
1923 3084 2175 3141 debuisse

2293 523 2417 593 quia
2457 542 2546 581 uas
2586 524 2849 581 electionis
2880 528 3008 580 mihi
3038 537 3139 593 est,
3174 540 3227 583 ut
3260 539 3435 600 portet
3484 549 3665 592 nomen
3699 557 3845 601 meum

2291 632 2468 670 coram
2490 618 2727 688 gentibus
2753 629 2803 673 et
2824 619 3029 691 regibus
3057 632 3107 675 et
3135 625 3278 678 omni
3304 625 3504 695 populo
3534 628 3699 687 Israel
3724 634 3844 707 (Act.

2290 721 2366 769 ιιι,
2414 707 2524 779 15).
2556 728 2573 760 ι
2607 708 2676 762 Ει
2703 708 2757 764 in
2786 710 3004 766 homilia
3026 715 3263 770 secunda
3291 716 3361 771 de
3387 716 3601 777 Psalmo
3623 737 3653 776 1.
3679 741 3693 776 :
3722 741 3738 776 t
3765 725 3849 781 lli-

2288 798 2581 854 sericordia
2612 801 2703 855 Dei
2734 802 3124 860 inaestimabilis
3152 814 3257 871 est,
3304 808 3428 864 sine
3475 809 3583 866 line
3622 822 3719 880 est,
3745 831 3848 887 qua

2288 890 2667 958 comprehendi
2698 907 2804 946 non
2833 901 3029 962 potest,
3072 909 3342 966 superans
3375 914 3593 958 omnem
3633 918 3855 974 sensum,-

2287 979 2513 1034 vincens
2532 996 2747 1036 omnem
2776 984 3176 1054 cogitationem.
3208 988 3318 1045 Sed
3349 992 3480 1060 quia
3510 993 3632 1050 talis
3653 1005 3732 1052 est
3757 1000 3847 1056 mi-

2287 1069 2579 1125 sericordia
2605 1072 2837 1140 Domini,
2862 1087 3040 1132 tamen
3064 1094 3169 1135 non
3201 1084 3542 1142 ut'homines
3568 1090 3846 1150 misericor-

2286 1160 2427 1215 diam
2458 1164 2732 1218 consecuti
2780 1168 3114 1226 remissiores
3157 1172 3374 1239 tierent,
3401 1178 3598 1246 quaerit
3622 1183 3844 1251 quiddam

2286 1265 2316 1304 a
2345 1250 2502 1306 nobis
2528 1252 2684 1310 Deus.
2714 1254 3000 1313 Miseretur
3019 1259 3260 1328 quidem,
3293 1263 3395 1320 sed
3424 1282 3531 1322 non
3551 1250 3736 1340 passim
3761 1276 3845 1329 mi-

2286 1350 2516 1396 seretur.
2548 1341 2811 1400 Provocat
2835 1362 2935 1402 nos
2961 1356 3017 1404 et
3056 1349 3187 1405 dicit
3210 1368 3228 1406 :
3251 1352 3333 1408 Da
3380 1362 3441 1410 tu
3478 1365 3535 1411 et
3564 1358 3771 1431 aliquid,
3795 1372 3844 1418 ut

2283 1438 2434 1497 puta,
2458 1431 2600 1489 mille
2629 1434 2831 1489 scelera
2861 1440 3208 1507 perpetrasti,
3235 1441 3412 1499 babes
3445 1460 3610 1503 onera
3646 1450 3843 1508 delicto-

2285 1534 2426 1586 rum,
2449 1522 2572 1577 volo
2620 1523 2874 1581 alleviare
2901 1530 3109 1597 pondus
3136 1538 3313 1598 tuum,
3351 1535 3422 1589 da
3460 1545 3519 1592 et
3552 1548 3607 1593 ιιι
3652 1557 3840 1599 manum

2287 1619 2431 1665 tuam
2457 1631 2471 1667 :
2498 1629 2604 1669 non
2626 1616 2752 1684 quia
2779 1618 2853 1672 tui
2882 1634 2984 1691 ego
3008 1635 3166 1693 egeo,
3197 1626 3294 1680 sed
3325 1629 3457 1697 quia
3486 1630 3606 1687 volo
3629 1642 3681 1688 et
3703 1636 3839 1690 teali-

2284 1703 2410 1772 quid
2436 1704 2680 1762 conferre
2708 1708 2775 1762 ad
2801 1718 2946 1764 tuam
2973 1712 3223 1770 salutem.
3259 1716 3545 1785 Quomodo
3572 1738 3694 1796 ergo
3726 1725 3841 1781 latro

2211 1790 2255 1848 Β
2283 1798 2523 1855 salvatus
2551 1811 2636 1859 est
2659 1814 2715 1858 et
2738 1814 2885 1861 tanta
2908 1808 3068 1865 solvit
3087 1814 3353 1881 peccata?
3380 1813 3533 1871 Scito
3556 1790 3672 1871 eum
3706 1818 3840 1873 mise-

2284 1890 2513 1947 ricordia
2541 1907 2911 1964 provocatum,
2934 1910 2990 1955 et
3012 1901 3116 1958 fide
3137 1919 3232 1959 sua
3265 1912 3525 1976 tanquam
3552 1909 3841 1966 adminiculo

2281 1997 2437 2038 usum
2460 1987 2513 2040 in
2534 2002 2599 2042 eo
2621 1991 2763 2059 quod
2785 1991 2917 2047 dicit
2944 2011 2958 2047 :
2978 1992 3243 2051 Memento
3279 2001 3406 2065 mei,
3449 2001 3679 2068 Domine,
3705 2005 3751 2059 in
3771 2021 3835 2059 νε-

2280 2091 2438 2144 gnum
2460 2086 2609 2132 tuum
2640 2080 2791 2151 (Luc.
2824 2100 2980 2151 xxtu,
3007 2087 3122 2157 42).
3150 2089 3293 2156 Quid
3347 2094 3576 2149 contulit
3612 2097 3740 2151 Deus
3762 2113 3834 2152 sa-

2281 2164 2376 2220 luti
2409 2167 2615 2237 ipsius?
2657 2174 3030 2231 remissionem
3055 2179 3312 2237 videlicet
3345 2192 3701 2253 peccatorum.
3721 2185 3833 2253 Quid

2281 2272 2410 2313 vero
2435 2259 2612 2315 intulit
2636 2262 2807 2318 latro?
2843 2267 3098 2324 indicium
3129 2272 3328 2329 salutis
3351 2291 3486 2342 suae,
3522 2277 3834 2333 confessionis

2283 2350 2464 2404 fidem.
2492 2350 2756 2417 Qualem?
2783 2357 3039 2426 grandem
3075 2370 3130 2416 et
3157 2364 3436 2420 excelsam
3468 2368 3641 2430 nimis,
3667 2369 3833 2423 caelum

2283 2451 2612 2512 tangentem.
2665 2444 2985 2512 Quomodo?
3022 2467 3122 2523 ego
3172 2454 3377 2510 dicam.
3427 2457 3594 2513 Judaei
3620 2459 3832 2514 viderunt

2282 2542 2523 2589 mortuos
2572 2537 2880 2603 suscitatos,
2933 2550 2989 2597 et
3017 2552 3140 2611 post
3193 2544 3431 2602 virtutes
3472 2547 3827 2612 adnumeratas,

2282 2620 2443 2687 latro,
2490 2623 2685 2692 inquit,
2722 2626 2856 2681 nihil
2883 2628 3079 2684 horum
3108 2632 3327 2700 videns,
3373 2636 3467 2691 sed
3493 2636 3828 2692 considerabat

2279 2715 2451 2781 sputis
2470 2716 2755 2786 repletum,
2783 2720 3124 2789 crucifixum,
3153 2734 3314 2780 aceto
3359 2736 3602 2796 potatum
3634 2737 3684 2781 et
3709 2727 3824 2781 felle.

2279 2809 2491 2865 Etcum
2521 2813 2637 2868 haec
2678 2816 2860 2870 omnia
2894 2817 3123 2884 videret,
3154 2836 3266 2877 non
3315 2833 3401 2878 est
3456 2825 3823 2888 scandalizatus,

2277 2900 2370 2953 sed
2402 2915 2583 2969 regem
2620 2903 2881 2959 caelorum
2931 2908 3211 2965 confessus
3259 2921 3364 2967 est.
3421 2913 3581 2970 Vides
3607 2915 3822 2984 quoniam

2278 3004 2382 3042 non
2409 2990 2528 3045 sine
2552 3007 2715 3048 causa
2734 2996 3162 3054 misericordiam
3183 3012 3514 3059 consecutus
3538 3016 3631 3067 est,
3655 3006 3760 3074 quia
3779 3012 3823 3058 et

2277 3078 2393 3146 ipse
2422 3080 2582 3136 ﬁdem
2610 3084 2789 3140 intulit
2814 3088 2881 3141 ad
2911 3088 3140 3143 salutem
3187 3094 3391 3148 suam?
3419 3093 3629 3150 Necnon
3655 3105 3698 3148 et
3740 3109 3821 3163 pu-

588 3167 729 3235 fieri,
758 3177 817 3224 ut
847 3148 1046 3225 mnium
1096 3174 1338 3242 recipere
1384 3191 1489 3229 non
1539 3185 1739 3244 pnsset,
1784 3177 1886 3233 hoc
1922 3177 2109 3232 dicunt
2151 3197 2165 3232 ε
2197 3166 2240 3227 C
2274 3169 2518 3227 Μῖεθηυε
2537 3173 2711 3229 aliena
2760 3176 2959 3247 ίηὶιιεῑθ
2988 3179 3271 3247 mirere“.
3303 3186 3573 3253 ql'0m0d0
3619 3184 3819 3240 531m"?

588 3258 736 3315 Talis
764 3261 948 3318 debuit
973 3263 1115 3331 fieri,
1140 3266 1231 3334 qui
1260 3267 1584 3321 necessitate
1608 3267 1782 3325 bonus
1809 3276 1953 3325 esset
1981 3279 2035 3325 et
2063 3287 2171 3327 non

584 3353 882 3411 voluntate.
906 3356 1059 3424 Quod
1085 3358 1129 3411 si
1158 3357 1279 3413 talis
1313 3357 1504 3413 fuisset
1532 3359 1776 3427 effectus,
1822 3361 1916 3433 qui
1970 3362 2169 3417 bonum

586 3458 694 3499 non
723 3445 1001 3501 voluntate
1029 3449 1120 3502 sed
1161 3449 1482 3503 necessitate
1517 3449 1823 3519 perficeret,
1872 3466 1979 3505 non
2027 3459 2172 3507 esset

588 3535 701 3590 Deo
728 3537 938 3603 similis,
967 3540 1058 3609 qui
1095 3538 1217 3594 ideo
1242 3541 1414 3595 bonus
1437 3549 1521 3595 est
1567 3542 1694 3611 quia
1733 3543 1868 3609 vult,
1906 3559 2012 3598 non
2043 3545 2171 3615 quia

586 3626 817 3697 cogitur.
858 3648 877 3681 ι
920 3628 987 3683 Ει
1021 3629 1078 3684 S.
1112 3630 1344 3702 Prosper
1389 3632 1549 3704 156
1601 3634 1656 3688 in
1700 3633 1838 3690 libro
1869 3634 2171 3693 Sententiae

586 3732 709 3771 rum
743 3718 883 3789 (cap.
930 3721 1052 3792 168)
1085 3740 1098 3774 :
1130 3739 1150 3773 ι
1180 3722 1351 3777 Nemo
1396 3725 1597 3780 invitus
1624 3724 1762 3781 bene
1783 3725 1933 3790 facit,
1957 3730 2168 3786 etiamsi

585 3804 786 3861 bonum
812 3812 1057 3881 estquod
1087 3811 1256 3887 facit:
1284 3813 1406 3882 quia
1456 3814 1589 3869 nihil
1612 3816 1831 3884 prodest
1855 3818 2076 3887 spiritus
2103 3818 2170 3874 ti-

586 3898 776 3963 moris,
800 3900 889 3954 ubi
931 3915 1033 3955 non
1063 3911 1147 3955 est
1172 3886 1395 3971 Spiritus
1423 3904 1721 3959 charitatis.
1764 3924 1783 3955 ι
1886 3886 1897 3887 ί
2035 3913 2042 3921 ’

655 3987 726 4042 Ει
779 3989 837 4044 S.
883 3989 1120 4047 Joannes
1146 3992 1560 4065 Chrysdstomus
1598 3997 1651 4051 in
1681 3996 1818 4052 lihro
1849 3998 1919 4053 ad
1971 4000 2167 4054 Deme-

586 4081 753 4134 trium
778 4081 843 4136 de
867 4082 1047 4138 cordis
1075 4086 1489 4154 compunctione
1513 4104 1526 4140 :
1557 4105 1575 4138 ι
1606 4085 1926 4153 Possumus,
1972 4089 2163 4160 inquit,

585 4171 750 4226 etiam
776 4186 843 4227 ex
870 4172 954 4228 his
982 4174 1251 4230 haereticis
1302 4177 1615 4234 occasiones
1639 4178 1791 4245 dare,
1842 4181 1885 4235 si
1924 4182 2169 4237 dicamus

583 4262 709 4331 quia
741 4264 968 4333 apostoli
996 4273 1052 4321 et
1075 4279 1264 4321 omnes
1294 4269 1491 4334 sancti,
1515 4285 1622 4326 non
1671 4287 1736 4326 ex
1762 4274 2041 4344 proposito
2070 4290 2169 4330 suo

581 4361 638 4407 et
666 4353 849 4411 labore
877 4356 1151 4412 mirabiles
1180 4357 1306 4411 facti
1337 4368 1486 4425 sunt,
1509 4361 1603 4416 sed
1625 4378 1688 4417 ex
1712 4363 1806 4418 Dei
1830 4366 2004 4435 gratia
2030 4366 2165 4421 sola.

582 4442 777 4500 Dicent
826 4447 994 4513 enim,
1033 4447 1102 4501 Et
1129 4446 1262 4517 quid
1309 4452 1562 4517 prohibet
1594 4470 1785 4511 omnes
1829 4455 1946 4512 fieri
2000 4458 2170 4514 tales?

581 4534 768 4591 Gratia
794 4541 938 4595 enim
966 4541 1062 4596 Dei
1096 4541 1141 4599 si
1175 4542 1309 4598 nihil
1351 4543 1576 4613 requirit
1618 4561 1648 4600 a
1692 4549 1870 4615 nobis,
1900 4549 1997 4604 sed
2049 4551 2162 4619 ipsa

580 4635 670 4677 est
695 4642 817 4696 quae
856 4625 987 4683 facit
1011 4642 1446 4702 unumquemque
1484 4635 1803 4705 perfectum,
1834 4654 1933 4693 cur
1971 4656 2077 4694 non
2109 4648 2164 4696 et

581 4716 834 4772 omnibus
861 4732 929 4772 ex
953 4735 1106 4790 sequo
1132 4719 1454 4791 infunditur,
1481 4733 1538 4781 et
1559 4726 1693 4782 fiunt
1721 4745 1909 4785 omnes
1940 4742 2163 4802 repente

582 4805 848 4875 perfecti?
882 4806 998 4867 Non
1028 4815 1173 4870 enim
1203 4826 1287 4872 est
1328 4833 1681 4890 personarum
1716 4835 1970 4894 acceptor
1998 4825 2158 4882 Deus.

580 4896 689 4953 Sed
710 4902 964 4970 quoniam
997 4921 1100 4962 non
1132 4909 1245 4964 sola
1280 4913 1450 4981 gratia
1481 4913 1575 4968 Dei
1616 4915 1720 4970 hoc
1746 4917 1875 4987 agit,
1917 4920 2162 4987 sequitur

578 4993 724 5047 enim
758 5003 816 5050 ut
843 5006 898 5051 et
925 5013 1025 5055 nos
1051 5003 1194 5069 quod
1245 5004 1299 5058 in
1329 5007 1606 5075 proposito
1635 5016 1692 5062 et
1722 5009 1927 5066 viribus
1959 5013 2160 5068 nostris

578 5096 663 5143 est
688 5087 1017 5158 expleamus,
1060 5091 1262 5149 idcirco
1292 5097 1439 5151 venit
1467 5098 1682 5168 quidem
1719 5100 1771 5154 in
1800 5118 2157 5174 unumquem-

577 5190 685 5247 que
707 5181 877 5249 gratia
905 5181 999 5237 Dei
1031 5200 1045 5250 ;
1091 5187 1186 5241 sed
1212 5189 1353 5257 apud
1387 5203 1482 5244 eos
1507 5191 1598 5260 qui
1637 5192 1797 5262 digne
1834 5195 2053 5265 explent
2095 5211 2156 5251 ea

575 5283 699 5341 quae
748 5271 802 5327 in
830 5272 961 5342 ipsis
990 5285 1114 5329 sunt
1146 5291 1448 5347 permanet,
1478 5281 1547 5336 ab
1576 5282 1664 5338 his
1688 5299 1817 5339 vero
1842 5286 1936 5355 qui
1982 5287 2161 5342 minus

575 5363 738 5434 digne
763 5377 925 5437 agent
950 5369 1058 5423 cito
1085 5369 1333 5437 discedit,
1363 5372 1429 5426 ad
1460 5387 1554 5428 eos
1602 5384 1780 5429 autem
1810 5377 1901 5445 qui
1930 5378 2158 5433 necdum

572 5454 788 5510 initium
819 5456 1023 5512 faciunt
1046 5462 1286 5515 converti
1315 5462 1380 5517 ad
1409 5461 1600 5530 Deum,
1630 5467 1853 5521 omnino
1875 5481 1975 5522 nec
1993 5469 2157 5523 venit.

569 5546 771 5604 Rectas
795 5551 939 5605 enim
963 5561 1170 5608 mentes
1191 5553 1385 5626 diligit,
1412 5564 1467 5610 et
1494 5556 1613 5631 sine
1641 5556 1769 5611 fuco
1800 5559 2155 5630 propositum.

572 5637 727 5704 Quod
768 5641 929 5695 etiam
983 5643 1035 5698 in
1070 5641 1235 5700 Paulo
1280 5647 1634 5717 perspiciens,
1670 5648 1796 5703 licet
1834 5648 1941 5705 alio
1983 5651 2162 5707 adhuc

570 5732 766 5791 itinere
816 5734 1090 5796 videretur
1142 5741 1411 5811 incedere,
1463 5751 1663 5814 tamen,
1714 5746 1838 5818 quia
1883 5747 2159 5819 proposito

2272 3263 2389 3316 est?
2412 3262 2704 3322 Transiens
2734 3283 2964 3338 namque
2987 3270 3238 3328 Christus
3262 3277 3396 3331 dicit
3425 3276 3491 3331 ad
3511 3292 3626 3333 eum
3650 3296 3665 3330 :
3698 3274 3818 3335 Veni,

2272 3367 2482 3423 sequere
2525 3371 2620 3410 me.
2681 3357 2784 3423 Qui
2835 3362 3013 3414 statim
3060 3379 3350 3436 exsurgens
3377 3378 3582 3424 secutus
3619 3378 3685 3422 est
3723 3381 3819 3419 eunt

2273 3442 2486 3515 (Matth.
2520 3463 2597 3514 rx,
2624 3449 2702 3519 9).
2750 3449 2818 3504 Et
2859 3452 3000 3507 sicut
3029 3453 3169 3510 latro
3213 3458 3611 3516 confessionem
3649 3456 3816 3519 intulit,

2273 3540 2350 3594 sic
2386 3540 2700 3609 publicanus
2724 3543 2881 3615 157
2909 3546 3278 3604 obedientiam
3301 3568 3481 3617 suam,
3514 3561 3568 3607 et
3587 3548 3814 3606 meruitin

2270 3631 2605 3699 apostolatus
2632 3634 2822 3689 ordine
2851 3635 3123 3692 collocari.
3174 3638 3334 3696 Sicut
3362 3643 3531 3707 enim,
3577 3655 3687 3696 cum
3711 3636 3815 3706 qui-

2271 3719 2394 3773 dam
2420 3722 2569 3792 gravi
2597 3724 2915 3795 aegritudine
2936 3737 3185 3796 vexatur,
3215 3740 3278 3787 et
3304 3733 3490 3788 multis
3509 3732 3670 3787 modis
3694 3729 3812 3784 indi-

2269 3821 2359 3882 get
2384 3813 2850 3882 medicaminibus,
2880 3827 2934 3873 et
2969 3828 3284 3880 attenuatus
3313 3832 3399 3880 est
3430 3822 3732 3893 sumptibus,
3772 3816 3811 3871 si

2270 3903 2538 3962 introierit
2564 3908 2830 3976 medicus,
2858 3919 2914 3966 et
2945 3912 3145 3968 dixerit
3186 3916 3260 3971 ad
3296 3932 3424 3972 eum
3466 3916 3556 3987 qui
3599 3919 3809 3985 :egrotal.

2267 3995 2459 4053 Plures
2484 4000 2696 4069 species
2723 4002 2792 4057 ad
2816 4003 3210 4062 confectionem
3244 4008 3615 4065 medicaminis
3654 4017 3811 4059 neces

2267 4088 2426 4144 sariae
2450 4098 2638 4157 erunt;
2670 4096 2996 4164 respondeat
3035 4115 3163 4155 vero
3188 4109 3483 4172 aegrotans,
3528 4099 3637 4155 Non
3665 4095 3810 4152 habeo

2268 4179 2410 4234 unde
2456 4189 2635 4238 tantas
2675 4184 2884 4253 species
2925 4203 3126 4254 emam,
3176 4200 3500 4262 paupertate
3547 4188 3804 4243 detineat:

2268 4270 2411 4324 dicat
2433 4272 2500 4326 ad
2520 4288 2643 4327 eum
2668 4276 3090 4343 medi:-us,lllam
3111 4289 3170 4334 et
3192 4281 3342 4336 illam
3369 4282 3436 4336 da
3464 4279 3590 4335 mibi
3607 4272 3807 4346 speciem

2270 4372 2501 4432 tantum,
2551 4376 2746 4424 caetera
2794 4371 2861 4425 de
2907 4388 3029 4427 meo
3072 4377 3368 4445 prtestabo.
3420 4375 3640 4443 Ideoque
3682 4369 3809 4435 m8“

2274 4456 2463 4523 David,
2506 4468 2568 4514 ut
2608 4461 2834 4517 multum
2862 4463 2931 4518 ab
2977 4465 3263 4537 iniquitate
3301 4484 3400 4525 sua
3440 4468 3656 4522 lavetur.
3694 4453 3808 4525 Οιιίδ

2272 4565 2402 4621 ergo
2425 4566 2523 4621 pro
2570 4553 2670 4609 hoc
2711 4568 2907 4611 munus
2948 4558 3161 4614 intulit?
3197 4560 3365 4626 Dixit,
3410 4559 3654 4614 Miserere
3701 4542 3804 4606 mei.

2270 4650 2345 4705 et,
2385 4657 2607 4714 usqueq'
2634 4660 2772 4715 aque
2823 4645 2942 4701 lava
2991 4663 3079 4705 me
3122 4651 3192 4706 ab
3230 4649 3494 4721 iniustitia
3525 4660 3657 4706 mea.
3695 4646 3744 4692 ει
3781 4647 3806 4686 ³

2270 4735 2466 4792 delicto
2519 4753 2641 4793 meo
2701 4738 2900 4794 munda
2977 4755 3106 4808 me,
3185 4745 3439 4814 quoniam
3508 4734 3803 4823 iniquitatem

2269 4840 2443 4880 mm“
2491 4842 2592 4899 εει»
2640 4846 2927 4902 cognosco.
2977 4832 3307 4891 Vicissitndo
3354 4841 3474 4899 est,
3541 4831 3672 4884 Deus
3712 4819 3802 4878 dat;

2269 4924 2325 4970 et
2366 4918 2458 4987 qui
2510 4920 2798 4977 salutificet
2838 4938 2983 4979 reus.
3026 4925 3184 4981 Dedit
3237 4927 3492 4981 Dominus
3533 4913 3802 4975 misericor-

2264 5007 2407 5062 diam
2453 5025 2625 5072 suam.
2681 5010 2831 5067 dedit
2859 5025 2914 5068 et
2947 5016 3037 5084 qui
3089 5024 3407 5086 peccaverat
3451 5003 3803 5086 ωηΐθςείοηθυὲ

2263 5108 2608 5167 Peccatorum
2674 5117 2916 5159 suorum.
2964 5081 3183 5161 “Par—um
3233 5108 3484 5177 quidem,
3544 5095 3633 5153 sed
3679 5081 3797 5190 (παρά

2263 5191 2471 5247 habuit.
2538 5194 2677 5262 Quid
2720 5193 2898 5271 dabis,
2942 5214 2975 5254 ο
3018 5199 3210 5265 David,
3273 5210 3331 5258 ut
3388 5192 3579 5253 salvari

2262 5284 2340 5337 uti
2365 5285 2655 5340 misceatur
2680 5288 3170 5344 medicamentum?
3199 5291 3479 5357 Quoniam,
3517 5277 3691 5349 inquit,
3714 5277 3799 5322 ίαν

2266 5376 2514 5445 quitatem
2538 5393 2705 5432 meam
2736 5395 2829 5450 ego
2857 5397 3110 5451 cognosco
3144 5380 3315 5453 (Psal.
3352 5398 3404 5445 L,
3434 5377 3510 5448 4)-
3544 5392 3563 5425 ³

2338 5467 2405 5521 Ει
2430 5467 2558 5521 item
2587 5470 2654 5524 ad
2695 5469 3024 5526 Demetrium
3051 5472 3118 5527 de
3156 5472 3337 5528 cordis
3378 5455 3795 5536 compunctionﬂ

2273 5576 2293 5611 r
2326 5558 2393 5613 Et
2442 5559 2585 5627 ideo,
2630 5561 2826 5630 inquit,
2879 5562 3201 5639 perditionis
3252 5569 3446 5620 nostra:
3490 5535 3792 5647 causari“?

2266 5650 2369 5705 alia
2400 5666 2560 5721 quam
2616 5655 2937 5726 negligentia
2985 5638 3171 5712 nostra
3218 5664 3301 5714 est
3344 5661 3501 5722 atque
3544 5636 3788 5699 desidit?

2265 5741 2334 5798 Et
2383 5743 2436 5799 in
2480 5745 2700 5803 homilia
2753 5750 2821 5803 de
2867 5748 3058 5805 militia
3085 5748 3355 5822 spiritali:
3410 5764 3426 5797 ι
3478 5736 3615 5794 Scito
3636 5731 3787 5782 autem
