3992 6336
136 408 223 467 2Ξὶ
868 391 969 479 ’ΒΕ
1001 376 1665 445 ΡΒᾹΞΒΕΞἹἹΝΑΊῚΟΝΕ
1703 375 1710 428 l

1810 368 2155 428 SERTATIO
2189 352 2597 423 POSTERIOR.

138 521 249 593 quia
278 514 329 572 te
362 529 470 569 non
501 516 683 565 vmcct
720 515 913 561 natura
943 499 1203 572 corporis,
1236 510 1408 565 neque
1442 500 1689 558 strangu-
1718 489 1764 547 Α

136 580 527 667 labitinvitum,
553 613 730 668 neque
779 607 829 650 te
867 593 1157 650 obnoxium
1208 588 1370 642 faciet
1423 599 1489 639 ex
1526 580 1699 634 libero

129 701 228 758 nisi
253 694 557 754 voluntaria
597 688 907 745 declinatio.
945 705 963 737 ι
995 684 1062 738 Et
1106 682 1234 736 item
1266 679 1319 733 in
1363 674 1586 731 homilia
1630 671 1698 724 de

137 801 276 863 patre
299 797 357 844 et
386 786 597 841 duobus
628 779 751 835 ﬁliis
776 797 789 833 :
829 796 847 828 ι
891 771 1225 830 Describitur
1255 777 1432 822 autem
1476 763 1529 817 in
1557 761 1697 825 istis,

135 852 480 938 etevidenter
521 870 825 928 ostenditur
847 866 1068 920 libertas
1106 875 1267 929 quam
1314 857 1506 910 animae
1537 852 1702 905 ratio-

136 973 232 1030 nali
264 968 498 1025 inseruit
541 971 758 1020 creator
806 960 966 1012 Deus.
1018 953 1154 1007 Vide
1205 951 1370 1012 enim,
1413 954 1567 1017 pater
1598 944 1702 997 iste

137 1061 394 1134 quomodo
437 1071 540 1111 nec
593 1053 740 1108 illum
788 1046 1066 1102 discedere
1108 1042 1376 1098 volentem
1428 1037 1697 1097 retineat,

134 1126 226 1212 nec
248 1155 407 1210 liberi
437 1148 649 1207 arbitrii
681 1144 892 1201 auferat
929 1144 1270 1211 potestatem.
1310 1130 1497 1198 Neque
1536 1126 1701 1180 alium

135 1261 340 1304 manere
368 1243 677 1314 cupientem
699 1242 855 1307 cogat
879 1230 1195 1293 abscedere,
1220 1241 1286 1280 ne
1312 1223 1450 1279 forte
1471 1233 1703 1289 sequen-

136 1339 256 1393 tium
290 1309 581 1395 malorum,
611 1341 731 1399 quae
762 1333 949 1394 postea
983 1320 1070 1374 bis
1116 1332 1214 1374 suo
1246 1314 1376 1370 vitio
1421 1309 1700 1371 accedent,

134 1432 236 1503 ipse
260 1427 446 1498 potius
490 1433 684 1477 auctor
712 1432 835 1474 esse
875 1414 1141 1476 videatur,
1172 1409 1215 1464 si
1247 1404 1301 1463 in
1344 1403 1448 1461 illis
1487 1402 1706 1457 liberta-

136 1487 231 1574 tem
261 1487 498 1586 propria:
520 1507 812 1565 voluntatis
837 1499 1150 1559 absciderit.
1192 1497 1380 1566 Itaque
1415 1500 1472 1548 et
1499 1487 1704 1563 petenti

134 1612 233 1673 dat,
262 1608 393 1677 quia
417 1619 487 1659 ex
516 1602 694 1665 nobis,
723 1615 832 1654 non
872 1611 939 1651 ex
983 1595 1120 1658 Deo,
1157 1589 1351 1661 inopiae
1376 1594 1433 1642 et
1457 1582 1706 1639 offensio-

136 1703 210 1755 nis
233 1708 440 1755 nostne
461 1710 626 1750 causa
656 1689 1038 1761 proficiscitur.
1072 1682 1343 1752 Accipiens
1384 1686 1560 1731 autem
1589 1689 1706 1742 par-

138 1802 222 1844 tem
260 1803 420 1844 suam
460 1786 648 1856 junior
685 1795 913 1851 peregre,
958 1774 1155 1844 inquit,
1187 1772 1313 1826 abiit
1367 1768 1517 1836 longe
1548 1762 1702 1836 (Luc.

139 1896 215 1943 xv,
252 1879 360 1948 l3).
399 1852 554 1942 Quod
592 1881 773 1927 autem
806 1869 882 1921 ait
919 1866 1099 1934 longe,
1130 1876 1235 1917 non
1261 1860 1503 1915 locorum
1533 1855 1702 1909 inter-
1736 1852 1781 1910 B

139 1971 484 2039 rapedinem,
535 1965 631 2021 sed
682 1959 1096 2018 declinationem
1157 1953 1354 2010 mentis
1413 1945 1701 2018 expressit.

140 2036 226 2128 Qui
247 2060 394 2115 enim
436 2055 760 2112 oblivionem
787 2050 881 2104 Dei
910 2046 1131 2119 ceperit,
1175 2043 1265 2099 hic
1296 2055 1425 2097 vere
1463 2036 1707 2110 peregri-

140 2154 241 2207 nari
265 2168 293 2206 a
324 2152 440 2206 Deo
471 2148 700 2211 dicitur;
752 2145 893 2200 sicut
935 2149 1184 2201 econtra,
1229 2131 1571 2191 conversatio
1615 2142 1710 2182 sae-

142 2243 325 2297 cularis
348 2255 459 2294 non
512 2237 684 2293 solum
735 2232 1107 2305 peregrinum,
1164 2226 1260 2283 sed
1310 2224 1542 2281 alienum
1599 2221 1707 2274 Deo

142 2333 399 2387 hominem
432 2328 584 2383 facit.
614 2326 683 2380 Et
709 2333 771 2378 ut
796 2322 1036 2378 breviter
1066 2319 1265 2381 dicam,
1308 2314 1450 2369 sicut
1469 2308 1707 2381 peregri-

147 2433 320 2477 nantes
367 2437 397 2475 a
425 2418 625 2475 saeculo
660 2421 1055 2487 praesentamur
1100 2409 1168 2463 ad
1196 2406 1504 2468 Dominum,
1542 2401 1620 2457 sic
1653 2406 1708 2455 et

147 2523 509 2583 permanentes
532 2511 586 2565 in
618 2510 781 2563 rebus
809 2503 1042 2560 terrenis
1083 2516 1112 2555 a
1157 2497 1471 2554 cmlestibus
1496 2491 1707 2549 exsula-

146 2622 264 2659 umr.
296 2605 543 2674 Denique
565 2610 621 2655 et
645 2600 777 2654 Cain
808 2597 940 2652 exiit
977 2611 1006 2649 a
1036 2593 1173 2648 facie
1195 2589 1429 2652 Domini,
1467 2596 1522 2641 et
1549 2585 1707 2653 longe

143 2699 396 2764 edicitur;
429 2713 537 2751 non
581 2693 705 2764 quia
757 2700 813 2746 ct
862 2690 1012 2743 locus
1058 2684 1255 2755 aliquis
1302 2681 1435 2735 foris
1477 2684 1621 2732 esset
1652 2675 1705 2729 in

141 2799 416 2859 conspectu
448 2787 563 2849 Dei,
593 2784 689 2839 sed
730 2795 839 2853 quo
881 2795 976 2837 sua
1021 2785 1204 2833 mente
1253 2772 1457 2830 divisus
1486 2767 1707 2822 exTisset

143 2882 399 2937 aDnmini
453 2888 728 2950 respectu,
781 2891 882 2946 per
935 2870 1289 2928 homicidium
1350 2869 1630 2934 separatus
1677 2873 1708 2913 a

144 2971 268 3028 Deo.
299 2992 317 3025 ι
357 2973 419 3026 Et
452 2972 580 3026 item
622 2969 675 3023 in
706 2953 847 3022 libro
889 2965 956 3019 de
1004 2960 1322 3017 Eruditione
1368 2952 1704 3024 disciplinae:

151 3087 165 3116 ι
189 3067 446 3134 Quoniam
476 3062 693 3135 quidem
724 3059 904 3113 minus
944 3063 1026 3110 est
1065 3059 1346 3122 peccatum
1372 3047 1421 3102 ei
1451 3044 1541 3114 qui
1583 3056 1708 3112 pec-

148 3171 223 3214 cat
265 3160 567 3228 priusquam
616 3158 874 3223 agnoscat
914 3147 1248 3218 disciplinam
1282 3139 1513 3197 Domini.
1550 3136 1700 3190 Nulla

149 3260 311 3306 autem
338 3250 487 3303 venia
518 3254 603 3302 est
631 3244 872 3315 peceanti
917 3249 1037 3310 post
1083 3236 1414 3308 agnitionem
1466 3227 1701 3291 Domini,

136 3342 243 3405 nisi
278 3340 539 3410 pmnitens
582 3342 927 3397 revertatur;
976 3331 1099 3400 quia
1138 3328 1280 3383 Deus
1327 3331 1558 3378 mortem
1597 3334 1705 3372 non

153 3432 284 3493 fecit,
311 3441 362 3486 et
392 3447 496 3485 non
519 3428 633 3483 vult
648 3434 876 3482 mortem
910 3421 1209 3484 morientis,
1241 3425 1499 3489 quantum
1530 3421 1586 3467 ut
1617 3427 1704 3466 re-

152 3530 371 3575 vertatur
400 3528 452 3575 et
484 3519 648 3572 vivat.
671 3515 748 3571 Ne
773 3516 844 3570 sit
862 3513 1084 3584 spiritus
1119 3510 1319 3564 vadens
1346 3514 1525 3562 etnon
1547 3501 1709 3572 158

154 3624 427 3679 revertens,
476 3625 706 3682 quorum
728 3606 1002 3663 damnatio
1027 3605 1170 3674 justa
1197 3608 1300 3657 est.
1327 3620 1343 3651 ι
1378 3598 1442 3652 Ει
1468 3595 1707 3650 inhdmi-

157 3703 219 3755 ha
256 3703 477 3758 secunda
512 3699 708 3755 Psalmi
738 3714 768 3752 L
801 3715 814 3751 :
867 3714 885 3747 ι
932 3693 1148 3757 Peristi,
1216 3689 1311 3745 sed
1357 3685 1562 3758 poteris
1602 3682 1711 3737 sal-

158 3792 288 3856 vari;
339 3790 635 3847 fornicatus
685 3802 763 3851 es,
813 3784 906 3841 sed
956 3782 1157 3854 poteris
1210 3779 1524 3841 continere;
1574 3786 1709 3827 moe-

159 3885 327 3938 chatus
371 3899 452 3948 es,
505 3880 599 3936 sed
629 3878 829 3949 poteris
865 3875 1114 3939 liberari;
1152 3872 1217 3925 ad
1259 3867 1565 3940 spectacula
1592 3881 1712 3935 pro-

159 3975 348 4037 ruebas,
391 3974 485 4030 sed
530 3972 733 4042 poteris
785 3981 1042 4025 revocare
1089 3964 1315 4035 pedem;
1368 3977 1490 4017 cum
1553 3959 1710 4013 malis

160 4063 440 4119 hominibus
504 4058 847 4123 versabaris,
898 4054 1104 4128 poteris
1170 4051 1423 4107 recedere
1486 4057 1712 4102 etcum

161 4156 296 4210 bonis
338 4172 478 4212 esse.
530 4153 589 4208 lu
638 4162 864 4219 utraque
910 4158 1064 4220 parte
1107 4145 1276 4200 babes
1312 4140 1538 4196 liberum
1568 4135 1711 4191 arbi-

164 4249 325 4301 trium.
356 4266 376 4299 ι

222 4338 282 4393 Et
306 4339 357 4393 in
389 4335 610 4393 homilia
647 4335 714 4391 de
752 4331 1057 4405 proditione
1082 4328 1233 4385 Iuda:
1264 4345 1277 4381 :
1312 4344 1332 4378 r
1369 4323 1508 4392 Quid
1550 4320 1717 4391 igitur

165 4431 240 4499 qui
280 4430 621 4486 meretricum
668 4440 846 4480 mores
885 4422 1055 4476 valuit
1082 4427 1437 4481 commutare,
1481 4413 1716 4483 discipu-

168 4520 258 4575 lum
290 4536 392 4576 non
429 4519 607 4591 potuit
635 4513 903 4571 retinere?
942 4510 1132 4576 Valde,
1173 4510 1411 4578 inquam,
1442 4514 1496 4560 et
1525 4505 1715 4558 incun-

168 4623 350 4668 ctanter
372 4613 541 4666 valuit
576 4610 841 4674 retinere;
885 4605 980 4661 sed
1020 4603 1342 4659 necessitate
1381 4597 1598 4653 nolebat
1622 4594 1716 4650 bo-

171 4722 277 4760 num
316 4706 546 4771 ellicere,
592 4714 694 4757 nec
717 4701 770 4755 vi
819 4699 1036 4753 trahere
1079 4694 1146 4749 ad
1192 4707 1249 4749 se
1280 4689 1526 4747 curabat.
1565 4687 1718 4742 Tunc

168 4799 302 4866 abiit,
346 4799 538 4868 inquit,
582 4811 689 4851 non
739 4793 998 4848 invitatus
1027 4804 1057 4843 a
1086 4784 1419 4858 principibus
1467 4780 1720 4836 sacerdo-

170 4898 283 4955 tum,
309 4890 451 4943 nulla
479 4885 799 4941 necessitate
830 4880 1180 4942 constrictus,
1216 4881 1406 4944 sponte
1431 4870 1716 4942 processit,

171 4989 215 5033 ct
245 4982 449 5051 propria
492 4975 827 5047 malignitate
874 4970 1161 5028 consilium
1206 4965 1393 5038 genuit
1440 4961 1720 5018 sceleratae

170 5050 342 5124 mentis
368 5068 515 5125 nullo
543 5064 806 5138 participe
846 5066 1160 5116 convocato.
1200 5075 1218 5107 ι
1252 5055 1320 5108 Ει
1360 5058 1485 5122 post
1523 5050 1717 5121 paulu-

168 5159 260 5214 lum
291 5179 304 5215 :
332 5180 351 5212 ί
401 5159 477 5214 Ea
522 5155 667 5212 enim
698 5167 817 5223 qua:
842 5149 926 5204 vel
958 5146 1215 5215 iniuriosa
1254 5143 1715 5205 demonstrantur,

169 5250 318 5320 ipsam
343 5247 557 5304 Domini
589 5239 1020 5300 misericordiam
1064 5234 1516 5301 clementiamque
1540 5228 1718 5284 decla-

167 5349 292 5408 rant,
331 5341 422 5410 qui
476 5336 806 5409 proditorem
860 5342 1017 5384 suum
1077 5325 1345 5379 latronem
1395 5319 1718 5376 sceleratum

169 5439 315 5493 tantis
349 5433 625 5493 beneﬁciis
656 5425 952 5497 ampliavit,
996 5429 1051 5476 et
1074 5426 1246 5489 usque
1288 5415 1356 5471 ad
1386 5416 1560 5484 ipsum
1592 5428 1719 5482 pro-

168 5527 363 5582 ditionis
414 5534 624 5592 tempus
681 5515 854 5574 solitis
922 5506 1383 5567 admonitionibus
1444 5501 1714 5556 toleravit.

165 5613 283 5671 Nam
331 5616 672 5676 admonebat,
726 5605 1007 5670 suadebat,
1064 5609 1121 5656 et
1174 5595 1323 5654 omni
1369 5593 1548 5649 studio
1594 5605 1717 5646 eum

169 5723 340 5763 sanare
362 5707 607 5763 curabat.
648 5700 755 5757 Sed
805 5698 848 5753 si
901 5695 991 5750 ille
1042 5702 1348 5748 sermonem
1398 5683 1626 5752 respuit,
1671 5679 1721 5735 si

172 5800 287 5855 tanti
328 5797 567 5871 magistri
603 5793 766 5852 verba
811 5785 1155 5859 contempsit,
1195 5780 1445 5837 Christus
1473 5773 1719 5832 causatio

3262 348 3377 411 222

1793 492 1897 547 est,
1925 490 1980 537 et
2009 478 2267 535 meretrix
2306 476 2460 531 testis
2498 479 2603 537 est,
2632 484 2754 541 quae
2782 469 2850 525 de
2887 482 2985 525 sua
3030 465 3135 521 mit
3170 464 3374 521 libera-

1802 574 1947 629 tione
1971 571 2220 627 sollicita.
2271 566 2386 621 Non
2430 565 2597 636 igitur
2635 560 2868 617 videndo
2907 558 3271 621 meretricem,
3307 556 3375 610 de

1803 675 1891 719 tua
1940 661 2256 718 liberatione
2300 658 2584 724 desperes;
2626 652 2720 709 sed
2758 659 2814 706 et
2856 648 3051 704 Judam
3086 646 3375 716 eogitando

1800 771 1911 811 non
1943 754 2107 809 debes
2134 764 2257 804 esse
2286 762 2531 803 securus.
2564 744 2867 811 Utrumque
2910 741 3056 796 enim
3099 737 3373 808 periculo-

1803 852 2058 910 sum'est,
2090 852 2146 897 et
2177 838 2526 902 conﬁdentia,
2571 845 2626 890 et
2666 832 2990 904 desperatio.
3036 829 3170 885 Nam
3208 829 3373 884 conli-

1803 936 1983 990 dentia
2011 942 2244 989 stantem
2293 929 2509 993 evertit,
2560 935 2616 981 et
2661 926 2855 980 iterum
2902 921 3209 991 desperatio
3255 926 3379 990 post

1803 1026 2012 1096 lapsum
2042 1038 2149 1078 non
2180 1020 2420 1075 admittit
2451 1030 2765 1085 exsurgere.
2795 1015 2860 1067 Et
2891 1013 3013 1068 ideo
3050 1010 3253 1065 Paulus
3277 1025 3378 1063 ex-
3462 1070 3473 1080 ,

1804 1118 2057 1173 hortatur
2080 1114 2303 1169 dicens:
2344 1110 2449 1176 Qui
2470 1126 2525 1163 se
2549 1116 2698 1175 putat
2736 1116 2900 1179 stare,
2945 1103 3113 1157 videat
3138 1119 3201 1156 ne
3221 1101 3379 1155 cadat

1805 1206 1859 1279 (1
1884 1206 2003 1261 Cor.
2038 1221 2093 1268 x,
2134 1205 2245 1275 ll).
2274 1202 2451 1256 Habes
2473 1197 2777 1268 exemplum
2804 1197 3086 1264 utriusque
3107 1207 3376 1262 personae.

1808 1296 2115 1367 Discipulos
2163 1310 2286 1349 cum
2316 1308 2375 1347 se
2409 1300 2555 1346 stare
2601 1297 2818 1359 putaret
2852 1287 3084 1353 cecidit;
3119 1284 3381 1340 meretrix

1807 1404 1929 1443 cum
1958 1404 2017 1442 se
2045 1387 2307 1441 cecidisse
2354 1383 2720 1439 arbitraretur
2757 1379 3086 1435 exsurrexit.
3126 1395 3144 1428 ι
3180 1377 3247 1430 Ει
3277 1374 3381 1428 ite-

1807 1496 1928 1534 rum
1965 1480 2017 1533 in
2045 1478 2234 1533 eadem
2261 1495 2274 1530 :
2318 1495 2336 1529 ι
2373 1475 2479 1530 Sed
2511 1489 2612 1529 nec
2641 1480 2826 1543 aperte
2848 1485 2971 1525 eum
3003 1467 3253 1523 omnibus
3278 1479 3382 1534 pu-

1807 1568 2066 1634 blieabat,
2111 1583 2182 1622 ne
2227 1564 2676 1635 impudentiorem
2728 1561 2973 1623 faceret;
3027 1572 3127 1612 nec
3165 1555 3382 1625 penitus

1809 1659 2024 1714 silentio
2067 1656 2403 1727 praeteribat,
2452 1667 2519 1707 ne
2557 1652 2735 1707 celare
2781 1648 3082 1702 arbitratus
3124 1644 3385 1699 audacter

1809 1748 1876 1801 ad
1911 1747 2270 1817 proditionem
2295 1748 2628 1813 properaret,
2656 1740 2722 1794 Et
2751 1738 2871 1793 ideo
2897 1733 3167 1805 frequenti
3204 1733 3387 1786 admo~

1810 1838 2014 1893 nitione
2044 1837 2246 1892 clamat
2290 1852 2303 1887 :
2351 1832 2499 1887 Unus
2531 1848 2596 1886 ea:
2644 1831 2784 1885 vobis
2825 1828 2992 1882 tradet
3041 1841 3124 1881 me
3163 1824 3382 1897 (Matth.

1811 1944 1969 1991 xxvr,
1994 1926 2111 1997 2i).
2150 1924 2261 1979 Nec
2289 1932 2468 1977 tanien
2507 1936 2630 1975 eum
2678 1919 2939 1988 magister
2975 1914 3255 1985 piissimus
3279 1929 3378 1983 pu-

1807 2021 2062 2076 blicabat.
2102 2018 2170 2072 Et
2199 2016 2267 2070 de
2295 2016 2537 2086 gehenna
2583 2012 2685 2066 fuit
2709 2010 3010 2079 SthlSSime
3051 2006 3283 2069 locutus,
3327 2013 3387 2059 et

1809 2115 1875 2169 de
1904 2126 2070 2183 regno
2093 2109 2357 2166 caelorum
2386 2106 2641 2161 tractavit
2667 2102 2900 2159 assidue.
2935 2099 3230 2166 Utriusque
3272 2111 3388 2150 me-

1809 2203 1970 2258 ritum
2007 2200 2319 2271 frequenter
2346 2197 2581 2257 edocuit,
2608 2203 2665 2250 et
2693 2193 2822 2263 quid
2845 2190 3228 2263 peccatoribus
3254 2200 3382 2241 con-

1809 2294 2058 2349 stitutum
2101 2301 2206 2356 est,
2249 2298 2307 2344 et
2344 2288 2475 2358 quid
2515 2302 2621 2341 non
2651 2283 3003 2355 peccantibus
3049 2286 3390 2350 praeparatur

1807 2384 2062 2441 ostendit.
2108 2382 2216 2438 Sed
2256 2381 2372 2435 haec
2421 2378 2603 2433 omnia
2650 2374 2884 2431 crudelis
2914 2372 3003 2427 ille
3037 2367 3388 2437 contempsit,

1806 2488 1863 2535 et
1891 2479 2032 2532 Deus
2057 2476 2206 2531 illum
2233 2488 2340 2528 non
2374 2470 2543 2525 traxit
2567 2468 2816 2523 invitum.
2849 2465 2916 2520 Et
2949 2463 3204 2533 quoniam
3245 2461 3387 2513 bona

1806 2577 1970 2639 atque
2000 2568 2139 2622 mala
2164 2567 2217 2619 in
2243 2573 2429 2619 nostra
2461 2563 2605 2616 Deus
2627 2556 2807 2629 posuit
2832 2561 3123 2626 potestate,
3155 2549 3382 2606 electio-

1806 2664 1894 2717 nis
1917 2662 2147 2716 liberum
2186 2657 2408 2712 donavit
2451 2652 2757 2712 arbitrium,
2800 2658 2857 2704 et
2885 2647 3084 2702 invitos
3111 2658 3219 2698 non
3253 2641 3384 2695 reti-

1808 2760 1923 2817 net,
1957 2760 2009 2806 et
2039 2747 2283 2805 volentes
2312 2744 2674 2815 amplectitur.
2704 2739 2835 2794 Nam
2860 2751 2969 2792 non
2995 2742 3187 2805 sponte
3211 2733 3391 2787 bonus

1806 2842 2069 2900 malitiam
2110 2854 2216 2895 non
2242 2837 2464 2894 amittit.
2493 2837 2557 2889 Et
2599 2833 2718 2889 ideo
2743 2830 2930 2894 ludas,
2974 2825 3157 2881 nimim
3180 2822 3391 2893 cupidi-

1809 2937 1937 2993 tatis
1975 2930 2349 3006 praacipitatus
2391 2929 2611 2993 ardore,
2661 2940 2802 2981 caeca
2853 2918 3088 2993 quadam
3134 2915 3393 2988 improvi-

1808 3028 1959 3083 sione
1987 3020 2263 3095 deceptus,
2311 3035 2465 3077 suam
2510 3018 2754 3075 vendidit
2783 3016 3042 3091 animam,
3067 3019 3120 3067 et
3157 3024 3271 3065 suae
3302 3025 3394 3064 sa-

1807 3118 1935 3172 lutis
1962 3088 2233 3171 mercator
2251 3112 2482 3175 exstitit,
2509 3119 2565 3164 et
2585 3109 2663 3161 ait
2689 3126 2702 3159 :
2734 3104 2873 3171 Quid
2898 3088 3053 3157 uultis
3078 3098 3209 3175 mihi
3233 3099 3384 3161 dare,

1730 3200 1776 3260 (ἶ
1809 3222 1855 3265 et
1892 3226 1985 3280 ego
2026 3208 2167 3263 vobis
2208 3222 2327 3260 eum
2376 3202 2624 3259 tradam?
2669 3198 2882 3270 (Matth.
2913 3210 3037 3248 xxvi
3055 3174 3209 3262 :15).
3237 3190 3303 3243 Et
3334 3197 3396 3243 ut

1810 3301 2068 3354 virtutem
2095 3295 2297 3351 Christi
2336 3294 2501 3347 etiam
2545 3292 2597 3345 in
2628 3290 2731 3344 hac
2752 3296 2907 3357 parte
2929 3294 3245 3354 cognoscas,
3268 3293 3393 3334 eum

1812 3390 1877 3444 ad
1905 3387 2221 3458 capiendum
2253 3399 2377 3440 eum
2403 3382 2784 3443 advenissent,
2810 3390 2998 3431 vocem
3028 3372 3147 3440 ejus
3173 3370 3394 3425 minime

1814 3480 2045 3535 tolerare
2112 3484 2454 3547 potuerunt,
2520 3471 2612 3528 sed
2686 3482 2874 3525 omnes
2947 3463 3123 3519 territi
3187 3459 3397 3516 cecide-

1811 3580 1959 3628 runt.
2010 3570 2074 3625 Et
2118 3567 2371 3638 quoniam
2430 3562 2779 3619 nihilominus
2821 3558 2876 3612 in
2915 3570 3013 3612 sua
3052 3549 3395 3622 impudentia-

1817 3666 1977 3738 159
2012 3663 2400 3735 perdurabant,
2432 3660 2546 3729 ipse
2591 3673 2650 3713 se
2697 3655 2840 3710 ultro
2867 3650 3160 3713 commisit,
3192 3648 3306 3717 ipse
3333 3660 3395 3700 se

1816 3757 2057 3812 tradidit.
2103 3754 2173 3809 Et
2201 3754 2318 3807 haec
2343 3751 2601 3813 diximus,
2643 3754 2702 3801 ut
2730 3746 3007 3801 Christum
3036 3739 3214 3795 nullus
3238 3748 3400 3792 aceti“

1814 3857 1918 3913 set,
1942 3863 2040 3903 cur
2081 3845 2233 3901 Iuda:
2256 3841 2639 3912 cogitationem
2677 3852 2786 3891 non
2839 3831 3396 3889 mutavitadversam.

1816 3936 1920 3993 Sed
1949 3937 1995 3992 si
2022 3936 2144 4005 quis
2170 3935 2272 3989 hoc
2291 3931 2506 3993 dixerit,
2532 3929 2734 3991 audiet,
2758 3924 2923 3981 Judas
2945 3918 3398 3994 quemadmodum

1814 4029 2012 4098 corrigi
2042 4025 2255 4098 potuit?
2283 4032 2502 4095 sponte,
2528 4036 2596 4074 an
2622 4018 2864 4074 invitus?
2894 4016 2952 4071 Si
2983 4014 3210 4077 invitus,
3248 4009 3398 4065 nulla

1814 4122 2082 4178 correctio
2107 4127 2213 4185 est,
2246 4132 2373 4173 nam
2421 4114 2625 4171 mentis
2656 4111 2863 4165 malitia
2913 4106 3241 4163 necessitate
3290 4116 3401 4158 non

1815 4212 2041 4267 tollitur.
2072 4208 2130 4265 Si
2161 4217 2371 4278 sponte,
2424 4202 2607 4260 omnia
2661 4215 2780 4270 quae
2820 4196 3109 4253 meliorare
3157 4193 3396 4248 animam

1816 4309 2067 4375 poterant
2145 4298 2364 4353 audisse
2427 4291 2791 4363 cognoscitur.
2855 4286 2924 4341 Et
2991 4284 3041 4339 si
3099 4280 3399 4337 remedium

1820 4397 2055 4467 respuit,
2104 4408 2211 4448 non
2267 4388 2462 4446 medici
2515 4385 2708 4440 vitium
2755 4388 2879 4443 est,
2925 4376 3018 4431 sed
3071 4372 3401 4443 languentis.

1820 4491 1889 4546 Et
1928 4499 1990 4544 ut
2032 4488 2175 4543 scias
2215 4485 2333 4555 ejus
2378 4482 2583 4537 crimen
2639 4491 2760 4532 esse
2810 4471 2953 4541 quod
3001 4467 3259 4540 prodidit,
3288 4479 3404 4525 non.

1822 4578 2090 4651 magistri,
2138 4575 2335 4645 smpius
2388 4571 2531 4625 Deus
2579 4569 2646 4623 de
2691 4562 2999 4637 proditione
3040 4556 3315 4630 praedixit,
3343 4564 3407 4612 et.

1825 4647 1991 4728 totius
2008 4684 2138 4723 eum
2167 4662 2516 4737 philosophiae
2536 4667 2805 4730 praecepto
2836 4663 2893 4709 et
2919 4665 3172 4708 sermone
3192 4647 3403 4713 docuit,

1824 4776 1879 4823 et
1905 4766 2067 4820 rebus
2093 4759 2349 4816 ostendit.
2387 4754 2615 4810 Dederat
2639 4751 2688 4806 ei
2717 4750 3019 4804 daemonum
3048 4750 3406 4814 potestatem,

1824 4856 2085 4929 gehennae
2112 4854 2379 4904 tormenta
2411 4839 2750 4903 monstravit,
2782 4835 3041 4891 caelorum
3068 4845 3231 4900 regna
3276 4844 3408 4897 ραις

1827 4923 1999 5009 misit,
2027 4948 2236 4999 secreta
2286 4934 2486 4992 mentis
2514 4931 2634 5001 ejus
2652 4939 2706 4985 et
2727 4923 3053 5000 praedicebat
3078 4929 3135 4975 et
3163 4934 3270 4975 non
3303 4934 3405 4988 ρας

1820 5008 2075 5099 blicabat,
2122 5033 2288 5104 pedes
2330 5028 2450 5099 ejus
2490 5040 2612 5080 cum
2669 5021 2792 5076 aliis
2836 5018 3008 5080 lavit,
3041 5025 3242 5068 mensae
3273 5008 3404 5065 fecit

1818 5100 2162 5202 participem,
2192 5123 2324 5179 nihil
2352 5121 2570 5192 penitus
2592 5112 2959 5186 prmtermisit,
2987 5105 3082 5163 sed
3113 5104 3167 5158 in
3190 5100 3401 5159 malitia

1820 5192 2264 5294 sponte-duravit,
2305 5224 2382 5280 et,
2407 5211 2658 5268 omnibus
2700 5199 3156 5262 admonitionibus
3178 5192 3401 5264 spretis,

1820 5313 2064 5386 proditor
2087 5309 2356 5378 malignus
2385 5301 2630 5358 emersit.
2649 5299 2716 5356 Et
2744 5306 2804 5351 ut
2831 5308 2952 5350 eum
2983 5303 3145 5360 posse
3167 5295 3401 5351 mutare,

1824 5383 1917 5461 sed
1946 5400 2145 5471 corrigi
2177 5396 2414 5452 noluisse
2434 5403 2735 5461 cognoscas
2755 5428 2770 5449 ,
2815 5388 3096 5454 postquam
3133 5389 3254 5431 eum
3288 5383 3405 5426 tra-

1823 5495 1978 5558 didit,
2015 5460 2241 5561 jacvtavit
2286 5460 2519 5555 triginta
2548 5478 2834 5536 denarios,
2883 5481 2939 5526 et
2985 5469 3063 5523 ait
3109 5483 3123 5520 :
3175 5460 3404 5519 Peccavi

1821 5549 2043 5639 tradens
2069 5549 2385 5647 sanguinein
2416 5567 2738 5627 innocentis.
2765 5562 2903 5630 Quid
2928 5558 3046 5614 est?
3074 5552 3293 5625 quando
3331 5549 3409 5608 ab

1819 5691 1887 5733 eo
1908 5642 2664 5740 mirabilia'gerebantur,non
2689 5655 2907 5713 dixisti:
2932 5647 3156 5706 Peccavi
3184 5642 3403 5700 tradens

1752 5776 1753 5779 “
1822 5766 2139 5840 sanguinem
2172 5735 2399 5830 iustum,
2441 5754 2573 5810 sed:
2615 5748 2754 5819 Quid
2803 5743 2963 5802 vultis
3017 5736 3149 5795 mihi
3190 5735 3321 5790 dare
3350 5737 3403 5785 et
