3992 6336
546 319 656 381 Ξίδ

1510 307 1844 367 HINCMARI
1881 299 2272 362 RHEMENSIS
2305 296 2842 356 ARCHIEPISCOPI.

3700 302 3814 361 εει

547 453 649 509 ego
678 434 830 492 vobis
858 432 1067 490 tradam
1095 429 1257 486 eum?
1283 435 1337 485 ει
1366 433 1501 497 post
1529 426 1732 481 ιιπιιηη
1777 421 1976 485 scelus,
2005 425 2125 489 post
2153 418 2202 478 Α
2229 422 2472 509 apertum
2522 422 2625 471 est.
2655 412 2789 468 Cum
2819 412 2963 468 enim
2997 413 3224 509 _signum
3270 414 3457 484 dedit,
3500 430 3604 474 ore
3620 418 3815 478 doloso

548 527 895 584 commissum
949 521 1238 586 delictum,
1298 526 1419 588 post
1479 515 1802 586 completam
1868 512 2128 583 proditio-

548 632 696 683 nem,
725 626 848 685 post
873 612 1171 685 perfectum
1199 619 1480 681 peceatum
1503 608 1799 679 cognovisti
1822 615 2123 677 peccatum.

548 707 627 762 Ex
672 707 795 771 hoc,
839 703 1173 760 dilectissimi
1223 701 1439 764 fratres,
1494 700 1786 753 edocemur
1839 697 1981 766 quod
2036 712 2130 767 ne-

548 796 873 868 gligentibus
913 803 969 850 et
1011 794 1296 849 desidiosis
1341 791 1496 846 facile
1542 789 1837 844 admonitio
1875 788 2148 858 prodesse-

549 904 659 943 non
692 888 928 957 poterit;
975 885 1231 941 studiosis
1273 893 1490 947 autem,
1549 882 1713 936 etiam
1762 880 2130 934 admonitione

548 986 822 1045 cessante,
846 976 1075 1034 multum
1097 974 1500 1031 commoditatis
1531 973 1759 1029 accedit.
1786 972 1922 1026 Nam
1947 980 2003 1026 et
2028 971 2131 1026 iste

547 1067 765 1138 quando
817 1065 1075 1135 magister
1122 1064 1445 1148 admonebat
1501 1079 1611 1118 non
1663 1061 2020 1127 ﬂectebatur,
2076 1070 2132 1116 et

548 1156 767 1226 quando
797 1154 975 1210 nullus
993 1153 1294 1217 admonuit,
1323 1154 1556 1207 excitata
1583 1152 1915 1207 conscientia
1953 1151 2131 1207 scelus

545 1246 806 1318 cognovit
832 1245 1149 1309 admissum,
1180 1254 1237 1299 et
1283 1244 1508 1315 projecit
1554 1245 1769 1315 triginta
1801 1243 2073 1298 denarios.
2105 1261 2125 1294 ι

549 1339 618 1393 Et
668 1339 796 1392 item
830 1338 881 1391 in
920 1337 1056 1393 libro
1085 1355 1099 1391 :
1132 1335 1285 1402 Quod
1324 1352 1471 1389 nemo
1501 1335 1711 1390 (ceditur
1740 1335 1840 1388 nisi
1869 1351 1901 1388 a
1949 1342 2133 1387 semet-

548 1431 685 1499 ipso,
711 1436 834 1498 post
860 1437 1207 1483 enumeratos
1248 1427 1398 1481 Pauli
1447 1427 1696 1482 labores:
1732 1445 1751 1478 ‹
1800 1426 1987 1481 Nonne
2011 1440 2165 1496 per-.

550 1500 768 1584 mansit,
803 1520 997 1588 inquit,
1030 1535 1247 1595 semper
1283 1521 1422 1575 idem
1452 1520 1649 1577 Paulus
1669 1560 1683 1584 ,
1711 1530 1766 1575 et
1799 1519 1940 1574 idem
1969 1533 2133 1573 voca-

551 1617 640 1665 tus
676 1609 992 1679 apostolus?
1034 1608 1268 1665 Econtra
1317 1619 1523 1675 autem,
1560 1609 1729 1665 ludas
1770 1625 1910 1664 unus
1939 1609 2040 1663 fuit
2078 1617 2134 1664 et

550 1697 667 1768 ipse
709 1698 776 1752 de
821 1698 1144 1762 duodecim,
1172 1706 1229 1754 et
1266 1708 1489 1753 vocatus
1535 1699 1810 1769 apostolus
1857 1699 1974 1753 fuit.
2026 1698 2131 1752 Sed

2234 504 2445 574 aperuit
2488 519 2649 573 quem
2693 512 2959 559 tenerent.
2989 503 3157 560 Judaei
3193 522 3444 578 quoque,
3502 526 3626 566 cum
3678 528 3816 568 eum

2230 594 2471 651 volentes
2498 596 2621 651 dolo
2668 597 2921 665 perdere,
2947 604 3006 650 ut
3050 597 3397 669 Evangelium
3440 604 3651 673 pandit,
3691 605 3819 679 cla-

2231 696 2518 743 maverunt
2541 688 2784 744 dicentes
2807 708 2819 743 :
2845 688 3136 760 Cruci/iga,
3169 695 3456 764 cruci/iga!
3497 717 3515 748 ι

2304 780 2438 836 Hinc
2461 791 2515 836 et
2536 782 2793 851 praefatus
2813 782 3050 840 Joannes
3073 787 3126 840 in
3159 801 3459 845 memorato
3485 792 3624 848 libro
3646 795 3821 852 dicit:

2238 891 2257 924 ε
2296 872 2447 926 Sicut
2473 881 2528 925 et
2548 870 2732 937 Judas,
2766 873 2962 942 inquit,
2986 875 3074 929 ille
3104 891 3207 931 non
3247 878 3420 934 solum
3452 882 3594 939 nullo
3618 885 3831 941 intrin»

2232 979 2389 1020 secus
2411 963 2718 1034 impellente
2749 965 2988 1036 dilapsus
3010 977 3114 1032 est,
3150 970 3244 1023 sed
3275 985 3306 1026 e
3341 977 3620 1030 contrario
3645 979 3826 1048 pluri-

2233 1056 2334 1111 bus
2373 1054 2588 1123 adjutus
2621 1058 2873 1112 remediis
2925 1068 3072 1114 stare
3104 1077 3209 1115 non
3245 1065 3437 1131 potuit.
3467 1065 3559 1121 Vis
3600 1077 3661 1121 ut
3697 1070 3832 1125 haec

2233 1164 2339 1203 non
2368 1148 2540 1202 solum
2573 1163 2668 1218 per
2709 1150 2918 1219 singula
2948 1160 3122 1221 gesta,
3152 1154 3246 1208 sed
3269 1155 3431 1209 etiam
3463 1172 3558 1226 per
3587 1160 3833 1229 pepulos

2233 1239 2491 1294 doceam?
2512 1238 2722 1305 Quanta
2750 1256 2879 1311 erga
2923 1240 3231 1298 Iudaeorum
3263 1247 3523 1316 populant
3566 1265 3699 1304 cura
3728 1267 3834 1305 eL-

2233 1330 2369 1384 stitit
2421 1330 2619 1385 divinae
2671 1332 3065 1401 providentiae?
3104 1332 3294 1389 Nonne
3340 1352 3568 1404 omnes,
3630 1348 3689 1394 ut
3747 1340 3829 1395 ita

2234 1420 2432 1486 dicam,
2468 1430 2735 1476 creaturze
2781 1423 3179 1480 emendationis
3212 1440 3401 1481 eorum
3455 1429 3827 1485 ministerium

2233 1520 2555 1581 prazparatae
2595 1513 2762 1567 sunt?
2804 1511 2991 1569 Nonne
3042 1531 3153 1586 pra:
3177 1518 3391 1572 caeteris
3419 1519 3672 1576 omnibus
3717 1522 3831 1575 ho-

2233 1602 2469 1657 minibus
2510 1618 2645 1657 nova
2691 1606 2937 1673 quaedam
2969 1614 3024 1659 et
3054 1605 3336 1677 magnifica
3377 1609 3457 1664 eis
3502 1610 3625 1665 vitze
3656 1612 3829 1665 insti-

2238 1702 2349 1748 tuta
2383 1705 2509 1750 sunt
2535 1697 2769 1751 tradita?
2797 1716 2815 1747 ‹
2845 1705 2900 1751 et
2921 1707 3039 1767 post
3060 1699 3240 1752 omnia
3274 1700 3351 1754 eis
3375 1701 3557 1756 divina
3588 1719 3833 1758 munera

550 1802 728 1858 neque
780 1788 925 1858 quod
973 1805 1115 1844 unus
1151 1803 1219 1843 ex
1265 1789 1547 1844 duodecim
1594 1789 1715 1854 fuit,
1766 1803 1942 1858 neque
1989 1789 2133 1859 quod
2166 1773 2208 1831 Β
2237 1787 2495 1841 attributa
2545 1788 2676 1842 dicit
2716 1803 2730 1841 :
2780 1808 2798 1840 ι
2843 1789 2908 1843 Et
2955 1800 3133 1845 tamen
3180 1801 3300 1861 post
3340 1794 3522 1847 omnia
3556 1795 3674 1850 haec
3708 1806 3833 1849 tam

550 1888 778 1936 vocatus
806 1879 1082 1949 apostolus
1110 1881 1287 1937 dictus
1313 1890 1425 1945 est,
1459 1882 1719 1950 prodesse
1745 1882 1795 1936 ei
1838 1881 2132 1952 quidquam

551 1969 729 2040 potuit
757 1985 863 2024 non
894 1970 1113 2026 habenti
1141 1972 1381 2027 animum
1416 1972 1709 2027 virtutibus
1731 1973 1991 2027 deditum.
2028 1971 2136 2027 Sed

551 2056 751 2113 Paulus
784 2059 1000 2129 quidem
1032 2075 1154 2116 cum
1184 2062 1406 2132 penuria
1433 2069 1489 2116 et
1518 2062 1687 2132 plagis
1728 2063 1971 2117 cucurrit
2012 2078 2135 2118 cur-

551 2166 675 2207 sum
706 2152 798 2221 qui
830 2153 979 2207 ducit
1024 2154 1092 2209 ad
1122 2154 1357 2219 coelum;
1400 2155 1490 2209 ille
1538 2170 1689 2219 vero,
1720 2171 1842 2210 cum
1888 2165 1943 2210 et
1986 2156 2137 2225 prior

554 2252 782 2299 vocatus
809 2245 1032 2300 essetin
1053 2245 1432 2315 apostolatnm,
1472 2255 1526 2301 et
1572 2246 1734 2300 simili
1766 2262 1889 2301 cum
1926 2248 2138 2302 caeteris

554 2336 728 2407 gratia
758 2336 1008 2401 donatus,
1038 2337 1425 2406 caelestemque
1446 2337 1673 2393 edoctus
1713 2348 1857 2392 esset
1894 2338 2135 2408 philoso-

553 2426 761 2497 phiam,
788 2437 841 2482 et
863 2443 1032 2482 sacra:
1055 2428 1256 2483 Christi
1291 2444 1491 2483 mensas
1522 2430 1923 2499 venerandique
1948 2445 2136 2485 sacra-

554 2517 724 2573 menti
754 2519 1024 2589 particeps
1052 2521 1385 2586 exstitisset,
1429 2521 1709 2576 habuisset
1736 2523 1899 2576 etiam
1933 2522 2136 2577 donum

555 2606 793 2679 Spiritus
818 2610 1012 2675 sancti,
1046 2609 1120 2665 ita
1153 2618 1211 2665 ut
1241 2620 1483 2667 mortuos
1525 2612 1835 2678 suscitaret,
1876 2622 1933 2668 et
1961 2613 2137 2683 lepro-

555 2714 647 2755 sos
683 2709 923 2767 curaret,
952 2715 1017 2757 ac
1043 2702 1306 2757 daemonia
1333 2700 1618 2773 ell‘ugaret,
1651 2718 1882 2774 cumque
1910 2704 1978 2759 de
2000 2720 2136 2760 con-

556 2798 764 2859 temptu
792 2806 972 2846 rerum
1000 2792 1339 2848 saecularium
1367 2792 1558 2849 fuisset
1584 2795 1829 2859 edoctus,
1853 2795 2141 2852 adhaerens

557 2881 822 2940 lateribus
846 2884 1044 2940 Christi
1068 2926 1085 2951 ,
1112 2895 1275 2957 atque
1305 2887 1658 2958 indigentium
1688 2890 1792 2944 sibi
1813 2899 1959 2945 esset
1986 2906 2137 2947 com-

557 2973 726 3029 missa
776 2975 1146 3044 dispensatio,
1199 2992 1307 3046 quo
1345 2979 1553 3034 scilicet
1611 2980 1853 3035 avaritia:
1883 2995 1982 3049 per
2031 2981 2139 3035 hoc

559 3063 738 3120 latens
766 3065 820 3119 in
862 3081 927 3120 eo
949 3066 1139 3121 vitium
1184 3078 1491 3135 sanaretur,
1522 3080 1640 3125 erat
1683 3071 1828 3126 enim
1863 3072 1951 3125 fur
1996 3089 2011 3125 :
2058 3081 2139 3127 ta-

559 3168 688 3211 men
719 3169 818 3210 nec
846 3150 928 3210 sic
952 3156 1169 3225 quidem
1197 3160 1458 3228 prolicere
1487 3160 1542 3213 in
1570 3161 1763 3216 melius
1788 3162 1984 3231 potuit,
2014 3177 2137 3217 cum

561 3260 693 3313 erga
742 3261 865 3301 eum
927 3255 1006 3302 tot
1075 3250 1349 3319 tantisque
1412 3251 1813 3321 provisionibus
1873 3261 2140 3310 uteretur.

563 3332 787 3390 Sciebat
809 3335 954 3390 enim
1003 3335 1251 3393 Christus
1280 3340 1423 3409 quod
1463 3356 1661 3397 avarus
1689 3351 1836 3398 esset
1867 3341 2058 3410 Judas,
2090 3353 2146 3400 et

562 3426 686 3499 pro’
705 3442 892 3483 amore
933 3432 1177 3499 pecunire
1215 3433 1532 3501 periturus;
1589 3443 1645 3490 et
1678 3451 1785 3491 non
1828 3436 2003 3492 solum
2035 3452 2144 3492 non

565 3522 744 3590 arguit
785 3537 906 3577 eum
937 3539 1037 3593 pro
1079 3525 1182 3579 hoc
1217 3526 1350 3579 vitio
1373 3566 1388 3590 ,
1430 3528 1523 3582 sed
1553 3537 1608 3583 et
1641 3529 1800 3601 160
1849 3531 2146 3589 latentibus

564 3611 975 3668 medicamentis
1002 3630 1196 3671 curare
1224 3617 1411 3682 voluit,
1437 3618 1537 3688 ipsi
1567 3623 1911 3679 committens
1932 3624 2145 3694 dispen-

566 3703 831 3758 sationem
859 3705 1118 3774 pecunize,
1144 3715 1204 3761 ut
1236 3708 1440 3763 habens
1463 3711 1516 3764 in
1547 3711 1801 3769 manibus
1827 3714 1968 3783 quod
2000 3715 2146 3771 desi-

566 3793 811 3859 derabat,
839 3797 1139 3864 perniciosa
1164 3799 1363 3868 passio,
1394 3802 1604 3872 expleta
1628 3803 1945 3873 cupiditate,
1964 3820 2145 3861 cessa-

568 3893 676 3951 ret,
707 3901 775 3941 ne
798 3888 1070 3944 decideret
1098 3890 1150 3944 in
1183 3891 1327 3946 illam
1372 3894 1560 3949 mortis
1593 3894 1828 3962 foveam,
1855 3897 1949 3953 sed
1976 3897 2147 3952 mino-

569 3977 722 4033 ribus
761 3980 919 4035 malis
956 3982 1156 4051 majora
1186 3985 1527 4053 reprimeret.
1560 3985 1653 4042 Sic
1683 3988 1735 4042 in
1762 3989 2014 4044 omnibus
2052 3989 2144 4059 qui

569 4069 918 4138 semetipsum
948 4086 1055 4126 non
1078 4072 1293 4139 laeserit,
1319 4078 1388 4130 ab
1409 4076 1529 4131 aliis
1561 4093 1666 4131 non
1697 4088 1874 4148 potest
1896 4079 2016 4134 laedi
2043 4096 2057 4145 ;
2089 4087 2147 4135 et

568 4175 760 4216 rursus
779 4161 871 4231 qui
893 4164 1243 4233 semetipsum
1270 4168 1541 4237 corrigere
1562 4176 1617 4222 et
1636 4169 1928 4224 emendare
1954 4169 2145 4226 nolue-

567 4254 660 4321 rit,
691 4264 747 4311 et
774 4258 919 4327 quod
946 4257 999 4313 in
1028 4258 1145 4329 ipso
1170 4268 1256 4315 est
1278 4270 1441 4330 atque
1486 4263 1539 4315 in
1584 4270 1859 4331 potestate
1884 4261 2003 4330 ejus
2045 4278 2144 4318 er-

566 4348 737 4420 plere,
761 4350 937 4406 nullus
964 4351 1016 4406 ei
1038 4353 1380 4407 extrinsecus
1402 4353 1662 4423 proderit.
1697 4374 1716 4406 ι
1755 4353 1909 4409 Unde
1936 4362 1992 4410 et
2021 4370 2148 4410 san-

2237 1875 2507 1929 evidentia
2533 1876 2726 1932 divina:
2747 1879 2963 1935 virtutis
2991 1881 3236 1949 insignia,
3265 1892 3320 1937 et
3347 1892 3474 1953 post
3507 1886 3835 1941 universam

2238 1963 2465 2033 gloriam
2494 1982 2614 2037 quae
2648 1969 2729 2023 eis
2769 1980 2930 2040 Supra
2976 1981 3200 2028 cunctos
3250 1977 3507 2032 mortales
3552 1978 3677 2032 data
3714 1990 3833 2045 est,

2237 2055 2482 2111 inﬁdeles
2505 2060 2832 2114 exstiterunt
2858 2069 2912 2116 et
2941 2062 3159 2129 ingrati.
3202 2063 3374 2134 Caput
3404 2082 3639 2137 namque
3665 2069 3835 2123 vituli

2237 2149 2631 2213 adoraverunt,
2680 2158 2735 2204 et
2783 2150 2912 2206 deos
2968 2153 3298 2222 qua‘sierunt
3344 2156 3447 2210 sibi
3504 2158 3639 2212 alios
3678 2158 3835 2224 ﬁeri,

2238 2255 2361 2295 cum
2392 2250 2553 2296 tanta:
2584 2241 2823 2312 talesque
2848 2244 2945 2299 Dei
2969 2246 3197 2300 virtutes
3213 2246 3333 2302 alia:
3359 2250 3535 2304 adhuc
3565 2250 3620 2304 in
3649 2250 3840 2308 oculis

2237 2335 2586 2401 haberentur,
2633 2336 2752 2390 aliae
2805 2352 2933 2392 vero
2990 2351 3266 2394 recentem
3314 2349 3371 2395 et
3403 2357 3576 2412 nuper
3613 2352 3837 2413 gestam

2238 2435 2520 2481 servarent
2544 2427 2594 2480 in
2622 2428 2785 2482 corde
2815 2429 3154 2483 memoriam.
3183 2428 3256 2484 At
3281 2446 3412 2485 vero
3458 2430 3838 2488 Ninivitarum

2236 2520 2486 2590 populus,
2513 2521 2811 2592 alienigena
2838 2529 2893 2577 ct
2919 2522 3203 2590 barbarus,
3240 2524 3405 2579 nullis
3446 2525 3597 2595 prius
3627 2526 3845 2583 divina:

2242 2610 2595 2681 providentia:
2632 2611 2914 2667 beneﬁciis
2966 2622 3235 2679 assuetus,
3280 2629 3388 2671 non
3441 2614 3668 2687 legibus,
3721 2632 3847 2672 non

2240 2703 2597 2769 mirabilibus,
2627 2720 2731 2758 non
2784 2706 3074 2777 praeceptis
3120 2706 3244 2762 ullis
3274 2718 3368 2762 aut
3414 2710 3671 2779 operibus
3712 2710 3845 2764 illu-

2241 2794 2496 2858 minatus,
2541 2794 2813 2849 hominem
2845 2795 2981 2849 vidit
3026 2796 3216 2850 habitu
3275 2797 3631 2869 naufragum,
3675 2798 3843 2854 vultu

2240 2887 2625 2957 peregrinum,
2699 2904 2800 2942 nec
2849 2904 3087 2959 unquam
3151 2890 3253 2945 sibi
3296 2892 3450 2961 prius
3505 2886 3790 2963 cognitum
3820 2934 3841 2959 ,

2240 2976 2415 3045 primo
2465 2977 2649 3030 statim
2710 2978 2958 3048 ingressu
3017 2978 3290 3034 dicentem
3335 2998 3349 3034 :
3401 2982 3590 3036 Adhuc
3642 2982 3839 3039 triduo

2244 3072 2300 3118 et
2367 3062 2560 3120 Ninive
2592 3067 2969 3136 _subvertetur.
3007 3066 3089 3121 Ex
3141 3068 3260 3124 istis
3309 3069 3441 3125 solis
3486 3071 3843 3128 sermonibus

2247 3155 2492 3210 conversi
2546 3166 2673 3211 sunt
2716 3157 2784 3211 ad
2830 3157 3082 3211 timorem
3134 3158 3269 3224 Dei,
3315 3158 3648 3230 abiectisque
3699 3176 3842 3215 cou-

2247 3247 2398 3302 tinuo
2449 3247 2645 3316 prioris
2689 3250 2814 3304 vine
2865 3249 3064 3315 malis,
3112 3251 3180 3305 ad
3224 3251 3480 3308 virtutem
3541 3268 3599 3308 se
3652 3265 3710 3308 et
3745 3252 3843 3322 ju-

2245 3335 2449 3391 stitiam
2497 3351 2596 3407 per
2648 3339 3024 3409 penitentiam
3063 3340 3429 3396 contulerunt.
3477 3341 3641 3398 Vides
3694 3359 3847 3413 quo-

2245 3428 2393 3484 niam
2439 3430 2532 3498 qui
2591 3430 2737 3486 intus
2789 3438 2874 3485 est
2923 3441 2979 3485 et
3024 3431 3251 3503 vigilat,
3303 3433 3495 3503 suique
3541 3434 3843 3498 meminit,

2248 3535 2354 3575 non
2408 3520 2581 3575 solum
2634 3521 2703 3575 ab
2758 3521 3069 3577 hominibus
3123 3536 3233 3576 non
3284 3531 3459 3593 potest
3504 3522 3669 3589 laedi,
3735 3523 3847 3578 sed

2250 3612 2404 3683 161
2436 3611 2804 3667 imminentem
2842 3612 3053 3667 ctelitus
3093 3613 3230 3668 iram
3270 3614 3512 3684 repellit?
3549 3618 3645 3685 qui
3694 3631 3843 3672 vero

2245 3706 2593 3775 semetipsum
2646 3706 2827 3775 prodit
2866 3715 2923 3761 et
2967 3706 3150 3771 laedit,
3188 3707 3401 3763 etiamsi
3443 3708 3587 3763 mille
3638 3708 3841 3764 intrin-

2246 3810 2406 3851 secus
2434 3795 2631 3851 divinis
2662 3796 2939 3851 beneﬁciis
2970 3796 3247 3863 fulciatur,
3287 3813 3393 3853 non
3423 3799 3471 3855 ei
3499 3797 3732 3853 subiciet
3767 3800 3847 3855 ad

2246 3885 2521 3942 salutem:
2553 3885 2679 3955 quia
2723 3901 2901 3956 neque
2939 3883 3143 3942 Iudaeis
3175 3895 3325 3943 tanta
3372 3887 3668 3952 mirabilia,
3710 3904 3847 3958 qua:

2245 3978 2301 4033 in
2344 3992 2439 4034 eos
2482 3977 2676 4033 collata
2724 3986 2853 4033 sunt
2898 3977 3248 4048 profuerunt,
3299 3995 3474 4049 neque
3514 3979 3849 4050 alienigenis

2247 4070 2391 4141 quod
2421 4069 2557 4125 nihil
2602 4071 2795 4125 horum
2836 4070 3015 4140 adepti
3063 4070 3282 4125 fuerant
3325 4070 3536 4136 obfuit;
3574 4073 3670 4125 sed
3701 4086 3846 4140 quo-

2247 4162 2394 4217 niam
2423 4162 2604 4217 animo
2632 4161 3015 4232 propositoque
3042 4170 3216 4227 recto,
3256 4177 3377 4216 cum
3410 4170 3465 4215 et
3494 4162 3705 4232 seipsos
3745 4164 3851 4218 de-

2247 4253 2446 4309 derunt
2474 4253 2606 4320 Deo,
2633 4267 2798 4322 parva
2828 4252 3115 4307 occasione
3143 4261 3354 4322 sumpta
3382 4252 3673 4323 plurimum
3710 4269 3847 4324 pro-

2248 4342 2511 4399 fecerunt.
2549 4361 2568 4395 ι
2625 4341 2999 4412 Quapropter,
3050 4349 3112 4395 ut
3157 4351 3381 4396 sanctus
3435 4340 3734 4411 Gregorius
3788 4343 3847 4398 in

568 4449 691 4496 ctus
716 4440 1045 4511 Augustinus
1092 4442 1147 4495 in
1178 4440 1317 4495 libro
1355 4441 1808 4512 llypomnesticon
1849 4444 1916 4497 ad
1968 4443 2143 4499 locum
2175 4471 2228 4531 ι)
2253 4434 2473 4490 homilia
2508 4431 2783 4501 Εναηκθιὶί
2828 4431 2915 4531 ξῖ»,
2965 4431 3101 4531 dicit
3135 4445 3150 4483 ε
3197 4448 3218 4482 ι
3250 4431 3390 4485 Deus
3432 4429 3733 4531 defltiCilUI'
3784 4440 3843 4531 «ξι

570 4531 703 4587 dicit
735 4548 748 4583 :
788 4549 807 4582 ι
844 4530 996 4598 Quod
1024 4539 1084 4586 ut
1109 4533 1341 4601 probare
1366 4533 1639 4589 valeamus
1661 4575 1675 4599 ,
1719 4534 1892 4589 solum
1924 4551 2051 4591 reor
2077 4538 2145 4592 ad

570 4623 875 4692 exemplum
922 4622 1166 4678 sufﬁcere
1192 4624 1408 4680 Judam.
1441 4624 1594 4681 Hunc
1639 4628 1784 4681 enim
1835 4628 1978 4684 Deus
2022 4644 2146 4683 cum

570 4713 879 4783 praescisset
927 4714 982 4768 in
1036 4715 1181 4771 vitiis
1226 4716 1456 4786 propriae
1507 4718 1799 4773 voluntatis
1852 4719 2149 4788 pessimum

572 4800 711 4868 fore,
742 4803 793 4857 id
819 4813 904 4858 est
932 4805 1198 4861 electione
1225 4807 1573 4876 discipulatus
1599 4810 1680 4862 sui
1708 4808 1845 4864 bene
1876 4825 1904 4862 a
1936 4808 2154 4864 Christo

573 4893 900 4951 conferenda
925 4897 1065 4952 male
1087 4914 1332 4963 usurum,
1348 4899 1644 4953 etavaritia
1668 4902 1947 4955 ardentem
1975 4900 2152 4969 pretio

573 4985 774 5045 Judais
814 4990 1099 5046 Dominum
1149 4992 1493 5057 traditurum,
1544 5005 1759 5060 poenam
1785 4992 1835 5046 ei
1871 4991 2157 5061 prtedesti-

577 5081 725 5136 navit
747 5098 815 5137 ex
844 5083 1057 5152 merito,
1083 5083 1294 5139 dicente
1341 5100 1439 5154 per
1469 5085 1635 5140 David
1683 5083 1886 5153 Spiritu
1921 5092 2110 5141 sancto
2138 5102 2153 5139 :

575 5172 718 5228 Deus
741 5214 754 5238 ,
782 5173 989 5227 laudem
1032 5192 1202 5228 meum
1232 5192 1294 5229 ne
1337 5175 1585 5239 tacueris,
1622 5176 1746 5247 quia
1772 5193 1829 5230 os
1870 5177 2158 5246 peccatoris

574 5273 626 5319 et
650 5281 707 5320 os
732 5265 903 5319 dolosi
924 5283 1080 5331 super
1100 5284 1180 5320 me
1209 5278 1443 5337 apertum
1468 5277 1541 5322 est
1567 5266 1739 5338 (Psal.
1769 5284 1898 5322 cvttt
1924 5308 1939 5329 ,
1984 5268 2036 5339 1)
2057 5308 2071 5332 ,
2104 5267 2157 5322 id

575 5368 662 5413 est
684 5357 854 5423 Iudae,
885 5358 967 5411 vel
1012 5357 1340 5421 Iudaeorum,
1373 5360 1425 5412 in
1468 5360 1740 5414 Christum
1795 5357 1947 5412 Iudae
1972 5398 1987 5423 ,
2034 5373 2157 5413 cum

576 5449 737 5503 dicit:
757 5447 897 5513 Quid
918 5447 1071 5503 vultis
1102 5450 1229 5502 mihi
1259 5450 1408 5513 dare,
1428 5458 1476 5502 et
1504 5465 1595 5518 ego
1619 5448 1759 5502 vobis
1786 5464 1903 5500 eum
1921 5445 2166 5501 tradam?

579 5538 797 5608 (Matth.
829 5556 976 5603 sxw,
1004 5539 1104 5610 15)
1148 5548 1204 5594 et
1238 5549 1357 5610 post
1396 5540 1638 5610 pecunia:
1660 5539 2004 5608 sponsionem
2023 5539 2168 5594 dans

2256 4532 2554 4594 exspectat,
2577 4523 2847 4577 contemni
2877 4537 2936 4577 se
2964 4523 3110 4577 videt
3139 4532 3193 4576 et
3228 4530 3469 4587 revocat,
3502 4521 3755 4592 injuriam
3782 4523 3851 4578 de

2258 4623 2566 4683 contemptu
2610 4628 2707 4667 suo
2741 4613 2986 4683 suscipit,
3014 4620 3068 4666 et
3099 4621 3278 4667 tamen
3308 4612 3631 4681 quandoque
3664 4626 3853 4665 rever-

2258 4708 2496 4763 tentihus
2517 4708 2678 4761 etiam
2709 4706 2931 4775 praemia
2952 4705 3238 4775 promittit.
3261 4724 3280 4756 ι
3309 4703 3410 4771 Qui
3432 4703 3619 4767 etiam,
3649 4712 3708 4756 ut
3738 4701 3853 4756 Au-

2261 4801 2509 4873 gustinus
2564 4799 2620 4853 in
2680 4799 2819 4853 libro
2867 4797 2933 4852 de
2991 4796 3473 4851 PrmdeStinatione
3530 4802 3850 4848 sanctorum

2262 4891 2394 4946 dicit
2429 4908 2442 4944 :
2482 4890 2547 4944 Et
2592 4890 2689 4960 ipsi
2730 4889 2856 4959 quia
2886 4888 3169 4943 voluerunt
3199 4886 3568 4941 crediderunt.
3612 4883 3681 4937 Et
3719 4884 3853 4937 item

2260 4979 2552 5050 Gregorius
2589 4997 2603 5034 :
2638 4999 2657 5032 ‹
2698 4978 2865 5034 Nemo
2911 4979 3050 5033 hanc
3095 4976 3212 5046 ejus
3252 4975 3715 5046 longanimitatem
3762 4989 3855 5029 ne-

2263 5073 2430 5146 gligat
2454 5087 2469 5126 :
2496 5072 2618 5142 quia
2653 5078 2807 5125 tanto
2855 5069 3243 5125 districtiorem
3267 5066 3534 5137 justitiam
3567 5066 3619 5119 in
3644 5063 3854 5132 judicio

2261 5164 2469 5229 exerit,
2510 5172 2714 5233 quanto
2743 5161 3040 5233 longiorem
3088 5160 3400 5230 patientiam
3434 5167 3557 5212 ante
3586 5155 3852 5225 judicium

2264 5253 2604 5325 prierogavit.
2639 5272 2657 5304 ι
2703 5253 2851 5307 llinc
2889 5251 3092 5306 etenim
3143 5249 3341 5303 Paulus
3391 5249 3521 5304 dicit
3567 5261 3585 5300 :
3629 5245 3853 5316 Ignoras

2269 5347 2516 5418 quoniam
2563 5344 2851 5415 benignitas
2886 5342 2982 5396 Dei
3029 5342 3098 5394 ad
3140 5340 3494 5408 panitentiam
3524 5348 3573 5392 te
3611 5336 3851 5391 adducit.

2274 5434 2577 5491 Secundum
2613 5434 2864 5488 duritiam
2892 5442 3066 5487 autem
3107 5441 3252 5485 tuam
3296 5440 3343 5486 et
3374 5447 3466 5485 cor
3497 5428 3851 5500 impmnitens,

2274 5526 2599 5587 thesaurizas
2638 5524 2729 5579 tibi
2764 5526 2899 5578 iram
2937 5525 2992 5577 in
3037 5523 3123 5578 die
3153 5523 3247 5577 ira:
3283 5532 3331 5576 et
3372 5520 3702 5577 reuelationis
3723 5519 3853 5590 justi

592 5630 807 5699 signum
841 5609 1148 5687 traditionis
1177 5650 1189 5684 :
1223 5609 1627 5701 Quemcunque,
1661 5632 1855 5700 inquit,
1893 5629 2137 5686 osculato

2266 5618 2459 5690 judicii
2499 5618 2595 5671 Dei
2645 5616 2817 5686 (Rom.
2850 5632 2916 5680 tt,
2946 5615 3022 5687 4).
3067 5615 3134 5669 Ει
3173 5614 3283 5679 illi,
3314 5623 3374 5667 ut
3419 5610 3755 5682 Augustinus
3801 5609 3853 5665 in

599 5731 731 5779 uero
774 5724 890 5795 ipse
939 5732 1061 5791 est,
1113 5732 1293 5780 tenete
1331 5738 1474 5780 eum.
1520 5724 1645 5779 Ideo
1693 5737 1855 5793 super
1910 5737 2016 5790 me,
2070 5720 2167 5789 ait,

2276 5714 2501 5786 praefato
2536 5713 2674 5770 libro
2703 5710 2854 5780 dicit,
2882 5710 3006 5781 quia
3040 5708 3323 5765 noluerunt
3353 5722 3459 5763 non
3492 5703 3850 5761 crediderunt.
