3992 6336
138 320 235 380 225

142 531 274 587 runt,
306 522 372 577 de
395 522 593 591 quibus
634 524 766 579 item
795 525 927 582 dicit
963 527 1287 597 Apostolus:
1324 528 1427 595 Qui
1455 549 1510 586 se
1535 533 1701 602 con/i-

146 624 299 671 tcntsr
325 629 472 668 nosse
504 613 707 679 Deum,
748 616 903 685 factis
949 628 1123 672 autem
1164 630 1351 690 negant
1397 621 1525 692 (Tit.
1550 638 1590 688 ι,
1622 622 1698 695 6).

146 706 364 775 Denique
404 719 670 774 ponamus
703 708 1130 763 orthodoxorum
1180 720 1344 780 atque
1373 712 1428 766 in
1465 713 1702 770 Ecclesia

146 793 623 866 pmhatissimorum
648 796 884 851 virorum
912 798 1235 864 testimonia,
1261 810 1317 855 et
1335 802 1513 858 videat
1535 803 1702 860 lector

148 887 363 949 devotus,
384 884 430 938 si
458 884 683 940 reddant
712 888 868 943 nobis
892 898 1053 959 atque
1077 891 1311 960 capitulo
1334 894 1700 950 testimonium

146 975 253 1029 hinc
289 989 351 1029 ex
395 973 608 1030 illorum
652 978 898 1035 sensibus
943 988 997 1035 et
1033 981 1191 1037 dictis
1236 993 1516 1056 excerpto,
1557 990 1699 1058 quod

146 1066 292 1119 simus
317 1065 597 1122 catholicte
626 1067 885 1124 Ecclesiae
910 1070 1042 1139 lilii,
1085 1081 1139 1127 et
1171 1076 1347 1146 gratia
1389 1077 1484 1133 Dei
1513 1080 1699 1135 lideles

144 1157 274 1214 verbi
300 1158 461 1228 ipsius
490 1159 909 1230 dispensatores.

679 1272 914 1330 CAPUT
953 1274 1123 1330 XXV.

143 1358 847 1438 Sequunturortltodomorum
870 1365 1249 1438 verba,‘quibus
1268 1370 1510 1438 cognosci
1528 1369 1695 1425 valeat

201 1430 407 1500 qualiter
448 1431 637 1485 exinde
679 1442 874 1488 sancta:
910 1430 1163 1491 Ecclesia:
1206 1430 1447 1494 catholici
1491 1456 1696 1496 sensere

197 1502 414 1554 doctores

201 1610 468 1682 Dionysius
529 1627 775 1684 quoque,
827 1623 887 1670 ut
938 1615 1137 1671 beatus
1190 1616 1490 1690 Gregorius
1561 1604 1695 1676 dicit

140 1706 464 1775 Areopagita,
496 1706 751 1775 antiquus
770 1717 834 1761 et
869 1709 1197 1764 venerabilis
1222 1710 1409 1774 Pater,
1441 1712 1582 1766 sicut
1615 1712 1690 1767 le-

886 323 976 381 DE
1008 324 1675 386 PRIEDESTINATIONE
1710 328 2163 394 DISSERTATIO
2199 339 2609 405 POSTERIOR.

138 434 201 490 Et
222 431 267 489 si
311 429 447 488 forte
486 432 857 501 crediderunt,
885 436 952 492 de
978 436 1192 493 illorum
1221 454 1451 494 numero
1476 443 1702 498 exstite-
1730 454 1779 514 Α
1806 446 2066 507 innocens
2089 426 2175 509 est
2202 466 2256 511 et
2303 461 2636 530 misericors,
2680 473 2734 521 et

2769 481 2875 522 non
2925 484 3171 545 erumpet
3201 492 3380 550 neque

1805 540 2083 611 clamabit,
2109 556 2162 602 et
2195 550 2308 618 ipse
2333 554 2477 608 mitis
2502 565 2558 610 et
2587 559 2898 628 propitiatio
2925 574 3009 618 est
3036 540 3379 635 peccatorum

1801 642 2134 691 nostrorum.
2157 639 2500 713 Quapropter
2521 662 2624 702 non
2650 649 2975 720 recipiemus
3001 662 3120 712 tuos
3144 659 3386 721 zelantes

1800 724 2053 795 impetus,
2085 731 2300 788 etiamsi
2341 736 2523 792 decies
2564 740 2760 797 millies
2802 746 3380 817 reaccipies‘Phineem

1799 822 1853 868 et
1885 816 2089 910 Eliam,
2137 821 2255 891 ipsa
2306 826 2589 883 audientes
2630 844 2751 898 qua:
2774 848 2881 888 non
2910 816 3193 904 placebant
3225 840 3374 910 Jesu,

1799 921 1830 960 a
1867 907 2145 979 discipulis
2168 912 2260 983 qui
2291 924 2420 972 tunc
2448 926 2605 972 erant
2635 924 2900 977 mansueti
2929 932 2984 979 et
3013 927 3230 999 benigni
3263 907 3375 1002 spis

1798 994 1935 1051 ritus
1963 1001 2274 1071 participes,
2301 1002 2554 1061 Christus
2581 1008 2632 1061 in
2666 1011 2939 1068 mentibus
2978 994 3240 1088 benignus
3283 994 3377 1088 sit,

1796 1095 2069 1144 errantem
2120 1090 2390 1161 inquirat,
2420 1103 2478 1150 et
2522 1097 2874 1169 refugientem
2907 1104 3151 1172 advocet,
3182 1117 3239 1164 et
3284 1111 3378 1165 vix

1796 1172 2071 1232 inventum
2100 1179 2153 1234 in
2186 1182 2426 1239 humeris
2456 1187 2631 1243 tollat.
2656 1188 2772 1244 Non
2795 1193 3076 1261 deprecor,
3106 1213 3211 1254 non
3240 1201 3379 1258 male

1797 1265 1939 1322 istud
1963 1268 2030 1325 de
2058 1272 2215 1328 nobis
2244 1274 2372 1344 ipsis
2397 1279 2766 1347 consiliemur,
2796 1298 2971 1353 neque
3014 1286 3066 1341 in
3101 1304 3197 1344 nos
3234 1290 3382 1361 ipsos

1796 1356 2133 1426 impellamus
2157 1362 2413 1430 gladium.
2447 1366 2766 1439 Quicunque
2789 1373 2933 1427 enim
2985 1374 3169 1445 inique
3195 1356 3377 1449 agere,

1795 1455 1890 1501 aut
1918 1449 2225 1521 quicunque
2247 1466 2278 1507 e
2302 1457 2578 1513 contrario
2603 1460 2741 1515 bene
2764 1476 2924 1533 agere
2951 1464 3227 1534 inchoaut,
3258 1469 3380 1526 illos

1794 1542 2032 1613 angelos,
2060 1561 2289 1615 quorum
2330 1549 2663 1606 voluntatem
2702 1552 2930 1620 faciunt,
2962 1558 3064 1613 sibi
3113 1569 3205 1615 aut
3249 1576 3370 1616 ma-

1794 1629 1908 1686 litia
1952 1643 2046 1688 aut
2086 1636 2418 1709 benignitate
2447 1643 2783 1697 consociant.
2812 1644 2879 1698 Et
2923 1645 2999 1700 illi
3030 1649 3246 1716 quidem
3284 1651 3378 1706 he-

1794 1724 2079 1793 nignorum
2125 1730 2436 1799 angelorum
2467 1732 2715 1803 discipuli
2743 1742 2799 1789 et
2828 1735 3075 1803 comites,
3121 1748 3178 1793 et
3208 1740 3297 1796 hic
3323 1750 3382 1797 et

140 1799 261 1867 gitur
286 1812 376 1867 per
408 1795 635 1850 Paulum
677 1798 977 1868 apostolum
1022 1801 1195 1869 gratia
1228 1800 1320 1856 Dei
1356 1802 1458 1856 title
1502 1803 1699 1857 illumi-
1731 1801 1775 1860 Β
1803 1810 1913 1867 illic
1953 1828 2077 1867 cum
2123 1795 2270 1871 muni
2318 1834 2472 1874 sacra
2511 1795 2730 1878 datione
2753 1832 2809 1878 et
2836 1795 3089 1882 libertate
3133 1830 3378 1886 omnium

139 1902 273 1947 natus
294 1900 345 1947 et
370 1892 698 1962 baptizatus,
725 1892 816 1962 qui
847 1908 969 1947 cum
1008 1895 1166 1949 beato
1192 1894 1359 1950 Petro
1387 1904 1441 1950 et
1482 1894 1687 1982 la.wa

137 1982 283 2037 fratre
321 1983 561 2048 Domini,
606 1982 833 2053 aliisque
875 1984 1288 2053 quamplurimis
1320 1986 1690 2044 sanctissimis

136 2076 308 2129 Christi
357 2074 666 2145 discipulis,
728 2074 1115 2147 Hierosolymis
1174 2076 1314 2146 apud
1375 2077 1688 2147 sepulcrum

134 2169 240 2221 vita:
264 2166 541 2238 principis,
585 2166 734 2221 velut
770 2167 886 2237 ipse
915 2166 968 2221 in
1004 2166 1141 2222 libro
1170 2168 1236 2222 de
1264 2166 1471 2222 Divinis
1515 2168 1689 2222 nomi-

134 2260 268 2315 nibus
291 2268 498 2322 narrat,
532 2259 585 2313 in
615 2260 823 2330 synodo
857 2274 1022 2330 agens
1061 2257 1184 2326 fuit,
1208 2266 1264 2315 et
1290 2259 1688 2330 disputationes

132 2366 294 2405 eorum
319 2352 383 2407 de
410 2351 792 2406 incarnatione
817 2350 911 2406 Dei
938 2352 1136 2407 Filiiet
1164 2352 1388 2418 audivit,
1418 2363 1474 2406 et
1499 2367 1687 2408 coram

133 2441 200 2496 eis
224 2442 535 2512 regulariter
574 2441 818 2512 protulit,
851 2442 903 2496 in
932 2442 1162 2512 epistola
1186 2443 1255 2496 ad
1288 2442 1686 2514 Demophilum,

131 2536 236 2604 quia
256 2550 438 2590 omnes
463 2524 710 2590 homines
732 2533 847 2589 vult
872 2533 1014 2589 Deus
1040 2533 1215 2589 salvos
1245 2532 1384 2600 fieri,
1418 2537 1491 2589 ita
1522 2536 1685 2591 dicit:

137 2648 151 2680 ι
175 2628 351 2699 Utique
380 2638 467 2684 est
496 2628 665 2694 enim,
691 2629 819 2698 quin
846 2627 1095 2682 Christus
1117 2626 1275 2683 Jesus
1298 2627 1393 2682 Dei
1408 2627 1605 2693 Filius,
1629 2628 1684 2683 in

129 2726 361 2794 parentis,
389 2734 447 2780 et
482 2738 643 2794 super
680 2722 963 2779 scientiam
1010 2721 1378 2791 benignitatis,
1423 2736 1530 2791 qua
1571 2721 1687 2776 exi-

130 2816 300 2870 stentia
336 2829 459 2870 esse
484 2815 649 2880 facit,
677 2823 733 2870 et
773 2829 877 2883 qua
910 2813 1026 2883 ipsa
1053 2812 1234 2867 omnia
1279 2813 1348 2867 ad
1394 2827 1516 2867 esse
1557 2826 1684 2881 per-

129 2908 357 2971 duxit,.et
396 2922 587 2962 omnes
631 2907 880 2962 homines
909 2905 1023 2959 vult
1065 2920 1283 2975 semper
1312 2905 1432 2960 fieri
1475 2905 1685 2959 similes

132 2999 219 3053 sibi
264 3000 388 3069 ipsi,
425 3009 481 3054 et
508 2997 899 3053 eommuniales
949 3013 1193 3061 suorum,
1242 2996 1539 3052 secundum
1566 2997 1682 3052 sin-

130 3091 345 3160 gulorum
373 3104 819 3161 quorumcunque
848 3090 1298 3144 convenientiam.
1331 3089 1471 3157 Quid
1499 3100 1680 3146 autem
1721 3096 1739 3161 _'

131 3153 235 3253 quia
268 3193 318 3239 et
343 3153 748 3256 refugientibus
766 3184 960 3254 cupide
999 3183 1265 3253 jungitur,
1293 3153 1682 3248 et‘contendit,
1711 3153 1756 3217 α

133 3282 290 3328 etnon
335 3274 491 3346 ιδῃ
528 3274 849 3344 dedignatur
894 3271 1170 3343 dedign'ari
1214 3287 1244 3325 a
1275 3272 1597 3343 concupitis,
1630 3278 1688 3327 et

133 3378 177 3419 se
206 3354 585 3433 reiicientibus,
627 3373 689 3419 et
732 3363 852 3419 sine
883 3378 1049 3418 causa
1097 3370 1412 3418 accusantes
1458 3363 1684 3431 tolerat,

134 3462 175 3507 et
197 3455 298 3525 ipse
325 3463 581 3521 excusat;
633 3455 763 3525 quin
793 3453 965 3523 magis
994 3451 1261 3522 promittit
1285 3451 1511 3517 mederi,
1540 3461 1597 3507 et
1629 3454 1683 3509 in

134 3542 200 3597 his
222 3544 314 3615 ipsi
362 3543 658 3600 abstinent.
708 3544 908 3599 Tamen
951 3542 1512 3613 appropinquantibus
1539 3558 1683 3613 ιιι-τεο

134 3637 335 3691 occurrit
357 3647 413 3692 et
436 3637 643 3700 obviat,
670 3646 725 3691 et
756 3646 901 3690 totus
939 3644 1081 3691 totos
1123 3634 1492 3706 complectens
1520 3651 1680 3691 oscu-

133 3723 264 3791 lalur,
296 3735 354 3781 et
384 3743 493 3782 non
529 3734 752 3782 accusat
778 3727 846 3780 de
875 3726 1169 3795 prioribus,
1198 3727 1292 3780 sed
1321 3726 1497 3795 diligit
1534 3741 1683 3796 pra:-

133 3819 302 3884 sentia,
339 3828 394 3873 et
440 3819 584 3873 diem
633 3818 827 3873 festum
872 3817 1014 3888 agit,
1053 3824 1110 3872 et
1154 3826 1414 3887 provocat
1454 3818 1681 3883 amicos,

133 3909 351 3965 vilclieet
376 3910 638 3978 benignos
672 3908 915 3980 angelos,
945 3917 1005 3962 ut
1032 3908 1104 3964 sit
1135 3908 1375 3963 omnium
1409 3906 1684 3962 delectan-

134 3997 241 4052 tium
288 3998 568 4052 habitatio.
592 4016 610 4048 »
659 3998 724 4051 Et
763 3997 922 4065 paulo
961 4005 1121 4068 post:
1160 4014 1181 4048 ι
1212 3995 1328 4049 Νοιι
1373 3997 1681 4065 oportebat,

132 4087 345 4157 inquam,
374 4088 663 4159 benignum
707 4088 762 4142 in
805 4088 977 4141 salute
1010 4086 1366 4156 perditorum,
1395 4092 1453 4140 et
1486 4085 1542 4139 in
1573 4086 1681 4140 vita

132 4181 547 4235 mortiﬁcatorum
578 4179 859 4245 delectari,
890 4188 945 4233 et
972 4181 1090 4233 sine
1117 4178 1376 4234 dilatione
1406 4178 1459 4232 in
1491 4178 1683 4232 hume-

134 4268 191 4323 ris
228 4271 332 4326 tolli
377 4271 466 4325 vix
514 4272 584 4326 ab
623 4286 811 4326 errore
848 4279 1288 4335 convertentem,
1321 4279 1377 4324 et
1416 4269 1680 4340 benignos

133 4363 314 4434 angelos
369 4364 440 4419 ad
490 4363 851 4434 epulationem
919 4364 1191 4426 excitare,
1253 4361 1345 4432 qui
1417 4362 1680 4431 benignus

134 4462 198 4508 est
228 4472 383 4528 super
426 4456 690 4527 ingratos,
716 4464 772 4510 et
798 4456 927 4511 oriri
961 4454 1089 4509 facit
1114 4454 1287 4509 solem
1331 4469 1485 4508 suum
1516 4467 1680 4523 super

134 4546 271 4603 malos
290 4558 346 4604 et
375 4548 568 4614 bonos,
613 4556 668 4603 et
705 4548 877 4617 ipsum
904 4547 1145 4600 animam
1188 4560 1343 4600 suam
1388 4544 1539 4613 ponit
1579 4559 1678 4613 pro

137 4635 510 4708 refugientibus.
534 4660 553 4692 ι
587 4640 651 4694 Ει
684 4640 813 4694 item
839 4640 906 4692 ad
938 4637 1135 4701 locum,
1164 4635 1387 4705 Expavit
1418 4634 1601 4690 calum
1626 4635 1683 4688 in

137 4725 245 4781 istud
273 4749 286 4783 :
316 4750 338 4784 ί
377 4731 447 4785 Et
476 4731 663 4785 horrui
705 4744 828 4799 ego,
871 4728 997 4798 quia
1036 4726 1380 4795 Demophilus
1428 4725 1685 4794 opinatur

138 4816 388 4891 benignum
419 4823 476 4877 in
506 4837 698 4877 omnes
730 4821 975 4876 homines
1005 4818 1170 4873 Deum
1204 4833 1312 4871 non
1346 4831 1472 4872 esse
1504 4825 1552 4870 et
1586 4816 1684 4870 hu-

141 4922 345 4980 manum,
374 4929 553 4986 neque
582 4927 641 4967 se
670 4912 911 4982 indigere
941 4909 1249 4964 miserentis
1278 4917 1373 4962 aut
1398 4906 1679 4973 salvantis,

142 5011 240 5051 eum
274 5004 582 5058 sacerdotes
622 5002 964 5056 ordinatione
1006 4999 1153 5071 digni
1188 4998 1505 5069 benignitati
1547 4996 1681 5053 olle-

141 5097 241 5143 runt
280 5091 607 5162 ignorantias
653 5091 867 5161 populi,
908 5090 1047 5145 bene
1079 5088 1435 5160 intelligentes
1461 5088 1585 5158 quia
1627 5096 1683 5144 et

143 5174 219 5244 ipsi
246 5186 513 5255 subiacent
534 5183 857 5239 infirmitati.
881 5200 899 5234 ι
932 5182 999 5236 Ει
1018 5180 1178 5253 paulo
1206 5188 1365 5249 post:
1396 5202 1411 5226 ι
1435 5178 1685 5249 Increpat

142 5278 289 5326 autem
329 5287 383 5331 et
421 5276 717 5346 discipulos
760 5274 912 5344 (Luc.
950 5290 1037 5337 ix,
1068 5272 1194 5343 55),
1225 5273 1351 5343 quia
1395 5272 1688 5342 impietatis

142 5355 603 5431 immisericorditer
651 5368 872 5438 dignum
929 5372 1120 5436 putant
1183 5363 1430 5432 judicare
1500 5379 1686 5433 perse-

144 5464 334 5519 quentes
358 5476 480 5515 cum
523 5460 845 5515 Samaritas.
882 5458 1028 5512 lstud
1073 5465 1254 5510 autem
1285 5454 1466 5509 decies
1494 5455 1688 5511 millies

141 5538 309 5601 lectum
350 5562 431 5606 est
462 5566 569 5607 non
618 5549 906 5605 temeraria
950 5547 1182 5618 epistola
1225 5556 1410 5602 nostra
1458 5548 1685 5612 dictum,

148 5628 245 5688 Non
285 5640 522 5697 habemus
570 5656 793 5712 namque
843 5639 1178 5710 pontiﬁcem,
1235 5638 1323 5708 qui
1372 5654 1476 5691 non
1522 5640 1685 5709 possit

143 5733 336 5796 campuli
364 5734 752 5803 inﬁrmitatibus
785 5735 975 5789 nostris
1015 5731 1205 5805 (Hebr.
1234 5747 1312 5800 ιν,
1344 5730 1453 5807 ιδ).
1494 5732 1600 5790 Sed
1631 5742 1689 5790 et
1724 5814 1734 5822 .

1793 1900 2056 1956 malorum
2087 1905 2155 1959 ad
2196 1921 2412 1978 semper
2443 1911 2686 1966 existens
2726 1914 2981 1970 saeculum
3030 1917 3381 1978 beatissimus

1791 1989 2100 2059 delegantes
2148 1999 2577 2066 terminationes,
2622 2017 2746 2057 cum
2790 2005 2902 2060 Deo
2948 2021 3184 2079 semper,
3229 2012 3380 2082 quod

1789 2089 1874 2135 est
1916 2083 2179 2140 bonorum
2220 2089 2464 2144 omnium
2495 2093 2831 2161 maximum;
2878 2098 2986 2152 isti‘
3011 2110 3193 2155 autem
3232 2104 3382 2159 decio

1789 2172 1918 2228 dent
1957 2190 1987 2228 a
2015 2176 2196 2232 divina
2224 2178 2383 2234 simul
2412 2192 2467 2236 et
2494 2194 2751 2252 perpetua
2776 2202 2929 2256 pace,
2957 2198 3014 2242 et
3046 2191 3136 2246 hic
3163 2200 3221 2247 et
3257 2204 3382 2262 post

1789 2273 2022 2321 mortem
2053 2268 2215 2323 simul
2259 2286 2382 2326 cum
2427 2274 2742 2334 domesticis
2784 2280 2898 2335 suis
2928 2294 3089 2337 erunt
3114 2285 3378 2342 ἀερωοηί-

1788 2355 1909 2411 bus.
1953 2358 2069 2414 Non
2115 2377 2248 2433 ergo
2288 2373 2503 2434 oportet
2539 2383 2638 2423 nos
2668 2369 2835 2424 multa
2865 2370 3208 2431 festinatione
3251 2389 3377 2431 cum

1789 2444 1901 2502 Deo
1929 2448 2162 2522 benigno
2191 2454 2330 2518 lieri,
2369 2464 2426 2510 et
2452 2471 2575 2513 esse
2611 2474 2735 2514 cum
2769 2460 2998 2518 Domino
3040 2479 3276 2535 semper,
3317 2476 3377 2524 et

1787 2551 2072 2610 segregare
2094 2542 2161 2597 de
2190 2545 2346 2601 malis
2380 2547 2433 2601 in
2457 2547 2900 2617 justiticantibus,
2928 2569 3028 2610 nos
3071 2558 3372 2621 secundum

1789 2628 2103 2699 dignitatem
2148 2649 2212 2688 ex
2232 2637 2401 2700 nobis
2442 2638 2572 2707 ipsis
2615 2642 3021 2698 sustinentes?)
3056 2645 3122 2699 Et
3152 2646 3207 2701 in
3232 2647 3374 2704 libro

1788 2719 1855 2774 de
1899 2720 2278 2797 Ecclesiastieo
2320 2729 2657 2800 principatu,
2695 2748 2818 2803 cap.
2857 2737 3097 2791 secundo
3134 2752 3152 2791 :
3187 2758 3207 2789 ι
3237 2738 3372 2795 Hie-

1789 2816 2013 2871 rarchas
2058 2819 2278 2886 quidem
2332 2836 2471 2878 unus
2524 2823 2787 2895 quisque,
2840 2826 2934 2882 Dei
2984 2830 3376 2890 assimilatione

1786 2920 1976 2962 omnes
2025 2908 2272 2967 homines
2318 2912 2502 2969 volens
2548 2914 2790 2981 salvare,
2831 2926 2888 2971 'et
2932 2919 3002 2973 ad
3041 2921 3373 2990 agnitionem

1786 2997 2033 3053 veritatis
2077 3002 2283 3066 venire,
2316 3005 2570 3072 praedicat
2600 3007 2852 3063 omnibus
2896 3026 3021 3064 vera
3057 3010 3371 3084 Evangelia.

1789 3085 2008 3155 Quanti,
2040 3090 2213 3162 inquit
2238 3096 2403 3159 enim,
2435 3110 2742 3167 acceperunt
2786 3117 2920 3163 sunt,
2951 3101 3094 3156 dedit
3121 3104 3198 3157 eis
3225 3115 3375 3174 pote-

1786 3189 1973 3235 statem
2020 3182 2161 3250 ﬁlios
2209 3184 2305 3238 Dei
2352 3186 2471 3253 ﬁeri
2523 3187 2850 3244 credentibus
2894 3191 2950 3245 in
3003 3195 3212 3248 nomine
3257 3195 3373 3265 ejus
3438 3195 3457 3207 ⁶

1788 3267 1969 3338 (Joan.
1997 3286 2046 3338 ι,
2088 3272 2209 3344 l2).
2252 3274 2309 3329 Si
2365 3277 2486 3345 quis
2535 3277 2691 3348 163
2731 3293 2863 3351 ergo
2904 3281 3135 3337 discedit
3168 3299 3199 3338 a
3238 3301 3374 3342 vero

1785 3356 2021 3424 lumine,
2077 3372 2172 3417 aut
2225 3364 2293 3419 de
2356 3366 2816 3425 intellectualibus
2873 3382 3170 3441 spontaneo
3214 3378 3366 3432 arbi-

1786 3447 1892 3502 trio
1932 3450 2152 3507 malitiae
2198 3455 2492 3523 cupiditate
2533 3458 2862 3516 concludens
2913 3464 3234 3521 naturaliter
3280 3468 3368 3522 in-

1783 3552 2001 3609 spersas
2048 3542 2149 3598 sibi
2197 3545 2562 3603 adilluminari
2611 3550 2841 3606 virtutes
2880 3568 2981 3624 per
3025 3555 3262 3627 seipsum
3308 3572 3372 3615 se

1785 3631 2046 3689 destruet.

1852 3723 2161 3796 Cyprianus
2207 3744 2465 3800 quoque,
2513 3731 2704 3793 doctor
2744 3734 3007 3792 miriﬁcus
3058 3747 3115 3795 et
3161 3748 3376 3814 martyr

1782 3818 2119 3887 magnificus,
2155 3822 2208 3875 in
2238 3822 2378 3880 libro
2428 3825 2494 3880 de
2529 3824 2792 3883 Oratione
2821 3829 3098 3888 Dominica
3130 3851 3146 3888 :
3177 3853 3197 3886 ι
3233 3834 3373 3892 Nam

1781 3921 1903 3961 cum
1949 3910 2199 3979 discipuli
2248 3915 2318 3969 ab
2361 3930 2427 3970 eo
2475 3932 2580 3971 non
2608 3916 2722 3985 jam
2760 3923 2961 3976 terreni
3007 3925 3369 3995 appellentur,

1782 3999 1875 4052 sed
1916 4000 1994 4054 sal
2028 4008 2185 4056 terra:
2212 4003 2428 4072 (Matth.
2467 4023 2556 4070 xv,
2589 4010 2702 4079 l5),
2729 4019 2783 4064 et
2810 4012 3099 4082 Apostolus
3129 4019 3365 4086 primum

1780 4090 2053 4148 hominem
2076 4105 2228 4150 vocet
2252 4097 2318 4151 de
2336 4106 2494 4153 terra:
2514 4099 2666 4165 limo,
2683 4106 2977 4160 secundqu
2993 4124 3123 4164 vero
3145 4112 3369 4177 decutio

1782 4179 1834 4248 (I
1883 4181 2005 4236 Cor.
2047 4199 2140 4250 xv,
2181 4184 2309 4257 47);
2360 4195 2415 4241 et
2455 4204 2575 4255 nos,
2619 4191 2710 4259 qui
2753 4207 2875 4249 esse
2918 4197 3177 4255 debemus
3224 4201 3373 4259 Patri

1781 4276 1894 4331 Deo
1922 4278 2153 4345 similes,
2177 4280 2267 4348 qui
2297 4280 2464 4336 solem
2497 4299 2650 4338 suum
2685 4286 2817 4353 oriri
2853 4286 2983 4344 facit
3012 4305 3174 4361 super
3201 4294 3375 4352 bonos

1779 4375 1834 4421 et
1862 4368 2050 4433 malos,
2078 4380 2134 4423 et
2164 4372 2303 4441 pluit
2327 4387 2488 4442 super
2506 4373 2680 4441 justos
2700 4387 2752 4431 et
2779 4377 3029 4447 injustos,
3054 4382 3134 4438 sic
3154 4383 3373 4443 Christo

1783 4468 2057 4521 monente,
2085 4475 2303 4517 oramus
2334 4472 2387 4518 et
2408 4466 2666 4534 petimus,
2694 4477 2753 4522 ut
2773 4485 2987 4539 precem
3013 4488 3112 4543 pro
3127 4476 3373 4535 omnium

1786 4549 1959 4604 salute
2008 4549 2317 4609 faciamus:
2350 4565 2412 4610 ut
2456 4560 2728 4628 quomodo
2777 4562 2830 4616 in
2872 4564 3041 4629 cmlo,
3094 4567 3147 4622 id
3186 4579 3271 4625 est
3314 4571 3374 4629 in

1785 4639 1964 4704 nobis,
1995 4657 2088 4711 per
2119 4642 2278 4699 fidem
2323 4654 2565 4702 nostram
2607 4649 2853 4706 voluntas
2885 4651 2979 4709 Dei
3006 4654 3147 4713 facta
3178 4667 3285 4726 est,
3312 4669 3377 4719 ut

1785 4743 2028 4785 essemus
2056 4746 2086 4785 e
2112 4733 2282 4796 cmlo;
2316 4734 2387 4789 ita
2419 4745 2473 4790 et
2513 4738 2567 4792 in
2598 4747 2763 4806 terra,
2798 4743 2902 4800 hoe
2929 4754 3014 4801 est
3043 4747 3095 4802 in
3124 4748 3229 4805 illis
3253 4767 3374 4808 cre—

1787 4820 2055 4887 dentibus,
2086 4822 2181 4877 liat
2204 4825 2455 4882 voluntas
2481 4829 2595 4893 Dei,
2626 4833 2800 4902 utqui
2824 4835 3002 4892 adhuc
3031 4848 3157 4893 sunt
3194 4843 3369 4911 prima

1786 4911 2070 4968 nativitate
2098 4916 2319 4981 terreni,
2352 4918 2616 4989 incipiant
2656 4937 2777 4978 esse
2805 4925 3087 4993 caelestes,
3117 4944 3183 4985 ex
3228 4946 3370 5001 aqua
3428 4940 3431 4945 '

1787 5011 1843 5059 et
1886 5005 2080 5074 spiritu
2113 5008 2245 5062 nati.
2280 5028 2299 5060 ι
2335 5009 2402 5065 Ει
2445 5011 2575 5068 item
2607 5031 2619 5068 :
2660 5033 2679 5065 ι
2713 5015 2906 5074 Petrus
2955 5020 3083 5074 hora
3132 5032 3281 5076 sexta
3314 5025 3373 5080 in

1790 5101 1991 5149 tectum
2035 5100 2286 5166 superius
2316 5105 2615 5158 ascendens
2653 5104 2789 5173 (Act.
2834 5124 2909 5169 ix,
2942 5110 3050 5180 l0),
3085 5111 3240 5181 signo
3269 5128 3368 5181 pa-

1787 5185 1921 5241 riter
1946 5194 2001 5241 et
2029 5203 2161 5244 voce
2203 5189 2298 5245 Dei
2327 5203 2601 5257 monente,
2636 5195 2933 5253 instructus
2972 5210 3054 5253 est
3095 5210 3154 5253 ut
3181 5217 3372 5258 omnes

1789 5276 1855 5332 ad
1882 5277 2112 5348 gratiam
2154 5280 2345 5336 salutis
2387 5285 2715 5352 admitteret,
2766 5304 2890 5342 cum
2934 5288 3001 5342 de
3048 5292 3372 5350 niuinlandis

1789 5366 2079 5437 gentilibus
2108 5381 2234 5425 ante
2260 5370 2548 5428 dubitaret.
2584 5393 2605 5427 ι
2640 5375 2708 5430 Et
2753 5376 2806 5430 in
2849 5378 3074 5447 epistola
3106 5381 3172 5434 ad
3200 5382 3373 5438 Anto-

1740 5504 1741 5507 η
1789 5459 2012 5513 nianum
2042 5477 2056 5516 :
2085 5478 2103 5512 ι
2145 5460 2360 5532 Utique,
2389 5464 2582 5533 inquit,
2610 5466 2678 5519 ad
2705 5468 3080 5535 paenitentiam
3111 5469 3373 5530 Dominus

1790 5565 1896 5605 non
1925 5551 2258 5620 hortaretur,
2284 5554 2386 5610 nisi
2416 5555 2540 5624 quia
2566 5557 2954 5626 pmuitentibus
2982 5559 3371 5632 indulgentiam

1786 5645 2093 5715 pollicetur.
2123 5644 2257 5700 Nam
2281 5662 2403 5701 cum
2437 5648 2697 5717 scriptum
2727 5649 2833 5704 sit:
2862 5649 3118 5707 Dominus
3152 5664 3371 5708 mortem

1788 5753 1892 5791 non
1915 5736 2058 5806 fecit,
2089 5753 2179 5792 uec
2204 5737 2414 5794 (tutatur
2439 5738 2492 5792 in
2530 5738 2814 5809 perditione
2858 5742 3088 5819 virorum
3133 5743 3288 5816 (Sep.
3325 5759 3368 5809 ι,
