3992 6336
614 317 719 377 227

1582 311 1917 368 HINCHARI
1952 310 2347 370 RIIEMENSIS
2382 314 2919 373 ARCHIEPISCOPI.

3778 322 3908 380 328

618 438 731 509 15).
765 437 951 506 utique
996 435 1088 505 qui
1122 433 1388 488 neminem
1435 429 1550 486 vult
1588 431 1788 501 perire,
1819 431 1968 501 cupit
1998 445 2197 501 pecca-
2222 435 2269 493 Α
2302 431 2553 503 Legimus
2592 434 2852 503 scriptum
2881 432 2935 489 in
2963 431 3200 489 let-emta
3234 450 3250 488 :
3282 433 3596 491 Haledictns
3622 439 3711 509 qui
3749 440 3907 509 facit

615 540 765 589 tores
791 525 1161 597 pmnitentiam
1194 538 1375 593 agere,
1406 530 1462 576 et
1490 537 1584 591 per
1610 521 1984 592 paenitentiam
2020 521 2199 576 denuo

617 619 687 673 ad
713 619 876 670 vitam
911 615 1105 671 redire.
1142 634 1160 668 ι
1191 614 1322 668 Item
1352 614 1405 667 in
1438 613 1664 681 epistola
1695 614 1956 667 adversus
1983 610 2199 666 Judtcos

611 709 696 772 ita
739 708 875 769 dicit
920 724 933 761 :
974 725 993 758 ι
1049 706 1338 771 Surrexit,
1390 704 1684 775 inquiens,
1739 704 1996 759 Dominus
2036 703 2195 759 tertio

613 806 724 870 die,
754 798 971 875 aperuit
997 804 1381 859 lesLamentum
1429 811 1661 860 novum,
1704 806 1868 866 atque
1899 796 1971 849 ita
2012 795 2194 853 dixit:

613 898 828 962 Venite,
856 903 1058 951 exterae
1082 903 1271 965 gentes
1301 890 1551 948 hteredes
1572 889 1894 957 mei,lsrael
1918 890 2063 946 enim
2088 904 2197 945 non

613 986 913 1045 obaudivit.
965 984 1306 1053 Quapropter
1354 983 1456 1046 ite,
1500 981 1793 1051 discipuli,
1843 981 1898 1035 in
1950 979 2195 1035 ultimam

608 1093 784 1151 usque
812 1085 1016 1132 terram
1043 1114 1060 1141 ,
1090 1084 1146 1129 et
1175 1074 1466 1143 praedicate
1495 1090 1592 1143 per
1625 1074 1814 1129 orbem
1851 1072 1937 1127 his
1969 1072 2151 1126 verbis
2175 1088 2191 1127 :

608 1170 806 1226 Venite
851 1165 1091 1235 undique
1142 1164 1332 1233 patriae
1374 1166 1613 1235 gentium
1639 1202 1655 1229 ,
1707 1164 1781 1218 ite
1827 1163 1881 1217 in
1933 1172 2194 1217 aeternam

609 1259 1009 1323 haireditatem,
1039 1254 1206 1310 Israel
1236 1255 1379 1309 enim
1408 1255 1605 1310 noluit.
1637 1254 1750 1311 Nec
1779 1254 1991 1310 dubitet
2028 1254 2189 1323 quis:

610 1348 756 1417 nulla
785 1348 875 1403 hic
899 1346 1151 1416 exceptio
1184 1356 1290 1410 est,
1321 1361 1422 1403 nec
1453 1346 1781 1417 ingenuitas,
1814 1360 1913 1400 nec
1938 1344 2191 1414 dignitas,

609 1456 712 1499 nec
756 1438 1117 1503 conditionis,
1169 1453 1273 1492 nec
1316 1438 1639 1508 positionis,
1689 1452 1790 1492 nec
1823 1435 2046 1501 formae,
2095 1449 2195 1491 nec

607 1534 808 1591 aetatis.
837 1533 990 1588 Licet
1014 1531 1280 1603 dignitate
1323 1531 1627 1601 magnifici,
1657 1531 1783 1587 licet
1806 1529 2033 1595 nobiles,
2066 1529 2195 1584 licet

612 1639 793 1689 senes,
826 1623 953 1679 licet
975 1621 1227 1693 juvenes,
1256 1638 1545 1692 pauperes,
1579 1623 1800 1688 divites,
1843 1621 1990 1685 boni,
2037 1619 2192 1674 mali-

608 1731 749 1787 que,
797 1715 1003 1771 domini
1049 1722 1214 1783 atque
1266 1716 1443 1778 servi,
1496 1714 1866 1771 indiderenter
1909 1713 2192 1784 aequaliter

2297 541 2457 593 opera
2505 523 2600 578 Dei
2648 524 2964 596 negligenter
2990 526 3125 597 (.ler.
3159 542 3348 593 XLVIII,
3400 528 3512 598 i0).
3552 528 3817 602 Legimus
3841 542 3908 587 et

2297 616 2353 671 in
2386 617 2696 689 Evangeliis
2719 620 2980 690 scriptum
3009 638 3023 674 :
3059 620 3216 675 Omni
3241 623 3379 675 enim
3406 622 3616 676 habenti
3643 625 3904 689 dabitur,

2296 719 2346 763 et
2390 710 2677 764 abundabit
2710 725 2729 763 :
2757 720 2808 766 et
2835 712 2925 782 qui
2971 728 3075 767 non
3116 712 3301 777 habet,
3347 713 3506 765 etiam
3551 713 3690 784 quod
3722 714 3904 768 habet

2297 803 2570 873 auferetur
2594 805 2659 858 ab
2683 821 2745 859 eo
2774 804 2990 871 (Matth.
3016 820 3144 871 xxv,
3168 804 3283 876 29).
3313 805 3454 875 Ergo
3478 805 3686 860 habens
3707 808 3908 860 abun-

2295 896 2468 952 dabit.
2490 897 2760 968 Propheta
2785 912 2892 954 non
2921 907 3008 953 est
3028 898 3297 955 obnoxius
3322 898 3722 954 maledictionis
3750 913 3907 953 con-

2294 989 2513 1055 ditioni,
2548 991 2674 1060 quia
2720 1005 2830 1044 non
2875 990 3212 1061 negligenter
3236 1004 3401 1060 opera
3440 989 3535 1043 Dei
3564 990 3708 1061 egit,
3756 1003 3904 1044 eum

2296 1090 2415 1137 toto
2437 1084 2605 1138 corde
2650 1082 2988 1152 perquirens.
3036 1082 3242 1137 Deinde
3282 1079 3618 1136 conﬁdenter
3643 1082 3792 1151 petit
3826 1096 3906 1135 ne

2295 1189 2327 1227 a
2354 1174 2621 1228 mandatis
2651 1174 2744 1228 Dei
2778 1173 3086 1242 repellatur,
3115 1173 3242 1241 quia
3266 1188 3390 1226 eum
3422 1180 3536 1226 toto
3563 1172 3740 1227 corde
3762 1186 3907 1241 per-

2295 1263 2497 1332 quirat.
2526 1261 2835 1318 Secundum
2862 1261 3155 1333 Evangelia
3181 1261 3325 1316 enim
3371 1261 3590 1315 habenti
3632 1260 3898 1327 dabitur,

2294 1362 2351 1410 et
2378 1355 2431 1409 ei
2455 1355 2548 1425 qui
2578 1371 2687 1410 non
2715 1354 2882 1410 habet
2927 1355 3095 1409 etiam
3133 1355 3186 1408 id
3223 1353 3368 1424 quod
3401 1352 3567 1407 habet
3604 1350 3899 1408 aufertur.

2294 1446 2443 1501 Deus
2463 1448 2639 1517 igitur
2668 1462 2776 1501 non
2801 1445 2982 1502 aufert
3008 1446 3115 1502 nisi
3142 1462 3253 1501 non
3295 1445 3513 1502 babenti
3534 1485 3552 1510 ,
3578 1445 3902 1500 secundum

2294 1539 2438 1607 quod
2470 1554 2657 1608 neque
2673 1537 2886 1608 repellit
2924 1538 3031 1593 nisi
3072 1538 3457 1609 negligentem.
3501 1537 3657 1593 Adeo
3694 1546 3901 1592 autem

2294 1628 2537 1683 bonitate
2560 1629 2751 1699 plenus
2777 1635 2884 1695 est,
2912 1627 3287 1683 utbabentent
3327 1626 3661 1682 abundantia
3691 1641 3903 1682 mune-

2297 1728 2486 1774 retur:
2525 1720 2661 1775 adee
2690 1734 2821 1774 vero
2860 1735 2969 1775 non
3005 1719 3121 1774 vult
3160 1733 3486 1789 quemquam
3513 1733 3623 1773 non
3654 1718 3896 1784 habere,

603 1806 822 1865 introite
862 1806 918 1860 in
957 1805 1352 1862 haireditatem.
1396 1806 1511 1860 Etsi
1555 1806 1746 1861 debilis
1788 1814 1977 1875 captus
2003 1820 2096 1867 es,
2130 1810 2188 1857 et
2217 1792 2267 1851 Β
2295 1819 2355 1865 ut
2377 1827 2482 1866 non
2523 1811 2742 1865 habenti
2775 1812 2949 1880 ipsum
2976 1812 3119 1881 quod
3147 1811 3309 1866 habet
3339 1810 3562 1863 adimat.
3590 1807 3899 1863 Neminem

602 1911 830 1967 corpore
871 1895 1147 1957 deformis,
1177 1896 1280 1950 etsi
1327 1897 1536 1952 macula
1574 1897 1765 1966 turpis,
1794 1903 1849 1951 et
1874 1896 2051 1965 capite
2090 1895 2186 1950 de-

604 1989 810 2054 fectus,
858 1990 963 2045 etsi
1009 1988 1184 2045 oculis
1225 1988 1509 2052 viduatus,
1549 1990 1821 2044 universis
1859 1988 2026 2044 libere
2060 1988 2187 2043 licet

602 2083 949 2138 discumbere
974 2083 1029 2136 in
1057 2081 1310 2137 convivio
1337 2121 1353 2146 ,
1382 2088 1441 2135 et
1465 2081 1672 2150 epulari
1719 2082 1934 2149 nuptias
1964 2080 2183 2150 Sponsi.

603 2172 885 2230 Neminem
922 2174 1140 2243 pudeat,
1172 2187 1273 2227 nec
1314 2171 1524 2236 aetatis,
1552 2186 1654 2225 nec
1683 2171 2033 2235 humilitatis,
2082 2186 2185 2226 nec

601 2264 950 2328 valetudinis,
982 2279 1086 2319 nec
1112 2262 1456 2318 conditionis.
1488 2261 1780 2317 Consuevit
1822 2263 1967 2317 enim
2006 2263 2188 2316 Domi-

600 2371 707 2413 nus
743 2353 1061 2427 huiusmodi
1097 2356 1348 2411 homines
1392 2354 1663 2411 sustinere
1695 2372 1708 2408 :
1744 2370 1870 2409 nam
1924 2363 1980 2410 et
2028 2358 2189 2411 caecis

601 2447 790 2503 oculos
822 2447 1079 2510 restituit,
1110 2456 1167 2501 et
1192 2446 1416 2500 claudos
1441 2445 1719 2501 ambulare
1767 2445 1914 2509 fecit,
1942 2454 1999 2499 et
2023 2446 2187 2501 mutis

599 2557 913 2599 sermonem
939 2543 1194 2607 reddidit,
1218 2551 1273 2596 et
1304 2540 1608 2596 maculosos
1630 2540 1930 2604 mundavit,
1962 2548 2019 2593 et
2043 2554 2185 2595 mor—

596 2642 720 2689 tuos
746 2634 1051 2689 suscitavit.
1082 2632 1195 2687 Nec
1240 2633 1427 2687 timete
1469 2633 1560 2701 qui
1591 2632 1851 2702 peccatis,
1881 2631 2092 2700 priores
2117 2629 2186 2684 ad

596 2724 764 2778 vitam
786 2724 998 2789 venite;
1029 2738 1127 2779 nec
1147 2724 1237 2792 qui
1264 2723 1617 2778 homicidium
1641 2722 1834 2791 fecerit
1851 2722 2187 2793 paveatquia

594 2813 828 2877 fecerat,
859 2830 959 2870 nec
981 2815 1190 2869 furatus
1215 2814 1389 2867 aliena
1407 2816 1655 2883 desperet
1672 2814 1798 2883 quia
1826 2812 2183 2877 involaverat,

594 2923 697 2963 nec
732 2909 1052 2978 publicanus
1089 2909 1278 2963 tiineat
1310 2910 1435 2977 quia
1475 2917 1825 2964 concusserat
1871 2926 1884 2961 :
1931 2907 2185 2963 omnibus

598 3000 742 3054 enim
770 3000 1019 3054 remissio
1042 3009 1387 3070 peccatorum
1411 3009 1609 3054 statuta
1636 3009 1737 3055 est.
1763 3019 1782 3051 ο
1809 2999 1876 3053 Ει
1898 3007 2022 3068 post
2047 3014 2179 3067 pau-

596 3107 658 3147 ca
694 3108 709 3144 :
746 3109 765 3142 t
801 3090 1062 3145 Dominus
1085 3106 1180 3145 eos
1207 3091 1415 3160 placide
1447 3091 1821 3161 alloquebatur
1842 3090 1927 3145 his
1948 3089 2127 3144 verbis
2153 3105 2168 3143 :

530 3182 537 3187 ’
607 3181 786 3238 Venite
813 3183 883 3237 ad
910 3199 1012 3248 me,
1046 3198 1221 3237 omnes
1260 3181 1350 3250 qui
1396 3184 1491 3235 sub
1522 3197 1680 3235 onere
1706 3181 1982 3246 laboratis,
2008 3189 2058 3236 et
2085 3197 2178 3251 ego

593 3291 680 3329 eos
726 3274 982 3343 reﬁciam.
1037 3272 1133 3327 Est
1175 3274 1312 3327 enim
1352 3272 1546 3342 jttgum
1595 3288 1766 3325 meum
1798 3272 2100 3341 placidum.
2129 3281 2179 3326 et

591 3380 723 3418 onus
768 3363 1081 3417 leuissimum
1123 3361 1354 3432 (Matth.
1389 3377 1465 3424 xl,
1495 3361 1625 3429 9:8).
1662 3359 1823 3433 165
1854 3361 1920 3415 Et
1955 3375 2178 3433 respon-

590 3454 826 3509 derunt:
859 3453 975 3507 Non
1026 3453 1331 3507 audiemus.
1370 3451 1476 3507 Sed
1506 3463 1692 3520 gentes
1720 3453 2081 3508 exaudierunt
2121 3462 2179 3509 et

591 3545 939 3599 crediderunt
972 3545 1141 3598 verbo
1170 3541 1420 3596 salutari.
1456 3560 1475 3593 ι
1501 3542 1567 3596 Ει
1593 3551 1714 3611 post
1737 3558 1907 3614 pauca
1939 3562 1952 3598 :
1982 3563 2000 3596 ι
2035 3544 2177 3599 Vivit

589 3653 748 3706 quem
780 3635 1118 3700 interfecisti,
1153 3636 1317 3704 impia
1353 3635 1689 3690 Hierusalem
1710 3677 1724 3701 ,
1753 3645 1809 3691 ct
1854 3645 2034 3691 tamen
2065 3650 2189 3691 non

590 3736 758 3781 totam
801 3742 953 3797 spem
983 3726 1271 3796 denegavit
1296 3723 1576 3780 Dominus.
1608 3726 1765 3783 Dedit
1787 3726 1933 3781 enim
1962 3726 2175 3781 veniam

588 3818 944 3890 ptenitentiae,
990 3817 1036 3873 si
1082 3816 1467 3887 quoquomodo
1512 3818 1688 3887 possis
1725 3819 2012 3888 ptenitere.
2043 3801 2175 3886 Quis

588 3919 701 3965 tam
749 3909 957 3965 bonus?
1000 3909 1125 3979 quis
1171 3918 1280 3962 tam
1334 3908 1489 3978 pius?
1515 3909 1637 3978 quis
1677 3917 1782 3962 tam
1831 3909 2175 3964 misericors?

587 3999 806 4070 Accipe,
835 3999 1032 4070 inquit,
1077 3998 1328 4063 salutem,
1374 3997 1500 4054 licet
1547 4014 1634 4053 tne
1662 3998 1957 4064 occideris;
2000 3999 2175 4054 haeres

587 4101 707 4148 esto
741 4108 864 4147 cum
903 4092 1128 4163 virgine.
1170 4090 1325 4146 Licet
1369 4106 1477 4146 non
1513 4091 1814 4158 merearis,
1867 4092 2089 4162 ignosco
2126 4092 2169 4147 si

585 4184 841 4257 ptenites.
880 4202 899 4236 ι

659 4275 860 4332 Beatus
908 4275 1147 4331 llilarius
1194 4275 1384 4331 doctor
1426 4274 1764 4340 catholicus,
1815 4290 1908 4345 qm
1951 4287 2175 4347 propter

583 4367 933 4424 excellentem
965 4364 1267 4419 doctrinam
1311 4364 1681 4419 Romanorum
1715 4366 1907 4421 lucifer
1933 4368 2173 4437 appella-

2295 1901 2462 1973 igitur
2486 1902 2591 1956 nisi
2621 1902 2957 1957 obuitentem
2999 1902 3228 1973 repellit,
3262 1901 3534 1956 nemiuem
3568 1900 3677 1955 nisi
3704 1899 3895 1971 negli-

2291 2003 2505 2065 gentem
2529 1994 2722 2064 rejicit.
2752 1992 2906 2048 Hanc
2929 1993 3070 2048 enim
3095 1993 3354 2063 propheta
3380 1991 3603 2062 protulit
3631 2006 3895 2055 causam,

2291 2104 2391 2142 cur
2421 2103 2480 2143 se
2519 2102 2626 2142 non
2659 2087 2845 2157 repelli
2873 2102 2903 2140 a
2945 2087 3216 2141 mandatis
3254 2085 3348 2140 Dei
3378 2093 3722 2154 precaretur,
3759 2084 3892 2154 quia

2291 2194 2398 2233 non
2443 2194 2508 2233 ex
2541 2188 2711 2249 parte,
2745 2193 2920 2248 neque
2954 2192 3054 2248 per
3095 2178 3359 2233 desidiam
3401 2177 3692 2233 Dominum
3723 2217 3741 2242 ,
3794 2178 3893 2232 sed

2293 2281 2405 2326 toto
2436 2274 2599 2326 corde
2623 2271 2928 2341 quzesisset.
2977 2269 3083 2323 Per
3112 2272 3258 2340 quod
3300 2268 3649 2341 intelligimus
3681 2283 3821 2323 eum
3860 2284 3893 2322 a

2291 2361 2563 2416 mandatis
2592 2360 2809 2430 repelli,
2857 2359 2949 2430 qui
2996 2374 3096 2430 per
3126 2360 3351 2414 multam
3396 2358 3665 2414 incuriam
3717 2358 3893 2414 fuerit

2290 2452 2547 2523 indignus
2575 2452 2820 2516 admitti;
2868 2460 2924 2505 et
2954 2459 3111 2505 extra
3147 2450 3442 2506 inhibentis
3487 2449 3757 2505 invidiam
3806 2459 3892 2503 est

2289 2545 2434 2616 quod
2465 2544 2534 2600 de
2556 2542 2713 2613 culpa
2744 2541 3108 2613 proﬁciscitur
3136 2557 3243 2596 non
3278 2542 3557 2597 merentis.
3598 2562 3618 2593 ι
3650 2541 3725 2596 Ει
3751 2542 3889 2596 item

2293 2635 2433 2689 idem
2471 2634 2525 2688 in
2563 2634 2752 2690 eodem
2781 2633 2989 2704 psalmo
3008 2635 3106 2704 §(in
3146 2633 3293 2696 hetlt,
3348 2631 3484 2703 psal.
3516 2648 3711 2696 cxvm,
3744 2632 3840 2701 tit)
3869 2647 3887 2686 :

2297 2745 2317 2778 ι
2357 2724 2723 2781 Misericordia
2756 2735 2870 2790 tua,
2897 2724 3150 2789 Domine,
3181 2722 3335 2794 plena
3361 2733 3438 2778 est
3485 2734 3649 2778 terra.
3679 2724 3884 2789 Terra,

2287 2816 2502 2887 inquit,
2549 2816 2926 2875 misericordia
2956 2816 3052 2871 Dei
3087 2815 3245 2886 plena
3288 2825 3405 2884 est,
3436 2832 3559 2887 quae
3605 2818 3886 2872 contami-

2286 2918 2443 2973 nata,
2495 2923 2618 2978 qua:
2645 2916 2898 2977 corrupta
2918 2947 2934 2973 ,
2967 2922 3088 2976 quae
3131 2906 3465 2977 irreligiosa,
3509 2922 3635 2976 qua:
3669 2906 3843 2961 infida
3865 2945 3882 2969 ,

2284 3015 2403 3070 quae
2433 3000 2641 3070 perdita
2664 3007 2766 3055 est.
2797 2999 2865 3053 Et
2904 2998 2950 3053 si
2985 2999 3108 3067 quis
3136 2998 3279 3053 forte
3316 2998 3543 3053 audebit
3568 2998 3737 3068 impio
3776 3012 3884 3054 ore

2286 3092 2601 3161 prophetam
2617 3091 2882 3146 mendacii
2897 3106 3143 3163 arguere,
3166 3101 3424 3161 tanquam
3442 3108 3547 3145 non
3574 3092 3627 3145 in
3650 3107 3879 3146 omnem

2289 3191 2486 3235 terram
2511 3179 2604 3235 Dei
2627 3179 3056 3236 misericordiam
3077 3189 3231 3251 putet
3257 3195 3379 3236 esse
3398 3180 3668 3244 dill‘usam,
3696 3179 3880 3235 Deum

2283 3271 2338 3329 in
2367 3273 2676 3345 Evangeliis
2713 3272 2919 3328 recolat
2951 3273 3156 3328 dixisse
3183 3290 3197 3327 :
3235 3273 3416 3328 Estote
3443 3273 3565 3328 boni
3595 3274 3734 3327 sicut
3760 3269 3881 3325 Pa-

2280 3373 2359 3419 ter
2391 3374 2575 3431 vester,
2601 3365 2693 3435 qui
2726 3362 2888 3418 solem
2923 3380 3076 3417 suum
3102 3364 3233 3417 oriri
3276 3363 3404 3432 facit
3431 3380 3589 3433 super
3633 3365 3795 3416 bonos
3823 3372 3878 3415 et

2277 3454 2464 3515 malos,
2494 3464 2544 3508 et
2569 3454 2702 3524 pluit
2725 3470 2882 3525 super
2898 3454 3075 3524 justas
3097 3463 3145 3507 et
3167 3454 3392 3523 injustas
3423 3452 3642 3525 (Matth.
3670 3468 3729 3517 v,
3751 3452 3872 3521 45).

2281 3544 2438 3616 165
2464 3545 2683 3599 Patiens
2712 3545 2854 3603 enim
2885 3554 2941 3599 et
2968 3545 3280 3599 misericors
3306 3544 3471 3609 Deus,
3502 3544 3630 3598 dum
3662 3542 3876 3598 mavult

2274 3636 2649 3707 ptenitentiam
2699 3644 3041 3709 peccatorum
3077 3651 3239 3706 quam
3276 3645 3506 3691 mortem
3534 3676 3549 3700 ,
3591 3636 3738 3689 dona
3769 3650 3872 3690 sua

2278 3736 2387 3781 tam
2420 3725 2585 3796 justis
2611 3742 2773 3797 quam
2802 3727 3016 3797 injustis
3050 3725 3296 3798 largitur,
3320 3726 3615 3795 unicuique
3641 3740 3742 3796 per
3771 3741 3872 3795 pa-

2276 3817 2523 3872 tientiam
2550 3816 2722 3886 longa:
2748 3817 3169 3886 aequanimitatis
3195 3816 3493 3886 paenitendi
3524 3825 3741 3887 tempus
3766 3817 3873 3872 im-

2274 3909 2534 3979 pertiens.
2562 3928 2581 3960 ι
2607 3908 2673 3963 Et
2700 3908 2827 3963 item
2851 3907 2991 3963 idem
3014 3907 3090 3978 (in
3115 3907 3309 3974 lamed,
3342 3906 3478 3978 psal.
3507 3923 3700 3971 cxvtu,
3723 3909 3820 3980 89)
3848 3927 3865 3963 :

2285 4022 2303 4053 ί
2337 4001 2403 4056 In
2423 4010 2698 4066 (uernum,
2716 3998 2957 4064 Domine,
2974 4009 3238 4070 permanet
3255 4000 3690 4054 verbumtuumin
3715 3999 3867 4055 creto.

2275 4095 2333 4150 lu
2363 4095 2447 4150 his
2477 4096 2621 4149 enim
2651 4102 2905 4162 tanquam
2934 4094 2987 4146 in
3017 4092 3156 4148 cmlo
3180 4092 3403 4147 verbum
3437 4091 3529 4145 Dei
3555 4102 3867 4161 permanet,

2276 4188 2330 4243 in
2359 4187 2556 4256 quibus
2584 4186 2687 4241 hoc
2713 4185 2937 4240 verbum
2978 4200 3083 4239 non
3114 4183 3405 4240 oﬂenditur
3430 4184 3511 4238 ira
3532 4224 3546 4247 ,
3575 4182 3864 4247 ebrietate,

2275 4280 2420 4345 odio,
2446 4278 2784 4342 inﬁdelitate,
2812 4275 3068 4331 lasciviis.
3098 4274 3234 4330 Nam
3263 4283 3318 4329 et
3344 4275 3391 4329 si
3423 4274 3717 4343 aliquando
3746 4291 3866 4339 ma-

2275 4379 2369 4425 net
2412 4370 2467 4424 in
2497 4369 2685 4435 nobis,
2726 4376 2909 4423 tamen
2953 4368 3051 4423 has
3080 4366 3497 4423 cohabitationis
3526 4382 3638 4422 sute
3665 4375 3863 4422 contu-

588 4469 695 4523 tur,
742 4471 1019 4527 exponens
1057 4470 1273 4509 versum
1313 4454 1512 4509 Psalmi
1562 4471 1749 4519 cxvm,
1779 4472 1886 4525 quo
1925 4458 2167 4512 dicitur:
2204 4491 2251 4549 Ι)
2278 4464 2465 4519 melias
2498 4478 2605 4518 non
2652 4462 2797 4529 fert,
2844 4470 2907 4516 ut
2950 4475 3166 4531 semper
3207 4460 3385 4516 inesse
3416 4469 3754 4530 permaneat.
3804 4458 3864 4515 Si

586 4551 654 4601 In
680 4556 786 4600 toto
816 4547 970 4599 corde
992 4558 1106 4597 meo
1132 4543 1385 4613 exquisivi
1412 4553 1484 4606 te,
1513 4560 1577 4597 ne
1609 4544 1827 4614 repellas
1853 4562 1933 4598 me
1966 4563 1998 4598 a
2023 4563 2173 4600 mun-

585 4642 725 4695 datis
779 4637 881 4691 tuis
936 4635 1025 4707 (in
1071 4636 1220 4700 betlt,
1266 4635 1401 4705 psal.
1460 4651 1660 4702 cxvnt,
1694 4637 1828 4707 10),
1882 4638 1955 4691 ita
2001 4638 2167 4692 dicit:

590 4746 610 4780 α
643 4728 961 4798 Competere
986 4726 1213 4782 bonitati
1240 4727 1336 4783 Dei
1360 4744 1465 4782 non
1499 4728 1736 4792 videtur,
1763 4737 1875 4782 uta
1902 4730 2172 4786 mandatis

583 4824 697 4879 suis
725 4837 1048 4893 quemquam
1078 4822 1335 4892 repellat;
1366 4823 1458 4877 sed
1500 4837 1812 4876 sermonum
1859 4823 2091 4892 adjectio
2117 4831 2172 4878 et

581 4915 759 4971 virtus
785 4916 1097 4978 verborum,
1131 4929 1254 4984 quae
1295 4930 1361 4969 ex
1406 4914 1662 4984 perfectae
1691 4916 2037 4985 ccelcstisque
2072 4919 2167 4973 do-

582 5008 771 5063 ctrinae
820 5009 1029 5063 ratione
1069 5008 1333 5077 disposita
1381 5017 1500 5072 est,
1532 5008 1665 5062 nihil
1711 5009 1972 5075 dubium,
2029 5012 2165 5066 nihil

583 5101 913 5155 contrarium
944 5101 998 5155 in
1029 5115 1091 5155 se
1113 5100 1294 5155 habet.
1322 5099 1424 5167 Qui
1453 5115 1583 5171 ergo
1610 5103 1905 5157 secundum
1935 5105 2166 5173 pr0phe-

583 5204 694 5245 tam
721 5191 926 5246 mavult
943 5204 1289 5261 peccatorum
1318 5194 1696 5262 paenitentiam
1718 5209 1881 5263 quam
1908 5208 2162 5264 mortem,

582 5284 823 5353 nunquid
842 5284 1233 5340 existimandus
1254 5294 1339 5339 est
1360 5300 1390 5339 a
1416 5285 1687 5340 mandatis
1707 5286 1822 5341 suis
1837 5300 2164 5359 quemquam

580 5373 878 5441 repellere?
917 5374 1113 5429 Procul
1154 5376 1225 5431 sit
1256 5377 1401 5432 istud
1447 5377 1783 5433 existimare.
1836 5377 1941 5434 Sed
1987 5396 2163 5452 neque

582 5465 687 5517 huc
713 5480 856 5519 mine
882 5466 1140 5535 propheta
1170 5469 1360 5533 sensit,
1395 5470 1628 5523 maxime
1651 5470 1743 5539 qui
1776 5470 1829 5525 in
1864 5479 1978 5526 toto
2000 5474 2163 5529 corde

582 5555 750 5609 Deum
795 5556 1158 5626 perquisierit.
1209 5559 1315 5615 Sed
1364 5562 1634 5617 absolutio
1680 5560 2056 5618 diﬂicultatum
2109 5566 2162 5620 in

580 5645 669 5703 his
696 5646 826 5716 ipsis
852 5649 1173 5719 requirenda
1195 5660 1300 5718 est,
1330 5665 1397 5705 ex
1426 5653 1623 5721 quibus
1660 5654 1877 5709 videtur
1904 5654 2162 5710 existere.

577 5734 849 5814 Propheta
871 5742 1014 5797 enim
1037 5743 1165 5813 quid
1186 5745 1418 5801 senserit
1448 5746 1499 5799 in
1525 5755 1774 5817 promptu
1801 5754 1884 5803 est
1912 5761 2159 5804 noscere.

2277 4570 2407 4608 vero
2435 4553 2549 4608 htec
2577 4560 3001 4608 commemorata
3023 4551 3153 4605 vitia
3178 4565 3393 4621 semper
3418 4551 3473 4605 in
3502 4549 3658 4605 nobis
3677 4561 3860 4614 erunt,

2274 4661 2376 4699 nec
2416 4644 2642 4699 introire
2679 4643 2900 4713 quidem
2928 4641 3130 4714 polluta
3160 4656 3448 4719 corporum
3476 4640 3753 4696 domicilia
3781 4641 3864 4696 di-

2273 4734 2545 4805 gnabitur.
2600 4733 2768 4789 Adest
2820 4743 2999 4788 autem
3057 4732 3349 4803 unicuique
3402 4732 3749 4803 proximum,
3802 4739 3862 4785 ut

2271 4829 2476 4883 dictum
2517 4835 2622 4882 est.
2666 4825 2788 4882 Stat
2834 4826 2980 4880 enim
3025 4826 3093 4881 ad
3132 4825 3331 4881 ostium
3375 4824 3598 4879 verbum
3648 4823 3773 4889 Dei,
3806 4833 3862 4878 et

2271 4920 2449 4990 pulsat
2471 4920 2668 4975 ostium
2697 4917 2893 4973 anima:
2918 4926 3138 4981 postne,
3167 4925 3223 4971 et
3250 4916 3383 4971 dicit
3409 4933 3421 4969 :
3454 4914 3589 4969 Ecce
3615 4925 3765 4971 stans
3790 4914 3859 4969 ad

2268 5015 2459 5067 ostium
2492 5012 2664 5081 pulso.
2697 5011 2756 5067 Si
2793 5010 2907 5082 quis
2948 5012 3141 5082 aperiet
3178 5011 3307 5063 mihi
3335 5010 3556 5071 ostium,
3588 5008 3862 5078 ingrediar

2270 5104 2338 5158 ad
2382 5120 2498 5159 eum
2538 5104 2723 5175 (Apoc.
2760 5119 2859 5168 ιιι,
2888 5104 3004 5175 20).
3030 5101 3156 5157 Vult
3184 5117 3314 5171 ergo
3348 5116 3561 5171 semper
3606 5100 3856 5163 introire,

2269 5196 2365 5251 sed
2395 5211 2426 5250 a
2454 5196 2610 5251 nobis
2649 5210 2719 5250 ne
2749 5196 2986 5249 introeat
3014 5192 3337 5249 excluditur.
3370 5191 3688 5247 Claudimus
3713 5191 3857 5245 enim

2266 5301 2366 5357 per
2391 5287 2506 5342 inec
2528 5287 2771 5357 corporis
2795 5285 2926 5340 vitia
2953 5285 3147 5339 anima:
3175 5293 3378 5339 nostrae
3403 5283 3629 5337 aditum.
3658 5280 3793 5349 Quae
3812 5282 3856 5335 si

2264 5379 2494 5449 eruperit
2532 5379 2837 5434 emundalis
2872 5378 3124 5433 omnibus
3160 5384 3372 5447 patere,
3406 5374 3652 5431 introibit
3696 5376 3856 5430 modo

2265 5471 2413 5535 solis,
2441 5470 2533 5540 qui
2563 5470 2761 5526 clausis
2791 5470 3042 5525 fenestrae
3071 5469 3238 5523 valvis
3269 5469 3494 5523 introire
3514 5467 3853 5539 prohibetur,

2265 5563 2574 5633 patentibus
2600 5577 2730 5617 vero
2759 5569 2903 5616 totus
2940 5560 3270 5615 immittitur.
3312 5561 3430 5630 Ipse
3463 5559 3683 5630 quidem
3716 5575 3852 5614 sem.

2266 5669 2364 5725 per
2391 5660 2449 5708 ut
2475 5653 2740 5710 illuminet
2765 5660 3046 5722 promptus
3071 5659 3177 5714 est,
3202 5652 3295 5706 sed
3326 5650 3506 5705 lumen
3532 5650 3636 5704 sibi
3665 5650 3856 5704 domus

2266 5745 2383 5819 ipsa
2423 5744 2689 5804 obseratis
2727 5743 2962 5801 aditibus
3008 5741 3266 5802 excludit.
3316 5742 3414 5801 Est
3454 5742 3599 5802 enim
3630 5743 3853 5801 verbum
