3992 6336
178 335 284 391 2-39

945 333 1034 393 DE
1067 333 1730 391 PILEDESTlNATIONE
1768 335 2218 396 DISSERTATIO
2254 339 2662 400 POSTERIOR.

3324 352 3433 409 230

177 450 274 505 Dei
310 447 403 504 Sol
438 446 666 518 iustitia:
691 487 705 511 ,
749 445 1013 503 assistens
1055 448 1346 517 unicuique
1392 456 1450 502 ut
1496 449 1749 515 introeat,
1778 453 1825 513 Α
1855 450 1959 504 culi
1992 451 2241 525 indignus
2279 455 2615 521 habitaculo;
2648 459 2790 528 quod
2822 460 3127 531 signiﬁcare
3172 465 3432 523 Dominus

175 554 277 594 nec
299 546 532 592 moratur
558 536 731 591 lucem
762 552 913 591 suam
945 536 1173 608 repertis
1199 539 1450 593 aditibus.
1478 558 1495 590 ι
1529 539 1593 592 Ει
1616 538 1743 593 item

173 632 290 702 ipse
314 629 365 683 in
385 627 573 683 eodem
596 629 806 698 psalmo
829 629 904 699 (in
937 630 1165 694 samech,
1188 629 1325 700 psul.
1354 646 1548 695 CXVIII,
1576 629 1698 700 115)
1727 648 1741 684 :

169 720 433 775 Declinate
460 736 492 771 a
527 735 638 785 me,
678 719 912 790 maligni.
951 739 969 770 ι
1000 718 1251 775 Nostrum
1284 731 1364 777 est
1389 763 1403 786 ,
1448 722 1659 791 inquit,
1693 730 1748 777 et

169 812 339 866 malos
361 826 543 865 amare
562 819 618 866 et
641 812 831 875 bonos,
856 820 910 865 et
929 812 1100 868 bonos
1119 816 1185 867 ad
1208 814 1502 868 bonitatem
1526 814 1744 880 docere,

170 902 458 957 secundum
490 917 615 956 eum
655 901 745 970 qui
789 902 1068 958 universos
1117 905 1180 958 ad
1222 921 1282 981 se
1310 907 1488 974 potius
1530 906 1741 973 invitat,

168 996 353 1050 dicens
383 1012 396 1048 :
437 993 614 1049 Venite
639 995 709 1048 ad
738 1012 839 1060 me,
870 1013 1045 1051 omnes
1067 999 1157 1068 qui
1182 997 1430 1054 laboratis
1462 1012 1508 1054 et
1544 1003 1748 1055 onerati

164 1089 292 1141 estis
311 1129 327 1153 ,
353 1097 399 1141 et
423 1104 516 1158 ego
542 1105 631 1141 ros
666 1088 895 1155 reﬁciam
919 1088 1134 1160 (Matth.
1165 1107 1247 1151 χι.
1274 1092 1388 1161 28).
1420 1113 1438 1145 ι
1471 1093 1538 1147 Ει
1567 1094 1694 1148 item
1727 1108 1743 1147 :

165 1176 415 1248 Sprevisti
455 1193 632 1232 omnes
680 1179 1000 1234 discedentes
1050 1197 1083 1234 a
1126 1181 1594 1250 justi/icationibus
1642 1186 1744 1239 tuis

166 1270 344 1337 (Psal.
369 1285 559 1335 cxvttt,
587 1271 733 1340 118).
768 1297 784 1325 ι
810 1272 880 1327 Ει
912 1275 1019 1338 Ιιίε,
1052 1274 1247 1343 inquit,
1278 1283 1489 1330 servata
1517 1292 1578 1331 ea
1607 1278 1746 1332 ratio

162 1368 283 1423 est,
313 1369 371 1413 ut
396 1375 499 1414 non
528 1360 733 1415 dictum
761 1362 865 1426 sit,
894 1360 1157 1431 Sprevisti
1192 1378 1379 1419 omnes
1404 1372 1742 1435 peceatores,

161 1453 259 1506 sed
304 1453 547 1521 sprevisti
574 1468 764 1508 omnes
788 1453 1148 1510 discedentes.
1178 1455 1236 1510 Si
1263 1456 1406 1511 enim
1432 1465 1746 1526 peccatores

160 1543 309 1597 Deus
336 1552 648 1612 sperneret,
678 1558 867 1600 omnes
888 1546 1075 1615 utique
1101 1555 1383 1617 sperneret
1407 1586 1422 1611 ,
1453 1546 1581 1615 quia
1628 1546 1745 1602 sine

156 1644 381 1705 peccato
405 1651 561 1689 nemo
584 1635 684 1699 sit;
730 1637 823 1690 scd
853 1639 1061 1706 spernit
1084 1638 1421 1693 discedentes
1446 1653 1474 1691 a
1503 1648 1581 1703 se,
1607 1652 1744 1708 quos

154 1736 429 1797 apostatas
449 1736 667 1780 vocant.
696 1718 881 1797 Νεαυε
912 1727 1136 1783 interest
1162 1744 1228 1781 an
1260 1730 1312 1781 in
1336 1727 1737 1799 justiﬁrationi-

152 1820 252 1874 bus
303 1818 396 1873 Dei
440 1819 564 1888 quis
608 1819 898 1888 aliquando
926 1818 1107 1873 fuerit.
1146 1818 1494 1890 Spernendus
1530 1820 1673 1873 enim
1706 1837 1736 1876 a

153 1912 261 1968 Deo
292 1920 377 1967 est
400 1912 648 1983 quisquis
674 1913 1007 1977 discesserit,
1034 1914 1158 1983 quia
1186 1914 1452 1968 manentis
1482 1914 1735 1968 meritmn

150 2012 438 2059 conservat
477 2005 870 2058 consummatio
908 2004 1278 2074 permanendi.
1315 2003 1503 2057 DilI‘ert
1538 2019 1666 2057 vero
1707 2019 1737 2057 a

150 2104 439 2164 peccatore
468 2095 752 2160 discessio,
779 2100 905 2165 quia
935 2096 1205 2166 peccatori
1242 2096 1398 2150 venia
1435 2110 1532 2165 per
1561 2097 1737 2165 pleni-

152 2186 376 2240 tentiam
402 2193 752 2251 reservatur;
795 2186 1056 2261 discessio
1086 2201 1212 2241 vero
1243 2201 1364 2241 cum
1412 2186 1524 2257 ipsa
1564 2187 1738 2256 βαδιιί-

149 2276 315 2330 tentia
345 2275 680 2331 discessione
713 2291 773 2331 se
809 2278 1063 2337 damnat,
1089 2291 1210 2346 quae
1244 2276 1369 2331 hinc
1393 2276 1587 2341 oritur,
1615 2293 1736 2330 cum

151 2368 401 2423 voluntas
430 2383 621 2422 eorum
649 2369 739 2437 qui
772 2369 1060 2443 discessuri
1103 2377 1226 2423 sunt
1256 2378 1338 2423 est
1382 2368 1587 2438 iniqua.
1619 2388 1637 2419 ι
1670 2369 1737 2422 Ει

157 2463 278 2517 item
325 2461 383 2515 iu
418 2462 613 2516 eodem
652 2461 862 2531 psalmo
912 2461 987 2531 (in
1019 2470 1129 2525 tau,
1159 2460 1293 2531 psal.
1325 2476 1526 2526 cxvm,
1561 2461 1685 2531 174)
1718 2481 1730 2514 :

156 2574 174 2605 ς
205 2552 492 2623 Concupivi
510 2552 745 2607 salutare
777 2562 944 2615 tuum,
964 2552 1202 2616 Domine,
1226 2563 1271 2606 ct
1295 2552 1483 2606 (extua
1514 2553 1738 2606 medita-

153 2645 222 2699 tio
244 2660 362 2697 mea
387 2653 486 2697 est.
514 2642 709 2697 Totum
751 2658 809 2698 se
839 2644 941 2698 iste
973 2644 1023 2697 in
1061 2644 1347 2698 adventum
1377 2643 1524 2709 Jesu,
1567 2644 1619 2698 id
1652 2652 1738 2699 est

154 2736 448 2792 Salvatoris
467 2776 483 2801 ,
514 2735 756 2791 extendit
781 2776 795 2799 ,
833 2742 890 2789 ut
921 2750 1015 2804 per
1041 2736 1359 2790 salvatorem
1388 2751 1546 2789 suum
1572 2746 1731 2789 atter-

154 2844 385 2898 numque
412 2836 689 2898 pastorem
723 2826 776 2881 in
820 2827 959 2882 ccelo
985 2827 1189 2896 angelis
1220 2827 1273 2880 in
1301 2833 1503 2880 acterna
1540 2825 1733 2896 gaudia

150 2921 431 2990 perhibeat
467 2935 526 2976 se
568 2930 864 2989 receptum.
913 2919 1080 2974 Filius
1124 2920 1268 2974 enim
1318 2918 1551 2974 hominis
1589 2919 1736 2973 venit

153 3013 358 3068 salvare
379 3011 523 3082 quod
548 3010 801 3082 perierat,
825 3011 1024 3066 missus
1046 3012 1113 3065 ad
1135 3025 1265 3066 oves
1283 3010 1522 3080 perditas
1543 3011 1735 3065 domus

152 3103 310 3158 lsrael
341 3103 603 3158 Dominus
629 3101 787 3158 Jesus
814 3101 1082 3167 Christus,
1104 3102 1192 3171 qui
1224 3110 1310 3157 est
1332 3101 1650 3157 benedictus
1678 3101 1731 3155 in

154 3194 362 3249 saecula.
389 3193 582 3249 Amen.
617 3212 636 3245 ι
682 3193 814 3249 Item
864 3193 1005 3247 idem
1052 3193 1105 3247 in
1151 3200 1383 3248 tractatu
1430 3191 1627 3248 Psalmi
1656 3207 1732 3257 LI,

156 3286 273 3342 dicit
309 3286 383 3343 de
415 3285 613 3357 populo
653 3284 821 3343 Israel
862 3302 877 3340 :
914 3304 932 3337 ι
960 3283 1197 3355 Moysem
1225 3283 1527 3349 maledixit,
1565 3283 1735 3337 Deum

157 3377 496 3432 abominatus
522 3384 640 3441 est,
670 3375 811 3431 ﬁlios
844 3390 975 3430 suos
1007 3375 1310 3429 daemonum
1344 3373 1538 3429 hostiis
1562 3374 1734 3439 vovit,

154 3469 440 3540 prophetas
464 3468 691 3533 occidit,
721 3468 897 3538 ipsum
924 3481 1138 3536 quoque
1168 3465 1336 3520 Deum
1360 3479 1422 3520 ac
1451 3465 1737 3520 Dominum

157 3574 331 3627 Suum,
366 3561 454 3617 sui
483 3576 648 3617 causa
675 3571 861 3614 natum
892 3559 1188 3623 hominem,
1219 3558 1492 3627 proditum
1520 3557 1735 3626 prmtori

158 3656 205 3709 in
227 3670 449 3711 crucem
473 3653 709 3718 sustulit,
735 3668 802 3708 ac
827 3652 906 3708 sic
928 3661 1043 3706 toto
1061 3653 1186 3706 vitae
1212 3666 1322 3705 sua:
1342 3650 1428 3705 die
1452 3650 1737 3719 iniquitate

160 3744 311 3818 166
339 3744 581 3817 glorians
609 3759 730 3799 cum
778 3751 971 3814 potens
999 3752 1174 3805 esset.
1220 3751 1411 3812 potens
1454 3750 1630 3795 tamen
1681 3740 1735 3793 in

160 3840 355 3894 malitia
393 3836 713 3907 permansit.
746 3855 765 3889 ι
815 3835 947 3890 Item
988 3835 1040 3889 in
1084 3834 1274 3911 eodem
1312 3850 1326 3887 :
1363 3852 1380 3884 ι
1415 3832 1569 3887 Hune
1612 3845 1737 3901 pro-

156 3945 334 3999 pensa:
359 3927 581 3983 malitia:
608 3926 858 3982 aﬁ'ectum
895 3926 1155 3981 Dominus
1194 3925 1247 3979 in
1277 3923 1566 3994 Evangelio
1607 3938 1736 3977 con-

156 4021 390 4085 demnat,
423 4019 608 4075 dicens
645 4037 660 4074 :
702 4017 818 4072 Hoc
858 4027 931 4072 est
972 4029 1147 4072 autem
1182 4015 1443 4088 judicium
1474 4015 1597 4085 quia
1644 4015 1737 4068 lux

156 4113 280 4166 venit
312 4113 369 4166 in
400 4117 540 4166 hunc
570 4111 823 4165 mundum
844 4150 859 4174 ,
886 4118 933 4163 et
972 4106 1265 4163 dilexerunt
1296 4107 1528 4160 homines
1567 4105 1737 4174 magis

159 4205 388 4258 tenebras
416 4219 573 4274 quam
599 4201 766 4256 lucem
791 4200 972 4273 (Joan.
1002 4215 1083 4265 ιιι,
1119 4199 1228 4270 19).
1255 4198 1492 4268 Populus
1533 4198 1733 4267 itaque,

159 4294 237 4348 cui
264 4295 333 4350 ad
376 4292 805 4363 redemptionem
832 4299 1183 4362 peccatorum
1213 4289 1449 4345 Verbum
1495 4304 1623 4343 caro
1652 4288 1731 4342 fa-

160 4397 292 4441 ctum
323 4394 436 4451 est,
457 4393 511 4440 et
535 4380 676 4440 Deus
705 4386 867 4441 homo
896 4395 1053 4439 natus
1078 4392 1178 4449 est,
1212 4395 1272 4437 ut
1300 4400 1399 4454 per
1429 4383 1549 4438 ﬁdei
1574 4383 1735 4453 justi-

161 4479 462 4536 ﬁcationem
487 4479 772 4534 maledicto
798 4478 929 4550 legis
960 4477 1097 4533 liber
1122 4486 1288 4541 esset,
1311 4478 1436 4532 dum
1468 4477 1519 4531 in
1551 4485 1725 4532 trans.

164 4573 440 4641 gressione
482 4571 615 4642 legis
666 4569 869 4624 mavult
920 4571 1127 4625 servire
1173 4568 1460 4624 maledicto
1489 4609 1504 4634 ,
1556 4568 1730 4639 ipsum

164 4661 299 4718 illum
335 4664 504 4718 Deum
548 4678 702 4717 sumn
744 4660 963 4715 tradidit
1004 4676 1210 4731 preme,
1240 4661 1559 4729 sanguinem
1595 4658 1730 4727 ejus,

165 4762 219 4808 ut
255 4764 459 4827 przetor
499 4762 644 4810 esset
687 4754 978 4818 innocens,
1011 4754 1062 4807 in
1095 4768 1153 4808 se
1183 4754 1298 4823 ipse
1330 4752 1650 4822 suscipiens,
1681 4760 1736 4807 et

168 4844 270 4903 hac
290 4862 459 4918 agens
484 4847 723 4901 demutat
748 4855 955 4901 naturae
979 4846 1444 4901 consuetudinem.
1476 4844 1733 4899 Malitiam

167 4939 297 4992 enim
346 4938 521 5008 diligit
568 4954 730 5007 super
773 4938 1184 5009 benignitatem,
1215 4947 1270 4993 et
1304 4953 1370 4993 ex
1399 4936 1556 4992 bonis
1585 4952 1738 4991 amo-

171 5040 272 5080 rem
306 5029 576 5084 eonvertit
622 5031 675 5083 in
707 5029 965 5100 pessima.
1017 5029 1251 5100 Diligere
1276 5045 1494 5099 quoque
1524 5028 1735 5100 injusti—

172 5118 288 5172 tiam
314 5134 479 5189 super
507 5135 668 5189 quam
704 5120 847 5188 loqui
883 5120 1150 5190 justitiam
1179 5120 1386 5174 maluit.
1420 5141 1437 5173 ι

233 5210 361 5265 Item
378 5212 431 5265 in
448 5212 636 5266 eodem
657 5252 669 5264 .
693 5231 710 5262 ι
748 5210 971 5265 Elevabo
999 5213 1168 5266 David
1187 5213 1736 5287 tabernaculum’quod

174 5300 345 5353 cecidit
376 5298 557 5371 (Amos
584 5315 670 5363 Ix,
704 5300 814 5370 11).
849 5299 1106 5355 Sanctum
1140 5303 1266 5357 illud
1297 5304 1532 5367 scilicet,
1562 5313 1617 5358 et
1647 5321 1739 5361 ve-

175 5388 399 5444 nerabile
428 5389 537 5443 nati
569 5405 637 5445 ex
664 5390 885 5461 Virgine
920 5392 1014 5446 Dei
1045 5408 1240 5462 corpus
1269 5402 1317 5449 et
1352 5398 1607 5465 templum
1630 5437 1644 5461 ,
1681 5396 1736 5451 in

176 5485 272 5545 quo
296 5481 386 5551 qui
415 5480 728 5547 crediderit,
756 5491 1014 5551 tanquam
1039 5498 1267 5539 consors
1296 5485 1589 5541 Dominica:
1618 5503 1738 5541 car-

178 5570 254 5625 nis
292 5573 572 5629 habitabit.
612 5574 802 5630 Omnis
848 5585 1025 5632 autem
1070 5577 1299 5632 inﬁdelis
1343 5595 1373 5633 a
1419 5580 1738 5651 cognatione

177 5661 269 5716 hac
302 5679 408 5719 non
439 5664 630 5721 crediti
667 5667 909 5736 corporis
934 5708 949 5731 ,
997 5668 1048 5722 id
1097 5679 1179 5723 est
1225 5668 1316 5724 Dei
1369 5671 1736 5737 tabernaculo,

181 5755 451 5813 revellemr
475 5767 530 5812 et
568 5758 951 5831 emigrabitur,
1003 5761 1264 5832 spiritalis
1294 5763 1454 5834 hujus
1486 5765 1738 5821 taberna-

1765 4528 1812 4589 D

1848 542 2167 614 intelligitur
2195 562 2318 599 cum
2352 549 2479 602 dicit
2519 567 2531 602 :
2566 548 2678 619 Ego
2713 568 2830 604 sum
2861 555 2976 606 vitis
3012 571 3159 619 vera,
3191 574 3279 612 eos
3307 564 3431 616 estis

1845 636 2176 706 propagines.
2207 636 2370 692 Pater
2403 656 2547 696 meus
2574 643 2803 711 agricola
2844 655 2939 700 est.
2980 646 3163 703 Omnis
3202 668 3429 724 propago

1844 724 1901 779 in
1930 742 2010 778 me
2039 743 2141 781 non
2170 744 2386 784 manens
2406 771 2421 795 ,
2453 749 2613 803 neque
2648 736 2818 804 ferens
2847 738 3109 807 fructum,
3137 745 3432 800 eradicabi-

1846 825 1952 869 tur.
1983 816 2051 871 Et
2082 835 2285 873 omnem
2322 825 2659 893 propaginem
2703 828 2756 881 in
2792 845 2874 883 me
2915 843 3205 889 manentem
3244 852 3430 892 emun-

1847 910 1990 964 dabit
2020 910 2180 965 Pater
2206 930 2368 978 meus,
2395 925 2451 967 ut
2481 916 2706 985 fructum
2737 921 3037 989 ampliorem
3075 924 3209 992 [erat
3245 925 3427 997 (Joan.
3488 957 3502 970 -

1847 1015 1937 1064 xv,
1969 1000 2043 1071 1).
2078 1001 2134 1056 Si
2166 1004 2257 1072 qui
2290 1004 2453 1075 igitur
2481 1020 2576 1075 per
2602 1008 2758 1063 ﬁdem
2784 1015 3053 1081 corporali
3083 1016 3175 1070 Dei
3208 1032 3430 1073 manere

1846 1090 1901 1144 itt
1933 1100 2125 1147 natura
2156 1097 2417 1164 assumpti
2448 1111 2478 1150 a
2524 1098 2638 1151 Deo
2678 1102 2923 1171 corporis
2970 1108 3339 1175 merebuntur,
3369 1112 3428 1166 hi

1845 1184 2210 1239 emundantur
2256 1188 2309 1240 in
2361 1187 2568 1245 fructus
2615 1200 2848 1249 aeternos
2884 1210 2948 1247 ex
2980 1174 3051 1250 se.
3083 1196 3421 1269 afferendas;

1845 1273 1969 1342 quia
2000 1289 2220 1330 necesse
2242 1285 2324 1331 est
2353 1286 2411 1331 ut
2436 1288 2683 1334 naturam
2707 1296 2848 1337 verte
2871 1283 2995 1339 vitis
3020 1302 3254 1356 propago
3286 1290 3428 1346 intra

1844 1364 2008 1420 vitem
2043 1383 2269 1424 manens
2296 1381 2495 1426 teneat.
2528 1372 2597 1426 At
2628 1389 2755 1429 vero
2793 1377 2882 1446 qui
2925 1379 3234 1435 incredulus
3267 1393 3426 1437 natus

1844 1457 1899 1511 in
1928 1475 2157 1529 corpore
2204 1462 2298 1517 Dei
2347 1464 2545 1529 fuerit,
2589 1468 2671 1522 vel
2722 1470 2766 1523 si
2815 1481 2871 1525 et
2915 1474 3143 1529 credens
3189 1490 3427 1544 maneat,

1845 1550 2109 1606 fructibus
2138 1562 2316 1608 tamen
2355 1555 2475 1610 ﬁdei
2510 1570 2620 1613 sua:
2659 1569 2873 1626 careat,
2905 1565 3301 1631 eradicabitur,
3334 1577 3429 1624 aut

1842 1642 1911 1695 ob
1945 1641 2336 1710 inﬁdelitatem,
2367 1656 2460 1701 aut
2490 1651 2559 1703 ob
2593 1650 2937 1708 inutilitatem
2967 1654 3236 1713 fructuum
3263 1676 3425 1732 nega-

1845 1745 2042 1792 tormn.
2087 1737 2256 1794 Natus
2295 1743 2438 1797 enim
2477 1760 2542 1799 ex
2574 1745 2792 1815 Virgine
2835 1748 2927 1803 Dei
2954 1749 3140 1818 Filius,
3171 1769 3276 1808 non
3315 1763 3427 1810 tum

1843 1829 2075 1897 primum
2108 1830 2200 1886 Dei
2240 1833 2407 1889 Filius
2441 1852 2563 1890 cum
2601 1837 2742 1892 ﬁlius
2776 1840 3028 1905 hominis.
3063 1844 3160 1897 sed
3199 1843 3252 1897 in
3290 1845 3430 1900 Filio

1845 1919 1936 1973 Dei
1967 1921 2129 1975 etiam
2164 1922 2303 1979 ﬁlius
2333 1926 2586 1993 hominis,
2624 1938 2682 1984 ut
2723 1941 2779 1986 et
2824 1931 2964 1988 ﬁlius
3011 1934 3246 1991 hominis
3284 1947 3431 1993 esset

1842 2009 2010 2064 Filius
2054 2011 2148 2067 Dei
2178 2054 2194 2080 ,
2239 2027 2488 2070 naturain
2542 2019 2592 2073 in
2626 2034 2684 2074 se
2715 2022 2980 2077 universa:
3009 2027 3191 2082 carnis
3219 2043 3428 2083 assum-

1840 2100 1984 2168 psit,
2016 2116 2111 2170 pcr
2140 2119 2300 2172 quam
2331 2106 2557 2161 ell‘cctus
2588 2126 2712 2163 vera
2746 2112 2869 2167 vitis
2908 2129 3078 2181 genus
3110 2116 3161 2170 in
3204 2133 3261 2172 se
3305 2118 3427 2172 uni-

1838 2205 2011 2246 versa:
2036 2195 2341 2263 propaginis
2371 2206 2534 2252 tenet.
2563 2199 2627 2264 Si
2646 2217 2749 2270 qua
2777 2219 2905 2273 ergo
2928 2220 3168 2277 propago
3196 2208 3430 2267 inﬁdelis

1840 2289 1935 2335 aut
1969 2282 2303 2340 infructuosa
2344 2296 2466 2354 est,
2507 2293 2887 2348 eradicandam
2930 2296 3045 2366 ipsa
3091 2314 3151 2355 se
3201 2303 3426 2371 prmbet,

1838 2387 1936 2442 per
1963 2382 2211 2428 naturam
2252 2377 2467 2447 quidem
2506 2397 2764 2449 manens,
2797 2386 2891 2440 sed
2931 2402 3028 2456 per
3057 2389 3427 2449 inﬁdelitatem

1838 2473 1930 2517 aut
1964 2464 2305 2521 inutilitatem
2336 2470 2628 2527 revellitur.
2662 2474 2739 2528 Ex
2767 2476 2867 2531 hoc
2898 2492 3028 2549 ergo
3055 2481 3423 2553 tabernaculo,

1841 2564 2097 2626 tanquam
2124 2574 2187 2613 ex
2218 2575 2347 2615 vera
2376 2563 2502 2626 vite,
2540 2565 2629 2618 hic
2661 2566 2859 2634 impius
2885 2567 3065 2625 Doech
3097 2581 3151 2626 et
3179 2574 3428 2630 evellitur

1838 2654 1893 2700 et
1921 2646 2239 2717 emigratur,
2273 2664 2498 2705 manens
2524 2668 2621 2722 per
2642 2665 2890 2710 naturam
2914 2669 2967 2712 ct
2998 2660 3049 2713 in
3078 2662 3429 2721 tabernaculo

1837 2742 1893 2789 et
1922 2736 1974 2789 in
2003 2737 2132 2802 vite,
2166 2739 2258 2793 sed
2287 2755 2384 2809 per
2409 2740 2780 2798 inﬁdelitatem
2810 2746 3004 2816 dignus
3032 2751 3192 2806 avclli
3224 2770 3237 2805 :
3269 2755 3424 2809 avul-

1838 2843 1932 2883 sus
1961 2839 2141 2884 autem
2179 2832 2244 2886 de
2276 2834 2625 2890 tabernaculo
2663 2838 3031 2896 eradicabitur
3056 2854 3111 2897 et
3142 2843 3208 2898 de
3238 2846 3425 2902 viven-

1838 2918 1972 2975 tium
2006 2932 2169 2976 terra.
2199 2923 2298 2991 Qui
2332 2926 2477 2979 enim
2512 2942 2616 2982 non
2649 2931 2888 2985 manebit
2921 2932 2971 2985 in
3002 2932 3240 3000 Christo,
3274 2940 3428 3009 regni

1837 3010 2038 3066 Christi
2085 3013 2259 3068 incola
2313 3031 2418 3069 non
2451 3018 2575 3071 erit.
2621 3017 2737 3075 Non
2768 3021 2873 3075 erit
2906 3031 3109 3089 autem,
3143 3041 3249 3080 non
3282 3029 3425 3096 quod

1838 3101 1942 3155 sibi
1973 3118 2079 3157 non
2112 3105 2350 3172 patuerit
2392 3106 2678 3162 incolatus.
2713 3108 2994 3168 Universis
3022 3114 3166 3169 enim
3195 3125 3343 3185 patet
3369 3126 3429 3172 ut

1836 3204 2122 3250 consortes
2150 3195 2259 3250 sint
2286 3199 2532 3268 corporis
2566 3197 2664 3254 Dei
2695 3209 2857 3272 atque
2903 3205 3086 3275 regni,
3131 3209 3257 3278 quia
3289 3207 3426 3264 Ver—

1835 3283 1963 3339 bum
1993 3299 2119 3339 caro
2146 3284 2347 3341 factum
2379 3296 2483 3353 est,
2517 3296 2570 3343 et
2597 3289 2862 3346 habitavit
2886 3294 2937 3348 in
2970 3295 3144 3360 nobis,
3175 3307 3425 3354 naturam

1837 3375 2044 3431 scilicet
2073 3377 2127 3431 iu
2160 3393 2218 3432 se
2260 3379 2424 3434 totius
2462 3379 2680 3435 humani
2712 3386 2926 3454 generis
2972 3402 3272 3442 assumens.
3319 3388 3425 3445 Sed

1838 3469 2211 3539 unusquisque
2246 3486 2343 3539 pro
2372 3473 2589 3540 merito,
2618 3482 2675 3529 ct
2699 3475 3035 3531 evellendam
3065 3494 3123 3534 se
3147 3480 3213 3535 de
3244 3481 3427 3537 taber-

1838 3559 2057 3623 naculo,
2089 3569 2142 3615 et
2170 3562 2555 3617 eradicandum
2594 3563 2660 3620 de
2690 3573 2833 3620 terra
2868 3567 3161 3623 viventium
3197 3573 3424 3639 praebet,

1838 3666 1944 3707 non
1977 3652 2282 3721 prohibitus
2311 3670 2546 3725 unquam
2580 3657 2788 3720 inesse,
2820 3659 2943 3728 quia
2974 3676 3071 3731 per
3098 3671 3306 3720 natura:
3336 3680 3425 3720 as-

1838 3743 2201 3812 sumptionem
2238 3745 2413 3801 incola
2447 3747 2517 3803 sit
2544 3758 2812 3818 receptus,
2846 3751 2938 3806 sed
2968 3754 3334 3809 eradicabitur
3355 3757 3424 3811 ob

1843 3834 2000 3904 167
2030 3834 2359 3892 inlldelitatis
2380 3834 2582 3892 crimen
2612 3849 2819 3895 natura:
2859 3843 3132 3898 consortio
3168 3844 3420 3916 indignus

1838 3927 2123 3982 cxsistens.
2178 3927 2499 3984 Eradicatur
2523 3946 2654 4002 ergo
2688 3934 2753 3989 de
2781 3933 3072 3989 viventium
3105 3944 3270 4001 terra,
3302 3952 3423 4007 qua:

1839 4016 1893 4071 in
1922 4018 2080 4073 beata
2106 4020 2321 4089 regione
2348 4024 2550 4078 sanctis
2566 4022 2792 4078 Domino
2814 4028 3268 4097 congregantibus
3286 4044 3420 4099 prte-

1837 4118 2100 4177 paratur;
2144 4111 2298 4180 cujus
2350 4113 2465 4182 ipse
2516 4113 2571 4167 in
2598 4113 2887 4186 Evangelio
2924 4119 3168 4173 meminit
3194 4120 3424 4177 dicens:

1837 4201 1989 4255 Beati
2040 4204 2320 4269 mansueti,
2372 4206 2620 4276 quoniam
2662 4206 2764 4276 ipsi
2799 4206 3183 4263 hatredilabunt
3225 4220 3423 4275 terram

1840 4292 2055 4365 (Matth.
2083 4311 2136 4359 v,
2164 4295 2196 4349 4
2223 4295 2263 4367 ).
2298 4294 2364 4351 Ει
2410 4295 2499 4351 hic
2524 4295 2665 4351 idem
2687 4298 2946 4367 propheta
2978 4314 2991 4352 :
3026 4294 3251 4352 Placebo
3306 4299 3423 4354 Do-

1837 4386 1979 4440 mino
2026 4387 2080 4440 in
2109 4397 2248 4441 terra
2296 4388 2571 4442 viventium
2597 4386 2770 4460 (Psal.
2797 4405 2941 4451 (ζειν,
2973 4391 3052 4455 9).
3092 4409 3109 4443 ι
3144 4390 3220 4445 Ει
3248 4391 3376 4445 item
3406 4410 3420 4447 :

1845 4497 1864 4529 ι
1900 4476 2017 4533 Non
2046 4479 2190 4533 enim
2220 4478 2490 4535 confessio
2530 4491 2876 4551 peccatorum
2926 4483 3026 4538 nisi
3055 4483 3214 4553 hujus
3243 4484 3427 4540 sreculi

1841 4580 2082 4641 tempore
2108 4579 2213 4636 est,
2243 4572 2367 4626 dum
2394 4572 2652 4628 voluntati
2675 4589 2786 4629 sure
2805 4575 3172 4644 unusquisque
3195 4576 3427 4646 permis-

1840 4677 1934 4716 sus
1962 4670 2067 4725 est,
2094 4672 2146 4716 et.
2179 4679 2273 4730 per
2298 4664 2422 4718 vita:
2459 4663 2734 4718 licentiam
2762 4663 2924 4719 habet
2953 4664 3312 4721 confessionis
3336 4684 3426 4721 ar-

1840 4752 2080 4805 bitrium.
2130 4752 2461 4808 Decedentes
2524 4769 2758 4825 namque
2809 4755 2874 4810 de
2927 4755 3054 4821 vita,
3087 4756 3245 4810 simul
3279 4759 3432 4814 etde

1835 4840 1959 4911 jure
2001 4841 2307 4897 decedimus
2357 4843 2664 4899 voluntatis.
2724 4844 2876 4900 Tunc
2925 4846 3073 4901 enim
3119 4863 3182 4902 ex
3232 4849 3429 4903 merito

1841 4934 2128 5002 praeterita:
2179 4935 2468 4991 voluntatis
2494 4937 2579 4991 lex
2597 4936 2711 5008 jam
2738 4939 3053 5002 constituta,
3083 4948 3176 4993 aut
3229 4941 3429 5009 quietis

1838 5031 1931 5077 aut
1962 5039 2132 5092 pinna:
2161 5024 2535 5080 excedentium
2558 5042 2623 5081 ex
2661 5041 2889 5097 corpore
2922 5027 3147 5097 suscipit
3178 5027 3429 5084 volunta-

1838 5122 1964 5168 tem.
1996 5113 2159 5179 Cuius
2217 5116 2475 5185 temporis
2510 5133 2612 5171 non
2634 5115 2747 5184 jam
2795 5116 3019 5172 liberam
3046 5117 3138 5172 sed
3172 5132 3427 5174 necessa-

1840 5207 1976 5259 riam
2006 5204 2333 5259 voluntatem
2361 5207 2595 5261 ostendit
2621 5206 2911 5278 Propheta,
2945 5223 3066 5263 cum
3099 5209 3260 5262 dicit:
3302 5207 3430 5264 Non

1840 5298 1975 5351 enim
2006 5296 2132 5349 mihi
2157 5298 2211 5351 in
2239 5297 2418 5351 diebus
2442 5297 2547 5352 illis
2570 5303 2828 5363 voluntas,
2882 5309 3097 5354 cessant
3147 5299 3295 5354 enim
3338 5314 3434 5355 vo-

1843 5391 2078 5448 luntates
2112 5389 2314 5454 liberae,
2338 5393 2499 5446 etiam
2529 5392 2821 5446 voluntatis
2855 5394 2898 5445 si
2931 5408 3037 5462 qua
3059 5392 3165 5446 erit
3188 5391 3428 5447 cessabit

1843 5479 2087 5536 cliectus.
2120 5479 2375 5536 Transire
2404 5496 2635 5551 namque
2658 5480 2723 5533 ad
2752 5479 3024 5533 Abraham
3053 5481 3239 5537 volens
3282 5481 3433 5538 dives

1844 5574 1982 5629 chao
2028 5573 2203 5629 medio
2228 5590 2333 5628 non
2364 5573 2587 5639 sinitur;
2644 5587 2765 5627 cum
2796 5580 2973 5628 tamen
3004 5588 3101 5642 per
3126 5573 3433 5630 libertatem

1844 5666 2138 5721 voluntatis
2166 5667 2219 5720 in
2256 5666 2484 5720 Ahrabze
2517 5664 2723 5721 sinibus
2758 5678 2880 5723 esse
2942 5666 3222 5736 potuisset.
3261 5667 3432 5721 later-

1846 5759 1991 5815 clusa
2012 5769 2092 5816 est
2116 5776 2243 5831 ergo
2263 5759 2487 5815 libertas
2516 5759 2824 5827 voluntatis,
2847 5760 2972 5831 quia
2999 5759 3268 5816 confessio
3288 5759 3431 5816 nulla
