3992 6336
506 332 634 407 ass
1521 340 1851 399 ιιιΝοιιΑιιι
1884 298 2281 398 annuimus
2310 338 2824 402 ARClllEPlSCOPl
3703 344 3808 404 ac

524 470 585 517 et
613 474 778 532 supra
802 470 992 515 omnes
1020 461 1285 526 potestate
1319 453 1412 521 sit,
1448 451 1576 523 quia
1596 452 1850 509 omnibus
1873 461 2025 508 ortus
2050 466 2119 506 ex
2149 458 2196 519 Α
2225 466 2384 522 quem
2415 452 2779 524 repellendum
2811 463 2987 524 potat,
3010 454 3288 513 videamus
3308 469 3377 513 ne
3394 457 3807 521 excusationem

531 546 754 619 Virgine
775 554 878 611 est,
905 552 959 599 et
988 543 1144 598 bonis
1174 552 1229 597 et
1257 540 1436 608 malis,
1477 540 1621 595 sicut
1642 548 1701 595 et
1744 540 1912 597 solem
1957 556 2116 596 suum
2218 547 2269 625 ei
2294 547 2519 613 tribuat,
2543 546 2633 616 qui
2660 562 2783 602 cum
2810 548 2961 619 sequi
2988 550 3156 604 Deum
3178 550 3308 605 velit
3327 550 3577 625 repulsus
3606 551 3684 605 sit
3708 564 3727 604 :
3751 559 3811 607 et

531 643 667 700 oriri
691 639 846 710 jubet
873 653 1040 709 super
1066 639 1239 693 bonos
1262 645 1316 692 et
1343 635 1532 699 malos,
1562 634 1712 689 illum
1765 640 1943 687 tamen
1972 630 2118 686 fovet

531 731 626 802 qui
668 729 1062 801 appropinquat
1109 727 1231 783 sibi.
1277 725 1431 781 Sicut
1472 725 1617 780 enim
1666 738 1700 778 a
1745 737 1806 778 se
1852 719 2127 793 fulgorem

534 825 666 881 solis
705 822 946 878 excludit
984 820 1076 890 qui
1128 821 1394 874 fenestras
1439 818 1631 874 domus
1676 830 1787 872 sua:
1833 815 2118 883 clauserit,

537 916 822 984 locumque
863 913 1209 967 tenebrosum
1256 910 1311 964 in
1359 923 1467 979 quo
1516 908 1818 963 diversetur
1852 904 2117 977 elegerit:

536 1007 615 1063 ita
637 1006 728 1076 qui
760 1020 819 1060 se
846 1003 1105 1059 averterit
1131 1018 1163 1056 a
1194 1000 1307 1056 sole
1332 1000 1578 1069 iustitia».
1606 1015 1714 1055 non
1744 1008 1923 1069 potest
1942 996 2122 1079 splenf

536 1100 721 1154 dorem
742 1096 861 1166 ejus
890 1094 1157 1164 aspicere,
1189 1091 1315 1161 quia
1341 1090 1396 1143 in
1423 1090 1666 1145 tenebris
1692 1088 1955 1152 ambulat,
1973 1096 2030 1140 et
2065 1084 2121 1140 in

534 1186 778 1242 omnium
821 1186 940 1240 luce
986 1184 1099 1254 ipse
1150 1181 1251 1236 sibi
1281 1195 1444 1235 causa
1493 1188 1578 1235 est
1625 1179 1903 1235 caecitatis.
1957 1175 2122 1245 Aperi

536 1279 702 1350 igitur
729 1276 996 1332 fenestras
1024 1284 1162 1339 tuas,
1197 1282 1256 1326 ut
1291 1281 1400 1326 tota
1436 1270 1630 1326 domus
1661 1280 1750 1325 tua
1777 1270 1891 1325 veri
1915 1268 2122 1337 fulgore

535 1369 668 1425 solis
697 1368 933 1423 illuceat.
962 1366 1124 1436 Aperi
1153 1362 1338 1419 oculos
1380 1371 1522 1427 tuos,
1551 1370 1613 1415 ut
1640 1362 1827 1415 videas
1856 1360 2121 1414 orientem

536 1462 637 1517 tibi
659 1461 828 1518 solem
849 1459 1094 1529 justitiaa.
1112 1456 1298 1511 t’ulsat
1315 1453 1538 1523 januam
1563 1462 1711 1507 tuam
1737 1452 1832 1506 Dei
1850 1449 2119 1505 Verbum:

537 1550 731 1620 Siquis
755 1548 881 1602 mihi
912 1546 1193 1616 aperuerit,
1230 1543 1426 1613 inquit,
1450 1542 1653 1596 intrabo
1684 1540 1867 1612 (Apoc.
1900 1554 1982 1604 ιιι,
2007 1538 2120 1609 20).

537 1638 597 1696 Si
628 1640 750 1709 quis
776 1653 907 1709 ergo
932 1652 1038 1691 non
1064 1634 1362 1705 aperuerit,
1396 1632 1638 1703 nunquid
1674 1648 1782 1687 non
1821 1628 2126 1698 ingredien-

537 1732 612 1787 tis
632 1740 687 1787 et
710 1746 816 1786 non
843 1729 1016 1798 magis
1050 1744 1155 1782 non
1183 1726 1478 1797 aperientis
1505 1734 1590 1779 est
1615 1723 1769 1792 culpa
1790 1723 1813 1777 ?
1834 1722 1976 1776 Nihil
1999 1720 2124 1791 qui-

2219 640 2452 712 primum
2476 640 2930 710 quemadmodum
2950 640 3149 696 bonum
3180 640 3323 697 Deus
3344 642 3555 713 repeiiit
3572 657 3812 711 sequen-

2221 740 2351 795 tem,
2376 730 2478 785 nisi
2506 731 2619 801 ipse
2645 742 2917 785 mereatur
2945 731 3156 801 repelli,
3195 733 3335 787 sicut
3379 734 3494 803 ipse
3545 734 3813 793 Dominus

2222 820 2335 875 ait:
2377 818 2565 891 Vulpes
2591 821 2767 890 foveas
2792 824 2979 876 habent
3031 822 3245 894 ‘Hatth.
3280 839 3401 887 vui,
3432 823 3550 893 ρο).
3585 833 3645 878 et
3688 826 3815 880 ideo

2221 912 2374 982 quasi
2405 912 2620 982 vulpem
2648 912 2889 982 repellit?
2911 932 2928 964 ι
2949 912 3079 968 ltem
3096 913 3185 968 tibi
3211 914 3460 985 exponit:
3489 913 3675 969 Revela
3690 931 3818 969 oen-

2222 1000 2301 1055 los
2330 1017 2470 1056 meos
2502 998 2675 1072 (Psal.
2707 1016 2896 1069 cxvnt,
2930 1002 3040 1072 l8).
3071 1021 3090 1053 ι
3114 1004 3281 1068 Bene,
3305 1005 3500 1074 inquit,
3528 1005 3820 1060 admonuit

2230 1087 2390 1146 lectio
2428 1090 2703 1162 Evangelii
2725 1107 2847 1162 qua:
2873 1093 3102 1148 decursa
3129 1103 3235 1159 est,
3262 1094 3316 1148 in
3344 1110 3449 1163 qua
3477 1105 3706 1151 sanatus
3730 1105 3821 1151 est

2223 1179 2466 1249 leprosos
2517 1180 2604 1235 ille
2628 1184 2719 1250 qui
2774 1182 2911 1236 dixit
2941 1199 2954 1234 :
2983 1181 3045 1238 Si
3070 1184 3167 1249 vis,
3213 1195 3360 1255 potes
3408 1202 3490 1240 me
3550 1188 3821 1244 mundare

2228 1272 2446 1347 (Matth.
2489 1288 2611 1338 vin,
2648 1272 2730 1343 2),
2788 1275 2843 1328 iu
2888 1274 3165 1330 voluntate
3212 1277 3427 1332 Domini
3469 1279 3823 1338 constituens

2226 1365 2514 1437 potestatis
2565 1363 2839 1421 effectum.
2881 1364 2978 1421 Cui
3028 1358 3306 1438 respondit
3354 1369 3641 1426 similiter:
3682 1370 3822 1428 Volo

2225 1457 2501 1512 mundare.
2550 1456 2836 1514 Praemisso
2882 1458 3056 1530 pietas
3085 1461 3396 1527 voluntatis,
3446 1473 3632 1519 secuta
3662 1473 3825 1534 pote-

2226 1547 2383 1603 statis
2407 1548 2703 1602 auctoritas
2722 1558 2825 1604 est.
2855 1549 3120 1605 Omnibus
3148 1551 3279 1605 dicit
3306 1550 3496 1608 Jesus:
3530 1554 3691 1618 Volo,
3722 1556 3823 1625 qui

2226 1654 2334 1695 non
2365 1639 2479 1693 vult
2525 1654 2647 1694 esse
2674 1649 2976 1710 peccatum.
3012 1640 3160 1696 Velle
3193 1642 3397 1697 Christi
3429 1657 3727 1699 comnmne
3769 1644 3825 1699 in

2226 1746 2416 1786 omnes
2442 1739 2527 1786 est
2557 1747 2571 1783 :
2599 1730 2848 1786 mundari
2876 1732 2997 1786 fidei
3026 1741 3111 1787 est
3136 1733 3410 1788 credentis
3432 1734 3486 1788 in
3509 1732 3823 1789 Christum.

538 1823 664 1878 dem
690 1820 1240 1883 Deoestobseratum,
1269 1818 1403 1873 nihil
1425 1818 1665 1872 clausum
1685 1826 1889 1869 aeterno
1911 1812 2121 1868 lumini.
2155 1810 2200 1871 Β
2234 1819 2303 1874 Et
2336 1822 2501 1891 tetigit
2524 1836 2663 1875 eum.
2698 1819 2891 1892 Tangit
2933 1836 3051 1888 eos,
3104 1838 3336 1891 quorum
3393 1823 3500 1878 fide
3547 1824 3822 1895 tangitur.

538 1912 647 1971 Sed
686 1924 874 1987 portas
916 1914 1135 1968 malitizc
1190 1912 1512 1982 dedignatur
1568 1908 1801 1980 aperire,
1845 1906 2122 1963 conclavia

536 2024 648 2073 non
682 2008 795 2063 vult
834 2018 1119 2078 penetrare
1167 2004 1442 2073 nequititn.
1471 2002 1553 2056 An
1598 2017 1750 2065 vero,
1781 2016 1902 2055 cum
1930 1998 2124 2053 animm

510 2081 741 2175 nostra:
796 2098 948 2169 vigor
1000 2106 1209 2168 putrem
1258 2093 1503 2164 corporis
1546 2090 1771 2159 refugiat
1799 2090 2123 2160 portionem,

418 2238 423 2241 Α
536 2192 693 2262 quod
716 2189 835 2258 ejus
870 2190 1098 2262 gratiam
1123 2187 1365 2256 corrupti
1416 2195 1568 2240 artus
1596 2186 1801 2239 sentire
1849 2200 1956 2237 non
1996 2197 2125 2251 pos—

539 2287 674 2349 sint.
715 2284 858 2341 Deus
893 2289 1163 2352 corrupta:
1187 2281 1383 2334 animm
1429 2277 1669 2334 membra
1691 2276 1936 2346 quaedam
1976 2275 2128 2330 dedi-

532 2371 1055 2446 gnaturbahitare?
1103 2370 1314 2425 Animae
1359 2378 1536 2424 tamen
1590 2367 1744 2435 vigor
1793 2382 1889 2437 per
1929 2380 2127 2435 corpus

540 2479 704 2521 omne
731 2462 1085 2518 dill'unditur:
1117 2460 1232 2515 sive
1266 2473 1481 2523 manus,
1528 2458 1644 2513 sive
1672 2472 1799 2527 pes,
1825 2457 1940 2510 sive
1991 2455 2129 2526 digi-

538 2565 650 2617 tus,
680 2553 955 2622 particeps
994 2564 1188 2606 sensus
1215 2558 1317 2602 est.
1368 2547 1461 2602 Dei
1508 2555 1686 2615 potest
1710 2545 1909 2599 alicubi
1938 2545 2128 2600 deesse

541 2641 1069 2714 sapientia?alicnbi
1120 2640 1310 2695 deesse
1353 2638 1644 2708 majestas?
1673 2636 1819 2691 Sane
1863 2634 2129 2706 fugientes

538 2751 649 2805 non
680 2736 896 2793 retinet.
934 2749 1041 2789 non
1095 2733 1242 2803 cogit
1293 2731 1515 2796 invitos,
1557 2730 1653 2785 sed
1702 2744 1880 2798 neque
1923 2727 2131 2783 fastidit

542 2827 1057 2897 appropinquantes.
1087 2823 1154 2878 Et
1176 2823 1320 2878 illius
1340 2821 1556 2893 quidem
1582 2821 1779 2885 virtus,
1813 2820 1956 2875 illius
1997 2818 2129 2874 Ver-

541 2915 669 2971 bum
698 2916 839 2970 Deus
863 2915 1121 2970 omnibus
1143 2928 1310 2983 prope
1331 2922 1436 2967 est.
1467 2912 1525 2968 lu
1558 2912 1675 2981 ipso
1703 2912 1847 2967 enim
1877 2920 2130 2968 constant

539 3004 749 3077 omnia,
780 3014 836 3059 et
862 3004 981 3074 ipse
1004 3012 1089 3058 est
1110 3014 1272 3073 caput
1300 3004 1556 3072 corporis
1591 3002 1875 3067 Ecclesiae,
1916 3004 1970 3057 in
2019 3017 2129 3072 quo

542 3095 722 3152 omnis
774 3095 1042 3148 inliab'.tat
1089 3093 1388 3163 plenitudo.
1437 3093 1544 3148 Sed
1597 3094 1887 3163 plerosque
1945 3094 2013 3146 ab
2061 3107 2128 3147 eo

2226 1905 2469 1979 Denique
2502 1910 2633 1965 dicit
2667 1927 2683 1963 :
2734 1909 2935 1982 Tetigit
2968 1927 3055 1967 me
3093 1912 3307 1983 aliquis,
3338 1914 3512 1968 sentio
3554 1914 3828 1969 virtute-

2224 2001 2402 2077 exisse
2423 2002 2490 2056 de
2514 2018 2618 2057 me.
2658 2021 2679 2055 ι
2727 2002 2793 2057 Et
2825 2003 2954 2058 item
2980 2021 2995 2056 :
3025 2005 3194 2075 Aufer
3221 2024 3253 2060 a
3284 2023 3367 2060 nte
3398 2006 3748 2076 opprobrium
3778 2015 3827 2061 α

2226 2101 2575 2159 contemptum
2597 2090 2770 2163 (Psal.
2786 2108 2973 2157 cxvtu,
2990 2094 3106 2168 2:2).
3134 2115 3151 2145 ι
3172 2098 3475 2151 Adversum
3492 2112 3604 2162 me,
3620 2097 3827 2166 inquit,

2232 2182 2627 2239 detractabant.
2662 2183 2773 2254 Ego
2797 2200 2988 2240 eorum
3012 2187 3321 2257 redemptor
3341 2188 3698 2252 adveneram,
3727 2202 3829 2258 ego

2230 2288 2511 2340 veneram,
2541 2285 2600 2329 ut
2642 2277 2883 2332 omnium
2934 2287 3152 2349 peccata
3184 2280 3524 2344 mandarem,
3554 2288 3617 2333 ut
3671 2293 3833 2334 recu-

2236 2380 2481 2436 perat-em
2513 2366 2766 2430 amissos,
2799 2366 3141 2422 restituerem
3163 2368 3415 2437 paradiso
3441 2368 3618 2423 sancti
3652 2366 3833 2423 Jacob

2230 2458 2622 2523 litereditatem,
2637 2468 2691 2511 et
2706 2459 2781 2513 illi
2798 2460 3086 2514 adversum
3103 2474 3188 2513 me
3207 2459 3608 2515 detractabant.
3623 2458 3826 2513 sltem:

2230 2544 2298 2601 In
2324 2558 2577 2602 aeternum
2596 2588 2612 2614 ,
2647 2547 2893 2615 Domine,
2912 2560 3176 2619 permanet
3204 2550 3413 2604 uerbum
3445 2559 3597 2601 tuturis
3645 2546 3829 2619 (Psof.

2228 2653 2421 2698 cxviu.
2454 2639 2569 2710 89).
2612 2657 2631 2691 ι
2662 2638 2858 2704 Dilata,
2893 2640 3093 2710 inquit,
3120 2656 3218 2695 cor
3240 2650 3413 2707 tuum,
3443 2655 3677 2695 occurre
3711 2638 3831 2694 Soli

2231 2730 2371 2788 lucis
2394 2743 2645 2798 :eterntu,
2688 2731 2781 2802 qui
2827 2732 3093 2787 illuminat
3135 2746 3351 2787 onmem
3399 2730 3703 2786 hominem.
3759 2731 3833 2785 Et

2242 2821 2375 2877 illud
2427 2822 2644 2890 quidem
2693 2836 2878 2877 verum
2928 2821 3106 2878 lumen
3141 2823 3394 2878 omnibus
3427 2822 3571 2877 lueet
3606 2821 3749 2877 :sed
3777 2821 3831 2877 si

2233 2915 2356 2983 quis
2393 2911 2661 2968 fenestras
2689 2928 2817 2968 suas
2837 2912 3114 2979 clauserit,
3144 2922 3350 2968 :eterno
3375 2912 3576 2967 lumine
3605 2925 3668 2966 se
3708 2912 3832 2983 ipse

2233 3004 2523 3058 fraudavit.
2554 3004 2876 3059 Excluditnr
2899 3020 3029 3078 ergo
3053 3015 3110 3060 et
3133 3004 3403 3070 Christus,
3425 3004 3471 3058 si
3515 3012 3573 3059 tu
3618 3005 3832 3059 tuentis

2236 3094 2578 3162 tuaejaiutam
2607 3094 2846 3150 claudas.
2880 3096 2994 3150 Etsi
3042 3096 3213 3166 pbssit
3263 3096 3491 3160 intrare,
3536 3109 3644 3150 non
3702 3094 3832 3149 vult

543 3192 769 3257 peccata
796 3191 1112 3247 secernunt,
1143 3184 1210 3238 de
1243 3183 1439 3251 quibus
1466 3184 1671 3237 dictant
1706 3194 1790 3237 est
1823 3197 1838 3235 :
1866 3180 2003 3236 Ecce
2041 3182 2129 3252 qui
2158 3166 2204 3228 C
2240 3193 2418 3238 tamen
2449 3184 2791 3253 importunus
2819 3186 3048 3250 iri-uere,
3073 3201 3182 3239 non
3222 3185 3336 3238 vult
3359 3184 3557 3239 invitos
3593 3198 3826 3254 cogere.

542 3276 789 3348 elongant
818 3292 874 3330 se
896 3292 929 3328 a
955 3285 1005 3329 te
1040 3274 1299 3343 peribunt.
1340 3272 1491 3330 Unde
1532 3274 1823 3330 Psaltnista
1854 3274 1928 3328 ait
1955 3291 1968 3326 :
1998 3272 2133 3327 Mihi

546 3382 728 3425 autem
757 3369 1029 3423 adha'rere
1065 3367 1176 3422 Deo
1208 3368 1399 3420 borium
1421 3378 1492 3420 est
1517 3363 1694 3437 (Paul.
1725 3380 1897 3427 usu,
1920 3363 2032 3434 Ξῖ).
2065 3363 2133 3418 Ει

540 3461 832 3531 Apostolus
862 3459 978 3513 ait:
1010 3457 1133 3512 Non
1183 3456 1333 3527 longe
1361 3474 1471 3511 esse
1503 3457 1673 3512 Deum
1713 3458 1777 3510 ab
1824 3472 2132 3527 unoquoque

543 3563 802 3607 nostrain.
833 3548 908 3604 .In
955 3549 1087 3615 ipso.
1119 3548 1310 3616 inquit,
1351 3548 1589 3611 vivimus,
1630 3563 1919 3612 movemur,
1967 3557 2014 3600 et
2043 3563 2133 3600 su-

540 3658 662 3699 mus
686 3640 824 3711 (Act.
857 3655 989 3705 xvu,
1019 3638 1136 3708 Ξῖ).
1172 3638 1398 3693 Vitalem
1445 3638 1645 3693 etenim
1694 3636 1925 3706 gratiam
1958 3636 2135 3691 omni-

542 3733 648 3806 bus
671 3732 1109 3796 subministratis,
1131 3730 1384 3785 omnibus
1403 3738 1601 3799 praesto
1630 3740 1715 3784 est
1738 3727 1997 3783 bonitatis
2016 3743 2130 3783 sua:

544 3841 771 3889 munere
802 3841 814 3878 :
848 3810 944 3879 sed
996 3821 1245 3893 proprior
1288 3831 1375 3876 est
1420 3821 1527 3876 illis
1574 3822 1668 3890 qui
1723 3821 1958 3874 contrito
2006 3824 2132 3873 sunt

545 3918 731 3973 corde.
770 3935 790 3968 ι
829 3914 962 3969 ltem
993 3913 1082 3967 ubi
1106 3912 1365 3983 exponit:
1396 3910 1777 3966 Misericordia:
1799 3920 1905 3964 tua:
1926 3907 2128 3975 multis,

544 3992 955 4077 Domine(Psat.
977 4018 1165 4069 cxvtu,
1191 4003 1335 4073 156).
1366 4022 1389 4057 e
1413 4003 1538 4058 Etsi
1554 4002 1729 4072 longe,
1746 4001 1985 4071 iuqnit.a
2006 4015 2130 4069 pee-

542 4098 824 4170 catoribus
836 4098 1003 4161 salus,
1020 4106 1372 4163 taniennemo
1382 4094 1652 4164 desperet,
1667 4098 1794 4163 quia
1809 4091 1993 4146 multa
2005 4098 2132 4146 sunt

549 4196 939 4257 misericordia:
963 4192 1198 4249 Domini.
1228 4190 1333 4260 Qui
1352 4205 1453 4245 suo
1480 4197 1705 4259 peccato
1733 4196 1985 4258 pereunt,
2024 4185 2129 4240 nti-

543 4289 840 4349 serieordia
867 4285 1081 4342 Domini
1106 4284 1422 4339 liberantur.
1468 4281 1774 4346 Miserebor,
1805 4280 1999 4350 inquit.
2038 4278 2130 4330 eui

540 4385 790 4447 misertus
822 4397 910 4435 ero
941 4377 1141 4450 (Exod.
1170 4392 1360 4439 uxr“,
1401 4374 1510 4445 19).
1539 4372 1722 4427 Palam
1743 4371 1994 4442 apparuit
2020 4384 2129 4424 non

2242 3271 2407 3328 Ortus
2432 3289 2499 3329 ex
2528 3271 2746 3344 Virgine
2781 3275 3045 3343 processit
3071 3289 3141 3327 ex
3182 3272 3325 3337 alvo,
3358 3275 3610 3328 universa
3654 3274 3831 3331 totius

2239 3364 2390 3418 orbis
2421 3362 2708 3428 irtadians,
2736 3375 2794 3416 ut
2820 3363 3023 3417 luceret
3045 3362 3297 3418 omnibus
3333 3362 3668 3418 boni-.uibus.
3719 3362 3832 3418 Ca-

2234 3458 2393 3531 piunt
2436 3458 2530 3526 qui
2578 3457 2890 3511 desiderant
2938 3455 3161 3528 fulgoris
3191 3455 3437 3526 perpetui
3486 3454 3829 3521 claritatem,

2236 3562 2400 3617 quam
2432 3561 2533 3600 nos
2567 3546 2711 3599 nulla
2737 3544 3046 3615 interpolat.
3085 3564 3104 3598 s

2304 3637 2371 3691 Et
2394 3638 2521 3692 item
2552 3652 2675 3692 eum
2723 3646 3043 3706 exponeret,
3098 3636 3291 3691 Anima
3329 3653 3446 3691 mea
3493 3637 3548 3693 in
3578 3637 3831 3695 uiribus

2228 3735 2337 3787 tuis
2374 3749 2576 3803 semper
2601 3730 2773 3805 (Psal.
2805 3747 2998 3796 cxvnt,
3028 3730 3176 3801 109),
3203 3732 3281 3786 ait
3306 3749 3322 3785 :
3352 3751 3373 3784 ‹
3408 3731 3477 3786 Et
3496 3731 3620 3786 ideo
3646 3730 3828 3787 Filius

2237 3823 2476 3880 hominis
2515 3839 2623 3879 non
2672 3823 2905 3878 habebat
2949 3824 3038 3878 ubi
3088 3835 3249 3894 caput
3296 3839 3453 3878 suum
3507 3821 3827 3891 reclinaret,

2231 3914 2360 3983 quia
2388 3927 2511 3967 cum
2531 3913 2679 3969 dives
2697 3921 2845 3968 esset
2866 3927 3072 3984 pauper
3094 3913 3275 3969 factus
3304 3923 3391 3969 est
3422 3929 3436 3967 :
3471 3927 3573 3969 nec
3591 3913 3828 3982 gloriam

2235 4005 2396 4061 istius
2424 4004 2608 4059 saeculi
2662 4007 2993 4075 requirebat,
3044 4006 3174 4075 quia
3221 4014 3449 4061 venerat
3495 4020 3603 4061 nou
3661 4014 3728 4060 ut
3770 4007 3831 4063 in

2232 4098 2505 4179 portione,
2534 4096 2630 4152 sed
2656 4105 2715 4151 ut
2744 4097 2798 4151 in
2844 4099 3155 4153 universum
3197 4097 3438 4154 humano
3468 4098 3660 4169 generi
3694 4098 3830 4155 sub-

2233 4188 2465 4252 veniret,
2489 4186 2711 4240 dicens:
2740 4184 2875 4240 Mihi
2905 4187 3217 4251 irascimini,
3244 4188 3335 4258 qui
3358 4197 3526 4241 totum
3555 4187 3826 4243 hominem

2233 4279 2434 4333 salvum
2462 4277 2563 4347 feci
2586 4278 2639 4330 in
2669 4275 2944 4332 Sabbato.’
2969 4277 3151 4348 (Joan.
3177 4292 3276 4341 vit,
3319 4277 3437 4347 9.3.)
3489 4276 3604 4332 Hoc
3627 4287 3718 4333 est
3745 4288 3829 4332 to-

2234 4381 2373 4435 tum,
2399 4384 2507 4425 non
2556 4378 2617 4423 ut
2658 4368 2978 4424 facultatum
3023 4368 3312 4424 collatione
3357 4370 3579 4433 ditarat,
3607 4383 3720 4424 non
3764 4378 3830 4425 ut

545 4471 937 4545 migrantibus,
974 4466 1189 4521 vocavit
1231 4466 1520 4531 fugientes,
1570 4462 1917 4532 congregavit
1967 4459 2127 4531 173
2154 4515 2207 4545 τι
2236 4467 2501 4517 honorum
2546 4462 2864 4532 insignibus,
2919 4478 3025 4517 non
3078 4471 3139 4517 ut
3188 4462 3370 4534 gloriae
3407 4462 3690 4517 saecularis
3732 4478 3828 4518 eu-

546 4515 944 4633 ζᾩὶῖνῖῖἒὶ
969 4515 1106 4614 διέζιῖ
1129 4515 1459 4627 ιὲιιιέὶρἑιιι
1483 4515 1707 4624 hang:
1734 4515 1809 4609 .1;
1834 4572 1867 4607 α
1894 4515 2128 4623 ρεᾶἆιῖ.
2153 4515 2207 4578 θ
2236 4515 2498 4607 an...”
2524 4515 2813 4622 .....:;..‘.i.
2899 4515 3023 4606 iis;
3050 4515 3218 4609 enim“
3244 4515 3363 4607 to}.
3404 4515 3623 4607 habent
3654 4515 3828 4608 tea-

546 4654 694 4709 ribus
720 4648 1073 4721 salustl’sat.
1125 4662 1316 4714 cxvtu,
1365 4647 1513 4711 155).
1560 4665 1580 4697 ι
1627 4644 1867 4713 Quorum
1920 4654 2151 4711 serum,‘
2238 4643 2440 4698 tudinis
2478 4652 2532 4697 et
2574 4643 2762 4713 gratia:
2800 4642 3225 4714 plenitudinem,
3253 4645 3586 4710 sedstotum,
3615 4643 3827 4701 boccst

544 4742 751 4813 inquit,
795 4750 881 4795 est
913 4738 1200 4808 judicium,
1236 4752 1424 4793 eorum
1477 4734 1624 4791 salus
1664 4734 1822 4805 longe
1867 4742 1969 4789 est.
2022 4732 2130 4788 Sed
2234 4733 2622 4805 longitudinem
2651 4734 2773 4789 vitze
2809 4736 3261 4805 complecteretur
3287 4746 3520 4792 aeterna).
3554 4755 3575 4789 ι
3602 4736 3740 4792 ltem
3768 4738 3824 4793 in

549 4832 655 4903 ipsi
684 4830 915 4897 suntsui
940 4839 1189 4885 auctores
1208 4826 1452 4898 periculi,
1488 4827 1578 4895 qui
1613 4825 1842 4880 Domino
1875 4840 1983 4879 non
2035 4839 2131 4894 ap-
2241 4825 2399 4897 173
2414 4825 2601 4880 eodem
2618 4825 2856 4895 psalmo:
2886 4824 3047 4882 Ponit
3081 4829 3327 4883 thronum
3357 4844 3536 4891 suum,
3558 4828 3693 4898 quin
3716 4828 3827 4889 dia-

548 4924 1007 4995 propinquarum.
1049 4920 1174 4976 ideo
1203 4920 1333 4975 facti
1362 4927 1490 4974 sunt
1530 4918 1709 4988 longe,
1760 4916 1887 4986 quia
1935 4915 2128 4971 voluu-
2236 4916 2409 4976 belus,
2432 4931 2589 4985 super
2614 4916 2807 4971 sidera.
2836 4915 3063 4984 Quando
3092 4916 3326 4972 electum
3352 4916 3571 4986 decipit,
3606 4918 3829 4988 quando

553 5023 668 5083 tate
693 5029 790 5070 sua
816 5028 853 5067 a
876 5010 1069 5078 salutis
1090 5026 1149 5067 se
1172 5011 1345 5082 gratia
1369 5016 1778 5080 separaverunt;
1798 5005 1915 5062 Non
1937 5005 2136 5078 refugit
2232 5005 2438 5075 justum
2466 5006 3191 5079 circumvenit,cujusopera
3211 5007 3746 5064 lueeutsieut-stella:
3772 5012 3826 5065 in

552 5120 649 5173 eos
690 5104 862 5170 salus,
910 5103 1007 5163 sed
1041 5102 1141 5172 ipsi
1180 5101 1432 5166 salutem,
1480 5101 1574 5171 qui
1618 5116 1680 5156 se
1719 5099 2132 5169 elongaveruut.
2237 5095 2400 5150 cmlo.
2428 5115 2447 5147 ι
2477 5094 2929 5154 Nonneetludas
2957 5100 3199 5170 proditor
3227 5101 3368 5156 inter
3392 5102 3829 5158 ctelerosaudie-

555 5194 717 5252 Venit
738 5193 807 5251 ad
847 5191 1095 5257 Judteos,
1128 5192 1230 5260 sed
1259 5192 1361 5260 ipsi
1405 5191 1632 5248 salutem
1658 5206 1767 5246 non
1793 5197 2132 5259 receperunt.

548 5285 837 5353 Quomodo
858 5298 965 5351 non
988 5281 1506 5353 receperunttaudi.
1529 5278 1687 5337 Jesus
1702 5280 1847 5339 salus
1860 5289 1965 5345 est.
1978 5278 2138 5339 Jews
2212 5274 2396 5332 tholus
2430 5276 2763 5347 lumenejus
2784 5280 3084 5336 exstinxit?
3100 5282 3321 5352 quando
3350 5284 3519 5338 etiam
3549 5296 3693 5353 quos
3718 5296 3826 5341 non

557 5375 701 5431 filius
723 5374 957 5429 hominis
991 5362 1331 5442 nuncupatus
1375 5380 1485 5426 est.
1510 5371 1670 5427 Venit
1719 5370 1862 5425 ﬁlius
1899 5369 2135 5445 hominis
2240 5370 2481 5438 pulerit
2511 5372 2909 5433 circumvenire
2956 5368 3363 5440 calumniatur,
3402 5374 3651 5430 Invideus
3678 5373 3826 5443 regni

550 5478 801 5534 quatere
826 5470 882 5518 et
899 5460 1111 5520 salvum
1130 5457 1312 5517 facere
1339 5460 1482 5530 quod
1512 5460 1769 5529 perierat.
1812 5457 1939 5515 Sed.
1963 5455 2133 5517 Judmi
2240 5458 2481 5527 celestis
2497 5458 2723 5529 gloriam
2750 5475 2779 5527 ει
2798 5471 2859 5515 ut
2897 5477 3035 5531 quos
3077 5461 3351 5518 illecebris
3391 5464 3508 5518 suis
3536 5479 3576 5517 εει
3604 5463 3824 5520 Christo

2236 5187 2363 5241 hat:
2390 5185 2495 5241 Vos
2520 5189 2643 5241 estis
2667 5187 2763 5242 luto
2788 5191 3010 5245 mundi?
3038 5190 3257 5259 (Matth.
3286 5207 3339 5258 v,
3362 5191 3476 5259 14.)
3498 5190 3690 5248 Nonne
3713 5193 3829 5249 dia-
3856 5262 3863 5266 _
3978 5242 3979 5247 η

548 5554 759 5611 .dimitti
785 5552 889 5609 sibi
917 5551 1180 5609 latronem
1210 5549 1576 5620 postularunt,
1603 5547 1788 5605 Iesum
1816 5546 2135 5619 repudiave-

554 5655 704 5702 runt.
733 5665 754 5700 ι
799 5645 868 5700 Et
911 5645 1083 5700 item:
1115 5642 1197 5698 Ne
1244 5640 1462 5708 repellas
1510 5656 1591 5697 me
1618 5656 1675 5695 το
1704 5639 1987 5705 mandatis
2030 5640 2134 5694 tuis

556 5736 735 5811 (Ptol.
765 5753 922 5807 astu,
951 5737 1121 5808 10)σ.ι
1153 5734 1220 5799 Si
1254 5735 1399 5797 Deus
1430 5733 1661 5809 repellit
1692 5747 2138 5823 unumquemque

2241 5562 2349 5607 non
2382 5549 2573 5618 potuit
2588 5565 2863 5621 separare,
2884 5565 2980 5608 eos
2998 5553 3301 5610 calumniis
3324 5556 3447 5610 suis
3466 5554 3633 5610 debiti
3660 5556 3824 5609 lieno-

2242 5639 2319 5697 ris
2359 5637 2542 5697 fructu
2576 5641 2841 5702 fraudare
2890 5646 3329 5703 coneturrlcce
3365 5656 3569 5703 manus
3602 5638 3820 5702 Domini

2240 5740 2431 5803 parata
2476 5741 2605 5801 est,
2635 5744 2755 5806 quae
2783 5744 2835 5793 to
2868 5734 3162 5810 fugientem
3198 5738 3285 5804 ιιι»
3308 5737 3819 5795 adversariis-tuea-
