3992 6336
155 321 252 378 ΞΠ

897 317 986 373 DE
1023 311 1694 374 PWES’I‘INA‘I‘IONE
1725 309 2184 369 DISSERTATIO
2216 308 2633 368 POSTERIOR.

3293 311 3401 372 858

161 452 242 496 tur
261 451 329 493 ac
359 439 627 506 protegat.
655 431 866 490 Pharao
904 441 959 490 te
999 434 1056 490 in
1079 435 1324 505 patribus
1344 432 1567 488 tenebat
1596 448 1610 486 :
1639 444 1732 487 su-
1757 431 1813 492 Α
1832 426 1966 485 Iesu
1995 424 2250 482 adulterii
2279 440 2395 493 rea,
2441 434 2497 484 et
2544 425 2648 482 hac
2676 422 2856 481 oblata
2889 422 3100 493 fraude,
3133 434 3194 482 ut
3217 426 3266 482 si
3289 441 3415 484 eam

157 529 370 600 perbus,
403 525 650 581 immitis.
690 525 898 597 Fugisti
943 526 1016 581 ab
1055 541 1141 591 eo,
1175 524 1417 594 suscepit
1457 532 1510 578 te
1539 536 1734 577 tuanus

162 619 391 683 Domini,
433 625 492 672 et
536 618 604 673 de
646 617 904 689 periculis
957 617 1224 672 liberavit.
1280 615 1398 670 Non
1440 613 1737 668 dimisisset

161 711 386 775 Pharao,
429 709 536 764 nisi
589 719 645 763 tu
695 707 764 763 ad
813 707 1099 764 Dominum
1151 705 1465 777 refugisses.
1511 704 1738 758 Dicebat

163 801 391 864 Pharao,
421 800 706 854 Demittunt
733 800 926 863 nescio,
954 797 1125 853 Israel
1158 815 1261 852 non
1288 799 1503 852 demitto
1533 793 1733 866 (Exod.

162 907 216 957 v,
237 891 316 959 2).
349 887 517 945 Vides
535 904 700 961 quam
727 890 1012 960 superbus.
1060 888 1254 944 Merito
1292 903 1424 958 ergo
1454 894 1739 954 susceptus

164 985 220 1037 in
241 983 380 1038 bono
407 990 494 1036 est
511 982 603 1052 qui
635 981 834 1035 malum
861 980 1014 1052 fugit.
1047 979 1164 1035 Non
1203 979 1409 1049 patitur
1434 992 1565 1049 ergo
1593 975 1738 1030 Deus

165 1075 220 1130 in
243 1073 384 1129 malo
410 1088 512 1126 nos
535 1087 679 1136 esse,
701 1071 928 1141 suscipit
958 1072 1011 1125 in
1042 1072 1203 1126 bono.
1238 1069 1347 1125 Nec
1383 1069 1589 1138 patitur
1609 1082 1738 1122 suos

161 1163 448 1219 calumniis
468 1162 770 1232 subjacere.
803 1161 984 1228 Quare
1006 1175 1136 1229 ergo
1165 1175 1272 1215 non
1299 1174 1491 1214 omnes
1527 1158 1739 1214 salven-

164 1267 269 1318 ssr,
297 1255 371 1309 ita
397 1254 456 1308 in
485 1253 688 1309 eodem
717 1252 928 1323 psalmo
960 1253 1200 1322 caponit.
1245 1253 1388 1307 Dicit
1421 1250 1736 1322 Sapientia:

165 1342 419 1408 οιιιινηιιιι
457 1358 540 1397 me
577 1341 706 1396 ntali
730 1351 780 1396 et
809 1359 913 1396 non
941 1343 1220 1397 invenient.
1253 1341 1370 1396 Non
1399 1342 1524 1411 quia
1559 1341 1742 1396 Domi-

167 1453 266 1492 nus
288 1436 508 1490 nolebat
535 1435 762 1490 inveniri
786 1435 856 1491 ab
879 1435 1212 1499 hominibus,
1238 1436 1330 1505 qui
1357 1450 1419 1490 se
1447 1435 1610 1490 etiam
1634 1450 1742 1489 non

166 1528 534 1598 qutun-cutibus
561 1527 844 1592 offerebat,
877 1527 972 1582 sed
997 1527 1127 1596 quia
1150 1527 1235 1583 his
1253 1528 1506 1598 operibus
1533 1541 1743 1596 qumre—

163 1616 342 1680 hstur,
377 1625 440 1670 ut
489 1615 687 1686 indigni
732 1625 915 1671 essent
957 1616 1050 1686 qui
1099 1625 1409 1686 quaererent
1473 1616 1738 1671 invenire.

159 1705 665 1770 CaterumSimon,
706 1705 800 1776 qui
853 1721 975 1762 eum
1009 1705 1302 1770 nesciebat,
1337 1705 1562 1771 invenit,
1595 1707 1744 1760 inve-

1837 517 2160 582 absolveret,
2191 517 2363 588 legem
2399 517 2612 574 solvere
2633 515 2909 572 videretur
2935 531 2951 570 :
2989 519 3074 572 sin
3098 531 3225 575 vero
3253 519 3416 576 dam-

1827 619 2014 676 naret,
2039 611 2375 680 propositum
2407 611 2504 666 sui.
2525 619 2758 665 mutaret
2804 609 3090 675 adventus,
3121 611 3248 680 quia
3281 627 3415 682 pec-

1836 712 1956 758 cata
1983 703 2224 758 omnium
2258 702 2583 758 remissurus
2627 702 2867 757 advenit.
2913 722 2932 755 s
2965 702 3034 757 Et
3067 703 3196 758 item
3235 703 3290 760 in
3316 719 3414 760 eo-

1838 796 1960 850 dem
1991 813 2004 849 :
2033 813 2054 847 t
2093 793 2249 860 Vide,
2277 793 2467 858 lector,
2499 793 2681 848 divina
2708 794 2964 864 mysteria
2986 804 3042 848 et
3066 793 3415 854 clementiam

1838 883 2041 940 Christi
2070 903 2084 939 :
2127 900 2254 940 cum
2301 890 2587 940 accusatur
2617 884 2832 947 mulier,
2868 892 3031 955 caput
3055 882 3304 940 Christus
3333 886 3419 942 in-

1838 973 2054 1029 clinat:
2099 973 2278 1032 elevat
2324 982 2537 1039 autem,
2590 973 2680 1028 ubi
2735 973 2934 1028 defecit
2979 983 3284 1032 accusator.
3339 977 3418 1032 lta

1841 1064 2047 1120 nullum
2079 1063 2328 1119 damnari
2353 1064 2490 1129 vult,
2513 1063 2745 1120 absolvit
2763 1079 2972 1120 omnes.
3008 1083 3025 1117 ι

1911 1154 2068 1210 Nunc
2100 1156 2227 1225 quia
2272 1167 2483 1225 tempus
2521 1164 2577 1211 et
2617 1154 2754 1212 ordo
2797 1155 3032 1226 ponendi
3055 1165 3140 1212 est
3169 1167 3418 1216 sanctum

1840 1244 2104 1303 Joannem
2131 1247 2791 1318 Constantinopolitauum
2820 1249 3159 1320 episcopum,
3185 1251 3279 1320 qui
3296 1267 3422 1322 pro-

1841 1346 1964 1408 pter
1989 1338 2327 1396 dulcedinem
2369 1339 2602 1395 salubris
2643 1355 2710 1394 ac
2741 1340 3010 1411 saporivtc
3034 1340 3364 1398 elocutionis
3387 1359 3421 1398 a

1843 1427 2051 1484 Grtecis
2073 1427 2508 1500 Chrysostomos,
2538 1429 2589 1484 id
2614 1437 2700 1483 est
2727 1429 2802 1486 Os
2825 1445 3073 1498 aureum,
3101 1433 3422 1502 dignissime

1842 1531 1927 1582 est
1955 1520 2280 1592 appellatus,
2317 1522 2500 1578 verbis
2536 1523 2708 1578 sancti
2747 1523 3056 1593 Augustini,
3085 1525 3281 1596 quibus
3297 1542 3426 1584 eum

1845 1613 1900 1669 in
1931 1612 2296 1669 testimonium
2324 1627 2482 1667 suum
2511 1623 2701 1668 contra
2729 1613 3006 1671 lulianum
3042 1617 3318 1684 invitavit,
3345 1619 3425 1674 uti

1846 1703 2068 1773 dignum
2104 1702 2436 1757 censuimus.
2471 1703 2780 1774 ingredere,
2813 1706 3011 1776 inquit,
3039 1695 3226 1764 sancte
3251 1708 3424 1766 Joan-

160 1801 240 1856 nit
264 1799 534 1862 Andreas,
577 1797 852 1868 Philippus
886 1798 952 1851 ad
990 1796 1290 1854 Nathanael
1315 1814 1440 1856 eum
1470 1798 1743 1854 invenisse
1773 1797 1818 1858 Β
1845 1808 1966 1857 nes,
1989 1792 2273 1862 ingredere
2299 1802 2356 1848 et
2377 1794 2600 1849 conside
2634 1810 2760 1851 cuni
2802 1795 3064 1853 fratribus
3087 1799 3214 1866 tuis,
3242 1815 3278 1856 a
3305 1803 3430 1871 qui-

155 1907 220 1947 se
239 1890 402 1945 dixit.
433 1910 456 1938 s
491 1889 560 1944 Et
603 1889 733 1943 item
769 1889 830 1943 in
870 1889 1012 1944 libro
1040 1889 1109 1944 de
1132 1888 1330 1959 loseph
1357 1905 1372 1942 :
1420 1907 1440 1941 ι
1473 1888 1744 1944 Caeterum
1832 1883 1952 1940 .bus
1973 1883 2117 1972 nulla
2141 1883 2300 1948 ratio,
2333 1884 2480 1939 nulla
2511 1886 2743 1941 tentatio
2769 1894 2820 1942 te
2850 1889 3149 1958 separavit,
3180 1904 3318 1961 opus
3341 1901 3429 1950 est

159 1984 302 2054 quod
327 1984 404 2038 ad
426 1980 689 2037 moralem
728 1981 962 2051 pertinet
1009 1980 1209 2046 locum,
1255 1981 1384 2051 quia
1415 1995 1606 2036 omnes
1631 1981 1748 2035 vult
1845 1983 1904 2031 et
1931 1985 2021 2031 tua
2054 1976 2344 2033 sententia.
2372 1975 2475 2043 Qui
2513 1977 2592 2032 ait
2632 1978 2686 2032 in
2716 1978 3038 2034 Commenta
3075 1980 3333 2052 Epistolze
3354 1984 3424 2045 ad

157 2077 342 2132 salvas
368 2075 497 2130 ﬁeri
525 2075 790 2131 Dominus
819 2074 960 2131 Dens
989 2088 1221 2138 noSter,
1246 2075 1395 2150 dedit
1438 2075 1600 2130 etiam
1648 2087 1746 2146 per

160 2168 360 2238 loseph
397 2167 484 2222 his
511 2166 602 2236 qui
635 2175 763 2221 sunt
793 2167 848 2220 in
871 2167 1134 2222 servitute
1159 2166 1432 2222 solatium.

226 2259 366 2312 Item
396 2258 450 2310 in
475 2255 614 2311 libro
635 2258 812 2326 primo
829 2259 895 2312 de
912 2247 1243 2312 Pmnitentia
1266 2257 1405 2328 (cap.
1436 2257 1493 2327 '5)
1524 2275 1536 2310 :
1564 2275 1584 2308 ι
1622 2256 1746 2311 Non

158 2357 497 2402 mwternunt
530 2345 768 2416 proficiet
820 2346 982 2413 Deus,
1019 2356 1112 2401 aut
1156 2347 1492 2401 obliviscetur
1513 2347 1747 2401 misereri

161 2437 300 2492 Deus
329 2433 508 2507 (Psal.
534 2451 719 2498 LXXVI,
749 2435 800 2498 8,
833 2435 957 2506 10),
991 2435 1204 2492 clamat
1224 2437 1505 2506 propheta,
1539 2445 1592 2491 et
1621 2445 1750 2490 sunt

161 2529 252 2599 qui
268 2527 474 2582 divinae
495 2526 859 2582 miserationis
872 2528 1117 2595 quietiam
1135 2526 1623 2581 inducatitoblivia.
1639 2525 1748 2580 Sed

161 2624 316 2676 aiunt
343 2621 551 2676 ideose
575 2619 679 2674 ista
705 2633 983 2683 asserere,
1022 2633 1091 2673 ne
1120 2618 1432 2673 mutabilem
1466 2619 1635 2672 Deum
1667 2616 1748 2671 la-

161 2730 290 2770 cere
315 2714 634 2776 videantur,
661 2711 707 2765 si
743 2711 827 2765 bis
867 2711 1065 2780 quibus
1099 2710 1264 2765 fuerit
1288 2711 1458 2764 iratus
1483 2710 1747 2778 ignoscat.

159 2803 304 2870 Quid
341 2802 514 2872 ergo?
534 2799 948 2868 repudiabimus
972 2799 1154 2854 divina
1169 2798 1420 2862 macula,
1437 2807 1498 2853 et
1524 2798 1750 2852 istorum

159 2897 455 2966 opiniones
491 2892 823 2963 mutentur?
871 2890 983 2947 Sed
1031 2907 1141 2946 non
1183 2892 1328 2946 Deus
1364 2888 1557 2944 alienis
1580 2903 1752 2943 asser-

161 2988 442 3052 tionibus,
495 2986 590 3040 sed
644 2985 756 3040 suis
811 2983 1162 3038 aestimandus
1197 2991 1285 3037 est
1343 2981 1587 3036 vocibus.
1618 2999 1637 3031 ι
1686 2979 1754 3034 Ει

165 3088 288 3148 post
325 3076 605 3146 aliquanta
652 3074 792 3147 (cap.
830 3074 888 3142 4)
922 3090 936 3127 :
991 3092 1010 3124 ι
1043 3073 1112 3128 Ει.
1141 3083 1198 3128 ιιι
1229 3073 1471 3143 quidem,
1499 3071 1746 3136 Domine,

1849 2066 2141 2122 Hebraeos:
2174 2086 2193 2119 ι
2218 2066 2298 2122 Ad
2328 2067 2730 2138 pmpitiandutn
2755 2070 2924 2136 enim,
2961 2071 3156 2141 inquit,
3184 2075 3426 2144 peccatis

1849 2159 2050 2213 nostris
2077 2175 2092 2213 :
2117 2174 2285 2229 quare
2330 2175 2436 2214 non
2468 2160 2606 2214 dixit
2633 2161 2848 2225 mundi,
2899 2164 2995 2220 sed
3037 2165 3172 2222 dixit
3210 2167 3432 2237 populi?

1850 2247 1984 2303 Nam
2024 2249 2262 2305 omnium
2306 2259 2527 2320 peccata
2577 2252 2883 2308 sustinuit:
2916 2254 3011 2311 sed
3037 2256 3166 2324 quia
3209 2258 3426 2314 interim

1849 2343 1916 2397 de
1937 2343 2067 2412 ipsis
2097 2343 2408 2400 vertebatur
2432 2359 2636 2401 sermo.
2683 2346 2820 2403 Nam
2868 2357 2926 2406 et
2953 2352 3186 2420 angelus
3209 2353 3433 2410 dicebat

1848 2429 2086 2502 Ioseph:
2134 2432 2358 2489 Vocabis
2395 2451 2582 2490 nomen
2616 2437 2732 2507 ejus
2760 2439 2969 2505 Jesunt,
3011 2442 3121 2512 ipse
3161 2445 3300 2499 enim
3323 2445 3434 2500 sal-

1850 2524 1986 2578 uabit
2024 2525 2274 2595 populum
2306 2543 2461 2582 suum
2491 2527 2708 2597 (Matth.
2738 2547 2780 2595 ι,
2817 2533 2932 2603 12).
2957 2532 3071 2590 Hoc
3094 2535 3294 2607 quippe
3311 2538 3429 2607 pri-

1849 2627 1998 2668 mum
2018 2615 2259 2683 oportuit
2281 2613 2420 2679 ﬁeri,
2446 2623 2500 2670 et
2523 2628 2746 2688 propter
2764 2621 2871 2677 hoc
2891 2623 3057 2687 venit,
3088 2633 3147 2677 ut
3167 2625 3302 2681 istos
3321 2627 3434 2683 sal.

1851 2712 2035 2768 varet,
2061 2714 2122 2759 et
2149 2713 2276 2761 tunc
2303 2721 2408 2776 per
2432 2708 2569 2764 istos
2605 2709 2748 2773 illos,
2781 2712 2996 2769 tametsi
3035 2723 3259 2771 econtra
3293 2731 3432 2775 con-

1853 2793 1989 2863 tigit.
2034 2792 2159 2851 Haec
2198 2796 2366 2852 etiam
2407 2798 2651 2867 Apostoli
2695 2800 2764 2856 ab
2795 2801 2913 2873 ipso
2953 2803 3112 2860 initio
3133 2807 3433 2864 dicebant:

1863 2889 2017 2946 Vobis
2062 2894 2323 2948 suscitans
2349 2895 2520 2964 ﬁlium
2561 2913 2716 2952 suum
2745 2898 2886 2954 misit
2931 2901 3317 2960 benedicentem
3342 2921 3434 2961 vos

1854 2979 1996 3052 (Act.
2029 2997 2114 3048 ιιι,
2141 2984 2256 3055 26).
2282 2985 2350 3042 Et
2387 2986 2610 3054 iterum,
2647 2988 2804 3046 Vobis
2841 3008 3012 3048 sernto
3035 2995 3225 3050 salutis
3243 2999 3438 3054 missus

1857 3083 1930 3128 est
1953 3089 1973 3138 ,'
1999 3075 2088 3128 sed
2119 3077 2246 3145 quia
2296 3077 2545 3147 repellitis
2566 3078 2726 3146 illud,
2754 3091 2802 3135 et
2831 3082 3078 3154 indignos
3108 3101 3200 3141 vos
3218 3087 3438 3156 judica-

164 3147 360 3224 omnes
392 3168 550 3238 cupis
581 3181 795 3230 sanare,
821 3165 918 3222 sed
943 3183 1048 3220 non
1077 3179 1268 3220 omnes
1295 3164 1478 3220 curari
1505 3163 1711 3218 volunt.
1727 3181 1744 3213 ι
1781 3147 1824 3209 C
1857 3163 1924 3218 tis
1951 3175 2162 3220 aeterm:
2185 3168 2325 3232 uitat,
2348 3185 2466 3224 ecce
2478 3173 2836 3226 convertimur
2863 3175 2936 3229 ad
2948 3147 3128 3246 penus
3152 3147 3292 3248 (Act.
3314 3196 3437 3246 xm,

167 3261 232 3316 Et
267 3262 408 3316 item
443 3266 568 3330 post
593 3259 868 3328 aliquanta
894 3257 1038 3328 (cap.
1079 3256 1205 3328 {2):
1250 3275 1268 3307 t
1297 3257 1416 3327 Ipse
1457 3264 1510 3309 te
1538 3255 1750 3319 doceat,

167 3356 255 3426 qui
295 3355 470 3409 etiam
513 3367 619 3407 non
666 3350 1099 3407 eustodien-tibus
1128 3350 1380 3404 mandata
1415 3365 1514 3404 sua
1538 3349 1752 3403 veniam

169 3464 272 3503 non
326 3445 566 3516 negavit,
623 3443 765 3498 sicut
809 3443 978 3497 babes
1028 3443 1081 3496 in
1137 3437 1339 3497 Psaltni
1379 3455 1643 3511 corpore,
1694 3438 1755 3494 Si

163 3536 404 3605 justitias
447 3549 594 3586 meas
632 3531 1029 3601 profanaverint
1075 3527 1228 3602 (Psal
1259 3545 1526 3594 Lxuvut,
1558 3529 1671 3600 32),
1700 3537 1756 3583 et

171 3627 400 3696 reliqua.
435 3623 700 3678 Omnibus
734 3622 905 3690 igitur
930 3620 1201 3692 promittit
1241 3621 1690 3676 misericordiam.
1731 3640 1749 3672 ι

170 3716 300 3770 item
333 3717 387 3768 in
413 3711 818 3768 secundoliltro
836 3713 976 3782 (cap.
997 3711 1090 3784 4):
1129 3731 1148 3762 ι
1169 3711 1236 3766 Et
1263 3712 1386 3766 ideo
1417 3711 1752 3766 revertimini

170 3811 234 3864 ad
261 3807 592 3870 Ecclesiam,
618 3808 664 3861 si
695 3807 785 3876 qni
813 3821 911 3861 vos
941 3807 1237 3878 separastis
1275 3807 1459 3876 impie.
1485 3806 1752 3864 Omnibus

169 3902 314 3956 enim
356 3898 638 3955 conversis
683 3897 968 3968 pollicetur
1009 3899 1246 3963 veniam,
1297 3899 1424 3968 quia
1489 3899 1755 3969 scriptum

171 4001 254 4046 est
279 4009 295 4044 :
325 3988 514 4044 Ostiis
537 3988 830 4058 quicunque
854 3987 1165 4041 invocarerit
1195 4003 1384 4041 nomen
1419 3987 1753 4043 Dominisal-

171 4098 261 4134 sus
299 4081 401 4134 erit
438 4078 611 4149 (Rom.
643 4095 698 4142 ι,
736 4078 846 4147 15).
879 4096 898 4129 ι
939 4077 1007 4132 Et
1042 4077 1172 4132 item
1209 4078 1349 4149 (cap.
1381 4077 1437 4146 5)
1467 4093 1482 4130 :
1519 4095 1538 4128 ι
1575 4077 1682 4132 Sed
1707 4078 1754 4133 si

173 4169 258 4224 isti
281 4183 394 4223 non
423 4174 834 4230 convertuntur,
872 4164 958 4220 vel
987 4181 1083 4220 vos
1103 4165 1460 4229 revertimini,
1487 4167 1577 4235 qui
1603 4166 1756 4236 lapsu

173 4261 324 4315 var-io
352 4259 426 4314 de
453 4259 776 4312 innocentiae
816 4256 1048 4327 ﬁdeique
1077 4257 1339 4327 praecelso
1368 4255 1587 4327 fastigio
1617 4257 1757 4312 deci-

175 4351 351 4407 distis.
379 4350 590 4404 Bonum
635 4349 922 4404 Dominum
952 4349 1236 4414 habemus,
1268 4349 1359 4418 qui
1383 4350 1516 4405 velit
1552 4350 1758 4404 donare

174 4443 450 4498 omnibus.
485 4458 507 4492 ι
549 4440 617 4496 Et
659 4449 783 4511 post
808 4439 1083 4510 aliquanta
1115 4441 1254 4511 (cap.
1299 4439 1395 4511 6):
1441 4459 1461 4492 ι
1497 4440 1617 4512 ipse
1646 4440 1754 4496 Do-

177 4535 357 4590 minus
391 4532 732 4588 Hierusalem
767 4531 933 4599 ﬂevit,
960 4540 1021 4587 ut
1040 4533 1168 4603 quia
1207 4533 1322 4602 ipsa
1352 4532 1484 4589 ﬂere
1519 4531 1752 4597 nolebat,

179 4621 389 4678 Domini
442 4621 699 4692 lacrymis
745 4620 814 4678 ad
865 4621 1080 4675 veniam
1123 4621 1441 4691 pertineret.
1496 4621 1619 4693 Ipse
1657 4637 1758 4678 nos

179 4712 303 4767 ﬂere
344 4713 482 4775 vult,
515 4721 575 4764 ut
600 4710 834 4766 evadere
871 4711 1163 4781 possimus.
1215 4712 1356 4768 sicut
1393 4712 1562 4767 habes
1623 4713 1770 4768 scri-'

181 4812 327 4874 ptum
350 4805 409 4859 in
431 4803 748 4872 Evangelia,
781 4799 936 4857 Filia:
962 4800 1318 4867 Hierusalem,
1342 4802 1498 4858 nolite
1513 4820 1594 4858 me
1606 4805 1758 4874 ﬂere,

182 4898 372 4950 sedem
396 4897 541 4964 ipsas
561 4897 681 4963 ﬂete
702 4892 853 4964 (Luc.
886 4910 1045 4957 xxttt,
1066 4892 1180 4964 28).
1219 4912 1239 4945 ι
1270 4893 1337 4948 Ει
1373 4895 1500 4949 item
1533 4895 1673 4950 idem
1705 4895 1758 4950 in

186 4999 435 5040 sermone
483 4999 549 5039 ex
613 4984 881 5038 sententia
909 4983 1151 5054 Apostoli
1200 5001 1214 5037 :
1260 5003 1280 5036 ι
1317 4983 1554 5038 Credidit
1601 4983 1761 5057 174Ι

185 5073 449 5128 Abraham
477 5072 605 5136 Deo,
623 5081 673 5126 et
695 5081 989 5142 reputatum
1020 5083 1097 5127 est
1129 5071 1178 5126 ei
1210 5073 1279 5126 ad
1320 5073 1587 5142 justitiam
1611 5071 1756 5144 (Gal.

186 5179 246 5228 ll,
277 5165 354 5234 6).
379 5164 627 5234 Denique
649 5164 728 5218 ait
751 5164 1042 5233 Apostolus
1072 5182 1086 5218 :
1125 5163 1260 5218 Ecce
1279 5181 1372 5232 ego
1404 5161 1611 5225 Paulus
1641 5167 1759 5218 dico

186 5256 345 5320 saltss,
367 5254 623 5323 quoniam
641 5253 689 5306 si
708 5253 1178 5318 circumcidamitti,
1202 5253 1444 5308 Christus
1466 5254 1607 5308 vobis
1629 5249 1761 5308 nihil

187 5345 414 5412 proderit
437 5342 584 5413 (Gal.
614 5359 667 5408 ν,
701 5343 778 5414 2).
805 5343 920 5398 Non
959 5345 1086 5414 quia
1116 5361 1221 5400 non
1259 5347 1449 5416 possit,
1485 5347 1583 5401 sed
1628 5347 1759 5416 quia

191 5433 437 5505 indignos
465 5434 747 5490 beneficiis
774 5437 888 5491 suis
923 5434 1130 5505 iudicet
1172 5439 1266 5508 qui
1309 5439 1426 5493 vias
1455 5437 1576 5508 ejus
1607 5439 1764 5495 dese-

195 5539 332 5582 rant.
364 5547 384 5580 s
426 5528 493 5585 Et
523 5528 651 5585 item
683 5527 738 5583 in
767 5543 1017 5584 sermone
1041 5530 1339 5601 Evangelii,
1373 5531 1517 5602 quod
1547 5542 1763 5602 praster-

192 5615 302 5670 ietts
327 5616 484 5671 Jesus
509 5617 636 5674 uidit
675 5636 709 5672 a
743 5619 1071 5688 generatione
1125 5637 1321 5675 ctecum
1351 5619 1537 5690 (Ioan.
1569 5638 1647 5687 ts,
1686 5624 1760 5693 l).

197 5725 218 5759 ι
245 5707 434 5767 Oblata
457 5719 608 5784 erat,
627 5711 822 5784 inquit,
852 5728 882 5768 ει
900 5711 1107 5770 Scribis
1138 5721 1194 5769 et
1224 5712 1513 5770 Pharisaeis
1537 5714 1762 5774 Domino

1789 4491 1838 4554 D

1857 3253 1971 3323 i6).
2021 3255 2450 3313 Generositatcm
2507 3260 2597 3316 hic
2645 3264 2884 3319 ostendit
2924 3263 3225 3332 Iudaicam,
3253 3270 3440 3326 dicens

1857 3347 1925 3401 ad
1949 3348 2350 3416 propitiandutu
2369 3353 2617 3420 peccatis
2638 3355 2841 3422 populi.
2867 3375 2886 3406 ι
2917 3355 3115 3411 lterum
3147 3359 3228 3414 sic
3256 3361 3432 3417 dixit.

1862 3454 1882 3488 ι
1911 3436 2012 3503 Qui
2034 3437 2223 3499 enim?
2253 3439 2368 3508 ipse
2396 3449 2480 3494 cst
2517 3441 2607 3511 qui
2647 3453 2869 3512 peccata
2895 3447 3140 3502 omnium
3185 3450 3435 3509 dimittit.

1859 3525 2220 3582 Nauil‘cstavit
2273 3529 2327 3584 in
2376 3531 2676 3603 paralytico
2717 3535 2925 3602 dicens,
2969 3537 3321 3595 Dimittuntur
3344 3542 3438 3597 tibi

1853 3629 2068 3688 peccata
2091 3617 2281 3689 (Herc.
2316 3621 2389 3692 v).
2437 3622 2505 3677 Et
2545 3623 2602 3676 in
2646 3624 2991 3694 baptismate.
3022 3629 3168 3685 Dixit
3193 3633 3340 3686 enim
3371 3635 3440 3688 ad

1857 3710 2152 3782 discipulos
2173 3727 2340 3767 suos:
2378 3712 2580 3768 [ﬂantes
2621 3716 2800 3771 docete
2825 3735 3005 3774 omnes
3046 3731 3240 3788 gentes.
3263 3723 3437 3792 bapti-

1837 3814 2038 3856 santes
2066 3818 2153 3857 eos
2175 3801 2232 3856 in
2253 3804 2462 3858 nomine
2485 3800 2689 3870 Patris,
2726 3815 2774 3860 et
2807 3805 2958 3872 Filii,
2997 3820 3044 3864 et
3065 3809 3300 3880 Spiritus
3319 3829 3440 3870 san-

1853 3888 1928 3943 cti
1948 3889 2164 3959 (Matth.
2196 3907 2392 3957 xxvtn,
2423 3892 2534 3964 l9).
2566 3914 2587 3948 ι
2613 3894 2682 3950 Ει
2706 3897 2837 3951 item
2871 3915 2887 3952 :
2918 3915 2938 3950 ι
2963 3898 3097 3955 Nam
3127 3911 3183 3956 et
3204 3901 3441 3959 beatitu-

1859 3977 2015 4033 dines
2042 3993 2163 4048 qua:
2181 3995 2210 4032 a
2233 3979 2455 4035 Christo
2477 3981 2752 4049 dicuntur,
2785 3995 2893 4040 non
2919 3988 3204 4045 monachis
3232 3999 3443 4048 tantum

1859 4069 2018 4125 dictae
2059 4079 2206 4136 sunt,
2245 4071 2488 4142 alioquin
2530 4073 2818 4155 universus
2861 4077 3096 4135 mundus
3137 4083 3359 4150 peribit,
3386 4097 3446 4141 et

1859 4161 2239 4218 accusabimus
2257 4163 2638 4222 crudelitatem
2666 4166 2782 4223 Dei.
2817 4166 2874 4223 Si
2899 4185 3032 4226 vero
3074 4173 3448 4234 beatitudines

1840 4250 1994 4308 solis
2021 4253 2305 4308 monachis
2330 4252 2476 4310 datae
2501 4263 2648 4320 sunt,
2679 4257 2998 4314 sreenlarem
3046 4271 3229 4317 autem
3261 4264 3444 4321 homi-

1860 4358 1988 4400 nem
2044 4343 2378 4415 impossibile
2429 4355 2516 4404 est
2568 4364 2684 4405 eas.
2716 4350 2942 4421 implere
2974 4392 2990 4418 ,
3055 4355 3172 4426 ipse
3226 4360 3446 4429 nuptias

1855 4436 2038 4509 jussit,
2070 4437 2186 4510 ipse
2223 4453 2356 4510 ergo
2377 4455 2568 4496 omnes
2612 4442 2868 4513 perdidit.
2915 4443 2973 4500 Si
3007 4448 3151 4504 enim
3181 4463 3291 4507 non
3317 4465 3447 4522 pos-

1863 4536 2134 4584 suntcum
2160 4530 2364 4600 nuptiis
2389 4546 2454 4586 ea
2477 4545 2601 4602 quae
2625 4534 3014 4592 monachorum
3042 4548 3172 4594 sunt
3195 4541 3445 4613 implere,

1863 4619 2218 4691 perieruntet
2247 4623 2486 4693 corrupti
2518 4631 2663 4690 sunt,
2695 4633 2752 4682 et
2786 4626 2842 4683 in
2872 4639 3158 4700 angustum
3185 4636 3448 4696 conclusa

1865 4723 1987 4779 quae
2012 4709 2230 4767 virtutis
2265 4721 2416 4777 sunt,
2438 4721 2498 4768 et
2519 4715 2792 4783 quomodo
2809 4716 3156 4780 honorabiles
3175 4736 3304 4782 sunt
3327 4743 3452 4798 qua:

1849 4800 2025 4860 nobis
2053 4810 2262 4859 tanaim
2281 4805 2616 4877 impediunt?
2641 4809 2780 4878 Quid
2798 4825 2930 4883 ergo
2949 4814 3290 4889 impossibile
3314 4829 3400 4876 est
3425 4823 3449 4876 τ

1865 4900 1923 4948 et
1948 4892 2106 4949 valde
2131 4895 2407 4964 possibile,
2439 4898 2608 4954 etiam
2655 4900 2920 4958 habentes
2955 4919 3158 4963 uxores
3183 4907 3449 4966 virtutem

1867 4985 2089 5056 aggredi
2114 4986 2160 5041 si
2196 4987 2547 5046 voluerimus.
2592 4990 2912 5060 Quomodo?
2941 4997 2994 5052 si
3033 4999 3452 5059 habentes-tau-

1867 5091 2034 5146 quam
2066 5091 2175 5132 non
2219 5077 2482 5136 habentes
2524 5081 2714 5138 simus.
2769 5083 2873 5153 Qui
2916 5102 3022 5142 non
3049 5088 3365 5154 gaudemus
3393 5091 3448 5148 in

1867 5167 1956 5224 his
1979 5185 2104 5239 qua:
2116 5171 2487 5240 possidemus;
2517 5173 2563 5228 si
2585 5175 3032 5233 undoutamur
3057 5187 3317 5250 tanquam
3341 5197 3449 5238 non

1799 5327 1804 5330 _
1867 5272 2106 5320 utentes.
2130 5264 2188 5321 Si
2213 5274 2396 5323 autem
2435 5267 2602 5338 aliqui
2645 5269 2889 5340 impediti
2932 5281 3162 5328 suntex
3210 5275 3445 5345 nuptiis.

1873 5355 2031 5427 175
2051 5357 2227 5413 sciant
2243 5359 2496 5428 quoniam
2522 5375 2629 5416 non
2644 5361 2852 5433 nuptias
2877 5361 2984 5418 illis
3010 5363 3450 5434 impedimentum

1867 5447 2126 5513 fuerunt,
2175 5449 2269 5505 sed
2297 5449 2561 5506 voluntas
2625 5467 2750 5523 qua:
2794 5452 2954 5508 male
2981 5453 3166 5508 utitur
3212 5458 3448 5527 nuptiis;

1851 5555 1992 5595 nam
2021 5555 2197 5612 neque
2223 5542 2406 5596 vinum
2437 5541 2941 5612 iacitebrletate‘ut',
2976 5546 3069 5602 sed
3105 5546 3356 5606 voluntas
3397 5557 3455 5608 et

1868 5646 2134 5687 excessus
2183 5633 2586 5689 moderationis.
2643 5633 2830 5690 Utere"
2892 5652 3017 5693 cum
3085 5639 3454 5698 moderatione

1870 5724 2087 5796 nuptiis,
2119 5732 2174 5780 et
2201 5725 2408 5797 primus
2425 5756 2427 5758 -
2443 5726 2556 5783 eris
2579 5727 2635 5783 in
2659 5726 2871 5798 ’ἠθμὸς
2889 5737 2945 5787 et
2960 5731 3228 5790 *oumibus
3257 5731 3454 5792 frueris
3468 5761 3481 5774 κ
