3992 6336
508 322 633 406 at:

1472 344 1807 405 HINCMARI
1843 342 2236 404 RHEMBNSIS
2283 334 2815 404 ARClllEPlSCOPl

3672 339 3787 398 Ωιι

508 461 675 536 179
707 447 761 519 in
788 460 981 529 nobis,
1009 460 1096 517 vel
1131 468 1191 518 ut
1210 461 1454 518 discedat
1496 476 1527 517 ιι
1555 448 1730 518 nobis.
1779 458 1916 515 Illud
1945 459 2090 515 enim
2118 463 2170 523 Α
2196 457 2351 530 cipiis
2409 458 2658 517 Ieremia.-
2697 475 2819 530 quae
2866 459 3176 516 referuntur
3207 457 3278 516 de
3319 456 3434 515 Deo
3457 498 3474 525 ,
3512 455 3602 513 vel
3638 458 3791 529 apud

505 556 569 610 ﬁt
603 555 821 625 quando
857 552 1100 611 eteiestia
1138 553 1484 621 meditamur,
1531 553 1639 609 hoc
1669 559 1849 608 autem
1875 551 2093 623 quando

506 647 575 703 ad
619 645 895 704 saecularia
938 644 1293 701 declinamus.
1322 663 1342 697 ι
1395 644 1528 701 Item
1574 645 1628 700 in
1671 643 1892 699 homilia
1921 641 2111 712 prima

505 736 707 795 Psalmi
735 753 806 794 ιι
839 756 860 790 s
888 736 1179 809 Propterea
1217 734 1416 801 scribo,
1452 742 1516 790 nt
1545 735 1739 791 vulnus
1775 734 1830 790 et
1862 732 2098 788 mediea-

507 835 691 885 menta
725 827 961 884 universi
995 834 1345 899 cognoscant.
1380 824 1500 881 Non
1526 824 1689 881 timeo
1703 822 2098 889 confusionem,

505 916 634 988 quia
665 930 842 971 meam
879 915 1107 971 salutem
1155 915 1424 971 desidero.
1482 912 1576 970 Sic
1611 922 1666 970 et
1695 911 1895 968 Paulus
1928 912 2095 967 facit:

506 1018 770 1066 concessa
798 1008 902 1065 sibi
941 1015 1164 1080 peccata
1212 1007 1454 1078 publicat
1481 1007 1705 1063 dicens:
1754 1004 1967 1062 Gratias
2000 1021 2099 1077 ago

503 1099 599 1172 qui
619 1117 702 1154 me
722 1100 1031 1171 confortavit
1050 1097 1280 1166 Christo,
1295 1099 1420 1172 quia
1438 1098 1645 1169 ﬁdelem
1659 1116 1740 1155 me
1763 1099 2096 1165 existimavit,

503 1191 600 1263 qui
629 1193 778 1264 prius
809 1191 892 1263 fui
915 1190 1245 1264 blasphemus
1280 1200 1331 1247 et
1362 1200 1660 1263 persecutor
1689 1200 1739 1246 et
1763 1190 2103 1247 contumelio-

503 1298 603 1340 sus
625 1322 641 1347 ,
698 1290 748 1337 ct
774 1297 914 1336 nunc
947 1280 1155 1350 fidelem
1181 1297 1263 1336 me
1289 1281 1411 1352 fecit
1457 1280 1509 1354 (1
1541 1278 1677 1336 Tim.
1708 1297 1724 1336 ι
1750 1322 1766 1347 ,
1806 1281 1915 1351 l2).
1962 1280 2098 1336 Pro-

504 1380 719 1445 pterea,
748 1372 960 1443 inquit,
1002 1372 1382 1443 memetipsum
1409 1371 1659 1442 publico,
1688 1379 1749 1426 ut
1786 1372 1833 1427 si
1862 1373 1985 1442 quis
2016 1378 2103 1427 est

510 1463 862 1535 blasphemus
888 1469 947 1518 et
974 1461 1269 1534 iniuriosus
1285 1504 1302 1531 ,
1334 1471 1390 1519 et
1419 1462 1603 1519 multis
1627 1463 1896 1519 obnoxius
1920 1462 2097 1530 malis,

507 1572 617 1614 non
649 1556 899 1626 desperet
922 1544 1170 1612 salutem.
1212 1555 1444 1611 Tantum
1476 1566 1559 1612 est
1584 1564 1644 1612 ut
1680 1552 1898 1613 recedat
1921 1572 1951 1612 a
1979 1571 2089 1612 ma-

504 1648 576 1704 lis
602 1655 657 1701 et
685 1647 849 1703 faciat
880 1646 1046 1712 bona,
1074 1655 1131 1702 et
1153 1647 1351 1702 habeat
1380 1661 1530 1718 spem
1562 1646 1753 1704 salutis
1770 1689 1784 1714 ,
1812 1647 1939 1718 quia
1974 1647 2100 1704 nolo

504 1749 737 1797 mortem
774 1742 1109 1812 peccatoris,
1140 1740 1265 1796 dicit
1295 1739 1587 1805 Dominus,
1632 1749 1838 1796 tantum
1869 1750 1927 1796 ut
1962 1756 2096 1797 con-

2198 552 2434 623 reliquos
2455 554 2765 623 prophetas.
2783 540 3088 622 'Quomodo
3111 552 3277 609 etiam
3314 568 3437 609 cum
3466 553 3789 623 despicere-

2197 650 2286 698 tur
2311 643 2544 714 180a
2578 650 3016 698 contemneretur
3041 657 3073 697 a
3104 642 3332 713 populo,
3375 650 3559 697 tamen
3592 656 3795 699 rursus

2198 736 2577 790 revertebatur
2622 733 2689 789 ad
2720 748 2834 799 eos,
2876 742 2933 791 et
2971 749 3157 790 amore
3199 750 3388 791 eorum
3426 735 3790 799 constrictus,

2198 827 2507 880 sectabatur
2528 840 2625 881 eos
2643 825 2808 880 etiam
2835 840 3054 882 aversos
3084 842 3113 880 a
3146 842 3225 883 se.
3280 825 3348 881 Et
3370 827 3473 883 hoc
3495 835 3604 892 est,
3633 827 3793 898 quod

2196 912 2315 987 ipse
2352 917 2611 973 Dominus
2638 918 2692 972 iu
2729 917 3038 989 Evangeliis
3081 917 3285 973 indicat
3313 933 3437 974 cum
3474 917 3648 974 dicit:
3698 917 3795 973 Je-

2198 1004 2467 1074 rusalem,
2502 1003 2821 1073 Ierusalem,
2856 1025 2974 1080 σιω
3011 1008 3209 1063 occidis
3250 1010 3527 1079 prophetas
3569 1018 3620 1064 et
3644 1008 3795 1079 lapi-

2199 1099 2298 1154 das
2319 1099 2506 1154 missos
2526 1100 2597 1154 ad
2619 1111 2670 1154 te
2698 1118 2718 1155 :
2740 1102 2945 1172 quoties
2975 1099 3118 1155 volui
3141 1114 3458 1171 congregare
3478 1100 3618 1170 ﬁlios
3636 1110 3796 1166 tuos,

2198 1191 2334 1247 sicut
2373 1190 2573 1263 gallina
2617 1201 2894 1263 congregat
2930 1191 3103 1264 pullos
3145 1207 3270 1246 suos
3298 1192 3394 1245 sub
3430 1191 3532 1245 alis
3568 1193 3705 1254 suis,
3742 1200 3799 1246 ct

2199 1281 2455 1337 noluisti?
2501 1280 2732 1355 (Matth.
2781 1298 2940 1348 χχιιι,
2976 1281 3105 1355 '57.)
3162 1283 3271 1338 Sed
3308 1290 3371 1338 et
3415 1281 3615 1339 Paulus
3653 1282 3798 1339 dicit

2202 1373 2271 1430 ad
2300 1373 2611 1430 Corinthios
2635 1374 2913 1441 scribens,
2943 1375 3195 1445 quoniam
3230 1370 3369 1428 Deus
3392 1383 3504 1429 erat
3536 1374 3596 1429 in
3629 1372 3799 1429 Chri-

2199 1476 2280 1523 sto
2317 1467 2574 1522 mundum
2615 1465 2958 1522 reconcilians
3003 1466 3103 1522 sibi
3142 1464 3227 1537 (II
3265 1462 3389 1519 Cor.
3420 1480 3473 1531 v,
3505 1465 3635 1535 £9),
3678 1479 3794 1520 non

2201 1568 2464 1631 reputans
2488 1558 2567 1616 eis
2596 1559 2793 1616 delicta
2816 1559 3056 1632 ipsorum
3074 1599 3089 1627 ,
3122 1568 3178 1615 et
3197 1559 3377 1631 posuit
3400 1557 3452 1612 in
3479 1557 3637 1613 nobis
3661 1571 3794 1612 ver-

2199 1651 2329 1708 bum
2367 1651 2848 1708 reconciliationis.
2924 1650 3032 1705 Pro
3072 1650 3291 1706 Christo
3328 1650 3474 1704 enim
3515 1647 3799 1719 legatione

2203 1743 2502 1816 fungimur,
2545 1746 2688 1800 sicut
2717 1746 2825 1800 Deo
2869 1745 3194 1815 deprecante
3238 1758 3334 1814 per
3371 1758 3501 1808 nos,
3532 1756 3797 1813 rogamus

506 1842 756 1889 vertatur
800 1841 857 1888 et
902 1833 1065 1887 vivat.
1096 1851 1116 1884 ι
1146 1831 1281 1888 item
1321 1832 1375 1887 in
1421 1832 1641 1888 homilia
1683 1832 1750 1889 de
1784 1832 2048 1890 Cananzea
2080 1854 2093 1890 :
2130 1824 2176 1885 Β
2200 1851 2300 1907 pro
2339 1835 2561 1892 Christo
2588 1836 3014 1892 reconciliamini
3057 1837 3186 1891 Deo.
3246 1832 3373 1890 Rrec
3398 1835 3563 1890 etiam
3589 1833 3659 1889 ad
3692 1848 3797 1889 nos

510 1922 861 1989 s'Transiens,
880 1924 1074 1996 inquit,
1091 1922 1247 1979 Iesus
1271 1924 1398 1979 vidit
1423 1923 1735 1979 Matt/atrum
1759 1926 2016 1981 sedentem
2042 1927 2098 1981 in

505 2015 734 2082 teloneo,
761 2026 809 2071 et
832 2015 964 2071 dixit
996 2017 1078 2072 ei:
1110 2014 1335 2087 Sequere
1357 2032 1438 2071 me
1466 2015 1683 2086 (Matth.
1712 2033 1790 2085 ιι,
1816 2017 1893 2089 9).
1921 2017 2097 2075 Ovir—

409 2162 417 2169 ,
508 2116 596 2163 tus
623 2106 923 2164 sermonis!
947 2107 1100 2178 quasi
1129 2107 1348 2178 quidam
1375 2107 1584 2163 introiit
1608 2108 1819 2174 hamus,
1847 2119 1901 2165 et
1922 2109 2095 2179 capti-

503 2211 635 2253 vum
660 2198 882 2253 militent
919 2197 1048 2254 fecit
1072 2241 1087 2266 ,
1136 2207 1191 2253 et
1235 2214 1301 2254 ex
1340 2198 1454 2254 luto
1479 2215 1670 2255 aurum
1705 2208 1789 2256 est
1815 2211 2091 2271 operatus.

510 2287 669 2345 Venit
692 2291 946 2357 uucinus,
976 2298 1031 2346 et
1057 2291 1240 2346 statim
1264 2305 1561 2363 exsurgens
1596 2302 1813 2349 secutus
1843 2301 1926 2348 est
1947 2310 2092 2350 eum.

505 2380 565 2436 In
593 2381 867 2452 profundo
896 2382 1253 2454 malignitatis
1279 2393 1428 2449 erat,
1461 2392 1515 2440 et
1538 2401 1709 2457 usque
1735 2386 1803 2441 ad
1835 2387 2093 2443 verticem

503 2470 727 2529 virtutis
751 2474 1087 2540 conscendit,
1122 2482 1183 2529 ut
1212 2474 1366 2530 nobis
1395 2476 1667 2531 neminem
1696 2477 1986 2548 desperare
2008 2477 2089 2534 de-

505 2564 639 2619 bere
666 2564 900 2619 salutem
930 2564 1168 2629 doceret,
1200 2566 1325 2636 quia
1353 2566 1618 2621 naturalis
1650 2567 1957 2640 malignitas
1984 2586 2093 2624 non

503 2660 610 2710 est.
648 2654 829 2711 Liberi
855 2655 1053 2727 quippe
1092 2655 1302 2713 arbitrii
1345 2671 1443 2711 nos
1474 2657 1680 2712 creavit
1705 2657 1869 2723 Deus,
1902 2669 1961 2715 ut
1996 2675 2092 2714 vo-

508 2745 715 2802 luntate
751 2755 934 2803 nostra
967 2760 1091 2803 cum
1119 2746 1388 2816 adiutorio
1417 2746 1510 2803 Dei
1549 2749 1691 2818 quod
1736 2750 1982 2805 volumus
2014 2750 2092 2805 fa-

508 2840 740 2896 ciamus.
797 2840 855 2895 Si
885 2841 1204 2913 publicanus
1242 2856 1331 2906 cs.
1381 2852 1536 2914 potes
1576 2844 1691 2901 ﬁeri
1734 2846 2087 2918 evangelista.

514 2929 574 2983 Si
604 2929 951 2999 blasphemus
976 2944 1055 2995 es,
1096 2941 1250 3001 potes
1276 2932 1390 2987 fieri
1422 2934 1716 3004 apostolus.
1757 2935 1813 2990 Si
1843 2937 1981 2990 latro
2008 2954 2089 3004 es,

507 3030 661 3092 potes
698 3022 932 3092 paradisi
980 3022 1201 3078 colonus
1232 3022 1387 3080 cﬂici.
1459 3025 1515 3081 Si
1553 3043 1742 3098 magus
1770 3041 1858 3091 es,
1892 3031 2091 3099 poteris

508 3111 761 3168 adorare.
815 3111 932 3168 Non
966 3122 1052 3168 est
1074 3112 1179 3169 ulla
1207 3114 1410 3169 malitia
1436 3155 1450 3180 ,
1478 3131 1598 3185 qua:
1633 3116 1951 3187 pmnitentia
1980 3133 2089 3172 non

508 3204 771 3262 solvatur.
811 3202 881 3261 Et
917 3204 1040 3262 ideo
1085 3214 1343 3279 tanquam
1388 3177 1655 3278 principia
1692 3208 2089 3280 malignitatum
2117 3177 2164 3241 ο

509 3295 673 3367 elegit
700 3295 973 3363 Christus,
1002 3303 1065 3352 ut
1092 3311 1251 3354 nemo
1279 3312 1453 3369 usque
1478 3298 1530 3353 in
1554 3298 1713 3354 linem
1746 3301 2092 3371 semetipsum

512 3388 797 3460 despiciat.
835 3388 953 3445 Noli
985 3390 1118 3446 mihi
1145 3390 1326 3447 dicere
1360 3409 1374 3446 :
1416 3390 1617 3458 Perivi,
1640 3393 1765 3463 quia
1785 3392 1899 3463 iam
1927 3394 2096 3449 medi-

510 3498 636 3539 cum
667 3484 837 3539 habes
866 3471 1000 3539 satis
1031 3483 1311 3540 fortiorem
1352 3493 1426 3551 te,
1471 3493 1527 3540 et
1548 3485 1907 3556 potentiorem
1930 3503 2094 3558 quam

511 3576 803 3633 inﬁrmitas
827 3586 913 3634 tua
940 3588 1042 3634 est.
1084 3576 1351 3634 Medicum
1377 3578 1544 3635 habes
1565 3579 1896 3635 voluntatem
1924 3589 2092 3648 tuam,

511 3670 558 3726 si
600 3670 837 3726 volueris
878 3669 1256 3726 emendantem
1282 3710 1298 3737 ,
1348 3677 1405 3725 et
1443 3676 1753 3742 potentem,
1797 3671 2097 3747 etcupien.

511 3771 643 3820 tem.
673 3783 693 3816 ι
1674 3825 1678 3830 .

582 3852 716 3910 ltem
749 3854 804 3911 in
835 3854 1055 3911 homilia
1085 3854 1152 3910 de
1176 3852 1413 3910 Turture
1439 3872 1451 3907 :
1486 3871 1507 3904 ι
1534 3851 1721 3909 Oritur
1745 3852 1825 3908 sol
1855 3860 1912 3908 et
1946 3851 2097 3909 occi-

512 3943 594 3999 dit
621 3944 722 4011 sol,
746 3956 802 4002 et
829 3946 897 4000 ad
927 3945 1100 4001 locum
1126 3961 1281 4001 suum
1310 3946 1622 4001 revertitur.
1660 3943 1823 4001 Ortus
1848 3954 1933 4000 est
1950 3946 2097 4001 enim

514 4033 673 4090 nobis
701 4034 780 4090 sol
803 4034 1058 4106 iustitim,
1089 4032 1369 4100 Christus,
1401 4033 1467 4089 de
1499 4042 1686 4089 sancta
1708 4033 1875 4088 Maria
1905 4050 2099 4091 secun-

511 4126 640 4181 dum
704 4140 926 4181 carnem
973 4126 1190 4198 genitus
1224 4145 1238 4182 :
1270 4125 1465 4184 Oriens
1511 4129 1709 4201 quippe
1753 4144 1949 4184 nomen
2000 4128 2095 4187 illi.

512 4217 726 4276 Occidit
767 4235 928 4286 vero,
964 4220 1178 4290 quando
1206 4230 1330 4291 post
1366 4235 1584 4276 crucem
1630 4220 1697 4276 ad
1742 4220 1953 4277 inferna
2001 4221 2098 4276 de-

510 4313 743 4370 scendit.
803 4313 990 4370 Oritur
1039 4314 1161 4379 sol,
1205 4322 1261 4369 et
1303 4313 1504 4370 occidit
1554 4314 1670 4381 sol,
1708 4323 1765 4370 et
1807 4314 1874 4369 ad
1921 4313 2098 4369 locum

509 4423 670 4463 suum
702 4410 1015 4469 revertitur,
1044 4405 1165 4477 ipso
1197 4406 1408 4461 dicente
1435 4425 1448 4462 :
1476 4404 1609 4461 Cum
1641 4406 1902 4461 exaltatus
1929 4405 2100 4477 fuero,

2200 1929 2305 1986 dici
2348 1937 2620 2001 putemus.
2661 1928 2779 1985 Non
2826 1929 3002 1986 solum
3042 1930 3191 1986 enim
3231 1928 3547 1992 infidelitas,
3585 1927 3689 1984 sed
3735 1934 3798 1985 et

2196 2021 2322 2076 vita:
2381 2022 2802 2088 contaminatio,
2863 2020 3235 2077 exsecrabiies
3285 2021 3420 2076 istas
3469 2018 3796 2075 inimicitias

2198 2111 2329 2168 facit
2354 2112 2496 2168 inter
2527 2112 2699 2168 Deum
2728 2120 2786 2168 et
2820 2096 3127 2168 hominem.
3179 2110 3273 2166 Sic
3311 2109 3457 2165 enim
3494 2105 3794 2177 Apostolus

2195 2201 2365 2267 dicit,
2411 2201 2539 2273 quia
2585 2201 2845 2272 sapientia
2888 2201 3064 2256 carnis
3093 2201 3309 2255 inimica
3339 2190 3413 2254 e'st
3446 2199 3559 2253 Deo
3600 2198 3789 2273 (Rom.

2196 2300 2318 2356 vtn,
2347 2291 2423 2365 7).
2458 2292 2574 2364 Age
2597 2307 2728 2362 ergo
2753 2332 2769 2359 ,
2814 2292 3161 2349 destruamus
3190 2292 3334 2347 hunc
3371 2290 3792 2347 inimicitiarum
3881 2359 3889 2365 ἡ

2194 2389 2479 2460 parietem,
2506 2398 2562 2445 et
2588 2389 2734 2445 viam
2763 2388 2924 2445 nobis
2944 2385 3398 2444 reconciliationis
3432 2386 3698 2442 faciamus
3719 2385 3791 2440 ad

2194 2483 2386 2547 Deum,
2416 2489 2475 2536 ut
2509 2481 2711 2536 iterum
2763 2479 3063 2536 efﬁciamur
3104 2478 3153 2536 ei
3196 2479 3458 2534 amabiles
3496 2487 3553 2534 et
3579 2492 3786 2533 concu-

2193 2574 2483 2645 piscibiles.
2513 2592 2533 2627 ι
2583 2573 2651 2628 Ει
2688 2582 2812 2643 post
2857 2572 3131 2642 aliquanta
3173 2588 3187 2625 :
3224 2588 3245 2622 ι
3270 2569 3380 2626 Nos
3415 2560 3598 2626 autem
3622 2609 3641 2635 ,
3688 2567 3785 2641 qui

2195 2666 2328 2722 certi
2358 2680 2545 2721 sumus
2577 2665 2645 2720 de
2672 2663 2779 2719 fine
2804 2704 2820 2729 ,
2868 2673 2925 2720 et
2953 2663 3241 2720 manifeste
3266 2664 3516 2718 novimus
3534 2702 3552 2728 ,
3581 2661 3709 2732 quia
3734 2661 3787 2716 si

2194 2756 2467 2820 nolumus,
2499 2770 2677 2827 neque
2702 2754 2982 2827 naufragia
3011 2754 3205 2809 animae
3226 2794 3241 2820 ,
3263 2768 3441 2824 neque
3467 2753 3664 2808 damna
3686 2766 3787 2822 po-

2197 2849 2424 2904 terimus
2467 2848 2781 2915 incurrere,
2825 2848 3098 2919 quomodo
3136 2864 3242 2901 non
3273 2847 3564 2917 arripimus
3602 2846 3789 2902 denuo

2193 2940 2376 3011 priora
2400 2940 2660 2996 exercitia
2680 2981 2695 3006 ,
2737 2950 2794 2996 et
2822 2940 3038 3011 negotia
3062 2956 3192 3011 qua:
3224 2940 3555 3013 negligenter
3590 2939 3787 2995 amisi-

2197 3046 2319 3086 mus
2342 3048 2680 3102 reparamus.
2713 3033 2805 3088 sed
2824 3033 3071 3102 iacemus
3100 3031 3343 3102 resupini
3368 3039 3424 3086 et
3452 3030 3699 3097 desides,
3725 3039 3787 3088 et

2195 3136 2389 3176 manus
2434 3121 2639 3176 otiosas
2680 3121 2951 3192 plicamus
2978 3121 3045 3174 ad
3071 3129 3294 3190 pectus,
3323 3128 3378 3174 et
3404 3122 3609 3174 utinam
3636 3120 3786 3175 otio-

2196 3224 2318 3275 sas,
2354 3217 2409 3265 et
2433 3224 2539 3264 non
2570 3208 2944 3279 operantes.in
2967 3207 3264 3279 perniciem
3292 3207 3498 3273 nostri,
3526 3209 3672 3279 quod
3699 3216 3788 3264 est

2195 3301 2382 3371 utique
2410 3301 2676 3357 evidentis
2706 3300 2931 3356 insaniae
2957 3300 2982 3355 ?
3010 3319 3029 3353 ι
3076 3299 3143 3354 Ει
3170 3300 3297 3355 item
3322 3314 3340 3354 :
3381 3319 3400 3352 ι
3426 3298 3559 3355 Nam
3592 3300 3641 3356 si
3667 3315 3791 3371 pro-

2195 3399 2383 3463 pterea
2413 3407 2512 3447 nos
2540 3391 2760 3447 fecisset
2783 3390 2925 3446 Deus
2949 3397 3009 3444 ut
3035 3389 3272 3463 puniret,
3298 3389 3438 3446 bene
3467 3388 3794 3460 desperares

2196 3492 2254 3538 et
2273 3484 2552 3540 dubitares
2598 3483 2667 3539 de
2697 3482 2872 3540 salute
2899 3492 3010 3537 tua.
3068 3482 3124 3538 Si
3170 3497 3301 3537 vero
3328 3491 3548 3554 propter
3576 3482 3792 3537 bonita-

2200 3581 2309 3628 tem
2339 3580 2494 3629 suam
2527 3573 2903 3627 tantummodo
2933 3588 3031 3628 nos
3055 3568 3203 3640 fecit,
3229 3581 3289 3627 ut
3308 3573 3527 3629 aeternis
3549 3572 3667 3643 eius
3692 3573 3791 3628 bo-

2200 3665 2288 3719 nis
2309 3674 2363 3719 et
2389 3663 2707 3725 muneribus
2731 3662 2976 3718 fruamur
3001 3705 3016 3730 ,
3056 3673 3222 3734 atque
3248 3679 3368 3734 quzc
3400 3662 3512 3734 agit
3532 3663 3601 3719 ab
3631 3663 3791 3718 initio

2200 3756 2383 3812 seculi
2411 3771 2583 3828 usque
2609 3756 2676 3810 ad
2705 3770 2946 3827 prtcsens
2978 3764 3210 3826 tempus,
3239 3755 3693 3828 propterea‘agit,
3732 3764 3794 3811 et

2199 3858 2489 3922 propterea
2519 3858 2704 3903 monet
2728 3888 2744 3913 ,
2787 3857 2849 3902 ut
2888 3863 2988 3903 nos
3029 3848 3406 3903 misericordia
3449 3863 3546 3902 sua
3590 3845 3789 3912 salvet,

2200 3954 2321 4011 qua:
2349 3938 2491 3993 ultra
2525 3936 2680 3993 nobis
2716 3935 3038 4007 desperandi
3061 3977 3076 4001 ,
3121 3950 3243 4008 qua:
3278 3934 3586 4006 ambigendi
3622 3949 3791 3990 causa

2202 4032 2508 4105 supererit?
2547 4051 2565 4085 ι
2619 4031 2686 4085 Ει
2735 4039 2859 4101 post
2908 4028 3181 4100 paululum
3210 4068 3227 4093 ,
3280 4027 3573 4084 ostendens
3622 4040 3791 4097 quam

2203 4123 2513 4180 amabiliter
2541 4122 2954 4180 conversionem
2982 4121 3242 4190 suscipiat
3270 4118 3575 4190 peccatoris
3606 4117 3743 4173 dicit
3771 4136 3786 4172 :

2209 4235 2229 4269 ι
2253 4215 2387 4286 Quis
2414 4215 2563 4270 dabit
2584 4230 2681 4269 cor
2709 4227 2895 4268 eorum
2939 4211 3015 4267 ita
3058 4226 3178 4267 esse
3226 4211 3278 4266 in
3309 4211 3390 4266 eis
3410 4250 3425 4276 ,
3476 4220 3536 4264 ut
3564 4209 3795 4264 timeant

2205 4323 2292 4363 me
2319 4315 2375 4362 et
2400 4306 2708 4363 custodiant
2735 4305 2987 4363 mandata
3011 4318 3129 4359 mea
3161 4302 3414 4359 omnibus
3442 4301 3632 4357 diebus
3666 4300 3793 4355 vita:

2207 4416 2340 4466 sum,
2375 4408 2435 4454 ut
2460 4401 2601 4455 bene
2640 4398 2721 4453 eis
2759 4395 2854 4451 fiat
2893 4405 2949 4451 et
2978 4395 3105 4451 ﬁliis
3124 4410 3309 4451 eorum
3340 4407 3511 4463 usque
3536 4393 3590 4447 in
3619 4406 3794 4447 secu-

513 4500 787 4556 Itniuersos
818 4498 1026 4554 trahant
1053 4497 1124 4551 ad
1154 4514 1234 4552 me
1266 4496 1448 4569 (Joan.
1476 4513 1579 4562 xu,
1605 4496 1719 4570 52).
1760 4496 1835 4555 De
1857 4497 1960 4552 hoc
1989 4496 2102 4552 sole
2130 4517 2181 4579 ι)
2208 4491 2357 4547 lum?
2386 4489 2493 4545 Sed
2538 4498 2594 4544 et
2630 4487 2866 4579 Moyses,
2904 4482 3099 4541 docere
3145 4484 3400 4579 populum
3446 4482 3633 4579 volens
3661 4480 3793 4554 quid

508 4587 740 4663 iustitia:
777 4596 834 4644 et
873 4587 1041 4643 Isaias
1078 4587 1393 4657 pronuntiat
1420 4586 1644 4643 dicens:
1699 4585 1768 4641 In
1793 4586 1973 4641 diebus
1994 4585 2101 4641 illis

514 4683 717 4740 orietur
759 4680 839 4736 sol
878 4680 1107 4753 iustitia:
1134 4721 1151 4746 ,
1193 4690 1242 4735 et
1282 4680 1484 4735 sanitas
1523 4679 1623 4733 erit
1668 4679 1721 4733 in
1761 4679 1945 4750 pennis
1989 4678 2104 4751 ejus

514 4769 746 4844 (Malae.
791 4787 864 4836 tv,
892 4771 972 4843 2).
1010 4769 1273 4827 Veniente
1320 4769 1465 4837 enim
1505 4768 1617 4825 sole
1656 4767 1917 4839 iustitiae,
1948 4766 2107 4823 Chri-

515 4871 624 4930 sto,
654 4863 721 4921 ad
752 4871 955 4919 tactum
999 4863 1226 4919 limbrize
1266 4861 1575 4917 vestimenti
1604 4859 1721 4930 eius
1757 4861 1879 4916 fons
1904 4858 2105 4931 proﬂu-

516 4956 595 5012 vii
614 4957 896 5030 sanguinis
916 4959 1230 5013 exsiccatus
1256 4965 1359 5011 est.
1401 4953 1563 5025 Nigra
1596 4968 1716 5007 sum
1751 4962 1807 5007 et
1832 4952 2103 5026 speciosa,

476 5114 479 5121 4
518 5047 631 5103 filia
673 5045 995 5128 Jerusalem:
1033 5045 1115 5119 .Si
1158 5062 1265 5119 qua
1299 5046 1389 5101 hic
1435 5043 1675 5125 peccatis
1717 5042 1898 5100 anima
1956 5041 2108 5098 deni-

519 5146 696 5215 grata,
720 5116 1042 5225 uekiimeait,
1069 5116 1440 5228 tantummodo
1474 5120 1852 5205 inpudentiam
1890 5141 2014 5207 agat
2055 5141 2111 5187 et

521 5229 699 5305 dicat:
731 5222 894 5305 Nigra
919 5222 1202 5305 sumcg'o,
1232 5237 1289 5283 et
1316 5228 1534 5283 decora.
1566 5225 1634 5280 Et
1657 5226 1785 5304 siin
1812 5224 2108 5280 novissimo

521 5300 715 5397 spiritu
737 5300 853 5405 est:
1163 5312 1337 5403 dicam
1350 5359 1379 5399 ὲ,
1398 5318 1527 5397 siin
1551 5300 1807 5391 extremo
1818 5314 1988 5391 halitu
2019 5310 2110 5386 po-

523 5393 700 5495 situs,
742 5393 1140 5495 nexilormidet;
1172 5393 1380 5491 tantum
1422 5393 1548 5485 cum
1593 5407 2108 5495 ﬂetujpmniteat,“

521 5486 849 5581 compuncto
869 5486 1211 5579 confiteatur
1249 5486 1436 5581 corde.
1514 5499 1595 5556 Ad
1620 5486 1927 5581 vesperum,
1950 5486 2106 5554 enim

526 5578 895 5677 demorabitur
916 5586 1095 5677 ﬂetus,
1117 5582 1193 5661 ei,
1221 5595 1289 5651 ad
1308 5578 1631 5673 matutinum
1657 5586 1871 5669 laetitia,w
1888 5580 2109 5671 imitare

524 5699 760 5769 namque
784 5672 1073 5769 Caeciliani
1099 5701 1308 5767 regem,
1331 5684 1387 5763 et
1415 5683 1723 5769 sequentia.
1750 5702 1769 5733 ι
1896 5680 2110 5769 ἰιιθιίιιιξο

522 5760 596 5834 de
622 5760 976 5847 Reparationc
1004 5760 1177 5846 lapsi":
1207 5760 1463 5834 «latuere
1502 5760 1733 5853 denique
1759 5766 1842 5835 vel
1877 5764 2108 5846 inpriu-

2209 4584 2350 4640 Deus
2398 4580 2638 4652 requirat
2687 4578 2756 4633 ab
2798 4578 3083 4642 omnibus,
3146 4577 3220 4632 ita
3277 4575 3409 4630 dicit
3455 4592 3470 4629 :
3520 4572 3591 4628 Et
3630 4587 3789 4636 nunc,

2209 4672 2413 4738 Israel,
2461 4672 2590 4743 quid
2639 4669 2896 4724 Dominus
2945 4667 3086 4722 Deus
3114 4677 3236 4721 tuus
3258 4667 3423 4737 poscit
3447 4681 3480 4718 a
3510 4673 3582 4729 te,
3604 4662 3711 4717 nisi
3737 4671 3795 4717 stt

2206 4767 2390 4821 timeas
2421 4762 2707 4817 Dominum
2737 4746 2902 4817 Deum
2926 4769 3073 4815 tuum
3093 4799 3107 4821 ,
3143 4768 3190 4812 et
3220 4756 3431 4811 incedas
3460 4756 3516 4809 in
3551 4754 3793 4809 omnibus

2208 4857 2303 4914 viis
2331 4855 2443 4927 ejus
2467 4895 2485 4922 ,
2512 4863 2568 4908 ut
2613 4851 2805 4923 diligas
2851 4867 2968 4906 eum
2998 4866 3062 4906 ex
3082 4860 3189 4903 toto
3211 4848 3368 4905 corde
3395 4858 3485 4901 tuo
3522 4856 3571 4900 et
3597 4861 3664 4900 ex
3686 4855 3795 4899 tota

2209 4952 2492 5006 auimatua
2511 4949 2536 5003 2
2557 4947 2736 5017 (Deut.
2761 4962 2814 5010 κ,
2833 4943 2948 5014 12.)
2969 4943 3110 4999 Deus
3132 4957 3283 5006 vero,
3299 4940 3394 5012 qui
3410 4940 3557 5011 cupit
3589 4936 3740 5008 diligi
3763 4950 3795 4992 a

2211 5042 2403 5108 nobis,
2447 5050 2503 5097 et
2541 5039 2719 5095 omnia
2748 5034 2880 5092 facit
2919 5050 3019 5106 pro
3061 5033 3198 5097 hoc,
3246 5048 3348 5088 nec
3378 5030 3658 5103 unigenito
3696 5045 3795 5085 suo

2210 5133 2387 5208 parcit
2415 5148 2513 5204 pro
2537 5131 2709 5188 salute
2731 5137 2915 5185 nostra
2957 5134 3013 5181 et
3047 5124 3337 5189 cbaritate,
3380 5131 3437 5178 et
3471 5121 3563 5194 qui
3606 5128 3794 5191 optat,

2210 5233 2271 5279 ut
2299 5220 2372 5278 ita
2401 5222 2578 5279 dicam
2600 5261 2615 5287 ,
2647 5228 2705 5277 ut
2755 5231 3077 5293 quocunque
3099 5223 3257 5287 pacto
3278 5224 3334 5270 et
3361 5214 3797 5286 quandocunque

2212 5311 2625 5368 reconciliemur
2642 5309 2717 5373 ei,
2744 5308 3012 5379 quomodo
3040 5305 3368 5376 poenitentes
3384 5317 3483 5359 nos
3499 5310 3553 5357 et
3576 5312 3800 5357 conver-

2213 5421 2304 5462 sos
2328 5405 2393 5461 ad
2420 5419 2479 5460 se
2506 5419 2612 5459 non
2634 5401 2868 5457 libenter
2895 5398 3154 5467 suscipiet
3170 5405 3225 5453 et
3244 5395 3449 5451 amabit
3474 5402 3534 5450 ut
3557 5391 3742 5449 ﬁlios?
3771 5410 3790 5445 ι

2214 5508 2269 5554 et
2308 5505 2503 5554 αιτιοι-ιι
2528 5508 2650 5566 quze
2682 5492 2893 5564 plenius
2914 5478 2975 5546 et
3009 5489 3172 5551 latius
3215 5488 3272 5545 in
3302 5484 3543 5559 praefatis
3574 5486 3696 5542 suis
3722 5484 3800 5541 di-

2210 5591 2316 5663 ctis
2355 5589 2527 5665 lector
2552 5586 2780 5665 quilibet
2804 5584 3008 5656 poterit
3038 5582 3300 5665 invenire“.
3338 5582 3345 5587 ’
3448 5657 3454 5663 υ
3568 5604 3611 5665 γ-

2258 5679 2401 5757 “Sed'
2443 5657 2621 5757 etin
2644 5658 2987 5757 (lenimento:
3015 5662 3289 5757 Crangelii
3330 5657 3584 5757 ‘Lialtthtei
3778 5686 3792 5724 :

2190 5750 2195 5754 δ
2221 5779 2242 5827 ‹’
2258 5746 2589 5837 Ἴὲηιξπὶέιιι,
2616 5740 2973 5834 Ἰει-ιιεαιέιηίθ
3008 5744 3126 5840 (illa:
3146 5750 3351 5825 [occidis
3366 5744 3695 5839 "ft’roptietas,’
3720 5751 3727 5761 ’
3748 5768 3794 5818 ‘et
