3992 6336
167 363 281 425 9.ιὸ

930 363 1020 421 os
1054 361 1726 427 PREDESTINATIONE
1764 363 2221 428 msssnrmo
2257 348 2675 432 posrstitoa.

3320 336 3441 431 m‘

169 474 375 546 tepidas
414 490 506 531 eos
545 474 637 546 qui
675 474 747 531 ad
787 483 841 530 te
872 476 1153 532 mittuntur
1186 477 1404 548 (Matth.
1442 492 1600 547 :qu,
1639 482 1755 555 37).
1785 493 1836 554 Α
1860 497 1984 540 eum
2015 499 2030 537 :
2062 482 2183 539 misi
2212 482 2497 552 Ezechiel,
2523 494 2579 543 et
2610 464 2978 557 tractumper
3012 462 3244 558 lapidem
3276 497 3448 564 exee~

171 567 365 623 Omnia
417 566 597 625 futura
645 578 773 624 ante
816 569 1153 639 prospiciens
1198 570 1459 627 Dominus
1510 574 1758 644 praevidit
1802 572 1812 580 ’
1859 573 2261 629 rebrastieum.
2292 573 2574 641 Quomodo
2608 577 2853 643 saueris,
2892 576 2985 647 qul
3033 576 3238 631 nullum
3278 566 3345 632 ad
3389 564 3451 632 te

144 660 335 715 etiam
383 659 601 716 ruinam
628 660 869 716 civitatis
896 661 1039 717 illius
1058 702 1074 723 ,
1104 670 1160 717 et
1186 664 1401 735 plagam
1427 681 1551 736 qua:
1577 684 1608 723 a
1644 667 1756 723 Ro-
1859 665 2129 721 medicum
2156 665 2343 720 venire
2374 667 2680 737 permittis?
2719 670 2990 738 quomodo
3015 684 3174 724 cures
3214 666 3443 725 inﬁrmi-

174 752 350 806 mauis
379 760 607 829 ventura
635 751 814 807 fuerat
842 769 1007 824 super
1035 756 1290 826 populum
1316 757 1486 812 illum.
1513 758 1637 813 [deo
1661 775 1758 815 ex-

169 846 372 904 tollens
412 846 707 907 lamentum
738 846 955 919 lugebat
979 864 1100 903 eum
1148 850 1303 921 181
1337 851 1522 907 dicens
1554 869 1566 904 :
1598 851 1758 906 Jeru-

168 936 380 1002 salem,
433 934 755 990 Jerusalem.
819 936 1222 992 Recordabatur
1266 940 1483 1009 quidem
1550 942 1764 1013 sangui-

168 1045 298 1085 nem
329 1038 643 1084 sanctorum
693 1044 913 1085 suorum
939 1031 1030 1099 qui
1065 1030 1267 1087 ell‘usus
1294 1040 1412 1086 erat
1439 1033 1670 1097 abillis,
1708 1041 1765 1089 ct

169 1139 258 1193 qm
296 1122 478 1177 adhuc
500 1122 845 1191 postmodum
889 1120 1069 1177 fuerat
1095 1123 1449 1179 ell'uuxlcndus
1518 1123 1624 1180 Sed
1654 1116 1762 1180 non

171 1222 262 1268 tan
275 1222 389 1269 tum
411 1212 626 1268 dolebat
649 1214 716 1269 de
740 1211 932 1281 injuria
962 1224 1271 1268 :mictorum
1300 1231 1546 1281 suorum,
1587 1217 1766 1272 sciens

171 1303 394 1373 qualem
438 1303 545 1360 illis
571 1303 802 1374 gloriam
847 1313 1252 1374 praeparaverat
1290 1320 1389 1376 pro
1427 1315 1603 1362 morte
1642 1322 1764 1361 car-

174 1396 282 1451 nali
317 1413 333 1450 :
367 1395 463 1452 sed
499 1395 809 1452 deillorum
834 1395 1052 1451 interitu
1083 1395 1265 1462 ﬂebat,
1294 1398 1424 1452 etin
1451 1397 1542 1453 illo
1562 1397 1764 1470 pejora.

177 1487 334 1547 Sicut
359 1489 509 1544 enim
550 1486 952 1545 benefacientes
990 1504 1097 1543 non
1138 1488 1251 1544 Deo
1296 1498 1642 1561 praestamus,
1674 1490 1770 1547 sed

178 1581 356 1648 nobis,
384 1580 531 1636 Deus
557 1590 739 1634 autem
766 1581 965 1649 gaudet
998 1597 1103 1635 non
1136 1582 1204 1635 de
1230 1596 1330 1636 suo
1368 1581 1548 1646 lucro,
1581 1583 1675 1637 sed
1702 1582 1770 1636 de

176 1680 365 1726 nostra
394 1670 572 1726 salute
602 1689 616 1725 :
645 1671 728 1727 sic
758 1679 1051 1741 peccantes
1086 1688 1194 1727 non
1224 1671 1334 1727 Deo
1362 1687 1647 1738 uocemus,
1674 1673 1769 1728 sed

176 1764 358 1829 nobis,
388 1765 537 1819 Deus
563 1771 743 1818 autem
787 1763 1042 1819 tristatur
1069 1780 1176 1819 non
1202 1765 1270 1820 de
1297 1780 1394 1820 sua
1427 1765 1645 1835 injuria,
1673 1765 1768 1821 sed

1862 764 2026 811 tatem
2053 765 2219 819 tuam,
2243 759 2335 828 qui
2366 772 2579 813 omnem
2609 760 2928 814 medicinam
2953 758 3278 837 conculcas?
3307 760 3444 815 San-

1862 849 1966 902 ctis
1989 849 2124 904 meis
2151 850 2309 920 182
2334 864 2438 904 non
2465 852 2700 920 peperci,
2727 860 2785 905 ut
2816 852 2907 905 tibi
2936 866 3213 921 parcerem
3247 866 3439 921 pecca-

1864 939 2007 993 trici.
2047 937 2258 993 Illorum
2291 942 2455 994 vitam
2486 941 2695 1010 neglexi
2729 954 2797 994 ue
2839 948 2984 995 tuam
3027 950 3252 995 inertem
3293 941 3444 997 vide-

1865 1044 2002 1083 rem.
2033 1027 2236 1084 Omnes
2258 1030 2449 1084 medici
2479 1031 2749 1100 spiritales
2778 1032 2828 1083 in
2862 1040 2912 1084 te
2943 1029 3274 1094 defecerunt,
3303 1045 3366 1087 et
3386 1042 3458 1087 tta

1865 1134 2051 1179 curata
2077 1139 2181 1179 non
2203 1140 2301 1179 es:
2331 1126 2649 1180 insanabilis
2677 1127 2857 1196 passio
2883 1138 2972 1180 tua
2997 1126 3124 1182 vicit
3150 1136 3323 1182 artem
3364 1128 3448 1182 di-

1866 1215 2067 1270 vinam.
2114 1215 2171 1270 Si
2210 1218 2278 1272 de
2319 1227 2494 1272 morte
2521 1227 2607 1272 tua
2636 1218 2851 1289 gavisus
2881 1218 3139 1282 fuissem,
3164 1206 3447 1287 nunquam

1867 1306 1935 1360 ad
1963 1316 2018 1361 te
2052 1307 2319 1361 misissem
2350 1307 2659 1377 prophetas.
2702 1306 2760 1363 Si
2793 1314 2845 1362 te
2874 1309 3102 1378 perdere
3134 1307 3448 1368 voluissem.

1869 1413 2145 1468 nunquam
2181 1399 2250 1453 ad
2299 1407 2352 1454 te
2392 1399 2508 1470 ipse
2547 1399 2843 1455 venissem.
2891 1400 3003 1470 Ego
3054 1399 3150 1454 tibi
3195 1398 3325 1470 quid
3366 1396 3457 1453 fa.-

1870 1489 2031 1554 ciam,
2082 1490 2131 1544 si
2163 1499 2217 1545 tu
2246 1490 2360 1560 ipsa
2393 1491 2575 1546 vivere
2605 1506 2710 1545 non
2742 1491 2859 1547 vis?
2892 1492 3117 1559 Quoties
3154 1492 3297 1547 volui
3324 1504 3460 1548 con-

1870 1596 2096 1652 gregare
2126 1582 2264 1637 filios
2293 1592 2412 1638 tuos
2434 1624 2448 1645 ,
2482 1585 2623 1638 sicut
2648 1583 2845 1655 gallina
2874 1584 3048 1656 pullos
3075 1599 3237 1649 suos,
3266 1593 3323 1639 et
3353 1597 3456 1640 uo-

1873 1671 2052 1728 luisti?
2080 1672 2215 1728 Cum
2244 1681 2297 1729 te
2346 1675 2400 1729 in
2441 1673 2680 1747 Egypto
2705 1676 2860 1744 quasi
2902 1674 3462 1747 sanguinariusacci-

1871 1763 2014 1834 piter
2036 1765 2368 1834 sequebatur
2396 1765 2648 1829 Pharao,
2683 1767 2805 1821 misi
2843 1781 3008 1836 super
3048 1776 3101 1822 te
3130 1765 3381 1836 Moysem'
3404 1770 3462 1819 et

174 1853 243 1911 de
271 1862 466 1908 nostra
508 1854 831 1925 perditione.
882 1854 1034 1911 Sicut
1074 1871 1172 1911 rex
1211 1857 1501 1928 benignus,
1547 1858 1772 1913 audiens
1801 1845 1846 1904 Β
1872 1852 2078 1918 Aaron,
2104 1854 2259 1924 quasi
2290 1856 2424 1910 duas
2445 1857 2790 1912 mollissimas
2813 1872 3023 1927 pennas
3047 1855 3458 1912 misericordiae.

174 1945 511 2000 criminosas
538 1960 803 2014 personas
825 1985 842 2011 ,
873 1944 990 2017 lege
1016 1946 1235 2016 quidem
1274 1947 1389 2017 ipse
1419 1948 1612 2003 mortis
1641 1962 1770 2003 sen-

179 2036 409 2090 tentiam
448 2035 618 2091 dictat
660 2036 919 2092 adversus
958 2051 1054 2092 eos
1092 2052 1109 2091 :
1155 2048 1367 2102 tamen,
1401 2038 1771 2093 misericordia

179 2127 498 2199 instigante,
522 2128 791 2200 lacrymas
806 2127 981 2185 fundit
997 2146 1160 2199 super
1175 2130 1340 2201 ipsos,
1366 2139 1423 2185 et
1441 2130 1554 2184 vult
1571 2146 1664 2186 eos
1679 2131 1775 2185 ad-

173 2218 391 2290 juvare,
411 2229 471 2276 et
486 2236 590 2275 non
612 2229 812 2290 potest,
836 2223 1240 2277 contradicente
1254 2222 1354 2277 sibi
1379 2221 1608 2289 justitia.
1634 2220 1775 2290 Qio-

180 2311 325 2365 niam
351 2311 728 2366 misericordia
754 2320 883 2366 tunc
903 2320 990 2367 est
1020 2326 1150 2367 vera
1186 2312 1583 2376 misericordia,
1617 2312 1661 2367 si
1695 2312 1775 2367 sic

182 2400 325 2456 facta
356 2398 526 2455 fuerit
555 2409 617 2454 ut
639 2400 848 2470 justitia
874 2415 971 2471 per
998 2417 1116 2457 eam
1146 2418 1251 2458 non
1278 2404 1688 2458 condemnetur.
1715 2400 1775 2458 Si

184 2502 391 2556 autem,
425 2501 736 2563 contempta
765 2491 999 2561 justitia,
1035 2494 1405 2549 misericordia
1433 2495 1774 2557 observetur,

184 2584 301 2655 ipsa
330 2584 708 2639 misericordia
734 2580 840 2639 non
868 2594 953 2640 est
969 2584 1364 2649 misericordia,
1396 2586 1490 2641 sed
1525 2584 1767 2642 futuilas.

184 2673 322 2730 Nam
352 2683 410 2730 et
424 2673 638 2742 justitia
664 2689 771 2729 non
796 2681 881 2729 est
905 2688 1029 2729 vera
1050 2676 1281 2744 justitia,
1309 2676 1410 2731 nisi
1446 2675 1693 2731 habuerit
1722 2676 1777 2731 in

183 2780 244 2823 se
268 2767 726 2821 misericordiam.
760 2765 1130 2823 Justitiasine
1158 2769 1529 2824 misericordia
1561 2786 1665 2824 non
1696 2777 1781 2824 est

182 2857 422 2929 histilia,
440 2857 539 2913 sed
567 2858 859 2914 credulitas
881 2876 894 2914 :
920 2859 999 2915 sic
1015 2870 1070 2915 et
1088 2861 1455 2915 misericordia
1482 2860 1599 2915 sine
1621 2860 1781 2930 justi-

186 2949 262 3005 tia
304 2964 417 3003 non
451 2956 539 3005 est
567 2950 961 3016 misericordia,
994 2954 1087 3006 sed
1121 2951 1359 3006 lintuitas.
1394 2949 1487 3006 Sic
1509 2960 1565 3006 et
1591 2950 1779 3006 Domi-

188 3056 294 3097 nus
335 3042 456 3111 ipse
495 3042 714 3112 quidem
749 3045 938 3099 mortis
978 3044 1304 3099 sententiam
1348 3044 1583 3099 dictabat
1623 3058 1785 3112 super

189 3132 412 3189 Judwos
439 3134 665 3190 dicens:
708 3134 844 3189 Ecce
881 3151 976 3206 ego
1006 3137 1154 3190 mitto
1180 3136 1249 3193 ad
1281 3152 1369 3190 eos
1397 3135 1673 3206 prophetas
1692 3178 1705 3201 ,
1735 3145 1784 3190 et

1872 1945 2159 2001 Liberatus
2188 1963 2283 2002 vos
2312 1948 2379 2003 de
2419 1950 2689 2020 unguibus
2719 1949 2836 2018 eius
2872 1949 3025 2018 rapui
3063 1949 3117 2003 iu
3159 1948 3459 2014 desertum,

1874 2045 1931 2092 et
1970 2037 2246 2102 uoluistis,
2280 2039 2547 2095 facientes
2584 2040 2736 2096 vobis
2771 2040 2996 2095 vitulum
3030 2038 3083 2094 in
3125 2037 3369 2104 Choreb,
3404 2047 3465 2094 ut

1875 2132 2152 2188 servirelis
2192 2134 2381 2203 potius
2415 2134 2557 2189 idolo
2597 2144 2813 2189 mortuo
2834 2176 2850 2199 ,
2883 2150 3051 2205 quam
3079 2133 3190 2188 Deo
3237 2132 3459 2187 viventi.

1875 2223 2098 2292 Quoties
2143 2223 2282 2278 volui
2323 2239 2655 2295 congregare
2696 2225 2833 2281 [dies
2874 2233 3029 2287 tuos,
3070 2224 3212 2279 sicut
3255 2222 3459 2295 gallina

1868 2314 2053 2386 pullos
2076 2330 2223 2375 suos.
2270 2326 2326 2369 et
2367 2317 2632 2371 uoluisti?
2679 2315 3006 2373 Percurrere
3035 2316 3079 2370 si
3122 2317 3204 2371 vis
3232 2315 3283 2370 iu
3316 2314 3462 2385 judi-

1878 2405 2044 2469 cium,
2079 2405 2295 2475 qnoties
2322 2416 2707 2475 peccaverunt,
2736 2416 2791 2464 et
2815 2407 3041 2462 tradidit
3066 2405 3188 2462 illos
3216 2406 3377 2474 Deus,
3405 2412 3465 2463 et

1880 2497 2076 2552 iterum
2106 2497 2373 2552 liberavit.
2402 2516 2422 2549 ι

1952 2586 2020 2640 Ει
2064 2596 2287 2642 sanctus
2317 2585 2648 2657 Theophilus
2690 2587 3093 2643 Alexandrinus
3131 2589 3463 2659 episcopus:

1878 2674 2044 2743 Cujus
2072 2676 2149 2730 rei
2180 2675 2336 2730 testis
2361 2686 2443 2730 est
2471 2675 2558 2732 ille
2578 2678 2667 2746 qui
2696 2679 2931 2747 loquitur
2958 2697 2972 2732 :
3015 2676 3207 2733 Omnes
3237 2679 3471 2733 declina-

1880 2775 2084 2830 verunt,
2125 2766 2282 2820 simul
2336 2766 2551 2821 inutiles
2574 2769 2701 2837 facti
2740 2780 2862 2823 sunt
2904 2766 3078 2841 (Psal.
3122 2784 3253 2830 XIII,
3284 2769 3363 2839 5).
3397 2767 3467 2824 Et

1880 2856 2160 2925 prophetm
2180 2855 2378 2910 Christi
2405 2858 2665 2913 auxilium
2692 2860 3079 2928 deprecantes:
3113 2859 3357 2923 Domine,
3384 2859 3471 2914 in-

1884 2945 2025 3000 clina
2053 2950 2210 3002 caelos
2254 2958 2303 3002 et
2349 2948 2602 3004 descende
2632 2948 2806 3021 (Psal.
2857 2963 3046 3016 exuit,
3098 2951 3154 3023 5)
3202 2967 3216 3004 :
3267 2962 3376 3006 non
3415 2959 3478 3006 ut

1890 3050 2130 3095 nuntiaret
2170 3041 2318 3107 loca,
2345 3043 2441 3097 sed
2471 3053 2692 3114 propter
2716 3045 2946 3100 salutem
2978 3055 3220 3102 nostram
3250 3062 3475 3103 carnem

1889 3131 2141 3187 humanm
2166 3130 2476 3204 fragilitatis
2513 3143 2836 3191 assumeret.

192 3242 259 3282 es:
286 3228 418 3299 ipsis
453 3227 731 3293 occidelis,
768 3236 827 3281 ut
860 3195 1031 3283 veniat
1055 3245 1212 3299 super
1245 3246 1333 3283 ros
1361 3195 1529 3284 omnis
1569 3228 1784 3298 sanguis
1813 3195 1859 3259 θ
1965 3224 2033 3278 Et
2056 3233 2275 3279 sanctus
2304 3224 2684 3297 Hieronymus,
2721 3215 3020 3293 Hebraieae,
3044 3227 3266 3294 Grteczc,
3291 3237 3346 3284 et
3374 3227 3479 3283 La-

179 3321 368 3391 justus
400 3320 617 3391 (Natta.
663 3336 821 3387 χχιιι,
848 3321 963 3391 3i),
995 3329 1052 3377 et
1087 3322 1204 3392 ipse
1239 3336 1335 3376 eos
1375 3319 1670 3376 miserabili
1709 3320 1789 3375 la-

197 3413 539 3469 mentatione
563 3413 849 3484 plangebat
897 3415 1129 3469 dicens:
1179 3411 1518 3477 Jerusalem,
1568 3412 1789 3468 Jerusa-

196 3504 321 3560 lem.
346 3504 484 3561 Nam
521 3507 662 3562 Deus
696 3506 897 3563 invitus
935 3506 1279 3575 compellitur
1312 3521 1436 3561 eum
1457 3520 1664 3577 magno
1689 3505 1787 3560 do-

202 3592 317 3650 lore
350 3604 672 3665 peccatores
701 3596 1097 3664 condemnare.
1158 3595 1276 3651 Non
1315 3595 1463 3650 enim
1505 3596 1587 3651 sic
1625 3594 1787 3660 dolet,

204 3688 327 3756 quia
366 3688 485 3757 ipse
505 3687 572 3741 ab
597 3686 677 3741 eis
707 3686 1020 3752 olfenditur,
1053 3686 1147 3742 sed
1188 3686 1313 3756 quia
1338 3685 1492 3755 quasi
1526 3684 1793 3740 violenter

210 3779 422 3847 cogitur
462 3776 690 3846 perdere
729 3777 962 3845 aliquem
1001 3777 1091 3847 qui
1141 3791 1334 3831 oumes
1376 3776 1525 3845 cupit
1559 3774 1791 3829 salvare.

210 3867 343 3923 Nam
382 3867 838 3938 quemadmodum
888 3868 942 3923 in
993 3868 1151 3923 vobis
1187 3876 1376 3922 contra
1422 3876 1671 3921 naturam
1709 3872 1796 3921 est

214 3960 566 4017 benefacere?
591 3961 703 4017 Sed
721 3962 863 4017 dicet
886 3960 1084 4030 aliquis
1113 3980 1126 4015 :
1164 3959 1297 4015 Cum
1321 3959 1373 4014 in
1405 3968 1672 4030 potestate
1691 3959 1795 4014 ha-

211 4053 333 4109 beat
385 4054 531 4109 Deus
574 4054 799 4124 perdere
844 4062 900 4107 et
947 4051 1180 4116 salvare,
1222 4050 1344 4119 quis
1388 4064 1512 4104 eum
1566 4049 1795 4104 invitum

213 4146 486 4215 compellit
513 4145 877 4200 condemnare
913 4143 958 4198 si
991 4159 1096 4197 non
1127 4142 1279 4195 vult?
1317 4141 1396 4197 Tu
1429 4140 1519 4210 qui
1550 4155 1658 4193 non
1696 4137 1797 4193 de-

211 4237 425 4293 sideras
472 4234 901 4290 miscricordiam
953 4234 1070 4288 Dei.
1130 4230 1266 4286 Nam
1313 4230 1453 4286 sicut
1503 4229 1594 4298 qui
1650 4228 1798 4284 desi-

211 4327 425 4383 deranti
455 4325 885 4381 misericordiam
914 4324 1147 4394 denegat
1174 4320 1406 4377 crudelis
1436 4327 1558 4384 est,
1589 4319 1669 4374 sic
1703 4316 1799 4391 qui

214 4434 319 4474 non
347 4416 683 4473 desideranti
715 4415 1142 4471 misericordiam
1183 4420 1405 4482 praestat
1431 4411 1662 4479 iujustus
1684 4417 1794 4464 est.

215 4509 321 4565 Sed
350 4509 492 4563 dicis
527 4520 542 4560 :
575 4506 708 4574 Quis
728 4516 812 4560 est
839 4507 1002 4561 homo
1023 4505 1114 4574 qui
1141 4518 1246 4558 nou
1277 4504 1544 4558 desiderat
1587 4501 1799 4557 miseri-

214 4602 459 4658 cordiam
486 4600 620 4654 Dei?
642 4599 741 4662 Tu,
772 4598 864 4669 qui
895 4611 1180 4666 permanes
1208 4600 1259 4652 in
1291 4597 1547 4665 peccatis.
1574 4595 1801 4650 Deside-

216 4708 338 4748 rare
390 4701 479 4749 est
531 4700 713 4746 autem
762 4688 1186 4745 misericordiam
1240 4689 1375 4752 Dei,
1435 4689 1681 4743 converti
1730 4687 1801 4744 ad

218 4789 411 4844 Deum.
459 4784 552 4840 Ille
579 4786 723 4839 enim
753 4783 1028 4838 desiderat
1071 4782 1503 4838 misericordiam
1540 4780 1670 4846 Dei,
1710 4779 1803 4850 qui

219 4880 373 4934 timet
400 4878 543 4932 iram
586 4873 722 4942 eius.
754 4866 871 4928 Non
905 4873 1178 4927 desiderat
1217 4872 1645 4927 misericordiam
1686 4871 1802 4935 Dei,

219 4972 310 5025 sed
353 4968 678 5032 contemnit,
729 4965 820 5036 qui
852 4980 958 5020 non
1001 4963 1337 5019 convertitur
1379 4963 1447 5018 ad
1498 4963 1667 5017 Deum
1713 4961 1807 5031 qui

222 5058 353 5115 fecit
417 5072 567 5113 eum.
631 5054 923 5110 Jerusalem
953 5095 970 5121 ,
1034 5053 1364 5118 Jerusalem,
1440 5068 1562 5121 quae
1633 5066 1808 5122 usque

223 5164 367 5204 nunc
416 5149 619 5203 luctata
668 5162 728 5202 es
772 5153 961 5202 contra
1010 5143 1437 5199 miscricordiam
1478 5158 1656 5198 meam
1704 5143 1813 5198 tuis

224 5240 487 5315 peccatis,
518 5252 661 5293 nunc
690 5245 870 5291 autem
892 5235 1005 5305 jam
1027 5236 1314 5305 superasti.
1342 5235 1477 5291 Volo
1501 5235 1647 5289 enim
1679 5235 1812 5290 inte

229 5333 499 5409 misereri,
523 5331 619 5387 sed
642 5332 783 5386 vires
804 5330 1185 5386 misericordiae
1205 5329 1465 5385 faciendae
1483 5344 1591 5383 non
1613 5328 1811 5395 habeo,

231 5418 330 5482 nec
357 5439 581 5497 possum
609 5431 664 5477 te
689 5423 919 5496 amplius
947 5420 1193 5477 suli'erre.
1224 5420 1642 5477 lncessabllibus
1666 5419 1812 5476 enim

234 5514 612 5588 iniquitatibus
654 5513 762 5570 tuis
806 5511 1181 5568 misericordia
1226 5525 1345 5567 mea
1378 5511 1532 5582 quasi
1555 5508 1669 5578 jam
1701 5508 1815 5579 las-

227 5588 350 5668 sata
380 5596 662 5683 proposito
690 5625 788 5664 suo
808 5608 1029 5664 defecit.
1055 5608 1186 5674 Quae
1215 5607 1410 5661 occidis
1438 5606 1739 5677 prophetas,
1767 5611 1816 5658 et

1892 3314 2017 3371 tina:
2048 3315 2240 3386 lingmc
2265 3316 2647 3386 peritissimus,
2671 3316 2761 3386 qui
2793 3318 2989 3373 dicitur
3012 3327 3071 3372 ut
3098 3334 3290 3373 nucem
3318 3316 3478 3387 juxta

1890 3408 2141 3464 nucleum
2192 3407 2464 3479 frangens,
2511 3408 2776 3464 medullas
2822 3417 2878 3464 et
2920 3409 3034 3480 ipsa
3081 3410 3290 3464 viscera
3329 3410 3477 3464 Scri-

1890 3509 2065 3569 pturte
2090 3508 2293 3553 sanctae
2317 3497 2710 3567 investigando,
2748 3498 2976 3554 Domino
3018 3498 3353 3569 inspirante,
3379 3512 3480 3569 pe-

1893 3600 2110 3646 netrare
2149 3590 2479 3661 promeruit,
2528 3590 2583 3645 in
2629 3591 2966 3662 expositione
3007 3590 3307 3657 Ezechielis
3348 3606 3477 3663 pro-

1893 3682 2071 3753 pheta:
2095 3681 2171 3736 ita
2207 3679 2342 3736 dicit
2373 3697 2391 3735 :
2437 3699 2457 3732 ι
2492 3679 2751 3751 Nunquid
2778 3680 3061 3735 voluntatis
3088 3698 3215 3736 metu
3237 3691 3311 3735 est
3338 3698 3480 3736 mors

1893 3773 2061 3843 irnpii,
2089 3770 2218 3827 dicit
2260 3772 2518 3826 Dominus
2567 3770 2727 3838 Deus,
2754 3782 2801 3826 et
2833 3787 2938 3826 non
2981 3780 3038 3825 ut
3079 3781 3411 3826 convertatur
3448 3790 3483 3826 a

1895 3864 1989 3920 riis
2018 3866 2131 3919 suis
2175 3874 2224 3920 et
2272 3863 2685 3934 rivat?(Ezcht.
2732 3879 2892 3929 xvnu,
2921 3863 3038 3933 25.)
3084 3863 3223 3934 Ergo
3269 3861 3486 3917 Domini

1897 3956 2196 4010 voluntatis
2223 3964 2306 4010 est
2332 3970 2523 4010 omnes
2549 3954 2730 4010 salvos
2757 3954 2893 4019 fieri,
2927 3963 2981 4009 et
3012 3955 3077 4008 ad
3112 3954 3359 4009 notitiam
3384 3969 3482 4010 ve-

1898 4046 2078 4101 ritatis
2100 4045 2307 4100 venire.
2340 4042 2660 4114 Ubicunque
2692 4053 2874 4099 autem
2915 4042 3010 4098 Dei
3052 4043 3265 4098 videtur
3294 4056 3487 4097 severa

1901 4147 1958 4192 et
2003 4136 2306 4191 truculenta
2355 4135 2624 4190 sententia
2654 4174 2674 4202 ,
2713 4149 2819 4189 nou
2862 4135 3110 4189 homines
3135 4135 3228 4189 sed
3258 4124 3485 4203 peccata

1902 4226 2250 4282 condemnat.
2282 4244 2301 4278 ι
2352 4224 2423 4280 Et
2463 4225 2593 4279 item
2627 4238 2788 4293 supra
2825 4241 2837 4277 :
2886 4242 2906 4274 ι
2940 4223 3022 4277 Ad
3069 4238 3164 4277 eos
3209 4235 3390 4277 sermo
3424 4220 3489 4282 ﬁt

1902 4318 1997 4388 qui
2023 4316 2213 4372 volunt
2254 4314 2417 4387 agere
2459 4314 2860 4386 penitentiam,
2911 4322 2967 4369 et
3005 4312 3217 4382 justitia
3259 4322 3489 4387 peccata

1905 4408 2111 4472 delere,
2141 4414 2202 4461 ut
2230 4422 2352 4462 cum
2384 4405 2579 4460 ﬁducia
2603 4412 3013 4469 convertantur,
3040 4410 3097 4457 et
3121 4401 3283 4471 pleno
3306 4402 3492 4455 animo

1905 4507 2068 4570 agant
2093 4496 2493 4567 pmuitentiam.
2539 4493 2640 4549 Hic
2682 4502 2862 4548 autem
2889 4493 2956 4547 ad
2987 4506 3087 4549 eos
3111 4490 3366 4562 loquitur,
3396 4490 3499 4560 qui

1908 4588 2281 4658 magnitudine
2314 4595 2686 4656 peccatorum,
2732 4585 2843 4638 imo
2871 4583 3209 4654 impietatum
3241 4592 3489 4647 suarum,

1907 4680 2198 4749 desperant
2227 4677 2480 4733 salutem.
2520 4696 2540 4730 ι
2592 4676 2660 4730 Et
2692 4682 2816 4747 post
2852 4689 3068 4745 pauca:
3113 4691 3135 4724 ι
3166 4671 3373 4739 Quibus
3406 4685 3493 4725 re-

1906 4770 2137 4842 spondet
2162 4768 2328 4834 Deus,
2352 4783 2458 4823 non
2477 4767 2617 4821 velle
2644 4781 2708 4822 se
2734 4776 2971 4820 mortem
2999 4764 3296 4835 impii,,sed
3325 4770 3384 4816 ut
3407 4777 3499 4816 re-

1907 4870 2154 4918 vertatur
2177 4869 2236 4915 ct
2277 4867 2447 4914 vivat.
2481 4858 2659 4928 Atque
2684 4866 2742 4917 ut
2782 4857 3020 4914 sciamus
3062 4855 3152 4924 qui
3185 4854 3296 4908 sint
3339 4851 3497 4923 impii

1910 4954 1978 5009 ad
2005 4968 2144 5024 quos
2169 4952 2433 5022 loquitur,
2456 4963 2690 5018 sequens
2712 4962 2894 5003 serum
2919 4947 3290 5001 demonstrat:
3319 4939 3501 5006 Quurc

1914 5046 2231 5111 moriemini,
2279 5044 2466 5100 domus
2514 5040 2725 5096 Israel?
2774 5038 2990 5109 (Exerit.
3044 5051 3158 5099 nt,
3206 5033 3323 5103 5|.)
3376 5029 3500 5088 Vita

1915 5148 2096 5194 autem
2118 5146 2175 5194 et
2202 5149 2350 5192 mors
2374 5136 2430 5197 in
2453 5136 2559 5191 hoc
2584 5133 2704 5189 loco
2734 5147 2840 5188 non
2865 5132 2980 5186 haec
3000 5127 3360 5201 significatur,
3389 5136 3497 5195 qua

1915 5243 2106 5285 omnes
2148 5224 2426 5282 communi
2465 5238 2590 5280 cum
2615 5221 2807 5278 bestiis
2837 5220 2956 5290 lege
3000 5228 3206 5273 natura:
3244 5216 3327 5271 vel
3357 5216 3499 5269 viri.

1917 5337 2076 5386 mus,
2099 5318 2189 5376 vel
2216 5327 2392 5373 morte
2417 5314 2766 5373 dissolvimur
2798 5331 2813 5369 :
2853 5313 2947 5368 sed
2988 5310 3080 5366 illa
3122 5311 3190 5364 de
3213 5322 3319 5378 qua
3357 5308 3500 5363 scri-

1917 5422 2069 5488 ptum
2120 5420 2207 5469 est
2254 5428 2268 5465 :
2326 5407 2555 5464 Placebo
2601 5406 2828 5461 Domino
2864 5406 2921 5459 in
2969 5404 3179 5473 regione
3221 5399 3500 5455 virentium

1921 5502 2096 5577 (Psal.
2125 5515 2270 5567 exn,
2293 5498 2371 5571 9).
2404 5499 2492 5564 Et,
2514 5497 2705 5551 Anium
2732 5509 2851 5566 qum
2872 5492 3155 5565 peccauerit
3172 5493 3285 5563 ipsa
3305 5491 3500 5545 morie-

1919 5607 2008 5652 tur
2035 5593 2254 5665 (Kueh.
2297 5605 2458 5655 XVIII,
2500 5589 2613 5655 £0),
2643 5597 2699 5642 et
2729 5602 2760 5641 a
2803 5584 3022 5656 speciali
3059 5583 3496 5647 commouitione,

240 5674 442 5789 lppidas
471 5674 561 5759 eos
587 5703 679 5774 qui
708 5701 777 5755 ad
801 5710 848 5754 te
877 5701 1173 5754 mittuntur.
1213 5694 1334 5751 Misi
1366 5674 1447 5752 ad
1463 5705 1514 5751 te
1538 5674 1735 5751 lsaiam
1762 5702 1820 5749 et
1922 5701 2033 5761 qua
2065 5683 2229 5742 Israel
2256 5681 2441 5789 domui
2467 5679 2846 5789 loquebatur.l
2867 5676 2936 5789 Ml
2970 5674 3503 5789 Generalfm.‘lmn:

246 5785 471 5875 sonasti
500 5808 680 5879 eum:
740 5791 862 5848 misi
911 5788 976 5844 ad
1026 5796 1077 5843 te
1118 5785 1442 5875 leucadam,
1489 5794 1540 5867 et
1574 5785 1819 5859 lapidasti

1924 5784 1966 5839 it
2013 5775 2463 5853 disputationem,
2542 5771 2687 5849 quod
2729 5779 2785 5829 et
2827 5768 3033 5841 justum
3074 5769 3359 5843 praeterita:
3392 5776 3511 5824 non:
