3992 6336
1182 249 1240 268 π’·

489 300 595 359 951
1417 296 1752 361 lilNCMARl
1790 292 2184 358 RHEMENSIS
2216 288 2730 354 ARCIIIEPISCOPI
2804 289 2808 293 ’
2918 288 2929 293 ”
3002 290 3007 295 ’
3046 286 3059 299 ’
3232 317 3237 320 ο
3687 284 3788 345 239.

490 417 572 473 Ita
600 416 848 474 voluntas
873 415 1209 490 Deisemper
1236 414 1436 472 invicta
1475 425 1581 473 est.
1628 414 1953 472 Vinceretur
1980 428 2081 468 au—
2105 414 2155 473 A
2181 418 2307 465 runt
2329 408 2547 464 interim
2576 423 2699 479 qua:
2740 394 3072 478 respondere
3113 407 3248 463 mihi
3307 405 3556 477 placeat,
3590 405 3637 461 ο
3665 407 3784 461 alii:

495 518 623 572 tom,
666 508 711 564 si
731 523 839 562 non
877 506 1145 563 inveniret
1174 506 1303 578 quid
1334 508 1402 563 de
1435 507 1902 577 contemploribus
1932 505 2079 562 face-
2180 499 2308 556 tudo
2337 498 2686 555 divitiarum!
2708 505 2786 563 et;
2813 496 3071 568 Nunquid
3099 497 3367 568 iniquitas
3394 496 3552 564 apud
3579 494 3788 552 Deum!

493 609 598 666 ret,
621 609 717 655 aut
747 599 857 655 ullo
896 601 1058 656 modo
1088 588 1310 671 possent
1336 603 1570 657 evadere
1597 602 1741 672 quod
1784 602 1854 657 de
1881 601 2081 656 talibus
2180 595 2276 652 Cui
2311 596 2591 665 responsio
2639 594 2744 649 ista
2779 592 3053 663 displicet,
3099 598 3315 661 qu‘arrat
3362 588 3673 651 doctiores,
3699 589 3788 643 sed

493 693 586 748 ille
610 692 908 748 constituit.
937 692 1039 761 Qui
1066 695 1213 748 enim
1244 694 1392 758 dicit,
1441 694 1590 747 verbi
1619 692 1813 763 gratia,
1852 692 1987 748 Volo
2021 699 2083 746 ut
2181 698 2371 744 caveat
2392 704 2460 743 ne
2478 687 2718 742 inveniat
2739 692 3176 756 pnesumptores.
3206 701 3229 734 ι

494 787 549 842 hi
581 801 772 841 omnes
793 788 936 841 servi
960 788 1065 842 mei
1093 798 1390 857 operentur
1417 787 1470 842 in
1493 787 1672 851 vinea,
1701 794 1757 841 et
1794 794 1913 855 post
1929 785 2080 840 labo-
2254 780 2322 834 Et
2366 780 2421 834 in
2458 779 2596 833 libro
2640 794 2675 831 v
2724 781 2863 847 (MP-
2886 775 2967 845 5),
3023 782 3210 829 (εοηῑτθ
3261 771 3594 828 “illum”:
3644 787 3664 821 ‘
3713 769 3789 824 Ᾱη

493 893 610 932 rem
638 876 1048 948 requiescentes
1069 878 1377 943 epulentur,
1411 879 1485 932 ita
1515 887 1575 932 ut
1611 880 1859 949 quisquis
1891 894 2081 934 eorum
2184 875 2384 929 oblitus
2408 888 2481 934 ,es
2508 871 2650 942 quod
2684 870 2826 924 idem
2869 868 2987 938 ipse
3033 868 3226 923 doctor
3266 864 3351 919 ait
3380 882 3397 918 :
3432 862 3521 916 Ne
3548 861 3687 930 forte
3713 860 3793 914 de!

492 970 597 1024 hoc
628 968 885 1034 noluerit,
914 968 967 1023 in
996 968 1225 1038 pistrino
1247 985 1466 1040 semper
1492 970 1691 1024 molat:
1727 971 1942 1024 videtur
1961 970 2084 1039 qui-
2186 965 2293 1021 illis
2321 966 2458 1019 Dens
2480 963 2833 1034 paenitentiam
2860 961 2929 1014 ad
2965 957 3393 1028 cognoscendam
3420 954 3718 1017 ceritatem,
3747 963 3793 1008 et

492 1057 618 1110 dem
652 1056 964 1126 quicunque
987 1059 1394 1129 contempserit,
1417 1068 1607 1113 contra
1632 1058 1963 1114 voluntatem
1989 1059 2088 1114 Do-
2188 1062 2494 1131 resipiscant
2538 1077 2572 1113 a
2596 1055 2793 1112 diaboli
2821 1054 3067 1125 laqueis?
3106 1052 3193 1125 (11
3222 1051 3375 1105 Tim.
3426 1065 3494 1113 tt,
3517 1048 3638 1116 25.)
3693 1046 3794 1103 Sed

495 1147 630 1202 mini
663 1149 745 1201 sui
774 1148 978 1213 iacere,
1002 1149 1095 1203 sed
1124 1158 1251 1203 tunc
1272 1165 1392 1205 eam
1414 1150 1619 1214 vincet,
1648 1150 1691 1204 si
1715 1158 1769 1204 et
1793 1150 2085 1218 pistrinum
2183 1150 2383 1222 judicia
2407 1152 2523 1221 ejus
2551 1149 2691 1204 sicut
2718 1148 2883 1203 multa
2918 1147 3165 1215 ahyssus.
3189 1142 3309 1197 Nos
3335 1148 3518 1203 certe,
3544 1139 3590 1194 si
3617 1154 3709 1194 eos
3743 1137 3791 1192 iu

494 1250 859 1295 contemnens
874 1239 1301 1311 eﬂ‘ugeril,quod
1318 1241 1464 1297 nullo
1489 1242 1647 1297 modo
1662 1240 1775 1297 ﬁeri
1799 1251 1976 1312 potest
1989 1244 2091 1297 sub
2191 1260 2328 1316 quos
2356 1244 2513 1300 nobis
2556 1252 2799 1314 potestas
2822 1248 2907 1295 est
2934 1226 3060 1294 ante
3086 1236 3279 1292 oculos
3327 1243 3561 1289 nostros
3607 1246 3791 1302 perpe-

491 1327 586 1384 Dei
616 1330 776 1401 ι87
802 1340 1090 1399 potestate.
1116 1332 1268 1388 Unde
1293 1334 1551 1404 scriptum
1574 1344 1676 1400 est,
1700 1333 1869 1389 Semel
1887 1335 2092 1389 locutus
2194 1348 2341 1393 trare
2393 1336 2598 1391 scelera
2650 1333 3052 1405 permittamus,
3111 1332 3188 1386 rei
3249 1327 3431 1400 188
3489 1342 3616 1382 cum
3668 1324 3793 1394 ipsis

487 1430 567 1474 est
597 1419 740 1475 Deus
775 1419 949 1489 (Psal.
994 1439 1108 1486 ut,
1136 1423 1246 1488 12),
1287 1425 1391 1479 hoc
1435 1423 2090 1481 estincomnmtabililer:
2195 1429 2415 1484 erimus.
2449 1427 2621 1495 Quam
2645 1440 2773 1480 vero
2810 1414 3229 1480 innumerabilia
3261 1419 3359 1474 ille
3386 1416 3664 1489 permittit
3682 1415 3788 1470 ﬁeri

490 1510 1303 1579 quanquametdeunicoverho
1317 1515 2099 1586 possitintelligi.l)eindesuh-
2198 1529 2321 1575 ante
2351 1518 2537 1573 oculos
2559 1532 2688 1571 suos
2735 1515 2873 1585 (cap.
2904 1513 3023 1578 26),
3056 1525 3178 1582 quae
3207 1510 3410 1578 utique
3436 1508 3485 1563 si
3519 1505 3788 1569 noluisset,

487 1600 724 1673 iungens
745 1605 878 1674 quid
902 1605 1420 1662 incommutabiliter
1441 1608 1512 1662 sit
1536 1607 1765 1673 locutus,
1813 1607 1934 1661 Duo
1961 1608 2096 1687 Iure,
2199 1610 2345 1665 nulla
2374 1609 2586 1663 ratione
2608 1603 2996 1677 permitteret?
3020 1609 3077 1656 et
3103 1610 3289 1654 tamen
3330 1598 3523 1668 justus
3544 1605 3599 1650 et
3630 1594 3790 1687 bonus

495 1692 692 1762 inquit,
723 1696 928 1760 audivi,
974 1699 1224 1768 quoniam
1268 1707 1496 1768 potestas
1523 1698 1618 1752 Dei
1640 1708 1735 1761 est,
1776 1708 1826 1753 et
1846 1699 1961 1763 tibi,
1990 1683 2098 1753 Do;
2199 1707 2305 1762 est,
2336 1707 2391 1754 et
2430 1697 2575 1767 quod
2606 1695 2894 1767 prmbendo
2921 1691 3239 1762 patientiam
3275 1691 3376 1743 dat
3401 1688 3586 1741 locum
3623 1683 3790 1756 pinni-

495 1784 654 1848 utine,
706 1786 1087 1849 misericordia,
1135 1790 1224 1856 qui
1273 1789 1449 1843 reddis
1498 1791 1779 1861 unicuique
1805 1789 2091 1844 secundum
2125 1781 2170 1841 Β
2198 1790 2380 1846 tentite
2411 1788 2600 1843 nolens
2623 1787 2856 1856 aliquem
2883 1783 3084 1854 perire.
3120 1800 3140 1833 ι
3171 1780 3240 1834 Et
3282 1778 3341 1833 in
3379 1778 3525 1832 libro
3545 1776 3614 1831 de
3644 1774 3791 1831 Cate-

499 1891 659 1945 opera
687 1893 806 1931 sua.
834 1877 927 1932 llle
956 1878 1119 1949 igitur
1145 1894 1271 1934 reus
1317 1880 1422 1934 erit
1451 1881 1517 1935 ad
1547 1881 1945 1937 damnationem
1990 1881 2092 1937 sub
2195 1879 2478 1938 chizandis
2508 1876 2752 1940 rudibus,
2781 1875 2834 1930 in
2859 1888 2969 1945 quo
3010 1870 3482 1943 qualitercumque
3512 1866 3654 1921 hanc
3679 1878 3791 1919 sen-

497 1973 770 2035 potestate
796 1966 937 2037 eius,
964 1969 1054 2038 qui
1084 1971 1473 2040 contempserit
1508 1973 1576 2025 ad
1622 1971 1954 2026 credendum
1987 1972 2093 2028 mi-
2197 1973 2421 2029 tentiam
2471 1977 2659 2026 contra
2686 1966 2974 2023 haereticos
3014 1960 3361 2033 exposuerit,
3398 1956 3674 2030 quomodo
3701 1954 3791 2008 im—

502 2057 857 2123 sericordiam
900 2057 1037 2127 eius.
1068 2059 1327 2130 Quisquis
1372 2070 1554 2117 autem
1583 2064 1874 2120 crediderit
1896 2065 1968 2128 ei,
2000 2064 2092 2135 qui
2197 2063 2434 2122 buendis
2457 2063 2525 2117 ad
2574 2060 2737 2115 ﬁdem
2769 2056 3032 2113 tradenda
3064 2054 3158 2120 sit,
3184 2060 3247 2108 et
3280 2049 3531 2106 imbutis
3576 2044 3791 2135 tenenda

500 2159 563 2205 se
587 2160 619 2200 a
652 2149 890 2215 peccatis
915 2148 1165 2205 omnibus
1192 2149 1598 2218 absolvendum,
1634 2162 1690 2209 et
1737 2152 1807 2208 ab
1844 2156 2096 2211 omnibus

500 2235 648 2291 vitiis
677 2239 1001 2303 sanandum,
1032 2250 1088 2294 et
1107 2239 1287 2296 calore
1307 2257 1371 2296 ac
1405 2241 1606 2297 lumine
1633 2242 1752 2312 eius
1791 2245 2094 2301 accenden-

501 2326 633 2383 dum
657 2328 1178 2401 illuminandumqne
1200 2347 1305 2387 non
1348 2336 1757 2405 contempserit,
1787 2336 2001 2391 habebit
2028 2353 2096 2392 ex

501 2413 624 2485 ejus
663 2418 837 2489 gratia
879 2433 1044 2489 opera
1072 2420 1236 2485 bona,
1267 2436 1332 2476 ex
1361 2423 1560 2491 quibus
1606 2425 1774 2478 etiam
1800 2427 2095 2480 secundam

503 2521 705 2576 corpus
743 2524 775 2563 a
806 2511 997 2566 mortis
1041 2513 1388 2582 corruptione
1434 2514 1752 2579 redimatur,
1784 2526 2096 2584 coronetur,

502 2598 769 2671 bonisque
818 2602 1069 2667 satietur,
1115 2619 1222 2658 non
1276 2605 1680 2674 temporalibus,
1712 2609 1807 2663 sed
1857 2610 2097 2675 aeternis,

505 2705 670 2763 supra
702 2696 865 2761 Quam
888 2694 1123 2763 petimus
1146 2704 1202 2749 et
1227 2695 1600 2766 intelligimus.
1635 2697 1758 2753 Haec
1783 2699 2109 2768 disputatio,

506 2782 555 2837 si
581 2776 864 2851 quaestioni
894 2784 969 2838 illi
994 2784 1263 2840 solvenda:
1288 2784 1501 2851 sutiicit,
1544 2787 1792 2843 sulliciat.
1833 2788 1891 2844 Si
1920 2798 2101 2845 autem

507 2872 889 2940 respondetur,
917 2873 1217 2927 cavendum
1240 2889 1362 2930 esse
1404 2891 1474 2929 ne
1518 2878 1805 2948 quisquam
1846 2879 1954 2934 Deo
2003 2879 2103 2935 tri-

506 2962 780 3019 buendum
832 2972 982 3033 putet
1031 2975 1315 3033 peccatum
1361 2968 1505 3036 quod
1555 2969 1862 3023 admittitur
1907 2986 2004 3039 per
2031 2969 2101 3025 li-

509 3053 704 3125 bentm
735 3055 1114 3133 arbitrium,.si
1147 3057 1198 3110 in
1248 3072 1314 3111 eo
1341 3059 1483 3126 quod
1520 3058 1741 3125 dicitur,
1774 3060 1915 3125 Quid
1943 3061 2102 3116 habes

2196 2156 2287 2219 sit,
2312 2152 2591 2209 evidenter
2620 2147 2886 2212 ostendit,
2933 2146 3158 2201 dicens:
3193 2162 3214 2196 ι
3270 2142 3449 2206 Vere,
3494 2137 3679 2199 frater,
3708 2133 3788 2190 illa

2198 2258 2394 2316 magna
2421 2252 2475 2298 et
2502 2256 2634 2296 vera
2677 2238 2958 2295 beatitudo
3000 2244 3108 2300 est,
3155 2248 3284 2303 qua:
3312 2234 3372 2287 in
3402 2230 3592 2285 futuro
3611 2224 3795 2283 saeculo

2199 2335 2404 2392 sanctis
2429 2332 2784 2404 promittitur.
2816 2325 3009 2385 Omnia
3050 2340 3182 2381 vero
3207 2323 3457 2379 visibilia
3493 2323 3782 2383 transeunt,

2199 2437 2255 2484 et
2278 2426 2458 2481 omnis
2484 2423 2646 2495 huius
2669 2420 2848 2477 saeculi
2892 2434 3107 2489 pompa.
3137 2424 3194 2472 et
3219 2415 3465 2477 delicias,
3488 2421 3545 2468 et
3569 2410 3780 2467 curiosi-

2202 2528 2288 2576 tas
2318 2517 2639 2579 interibunt,
2672 2521 2729 2569 et
2770 2527 2955 2567 secum
2981 2511 3049 2565 a‘d
3080 2508 3373 2564 interitum
3408 2505 3633 2561 trahunt
3654 2515 3785 2556 ama-

2202 2621 2350 2667 tores
2374 2624 2521 2663 suos.
2545 2607 2587 2660 A
2618 2620 2726 2675 quo
2751 2603 2997 2666 interitu,
3040 2601 3145 2656 hoc
3165 2608 3258 2655 est
3297 2598 3485 2670 ptenis
3524 2593 3787 2664 sempiter—

2204 2703 2310 2766 nis,
2339 2701 2482 2755 Deus
2503 2697 2818 2753 misericors
2845 2693 3035 2749 volens
3058 2691 3603 2751 hominesdiberare,
3629 2685 3672 2740 si
3692 2682 3780 2738 sibi

2204 2794 2307 2866 ipsi
2340 2809 2445 2848 non
2473 2792 2582 2847 sint
2612 2781 2837 2853 inimici,
2867 2795 2925 2843 et
2966 2800 3073 2840 non
3107 2783 3378 2839 resistant
3423 2775 3783 2835 misericordia:

2204 2883 2481 2940 Creatoris
2508 2881 2612 2945 sui,
2664 2879 2814 2935 misit
2865 2876 3201 2946 unigenitum
3258 2873 3465 2930 Filium
3497 2883 3668 2930 suum,
3694 2866 3781 2920 hoc

2204 2981 2320 3038 est,‘
2340 2974 2578 3028 Verbum
2622 2985 2811 3037 suum,
2839 2967 3047 3038 aequale
3075 2965 3201 3030 sibi,
3253 2981 3358 3035 per
3387 2962 3531 3034 quod
3562 2955 3780 3015 condidit

2209 3067 2416 3130 omnia,
2441 3073 2497 3119 et
2538 3078 2766 3144 manens
2795 3061 3012 3131 quidem
3045 3059 3095 3113 in
3127 3057 3421 3113 divinitate
3447 3069 3567 3117 sua,
3611 3059 3661 3106 et
3687 3062 3779 3144 non

508 3147 651 3218 quod
678 3163 784 3201 non
812 3130 1058 3217 accepisti
1089 3147 1114 3202 ?
1157 3160 1441 3219 propterea
1471 3150 1635 3204 etiam
1692 3151 1946 3207 voluntas
1997 3168 2101 3222 qua
2129 3127 2178 3194 θ
2210 3127 2468 3211 recedens
2487 3168 2518 3207 a
2548 3136 2739 3216 Patre,
2760 3127 2863 3205 nec
2884 3149 2940 3204 in
2971 3148 3155 3218 aliquo
3181 3154 3451 3208 mutatus,
3480 3136 3783 3197 assumendo

509 3239 789 3295 credimus
828 3238 971 3296 dono
999 3240 1094 3295 Dci
1119 3242 1405 3307 tribuitur,
1441 3243 1567 3313 quia
1611 3243 1678 3298 de
1726 3243 1896 3299 libero
1922 3245 2109 3301 existit

512 3332 764 3396 arbitrio,
786 3333 931 3402 quod
974 3348 1095 3388 cum
1124 3349 1438 3391 crearemur
1463 3336 1811 3405 accepimus:
1867 3337 2110 3393 attendat

509 3432 569 3487 et
594 3424 773 3479 videat
796 3440 902 3479 non
929 3425 1050 3480 ideo
1096 3434 1306 3480 tantum
1352 3426 1511 3481 istam
1560 3426 1897 3482 voluntatem
1922 3426 2107 3483 ditino

511 3516 727 3572 muneri
763 3517 1123 3580 tribuendam,
1146 3516 1273 3586 quia
1300 3533 1368 3573 ev
1390 3518 1564 3574 libero
1590 3519 1816 3573 arbitrio
1833 3530 1938 3585 est,
1961 3519 2107 3590 quod

515 3610 673 3665 nobis
692 3608 1033 3664 naturaliter
1060 3620 1408 3664 concrcatum
1433 3620 1538 3675 est,
1565 3626 1751 3666 verum
1779 3611 1942 3666 etiam
1963 3611 2106 3680 quod

450 3734 455 3741 ‹
513 3698 757 3754 visorum
793 3698 1141 3753 suasionibus
1162 3700 1275 3769 agit
1303 3698 1442 3754 Deus
1474 3708 1533 3754 ut
1553 3700 1800 3765 velimus,
1821 3711 1877 3755 et
1900 3709 1958 3753 ut
1982 3715 2105 3755 crc-

517 3788 731 3851 damus,
767 3788 882 3844 sive
906 3789 1245 3844 extrinsecus
1272 3803 1373 3858 per
1407 3790 1745 3860 cvangelicas
1771 3790 2107 3844 exhortatio-

519 3896 639 3943 nes,
670 3880 761 3936 ubi
786 3890 843 3936 et
872 3881 1124 3935 mandata
1169 3880 1304 3951 legis
1345 3879 1546 3950 aliquid
1589 3888 1775 3951 agunt,
1824 3881 1869 3936 si
1912 3880 1978 3935 ad
2004 3881 2111 3945 hoc

518 3973 811 4029 admouent
841 3973 1113 4029 hominem
1145 3973 1478 4030 inﬁrmitatis
1511 3989 1640 4038 suae,
1682 3984 1740 4028 nt
1763 3975 1829 4029 ad
1877 3976 2107 4045 gratiam

514 4062 902 4142 )ustiﬁcantem
928 4062 1200 4119 credendo
1228 4062 1544 4134 confugiat:
1593 4063 1708 4119 sive
1757 4063 2109 4130 intrinsecus,

520 4156 614 4212 ubi
637 4171 796 4211 nemo
815 4155 978 4211 habet
1000 4156 1053 4210 in
1074 4164 1340 4225 potestate
1359 4155 1487 4225 quid
1502 4155 1552 4210 ei
1574 4156 1753 4210 veniat
1774 4156 1827 4211 in
1850 4166 2106 4223 mentem,

521 4247 620 4303 sed
637 4247 950 4304 consentire
975 4246 1059 4302 vel
1089 4246 1378 4302 dissentire
1414 4245 1645 4314 propriae
1684 4244 1977 4301 voluntatis
2003 4256 2108 4302 est.

520 4337 620 4395 llis
647 4352 778 4406 ergo
806 4337 981 4391 modis
1007 4337 1225 4406 quando
1254 4334 1397 4389 Deus
1423 4334 1536 4403 agit
1563 4349 1687 4389 cum
1735 4336 1913 4390 anima
1948 4336 2113 4391 ratio-

521 4429 633 4485 nali
667 4438 728 4483 ut
760 4430 811 4483 ei
831 4429 1041 4492 credat,
1068 4444 1246 4498 neque
1273 4428 1419 4482 enim
1467 4428 1689 4483 credere
1719 4439 1897 4498 potest
1936 4432 2109 4499 quod-

521 4518 660 4575 libet
685 4519 859 4573 lihero
886 4518 1133 4581 arbitrio,
1184 4518 1230 4573 si
1257 4517 1400 4573 nulla
1435 4517 1505 4573 sit
1555 4518 1739 4574 suasio
1784 4520 1869 4575 vel
1899 4522 2111 4577 vacatio

520 4607 612 4663 cui
636 4607 842 4672 credat,
867 4606 1110 4678 profecto
1137 4616 1192 4663 et
1219 4606 1393 4677 ipsum
1416 4606 1555 4663 velle
1575 4608 1797 4664 credere
1821 4611 1962 4666 Deus
1981 4627 2113 4682 ope-

524 4706 680 4751 ratur
708 4695 763 4750 in
792 4695 1027 4758 homine,
1061 4704 1117 4751 et
1162 4696 1217 4750 In
1272 4697 1524 4752 omnibus
1578 4698 1952 4755 misericordia
1994 4700 2113 4771 ejus

524 4786 790 4859 pra-venit
815 4801 933 4843 nos.
980 4785 1302 4843 Consentire
1346 4797 1529 4843 autem
1577 4790 1849 4845 vocationi
1881 4790 1994 4850 Dei.
2023 4793 2110 4849 vel

524 4878 598 4935 ab
623 4893 689 4934 ea
733 4878 1044 4944 dissentire,
1069 4881 1211 4935 sicut
1252 4879 1506 4946 diximus,
1541 4882 1774 4952 propriae
1820 4883 2111 4943 voluntatis

522 4979 629 5027 est.
658 4970 791 5038 Quae
820 4985 909 5027 res
939 4986 1045 5026 non
1085 4970 1257 5027 solum
1290 4986 1396 5026 non
1443 4970 1679 5027 inﬁrmat
1723 4974 1866 5043 quod
1906 4974 2110 5031 dictum

528 5070 636 5128 est,
685 5062 827 5128 Quid
873 5063 1013 5117 enim
1062 5061 1218 5121 habes
1264 5062 1405 5129 quod
1456 5079 1561 5117 non
1605 5066 1896 5134 accepisti?
1922 5082 2111 5123 verum

527 5153 693 5212 etiam
725 5152 1035 5209 conﬁrmat.
1066 5154 1327 5224 Accipere
1359 5154 1559 5224 quippe
1601 5162 1655 5209 et
1675 5193 1679 5198 ε
1700 5155 1900 5211 habere
1928 5159 2111 5213 anima

529 5258 640 5304 non
668 5254 848 5316 potest
891 5246 1050 5311 dona,
1081 5246 1149 5305 de
1176 5245 1519 5316 quihus’hoc'
1538 5245 1709 5311 audit,
1752 5247 1860 5301 nisi
1885 5263 2115 5304 conserv

528 5334 715 5395 ﬂendo
738 5353 752 5390 :
776 5352 843 5393 ac
870 5352 968 5407 per
995 5337 1097 5392 hoc
1123 5334 1261 5407 quid
1301 5336 1501 5393 habeat
1525 5345 1583 5391 et
1604 5336 1733 5407 quid
1761 5322 2123 5406 ac'eipiat‘Dei

529 5437 617 5485 est
640 5445 654 5481 :
686 5428 935 5498 accipere
959 5439 1136 5489 autem
1162 5436 1227 5489 et-
1250 5426 1469 5494 habere,
1504 5424 2041 5515 ittique'accipienti’s
2059 5428 2131 5509 et?

531 5514 782 5575 habentis
809 5528 933 5575 est.’
963 5520 1081 5575 lam
1112 5521 1158 5581 si
1206 5522 1274 5578 ad
1306 5520 1452 5578 illam
1482 5520 1933 5590 ’profulrditatent'
1960 5520 2133 5577 scitu“

532 5611 757 5668 tandum
777 5612 1062 5681 quisquam
1088 5619 1472 5676 nos‘coaretet,
1498 5627 1600 5668 cur
1615 5610 1703 5666 illi
1718 5594 1795 5667 ita
1823 5606 2114 5669 shadea'tur

532 5713 594 5802 ut
613 5705 1027 5819 persuadeant.
1159 5714 1481 5822 dlilﬂtltwn
1513 5705 1575 5793 ἱις
1903 5702 2125 5823 xedor-.4

1734 5778 1777 5811 :7.
1829 5794 1943 5836 i4,”

2140 4472 2189 4533 ι)

2208 3258 2390 3309 tamen
2417 3247 2711 3305 hominem,
2744 3244 2876 3299 etin
2907 3255 3072 3297 carne
3097 3238 3320 3295 mortali
3374 3233 3678 3291 hominibus
3698 3242 3781 3297 sp-

2205 3340 2469 3415 parendo,
2499 3337 2650 3392 venit
2679 3335 2748 3389 ad
2778 3333 3049 3395 homines,
3085 3338 3147 3385 nt
3198 3324 3674 3415 quemadmodum
3693 3331 3781 3388 per

2206 3412 2374 3488 unum
2401 3428 2701 3492 hominem,
2722 3425 2816 3495 qui
2846 3423 3058 3495 primus
3078 3420 3256 3475 factus
3288 3427 3397 3482 est,
3427 3414 3478 3470 id
3503 3421 3585 3471 est
3604 3412 3777 3471 Adam,

2207 3540 2356 3582 mors
2385 3522 2607 3577 intravit
2658 3520 2712 3574 in
2756 3532 2929 3589 genus
2964 3517 3287 3577 humanum,
3341 3512 3471 3583 quia
3521 3500 3774 3600 conseruit

2209 3616 2419 3672 mulieri
2470 3628 2583 3668 sua:
2613 3611 2849 3666 seducta:
2885 3623 2917 3662 a
2963 3604 3198 3669 diabolo,
3251 3613 3316 3658 ut
3345 3607 3663 3673 prmceptum
3692 3591 3773 3645 Dei

2209 3706 2723 3777 transgrederentur
2746 3719 2759 3755 :
2786 3701 2865 3756 sic
2885 3714 2983 3770 per
3008 3713 3171 3752 unum
3197 3696 3503 3759 hominem,
3522 3688 3610 3759 qui
3630 3684 3772 3740 etiam

2209 3801 2352 3856 Deus
2380 3806 2465 3853 est
2511 3796 2607 3850 Dei
2661 3793 2851 3856 Filius,
2897 3790 3079 3847 Iesum
3129 3789 3437 3853 Christum,
3466 3781 3646 3839 deletis
3671 3789 3775 3831 ora-

2210 3892 2369 3947 nibus
2405 3888 2645 3960 peccatis
2675 3882 2986 3956 praeteritis,
3014 3880 3304 3936 credentes
3352 3879 3406 3933 in
3453 3888 3574 3929 eum
3602 3877 3770 3960 omnes

2211 3984 2266 4038 iu
2296 3955 2551 4037 aeternam
2604 3955 2769 4032 vitam
2814 3973 3249 4042 ingrederentur.
3287 3989 3307 4021 ι
3341 3969 3409 4024 Et
3456 3966 3510 4020 in
3560 3962 3689 4016 libro
3712 3955 3771 4008 de

2212 4075 2357 4129 Botio
2380 4067 2798 4142 perseverantiae
2824 4069 2963 4136 (cap.
2992 4064 3084 4135 25)
3112 4082 3127 4118 :
3153 4082 3173 4114 ι
3207 4064 3397 4125 Atque‘
3417 4059 3617 4114 utinam
3648 4045 3767 4142 tardi

2211 4136 2393 4222 eordet
2418 4172 2475 4219 et
2502 4160 2725 4223 inﬁrmi,
2780 4157 2871 4229 qui
2921 4172 3027 4211 non
3076 4164 3304 4226 possunt
3351 4151 3652 4220 Scripturss
3694 4136 3766 4193 vel

2211 4271 2396 4312 earum
2425 4251 2794 4323 expositiones
2828 4247 3155 4318 intelligere,
3192 4247 3275 4300 sic
3302 4243 3547 4299 audirent
3574 4236 3649 4291 vel
3670 4244 3763 4287 non

2213 4347 2463 4401 audirent
2489 4343 2543 4397 iu
2573 4342 2676 4397 hac
2700 4337 3000 4408 qumstione
3051 4335 3448 4406 disputationes
3476 4325 3767 4386 nostras,'ut

2215 4438 2386 4508 magis
2416 4438 2756 4490 intuerentur
2802 4431 3078 4485 orationes
3105 4442 3255 4492 suas,
3298 4440 3435 4495 quas
3460 4431 3663 4508 semper
3684 4414 3766 4467 hac

2217 4505 2333 4584 buit
2379 4534 2437 4582 et
2486 4523 2706 4580 habebit
2758 4520 3000 4576 Ecclesia
3045 4517 3115 4573 ab
3161 4516 3402 4573 exordiis
3447 4511 3577 4573 suis,
3613 4505 3762 4559 donec

2216 4618 2435 4672 ﬁniatur
2455 4617 2560 4671 hoc
2601 4612 2876 4668 saeculum.
2912 4609 2990 4665 De
3028 4610 3133 4665 hac
3163 4608 3306 4664 enim
3349 4621 3429 4665 re.
3459 4614 3611 4672 quam
3638 4603 3765 4648 nune

2216 4708 2472 4763 adversus
2502 4719 2672 4760 novos
2701 4703 2986 4757 hmreticos
3029 4699 3168 4771 (cap.
3189 4698 3308 4769 Ἡ),
3341 4710 3445 4752 non
3469 4695 3762 4781 commeruit-

2217 4812 2343 4853 rare
2375 4803 2608 4857 tantum,
2638 4791 2735 4849 sed
2758 4792 2920 4858 plane
2950 4790 3089 4846 tueri
3108 4797 3165 4844 et
3206 4789 3488 4845 deformare
3510 4770 3759 4843 compelli-

2216 4904 2360 4954 mur,
2393 4900 2667 4956 nunquam
2691 4884 2859 4939 tacuit
2880 4883 2933 4937 in
2954 4879 3205 4951 precibus
3231 4879 3365 4943 suis,
3381 4874 3481 4932 etsi
3502 4860 3759 4962 aliquando

2215 4979 2272 5035 in
2297 4978 2640 5035 sermonibus
2657 4973 3009 5035 exerendam,
3041 4970 3190 5025 nullo
3214 4975 3435 5039 urgente
3457 4962 3754 5018 adversam.

2214 5086 2325 5126 non
2352 5066 2579 5139 putavit.
2611 5065 2838 5132 Quando
2872 5062 3017 5116 enim
3075 5076 3182 5115 non
3216 5068 3445 5114 aratum
3466 5060 3547 5107 est
3572 5047 3636 5100 *in

2214 5130 2377 5216 clesia
2404 5170 2502 5228 pro
2529 5130 2856 5217 inﬁdelibus,
2881 5160 3045 5221 atque
3086 5149 3345 5205 iﬁcnicig-
3367 5144 3482 5214 ejus
3509 5147 3564 5195 ut
3582 5130 3769 5228 crede".

2215 5250 2382 5307 rem?
2408 5226 2639 5319 quando
2652 5242 2827 5299 ﬁdelis
2851 5242 3141 5312 quisquam
3171 5238 3424 5298 amicum,
3454 5226 3770 5319 proximum“

2218 5312 2507 5413 coniugem
2535 5334 2736 5395 habuit
2753 5333 3045 5396 inﬁdelem,
3068 5341 3127 5387 et
3170 5346 3279 5386 non
3298 5328 3352 5385 ei
3376 5321 3567 5413 petivi?

2218 5398 2369 5490 mirio
2384 5398 2653 5488 Vnientem
2679 5427 3019 5484 obedientem
3045 5424 3107 5478 ln-
3145 5420 3451 5478 Christiana
3484 5398 3753 5491 6⁸³⁸³Ῡοίὴ

2220 5508 2400 5579 autem
2429 5521 2532 5577 sibi
2562 5530 2809 5590 unquam’
2829 5526 2939 5572 non
2964 5514 3161 5577 oravit,
3209 5496 3761 5593 ueinnontinoipe:

2532 5608 2630 5666 aut
2652 5576 3135 5679 quissaeerdote'm
3165 5616 3335 5687 super
3352 5576 3759 5687 ³

2220 5700 2352 5763 mihi
2368 5651 2750 5768 invocantem,
2768 5699 2816 5756 εἰ
2840 5690 3061 5768 quando
3088 5693 3269 5753 dixive
3290 5684 3367 5747 Ds
3386 5651 3738 5775 δίδωτΜῷ

2248 5784 2331 5825 γ⁴ιίί
2380 5781 2589 5825 'f,t_“.‘tt-'
2644 5788 2651 5813 ζ
2731 5778 2969 5823 l.i'-)i~'i,‘.
3032 5784 3139 5825 '.‘A;
3195 5778 3205 5797 ι’

3694 5756 3761 5791 ΗΑ

2731 5778 2969 5823 κζ’.)ληη
3032 5802 3072 5820 ρ,
3098 5784 3139 5829 ο.)
3195 5778 3205 5797 ⁴λ
3244 5788 3338 5817 “HL
3368 5779 3514 5817 μηδενί
3536 5784 3592 5811 ,ειν
3634 5768 3699 5797 ’ἰδ’
