3992 6336
255 373 365 435 955

884 430 889 435 .
980 371 1071 437 DE
1103 320 1777 469 Pumossrtasrtoaﬁ
1808 369 1814 459 ~1

1917 314 2268 469 eam
2301 316 2715 469 δέίέθέὲὗθὸβτ

3429 336 3555 417 ’δι’

255 493 312 549 in
338 496 397 548 te
419 499 647 560 sperare
663 500 840 559 usque
859 485 917 543 ln
939 486 1126 552 llnem,
1154 502 1263 545 non
1305 462 1478 543 solum
1504 448 1649 549 Ivoce
1674 458 1836 555 ausus
1858 468 1913 544 1A.
1941 448 2279 563 adversatur,
2304 454 2538 571 iniusta:
2851 455 3129 554 illoyj'ieknim
3160 479 3267 563 [qui
3318 468 3533 540 summa

252 588 361 647 est.
400 580 503 637 sed
546 578 740 651 saltem
788 578 1118 651 cogitatione
1154 578 1572 648 reprehendere,
1619 591 1685 631 ac
1722 588 1835 633 non

250 654 433 743 potius
458 685 625 743 super
663 668 784 740 ejus
813 669 975 727 talem
1005 670 1459 735 benedictionem,
1506 678 1561 724 et
1594 681 1693 723 ore
1715 680 1837 720 crc-

251 767 436 830 dente,
467 772 525 820 et
545 763 711 820 corde
741 762 1058 828 conﬁtente,
1088 766 1368 834 respondit
1391 764 1609 821 Amen?
1640 782 1658 815 ι
1696 762 1834 817 Ecce

245 856 521 927 quomodo
549 862 770 911 sanctus
795 852 1129 927 Augustinus
1152 854 1422 910 consentit
1449 862 1502 908 et
1546 852 1836 909 confirmat

243 945 389 1015 quod
433 952 666 1001 sanctus
691 944 902 1000 dixerat
924 944 1289 1001 Ctelestinus:
1337 942 1533 1013 Legem
1576 942 1832 1001 credendi

243 1038 327 1093 let
382 1046 602 1095 statuat
660 1036 1018 1108 supplicandi.
1075 1037 1185 1093 Cur
1248 1048 1430 1093 autem
1481 1051 1586 1093 non
1643 1051 1834 1092 omnes

244 1127 527 1185 solventur
554 1145 682 1187 cum
723 1145 916 1186 omnes
956 1128 1098 1187 Deus
1139 1128 1319 1184 salvos
1365 1128 1480 1185 ﬁeri
1514 1125 1663 1193 velit,
1718 1128 1833 1198 ipse

244 1217 301 1275 in
324 1216 468 1274 libro
489 1219 560 1275 de
584 1218 1073 1277 Praedestinatione
1095 1232 1406 1276 sanctorum
1425 1220 1563 1293 (cap.
1587 1220 1642 1291 6)
1668 1220 1828 1274 dicit:

251 1310 453 1381 «(Multi
481 1312 713 1367 audiunt
737 1314 965 1369 verbum
1004 1314 1269 1379 veritatis,
1316 1316 1409 1369 sed
1453 1313 1542 1369 alii
1581 1314 1830 1379 credunt,

241 1403 331 1458 alii
366 1401 773 1459 contradicunt.
806 1399 1005 1459 Volunt
1051 1420 1181 1476 ergo
1230 1405 1316 1460 isti
1361 1406 1605 1469 credere,
1642 1403 1832 1459 nolunt

241 1493 408 1565 189
425 1502 613 1550 autem
631 1493 727 1549 illi.
745 1494 879 1563 Quis
892 1495 995 1551 hoc
1011 1495 1220 1567 ignoret
1230 1497 1254 1550 ?
1265 1498 1387 1567 quis
1401 1497 1505 1553 hoc
1516 1498 1708 1567 neget?
1721 1496 1829 1552 Sed

235 1598 359 1643 eum
391 1584 453 1639 in
486 1583 615 1640 aliis
653 1594 1008 1656 praeparetur,
1060 1585 1113 1640 in
1144 1586 1294 1663 (aliis
1334 1602 1446 1643 non
1496 1596 1831 1659 praeparetur

231 1672 548 1729 voluntasa
576 1674 829 1740 Domino,
872 1675 1289 1732 discernendum
1338 1686 1422 1732 est
1467 1678 1653 1746 utique
1698 1678 1828 1746 quid

229 1764 416 1819 veniat
447 1765 515 1821 de
545 1764 917 1821 misericordia
955 1765 1073 1837 ejus
1099 1808 1114 1830 ,
1146 1767 1274 1837 quid
1300 1768 1377 1831 de
1395 1764 1622 1836 judicio.
1674 1767 1826 1834 Quod

1930 572 2114 657 justus
2140 581 2248 639 est,
2276 590 2445 659 omne
2481 570 2623 646 quod
2668 570 3116 657 qualitercunque
3167 573 3377 645 justum
3423 586 3550 649 est,

1937 661 2536 729 manaremanifestum
2564 675 2687 733 est.
2722 664 2854 734 Quis
2881 680 3010 738 ergo
3043 665 3151 721 erit
3186 665 3278 737 qui
3321 665 3531 721 incom-

1936 756 2268 811 mutabiliter
2297 765 2627 833 manentem,
2660 741 2715 811 et
2742 757 2922 831 omnia
2961 773 3082 828 quas
3110 766 3238 812 sunt
3284 758 3525 812 conden-

1938 856 2066 913 tem,
2118 857 2413 918 regentem,
2461 858 2623 919 atque
2679 857 3018 915 servantem,
3065 848 3161 904 Dei
3203 848 3527 920 sapientiam

1936 942 2184 996 humanae
2238 941 2516 1011 sapientia:
2563 942 2760 1011 pendat
2813 940 3040 996 arbitrio
3070 981 3086 1006 ,
3130 941 3197 997 de
3236 954 3342 1011 qua
3383 939 3527 994 idem

1932 1033 2220 1105 Apostolus
2248 1035 2398 1100 dicit,
2422 1035 2546 1104 quia
2577 1031 2845 1103 Sapientia
2871 1033 3047 1087 carnis
3077 1032 3288 1087 inimica
3310 1041 3386 1087 est
3418 1031 3526 1087 Deo

1934 1126 2115 1197 (Rom.
2145 1142 2262 1193 vttt,
2291 1128 2368 1199 7),
2397 1137 2452 1183 et
2476 1127 2602 1182 alibi
2637 1141 2652 1180 :
2688 1125 2959 1198 Sapientia
2985 1124 3145 1196 hujus
3170 1125 3352 1180 mundi
3388 1122 3526 1180 stul-

1933 1218 2049 1273 titia
2075 1228 2151 1273 est
2173 1219 2313 1291 apud
2346 1217 2513 1272 Deum
2542 1218 2568 1272 .9
2594 1216 2644 1290 (1
2675 1215 2800 1271 Cor.
2836 1232 2921 1282 ιιι,
2970 1215 3080 1285 l9.)
3124 1215 3241 1271 Non
3279 1223 3364 1270 est
3393 1230 3526 1286 ergo

1934 1310 2001 1366 de
2028 1310 2115 1365 illa
2142 1308 2423 1378 majestate
2452 1309 2647 1363 divinae
2676 1306 2957 1378 sapientia:
2990 1307 3241 1364 humanae
3270 1304 3528 1363 vanitatis

1933 1402 2161 1457 arbitrio
2211 1401 2616 1471 disputandum.
2649 1419 2669 1452 ι
2731 1399 2796 1455 Ει
2843 1398 3003 1471 paulo
3054 1407 3180 1470 post
3223 1396 3364 1470 (cap.
3421 1398 3526 1469 5):

1938 1513 1957 1546 ι
1985 1494 2155 1563 Quem
2181 1509 2311 1567 ergo
2345 1501 2524 1548 movet
2555 1493 2669 1547 hrec
2701 1492 2755 1546 in
2794 1488 2991 1547 divinm
3025 1491 3209 1563 gloria:
3234 1491 3524 1561 dispensa-

1934 1587 2079 1643 tione
2128 1588 2451 1655 diversitas,
2500 1596 2556 1642 et
2611 1583 2869 1655 injustam
2919 1594 3071 1656 putat
3124 1585 3310 1656 negari
3368 1584 3509 1639 alter

1931 1680 2073 1749 quod
2134 1679 2270 1735 alter
2339 1679 2675 1750 acceperit,
2742 1678 3009 1749 intelligat
3067 1677 3523 1748 quemadmodum

1937 1768 2099 1841 190
2120 1768 2377 1825 divinitus
2403 1769 2601 1826 dixerit
2626 1767 2909 1823 Psalmista
2935 1786 2949 1822 :
2985 1766 3257 1823 Universae
3285 1769 3381 1823 ria:
3412 1768 3524 1823 Do-

230 1855 518 1922 quaerebat
547 1854 732 1920 Israel,
759 1856 841 1911 ait
854 1854 1167 1927 Apostolus,
1198 1858 1302 1913 hoc
1325 1874 1432 1913 non
1460 1866 1544 1913 est
1571 1874 1829 1914 cousecu-
1862 1844 1906 1903 Β
1937 1860 2066 1913 mini
2091 1860 2452 1914 misericordia
2480 1870 2527 1914 et
2560 1860 2748 1915 veritas
2790 1856 2964 1930 (Psal.
2995 1858 3144 1930 χχιι)
3177 1875 3194 1924 ;
3219 1867 3381 1928 atque
3425 1873 3521 1914 co-

232 1950 335 2007 lus,
366 1943 570 2000 electio
600 1956 781 2001 autem
827 1956 1120 2002 consecuta
1149 1956 1251 2012 est,
1282 1950 1463 2004 cmteri
1499 1964 1627 2005 vero
1653 1964 1828 2005 esca:-

228 2035 333 2113 cati
360 2045 516 2103 sunt,
542 2037 686 2093 sicut
704 2039 965 2109 scriptum
992 2048 1077 2095 est
1105 2054 1119 2093 :
1150 2039 1301 2093 Dedit
1345 2041 1451 2095 illis
1493 2039 1633 2095 Deus
1676 2042 1828 2109 spiri-

227 2135 339 2183 tus
376 2128 797 2197 conpunctionis
820 2142 839 2180 :
867 2128 1046 2185 oculos
1087 2140 1141 2183 ut
1184 2147 1290 2185 non
1329 2131 1561 2207 uideant,
1592 2142 1638 2186 et
1665 2149 1824 2186 aures

228 2226 285 2275 ιιι
313 2233 425 2275 non
449 2219 675 2273 audiant
715 2235 879 2288 usque
918 2220 973 2273 in
1011 2219 1323 2274 hodiernum
1365 2220 1503 2275 diem
1550 2219 1688 2279 Usa.
1736 2238 1821 2289 vt;

228 2306 382 2365 8ο..
430 2324 510 2374 ιι,
554 2309 633 2381 8).
697 2310 763 2366 Et
820 2311 990 2366 David
1038 2312 1219 2369 dicit:
1255 2311 1377 2369 Fiat
1423 2329 1602 2372 mensa
1640 2331 1824 2370 eorum

227 2400 281 2454 in
325 2400 577 2472 laqueum
605 2444 623 2468 ,
666 2412 716 2458 et
762 2404 817 2458 in
857 2404 1249 2461 retributionem
1271 2446 1287 2471 ,
1321 2417 1370 2460 et
1402 2408 1458 2462 in
1511 2407 1822 2463 scandalum

225 2491 354 2548 illis.
409 2491 769 2550 Obscurentur
808 2496 949 2551 oculi
983 2512 1164 2553 eorum
1185 2515 1249 2553 ne
1272 2499 1498 2567 videant,
1526 2509 1575 2555 et
1604 2501 1831 2556 dorsum.

227 2597 413 2636 eorum
440 2599 645 2653 semper
684 2585 921 2649 incurva,
945 2586 1119 2657 (Psal.
1145 2604 1331 2651 vatu.
1359 2589 1477 2651 25).
1529 2590 1669 2647 Ecce
1721 2592 1822 2646 mi-

223 2676 525 2743 sericordia
548 2686 604 2732 et
617 2675 905 2746 judicium,
936 2680 1302 2736 misericordia
1331 2683 1385 2737 in
1409 2683 1674 2738 electione
1699 2699 1822 2755 qure

226 2774 521 2823 consecuta
552 2763 917 2834 estjustitiam
948 2768 1061 2833 Dei,
1077 2769 1338 2838 judicium
1364 2788 1494 2828 vero
1515 2775 1568 2827 in
1594 2775 1820 2831 caeteros

224 2855 318 2924 qui
350 2858 610 2912 cscmcati
638 2868 769 2914 sunt
795 2877 809 2912 :
838 2868 895 2914 et
922 2867 1103 2917 tamen
1133 2860 1208 2916 illi
1230 2863 1354 2932 quia
1383 2863 1664 2923 voluerunt
1695 2880 1815 2920 cre-

224 2948 504 3013 diderunt,
528 2950 603 3005 illi
622 2951 748 3021 quia
780 2951 1066 3027 noluerunt
1089 2969 1194 3011 non
1218 2955 1585 3013 crediderunt.
1608 2957 1818 3014 Miseri-

226 3039 411 3094 cordia
446 3040 614 3112 igitur
640 3051 695 3098 ct
720 3042 984 3112 judicium
1014 3044 1067 3099 in
1098 3045 1228 3115 ipsis
1266 3045 1629 3104 voluntatibus
1671 3048 1815 3105 facta

225 3141 328 3189 eat.
360 3151 381 3185 ι
440 3131 513 3187 Et
537 3132 709 3189 item:
746 3152 766 3187 ι
803 3134 900 3190 Est
944 3150 1074 3209 ergo
1126 3137 1178 3191 in
1224 3137 1488 3195 malorum
1543 3148 1816 3210 potestate

1928 1959 2151 2018 gn0scat
2198 1949 2288 2004 tali
2322 1949 2490 2010 Deum
2519 1964 2608 2005 res
2638 1949 2899 2004 humanas
2940 1949 3147 2020 agitare
3187 1948 3413 2019 judicio,
3461 1958 3524 2004 ιιι

1928 2024 2139 2093 debitas
2186 2055 2376 2108 pmuas
2411 2047 2503 2092 aut
2525 2039 2670 2110 justc
2701 2038 2907 2103 reddat,
2954 2047 3048 2101 aut
3095 2038 3523 2094 misericorditer

1926 2127 2111 2182 donet.
2146 2148 2165 2181 ι
2221 2128 2287 2182 Et
2314 2130 2476 2197 paulo
2507 2128 2646 2181 infra
2682 2142 2698 2189 ς
2733 2148 2751 2180 ι
2782 2127 2892 2183 Per
2917 2145 3081 2183 unum
3122 2129 3409 2194 hominem,
3436 2129 3519 2184 in-

1925 2219 2064 2289 quit,
2083 2229 2352 2287 peccatum
2376 2220 2587 2274 intrauit
2614 2218 2666 2272 in
2692 2220 2968 2285 mundum,
2991 2230 3037 2275 et
3058 2232 3326 2288 peccatum
3352 2237 3533 2288 mors,

1923 2304 1972 2374 ei
2004 2309 2077 2363 ita
2101 2311 2155 2369 in
2180 2327 2355 2365 omnes
2379 2309 2613 2365 homines
2640 2312 2963 2380 pertransiit,
2988 2312 3041 2367 in
3067 2328 3169 2383 quo
3190 2328 3367 2366 omnes
3393 2328 3518 2381 pec-

1923 2414 2170 2456 caverunt
2199 2402 2371 2475 (Rom.
2407 2420 2464 2469 v,
2494 2403 2604 2469 ll).
2658 2401 2802 2458 Mors
2833 2404 3038 2458 intrare
3063 2419 3169 2458 non
3212 2403 3388 2474 potuit
3412 2403 3517 2459 nisi

1923 2494 2179 2555 intrante
2216 2503 2485 2565 peccato:
2525 2503 2581 2550 et
2628 2495 2884 2564 quoniam
2938 2510 3085 2550 mors
3149 2511 3254 2548 nou
3309 2503 3517 2550 natura:

1922 2584 2184 2650 conditio,
2214 2586 2307 2641 sed
2334 2598 2495 2656 pmna
2532 2584 2739 2654 peccati
2766 2593 2870 2651 est,
2895 2593 3154 2654 sequatur
3183 2600 3401 2640 necesse
3430 2592 3518 2640 est

1920 2688 2084 2743 poena
2136 2684 2443 2744 peccatum.
2478 2693 2496 2725 ι
2553 2674 2619 2729 Ει
2664 2683 2785 2747 post
2828 2690 3045 2745 pauca:
3091 2692 3110 2725 ι
3142 2673 3405 2742 Quoniam
3456 2674 3515 2731 in

1920 2763 2037 2833 ipso
2067 2780 2278 2827 otnncs,
2299 2765 2429 2834 quin
2456 2764 2891 2835 primohomine.
2923 2763 3064 2820 sicut
3092 2763 3168 2819 ait
3198 2764 3512 2836 Apostolus,

1918 2862 2303 2923 peccaverunt,
2346 2865 2401 2911 et
2434 2856 2548 2924 ipsa
2576 2856 2688 2927 jam
2722 2857 2774 2911 in
2814 2856 3080 2927 principio
3122 2857 3263 2911 unde
3289 2857 3514 2911 descen-

1919 2947 2098 3002 dimus
2147 2963 2332 3002 massa
2380 2948 2635 3003 damnata
2668 2957 2769 3014 est,
2802 2947 2980 3004 nullus
3024 2946 3092 3004 de
3145 2946 3342 3003 duritia
3387 2964 3509 3015 sua,

1917 3038 2095 3095 nullus
2124 3038 2192 3094 de
2242 3055 2400 3113 pmna
2437 3040 2694 3112 conqueri
2738 3041 2955 3105 audeat,
3018 3054 3140 3110 qua:
3190 3041 3355 3095 etiam
3401 3058 3510 3096 uou

1916 3134 2276 3191 existentibus
2304 3135 2543 3206 peccatis
2568 3134 2821 3206 propriis,
2848 3134 2959 3191 sola
3008 3133 3267 3190 nascendi
3317 3135 3507 3189 condi-

225 3237 474 3291 peccare.
534 3223 603 3280 Ut
627 3233 809 3279 autem
848 3205 1124 3296 peccando
1167 3226 1272 3283 hoc
1309 3228 1393 3283 vel
1420 3230 1524 3285 hoc
1543 3205 1641 3284 illa
1669 3230 1812 3285 mala
1842 3205 1886 3266 (ἶ
1919 3227 2064 3281 tione
2091 3205 2339 3282 debetur.
2390 3224 2543 3293 Quod
2570 3205 2697 3281 vero
2732 3226 2872 3280 Deus
2908 3226 3028 3281 aliis
3075 3226 3303 3297 gratuita
3347 3241 3510 3281 voca-

226 3310 465 3379 laciant,
503 3327 612 3367 non
653 3323 739 3370 est
783 3314 838 3370 iu
892 3331 1081 3371 eorum
1107 3325 1396 3388 potestate,
1426 3320 1520 3375 sed
1554 3318 1648 3375 Dei
1675 3320 1814 3376 divi-

226 3403 401 3461 dentis
443 3405 717 3470 tenebras,
761 3413 816 3461 et
860 3407 1160 3463 ordinantis
1205 3424 1319 3476 eas,
1369 3418 1429 3466 ut
1474 3410 1599 3467 hinc
1648 3392 1816 3467 etiam

228 3496 366 3563 quod
394 3494 606 3551 faciunt
631 3506 822 3553 contra
855 3497 950 3552 Dei
981 3499 1336 3567 voluntatem,
1380 3516 1485 3557 non
1529 3501 1816 3573 impleatur

228 3584 325 3642 nisi
352 3583 603 3643 voluntas
626 3585 741 3641 Dei.
778 3606 798 3639 ι
840 3587 909 3643 Ει
930 3587 983 3642 in
1009 3587 1148 3644 libro
1178 3588 1245 3643 de
1282 3588 1430 3645 Bono
1456 3605 1810 3660 perseveran-

231 3678 311 3733 tia!
347 3677 490 3750 (cap.
533 3678 630 3749 6):
666 3698 684 3730 ι
712 3678 952 3735 Petimus
996 3694 1065 3734 ne
1107 3679 1406 3737 iuleramur
1451 3683 1503 3736 in
1554 3683 1810 3738 tcutatio-

223 3785 387 3827 nem:
420 3779 479 3825 et
514 3769 560 3827 si
604 3772 945 3837 exaudimur,
976 3772 1175 3842 utique
1213 3789 1321 3828 non
1368 3772 1447 3839 lit,
1491 3775 1617 3844 quia
1666 3776 1810 3833 Deus

221 3875 325 3921 non
355 3860 625 3931 permittit
651 3870 711 3916 ut
733 3862 845 3917 fiat.
886 3861 1031 3918 Nihil
1064 3863 1212 3918 enim
1254 3864 1335 3930 lit,
1376 3864 1481 3920 nisi
1527 3866 1672 3936 quod
1718 3874 1811 3922 aut

219 3950 332 4022 ipse
350 3952 506 4018 facit,
530 3961 625 4007 aut
653 3952 769 4008 lieri
807 3952 922 4023 ipse
947 3954 1230 4025 permittit.
1267 3973 1287 4007 ι
1340 3954 1408 4010 Ει
1452 3955 1506 4009 in
1559 3955 1697 4012 libro
1739 3958 1807 4011 de

217 4040 702 4113 Prtedestinatione
740 4044 930 4113 gratia:
968 4044 1108 4115 (cap.
1155 4044 1214 4116 2)
1245 4062 1258 4099 :
1292 4044 1617 4113 Quaestionis
1662 4036 1802 4117 ejus,

215 4142 477 4207 quantum
520 4135 755 4191 donante
799 4135 1030 4192 Domino
1058 4148 1365 4207 possumus,
1403 4137 1613 4194 occulta
1642 4139 1805 4194 rime-

214 4242 356 4307 mur,
395 4242 563 4297 quam
599 4225 792 4283 beatus
821 4226 1096 4297 apostolus
1139 4226 1340 4283 Paulus
1375 4227 1603 4283 diversis
1649 4227 1800 4293 locis,

212 4332 316 4373 non
363 4333 562 4388 parum
600 4317 765 4375 etiam
810 4317 1244 4389 discrepantibus
1284 4318 1515 4384 verbis,
1544 4317 1800 4374 studiosis

212 4408 467 4479 proponit
494 4407 914 4474 scrutatoribus,
959 4408 1146 4477 eisque
1190 4423 1290 4479 per
1341 4409 1513 4478 ipsam
1563 4408 1802 4479 loquitur

210 4504 518 4561 veritatem.
563 4502 899 4560 Sententiam
926 4503 1214 4574 siquidem,
1246 4504 1301 4560 in
1325 4505 1419 4561 Dei
1445 4507 1634 4575 gratiae
1659 4522 1800 4577 pne-

211 4596 454 4657 eedentis
478 4596 745 4654 latissima
784 4605 843 4653 et
874 4597 1250 4653 robustissima
1282 4598 1644 4669 disputatione
1672 4614 1797 4655 con-

212 4685 432 4753 lectam.
466 4688 543 4745 ita
571 4687 897 4745 concludens
923 4688 1000 4743 ait
1024 4706 1038 4743 :
1074 4688 1216 4759 Ergo
1244 4690 1330 4743 cui
1362 4690 1470 4744 vult
1498 4690 1793 4757 miseretur,

210 4787 251 4830 et
276 4794 434 4850 quem
462 4778 570 4832 uult
593 4779 853 4846 obdurat;
886 4794 1012 4836 cum
1039 4780 1093 4834 in
1124 4781 1231 4834 alia
1255 4780 1479 4850 epistola
1508 4781 1577 4837 de
1607 4782 1791 4837 divina

142 4890 143 4893 η
211 4867 587 4927 benevolentia
599 4870 715 4940 ipse
726 4871 807 4926 sic
820 4871 993 4927 dicat:
1014 4870 1119 4938 Qui
1133 4871 1239 4927 vult
1255 4889 1431 4927 omnes
1444 4874 1678 4929 homines
1692 4873 1797 4928 sal-

208 4980 286 5019 tos
298 4965 443 5033 ﬁeri,
462 4974 513 5019 et
532 4965 587 5018 in
608 4965 927 5035 agnitionem
950 4965 1184 5020 veritatis
1205 4967 1377 5021 uenire
1399 4965 1449 5037 (I
1476 4965 1609 5021 Tim.
1629 4982 1689 5032 ιι,
1710 4966 1791 5036 4).

208 5051 458 5111 Occurrit
484 5053 635 5109 enim
659 5068 758 5109 cur
774 5063 1002 5124 pereant
1025 5069 1092 5110 ex
1119 5055 1205 5110 his
1226 5055 1417 5125 aliqui,
1446 5072 1571 5112 cum
1599 5056 1789 5112 Omni-

208 5154 392 5211 potens
424 5158 618 5199 omnes
639 5144 822 5200 salvos
851 5143 969 5199 ﬁeri
995 5143 1146 5210 velit,
1175 5155 1230 5203 et
1258 5145 1310 5202 in
1338 5147 1668 5218 agnitionem
1701 5163 1791 5203 ve-

210 5234 381 5303 ritatis
415 5236 639 5305 venire:
668 5235 864 5311 deinde
900 5251 1074 5306 quare
1103 5252 1317 5293 rursum
1365 5238 1584 5294 indurat
1632 5238 1809 5317 alios“

209 5326 460 5383 misertus
483 5328 735 5393 aliorum,
770 5336 865 5384 aut
892 5344 1001 5399 quo
1031 5328 1192 5384 modo
1222 5330 1350 5385 velit
1384 5347 1574 5389 omnes
1611 5332 1805 5391 salvos.

211 5414 319 5472 ﬁeri
337 5416 605 5483 homines,
631 5434 754 5477 cum
777 5419 893 5489 ipse
920 5419 1208 5479 nonnullos
1232 5436 1302 5477 ne
1327 5421 1606 5483 solventur
1633 5424 1791 5479 indu-

211 5514 307 5569 ret.
360 5507 474 5565 Hoc
506 5518 789 5578 quantum
832 5510 901 5564 ad
942 5510 1243 5577 humanam
1269 5508 1536 5578 justitiam
1578 5512 1792 5570 videtur

212 5593 481 5666 injustam.
538 5597 653 5659 Sed
677 5599 799 5669 quis
822 5598 895 5653 ita
925 5598 1176 5669 desipiat,
1206 5598 1291 5657 vel
1330 5601 1510 5671 potius
1530 5601 1661 5671 quis
1713 5602 1803 5679 ita:

211 5682 573 5761 maehum,
584 5696 646 5755 ut
669 5689 821 5755 dicat.-
834 5685 1128 5759 dejttsltitia
1151 5687 1255 5765 ρει,
1275 5688 1388 5771 Ipse
1422 5690 1802 5771 humanm‘jji—u

213 5775 368 5832 stitia
407 5777 838 5850 disputandum?
889 5776 1020 5847 Qua:
1058 5777 1300 5848 profecto
1342 5777 1389 5835 si
1429 5779 1652 5852 justitia:
1692 5781 1789 5840 Dei

1824 4557 1875 4617 D

1918 3318 2065 3372 tione
2108 3319 2387 3373 conversis
2441 3318 2867 3373 misericordiam
2912 3317 3140 3390 largitur
3187 3316 3505 3380 indebitam.

1915 3426 2023 3465 non
2064 3410 2130 3463 ad
2164 3410 2553 3479 dispensatoris
2597 3410 2940 3479 injustitiam,
2990 3408 3084 3465 Sed
3135 3408 3205 3463 ad
3254 3402 3507 3463 donantis

1915 3499 2479 3554 misericordissimam
2510 3499 2813 3570 largitatem
2842 3500 3086 3575 veritatis
3122 3498 3330 3553 ratione
3360 3497 3505 3553 refc-

1916 3592 2141 3646 tendum
2173 3599 2274 3645 est.
2306 3611 2325 3643 ι
2381 3591 2445 3645 Ει
2478 3588 2605 3646 item
2637 3601 2758 3661 post
2786 3607 2953 3660 pauca
3008 3590 3144 3663 (cap.
3193 3587 3248 3660 4)
3288 3608 3301 3643 :
3330 3609 3367 3655 ,ι
3401 3589 3505 3643 Ita-

1913 3702 2018 3757 que
2044 3700 2112 3741 ωε
2138 3685 2421 3758 superiore
2462 3685 2622 3753 hujus
2671 3695 2824 3761 parte
2860 3687 3172 3751 seutentim,
3221 3700 3326 3756 qua
3371 3684 3505 3739 dicit

1910 3780 1996 3833 cui
2019 3779 2124 3833 rult
2151 3780 2426 3832 miseretur
2454 3778 2625 3849 (Rom.
2678 3795 2752 3845 Ix,
2808 3779 2921 3846 l8),
2969 3787 3097 3847 puto
3140 3777 3282 3848 quod
3320 3775 3503 3832 nullus

1909 3870 2015 3924 nisi
2062 3870 2313 3940 indiguus
2355 3871 2725 3926 misericordia
2773 3872 2968 3926 amicat
3003 3871 3299 3941 disputare.
3344 3868 3501 3936 Quod

1908 3976 2042 4016 vero
2069 3962 2336 4032 sequitur,
2366 3979 2519 4033 quem
2548 3962 2657 4016 vult
2691 3963 2928 4027 indurat,
2966 3963 3037 4017 ibi
3079 3961 3355 4032 paululum
3397 3963 3501 4017 hu-

1908 4067 2084 4108 manas
2119 4053 2319 4109 mentis
2364 4052 2595 4107 intentio
2638 4052 2791 4109 verbi
2839 4053 3079 4107 novitate
3131 4051 3497 4108 confunditur.
3566 4046 3569 4049 ’

1908 4142 2015 4199 Sed
2045 4159 2159 4200 non"
2197 4144 2273 4200 ita
2317 4143 2725 4214 intelligendum
2761 4152 2862 4204 est.
2911 4144 3066 4213 quasi
3112 4143 3253 4197 Deus
3299 4142 3352 4197 in
3400 4143 3499 4199 ho-

1905 4233 2052 4291 mine
2076 4232 2246 4304 ipsam
2269 4249 2391 4302 quae
2417 4248 2527 4289 non
2557 4240 2702 4289 esset
2729 4232 2980 4289 duritiam
3007 4232 3187 4287 cordis
3214 4241 3509 4301 operetur.

1905 4321 2044 4392 Quid
2068 4332 2153 4379 est
2178 4324 2321 4379 enim
2349 4322 2493 4378 aliud
2521 4322 2720 4378 duritia
2763 4337 2927 4392 quam
2966 4321 3061 4377 Dei
3092 4321 3314 4376 obviare
3339 4336 3496 4377 man-

1905 4414 2088 4471 datis?
2121 4413 2271 4471 Unde
2319 4414 2449 4470 illud
2489 4415 2679 4471 beatus
2722 4413 3033 4484 Stephanus
3062 4412 3276 4468 dicebat
3301 4412 3368 4468 ad
3401 4427 3494 4483 po-

1903 4506 2087 4577 pulum
2122 4524 2136 4561 :
2167 4506 2314 4561 Dura
2339 4506 2554 4571 cervice,
2584 4516 2631 4560 et
2656 4521 2756 4561 non
2791 4504 3097 4559 circumciso
3125 4508 3280 4557 corde
3318 4511 3366 4558 et
3393 4519 3496 4559 att-

1902 4586 2067 4665 ribus,
2108 4616 2196 4654 vos
2236 4615 2437 4669 semper
2478 4596 2700 4668 Spiritui
2724 4608 2906 4652 sancto
2929 4598 3191 4653 restitistis
3221 4598 3360 4669 (Act.
3391 4611 3487 4660 vn,

1897 4692 2010 4763 5|).
2067 4692 2241 4759 Quam
2271 4691 2363 4761 qui
2407 4705 2439 4745 a
2481 4691 2590 4745 Deo
2632 4688 2747 4745 lieri
2789 4698 2960 4759 putat,
3008 4698 3296 4759 propterea
3342 4686 3488 4759 quod

1897 4785 2103 4841 dictum
2130 4792 2214 4839 est
2235 4799 2387 4852 quem
2412 4781 2521 4835 uult
2552 4781 2788 4845 indurat,
2818 4780 2992 4849 ipsttm
3020 4776 3487 4848 prmvaricationis

1897 4876 2139 4947 iutnatur
2170 4874 2482 4943 exordium,
2518 4880 2573 4926 et
2617 4871 2727 4926 Deo
2761 4870 2997 4926 donante
3028 4872 3362 4935 mandatum,
3389 4881 3490 4938 per

1896 4966 2044 5041 quod
2079 4962 2525 5031 transeressionis
2557 4960 2767 5032 culpam
2803 4960 2861 5027 in
2897 4961 3060 5016 corde
3090 4956 3252 5012 luerit
3291 4971 3503 5037 opera-3

1898 5067 1986 5113 tus
2018 5055 2283 5112 attendat.
2328 5052 2587 5121 Quamvis
2617 5067 2685 5108 ne
2709 5051 2777 5107 ab
2802 5051 2918 5122 ipso
2946 5049 3186 5120 quidem,
3230 5045 3277 5100 si
3319 5061 3501 5123 negat

1898 5154 1982 5219 ret
2012 5158 2313 5213 assensum,
2342 5142 2517 5214 potuit
2547 5150 2818 5197 tentatore
2842 5136 3110 5209 compelli.
3163 5135 3304 5206 Ergo
3329 5134 3499 5218 quid.-i

1896 5236 2025 5311 quid
2082 5243 2206 5306 post
2263 5233 2410 5289 illam
2462 5230 2995 5311 prmvarivcationem‘
3024 5236 3183 5303 natus
3235 5224 3483 5309 supplicii

1897 5325 2058 5387 homo
2088 5323 2312 5395 patitur,
2334 5324 2478 5395 justo
2509 5321 2685 5393 reddi,
2708 5318 3006 5389 meritoque
3027 5316 3283 5370 fateatur.
3322 5313 3488 5391 Indu-

1898 5435 2030 5489 rare,
2058 5419 2204 5491 enim
2229 5418 2427 5491 dicitur
2450 5417 2591 5485 Deus
2622 5429 2744 5469 eum
2774 5427 2955 5484 quem,
2986 5408 3199 5485 mollire
3247 5398 3495 5489 noluerit

1896 5486 2035 5585 (cap.
2072 5486 2436 5584 6).‘sicietiam
2466 5492 2741 5573 exerceare
2761 5504 3133 5581 dicendnsest
3162 5486 3495 5580 eumdqnem.

1895 5604 2200 5677 illuminare
2229 5600 2495 5676 noluerit,
2520 5599 2610 5667 sic
2646 5598 2812 5654 etiam
2853 5595 3113 5677 repellere
3139 5609 3485 5685 eumhquem

1894 5692 2418 5787 “summissos,
2484 5754 2490 5764 .

1968 5772 2032 5841 Et
2082 5772 2204 5857 post
2231 5772 2501 5855 aliquanta
2534 5800 2546 5837 :
2578 5799 2596 5836 ι
2627 5780 2729 5852 Qui
2767 5790 2948 5840 autem
2983 5772 3071 5854 pie
3096 5772 3346 5853 quarens.
3374 5772 3476 5835 εἱὶη
