3992 6336
202 343 288 404 261

897 347 985 404 DE
1014 344 1684 406 PREDESTINATIONE
1720 345 2182 412 DISSERTA'I‘IO
2217 355 2628 418 POSTERIOR.

3351 363 3464 418 26-2

195 459 370 513 stolam
394 455 489 527 8):
528 475 546 509 ι
582 457 756 512 Tanta
803 459 950 513 enim
990 468 1079 514 est
1121 474 1249 530 erga
1288 475 1478 517 omnes
1524 460 1770 516 homines
1796 464 1846 525 Α
1874 461 2000 518 iret.
2037 485 2056 518 ι
2097 465 2230 522 Item
2275 470 2417 526 idem
2451 472 2670 528 homilia
2713 473 2780 528 de
2827 471 3127 542 Epiphania
3167 473 3373 546 (liomit.
3419 490 3464 542 t,

195 549 394 603 bonitas
445 548 565 612 Dei,
612 558 674 602 ut
711 558 895 603 nostra
932 549 1063 604 velit
1109 564 1229 604 esse
1265 550 1455 605 merita
1499 565 1618 621 qua:
1643 561 1770 607 sunt

193 638 348 707 ipsius
377 638 543 703 dona,
572 647 628 692 et
651 654 750 707 pro
773 639 858 694 his
883 655 1004 710 qua:
1029 640 1256 712 largitus
1286 651 1371 696 est
1397 652 1600 700 asterna
1628 659 1770 713 pra:-

189 728 291 782 mia
318 727 387 782 sil
410 726 617 782 donatu
627 745 737 783 rus.
771 748 790 780 ι

256 819 487 874 Sanctus
543 835 760 890 quoque
805 820 949 885 Leo,
1001 823 1085 875 vir
1131 823 1567 892 religiosissimus
1609 837 1770 896 atque

187 913 526 968 doctissimus
579 923 635 968 et
687 913 936 970 facundia
995 915 1391 971 honestissiune
1451 918 1770 987 eloquentia:

184 1003 336 1057 valde
365 1001 638 1073 profusus,
683 1004 809 1074 quia
853 1021 1044 1060 recens
1082 1015 1208 1060 ante
1247 1007 1606 1063 ordinationis
1650 1010 1768 1078 ejus

185 1103 418 1164 tempora
458 1095 682 1150 haeresis
707 1097 812 1150 ista
837 1100 1078 1162 emersit,
1116 1109 1316 1167 quanta
1353 1108 1409 1154 et
1435 1101 1614 1169 qualia
1640 1116 1768 1156 con-

181 1193 265 1241 tra
297 1202 413 1241 eam
458 1188 710 1253 intentet,
741 1198 828 1244 est
859 1189 1213 1247 solertissime
1243 1194 1648 1248 attendendum.
1677 1195 1768 1249 Ait

175 1278 325 1332 enim
373 1277 426 1330 in
470 1277 696 1347 epistola
748 1279 814 1333 ad
863 1279 1096 1335 Leonem
1144 1284 1442 1352 Augustum
1491 1301 1504 1338 :
1554 1303 1572 1335 ι
1613 1282 1766 1339 Sicut

173 1370 322 1425 enim
375 1370 564 1438 negari
616 1386 721 1424 non
762 1380 944 1439 posset
985 1374 1311 1444 evangelista
1363 1375 1576 1431 dicente
1622 1377 1764 1444 quod

186 1461 406 1517 Verbum
467 1479 593 1516 caro
652 1464 852 1532 factum
908 1475 1024 1531 est,
1077 1476 1125 1520 et
1196 1465 1445 1520 habitavit
1501 1468 1555 1521 in
1618 1468 1764 1532 nobis

172 1553 361 1628 (locu.
413 1571 455 1619 ι,
503 1555 590 1626 Η)
621 1573 634 1608 :
666 1557 737 1610 ita
787 1557 971 1627 negari
1021 1573 1126 1612 non
1174 1568 1367 1627 potest,
1410 1559 1568 1613 beato
1599 1557 1764 1616 Paulo

167 1646 416 1715 apostolo
475 1646 800 1715 praedicante
829 1689 844 1713 ,
921 1650 1063 1718 quod
1125 1649 1263 1704 Deus
1320 1661 1431 1704 erat
1493 1653 1650 1723 197
1707 1651 1763 1706 in

169 1738 380 1793 Christo
418 1742 673 1793 mundum
720 1742 1062 1796 reconcilians
1108 1745 1208 1797 sibi
1254 1743 1340 1813 (II
1381 1744 1506 1798 Cor.
1552 1762 1602 1807 v,
1646 1745 1756 1818 I9).

1873 571 1988 623 cap.
2021 555 2075 625 I)
2108 575 2121 611 :
2160 575 2178 609 ι
2215 560 2297 614 Ad
2342 563 2584 618 omnium
2633 564 2913 619 hominum
2956 575 3164 634 spectat
3205 567 3459 634 salutent,

1872 644 2014 713 quod
2053 646 2277 702 infantia
2311 653 2626 708 mediatoris
2653 655 2744 708 Dei
2774 665 2830 708 et
2862 655 3137 710 hominum
3177 671 3292 724 jam
3335 673 3460 713 unt-

1870 752 2030 792 verso
2072 742 2455 798 declarabatur
2494 748 2711 807 mundo,
2742 763 2866 802 cum
2905 747 3082 804 adhuc
3128 751 3326 819 exiguo
3362 753 3460 806 dc-

1875 826 2138 882 tineretur
2185 833 2456 901 oppidulo.
2508 853 2527 886 »
2569 835 2697 888 Item
2748 837 2799 890 in
2849 854 3101 893 sermone
3149 840 3217 894 de
3268 841 3460 896 eadem

1871 914 2049 983 (serat.
2084 918 2137 982 5,
2171 937 2287 990 cap.
2333 923 2382 993 I)
2415 941 2428 976 :
2465 943 2481 975 ι
2520 923 2862 980 Providentia
2909 929 3299 984 misericordia:
3340 931 3459 996 Dei,

1871 1003 2190 1072 dispositum
2245 1009 2446 1065 habens
2498 1014 2744 1081 pereunti
2797 1017 2996 1069 mutulo
3044 1018 3098 1070 in
3151 1020 3465 1076 novissimis

1873 1098 2204 1163 temporibus
2238 1101 2545 1167 subvenire,
2571 1103 2924 1159 salvationem
2953 1107 3194 1160 onmium
3220 1111 3461 1179 gentium

1867 1187 2156 1253 praelinivit
2188 1190 2240 1242 in
2279 1192 2497 1248 Christo
2524 1211 2537 1247 :
2567 1204 2622 1249 ut
2655 1196 2782 1265 quia
2813 1205 2867 1250 et
2897 1207 3120 1253 cunctas
3153 1201 3460 1262 nationesa

1867 1275 1981 1328 veri
2023 1277 2116 1330 Dei
2150 1279 2294 1333 cultu
2340 1282 2627 1351 impiorum
2659 1301 2815 1338 error
2844 1287 3047 1339 dudum
3083 1298 3378 1354 averterat,
3410 1301 3468 1346 et

1867 1363 1980 1431 ipse
2007 1368 2297 1433 peculiaris
2327 1371 2420 1425 Dei
2449 1373 2677 1442 populus
2705 1374 2868 1429 Israel
2909 1377 2979 1430 ab
3023 1378 3286 1433 institutis
3315 1381 3464 1452 lega-

1865 1453 2006 1509 libus
2036 1472 2173 1525 pene
2215 1469 2360 1516 totus
2399 1465 2707 1528 exciderat,
2757 1467 3030 1521 conclusis
3070 1471 3324 1526 omnibus
3359 1475 3460 1536 sub

1864 1557 2106 1613 peccato,
2139 1553 2379 1605 omnium
2423 1554 2790 1611 misereretur.
2832 1578 2850 1610 ι
2885 1559 2950 1612 Εῑ
2997 1561 3127 1614 item
3165 1565 3307 1632 (eod.
3335 1581 3458 1634 cap.

1864 1637 1918 1705 5)
1945 1651 1961 1688 :
1995 1657 2013 1689 ι
2049 1639 2288 1696 Adorent
2323 1644 2376 1696 in
2416 1647 2587 1700 tribus
2616 1647 2784 1717 Magis
2806 1663 2995 1718 omnes
3020 1652 3200 1720 populi
3233 1655 3456 1708 univer-

1863 1728 2044 1784 sitatis
2091 1733 2424 1802 Auctorem,
2465 1746 2521 1790 et
2557 1754 2662 1792 non
2707 1740 2759 1793 in
2799 1738 2982 1794 Iudaea
3019 1751 3230 1810 tantum
3279 1745 3459 1810 Deus,

170 1829 299 1896 Quae
338 1840 521 1885 autem
569 1833 936 1889 reconciliatio
979 1850 1098 1890 esse
1144 1846 1362 1906 posset,
1404 1853 1508 1906 qua
1563 1839 1753 1894 huma-

1864 1823 1957 1876 sed
1995 1823 2047 1877 iu
2082 1833 2194 1878 loto
2220 1828 2353 1883 orbe
2389 1829 2462 1882 sit
2493 1830 2656 1900 198
2689 1839 2866 1894 notus,
2893 1843 2952 1886 ut
2982 1834 3179 1902 ubique
3221 1835 3363 1889 sicut
3404 1837 3458 1889 in

167 1939 239 1976 no
282 1923 471 1991 generi
525 1925 913 1995 propitiaretur
957 1927 1120 1992 Deus,
1176 1929 1278 1984 nisi
1327 1931 1568 1984 omnium
1592 1947 1756 1986 causa

166 2016 432 2069 mediator
474 2015 568 2071 Dei
609 2027 664 2072 et
703 2017 980 2073 hominum
1009 2036 1228 2076 carnem
1259 2022 1652 2091 susciperet?»
1691 2024 1760 2082 Et

165 2106 290 2160 item
344 2122 361 2160 :
414 2125 434 2157 ι
478 2107 548 2162 Ut
589 2117 768 2162 autem
811 2123 1089 2178 repararet
1131 2113 1372 2167 onmium
1425 2117 1616 2180 vitam,
1672 2131 1760 2170 re-

163 2197 307 2267 cepit
345 2198 590 2252 omnium
637 2215 879 2264 causam,
909 2209 963 2256 et
1008 2202 1115 2256 vim
1149 2205 1346 2257 veteris
1382 2204 1753 2276 chirographi,

161 2288 304 2358 quod
348 2289 501 2342 solus
546 2289 688 2344 inter
731 2305 922 2344 omnes
971 2307 1077 2346 non
1128 2292 1336 2358 debuit,
1364 2309 1462 2363 pro
1504 2295 1756 2350 onmibus

163 2380 422 2435 solvendo
450 2382 702 2436 vacuavit
731 2401 745 2435 :
777 2391 836 2435 ut
865 2383 1004 2437 sicut
1029 2399 1125 2453 per
1151 2385 1309 2438 unius
1331 2395 1538 2439 reatum
1565 2401 1754 2442 omnes

163 2466 288 2523 facti
333 2467 554 2524 fuerant
582 2479 914 2540 peccatores,
947 2472 1022 2525 ita
1059 2488 1157 2542 per
1193 2474 1352 2528 unius
1386 2475 1752 2532 innocentiam

160 2573 354 2615 omnes
397 2559 591 2614 tierent
639 2563 970 2627 innocentes,
1005 2564 1130 2619 inde
1176 2565 1228 2618 in
1271 2580 1462 2620 omnes
1499 2577 1753 2623 manante

157 2648 390 2722 iustitia,
427 2653 516 2708 ubi
559 2662 644 2707 est
689 2655 921 2709 humana
967 2666 1218 2727 suscepta
1265 2667 1478 2713 natura.
1522 2677 1540 2710 ι
1583 2659 1651 2715 Et
1695 2661 1749 2716 in

160 2743 386 2812 epistola
414 2747 482 2799 ad
506 2745 826 2802 Flavianum
852 2748 1510 2820 Constantittopolitamtm
1539 2753 1750 2822 episco-

162 2849 284 2902 pum
339 2833 513 2904 (epist.
546 2837 632 2899 It),
677 2854 794 2908 cap.
833 2838 890 2908 2)
925 2856 939 2891 :
978 2857 998 2890 ε
1031 2838 1209 2894 Isdem
1251 2855 1380 2895 vero
1431 2843 1747 2912 sempiterni

162 2923 424 2992 genitoris
467 2925 784 2997 Unigenitus
816 2929 1204 2998 sempiternus,
1233 2943 1392 2987 natus
1425 2941 1510 2986 est
1536 2934 1603 2988 de
1629 2933 1750 3003 Spi-

159 3015 262 3068 ritu
308 3027 501 3073 sancto
527 3027 582 3071 et
608 3017 776 3073 Maria
815 3019 1056 3090 Virgine.
1087 3022 1218 3090 Quae
1255 3023 1510 3079 nativitas
1543 3033 1750 3096 tempo-

160 3107 288 3162 ralis
319 3107 464 3162 illius
494 3110 764 3165 nativitati
795 3111 993 3167 divina:
1018 3121 1076 3168 et
1097 3115 1442 3184 sempiternae
1477 3116 1609 3172 nihil
1649 3118 1748 3173 mi-

161 3201 298 3261 nuit,
329 3197 464 3251 nihil
494 3199 721 3254 contulit
748 3218 761 3254 :
793 3202 889 3255 sed
917 3209 1088 3257 totum
1116 3217 1176 3257 se
1206 3205 1508 3274 reparando
1539 3206 1744 3260 homini

163 3287 246 3355 qui
278 3295 402 3341 erat
442 3289 700 3358 deceptus
737 3290 1021 3360 impendit,
1051 3300 1109 3347 ut
1135 3301 1190 3348 et
1218 3302 1449 3350 mortem
1480 3295 1746 3362 vinceret,

163 3389 210 3432 et
228 3380 530 3446 diabolum,
562 3382 652 3450 qui
687 3383 878 3437 mortis
911 3383 1146 3438 habebat
1168 3385 1480 3454 imperium,
1507 3401 1606 3440 sua
1631 3388 1747 3442 vir-

165 3478 268 3524 tute
301 3471 628 3526 destrueret.
674 3471 791 3527 Non
833 3475 980 3528 etaim
1021 3490 1281 3544 superare
1322 3493 1422 3532 nos
1464 3492 1746 3546 possemus

162 3561 363 3628 peccati
398 3570 455 3614 et
493 3563 684 3618 mortis
730 3573 1032 3630 auctorem,
1059 3565 1162 3620 nisi
1211 3575 1459 3620 naturam
1500 3578 1743 3623 nostram

161 3651 241 3706 ille
281 3655 615 3724 suscepisset
657 3663 714 3710 et
755 3671 910 3710 suam
937 3655 1173 3722 faceret,
1219 3671 1380 3724 quam
1419 3673 1519 3712 nec
1552 3674 1743 3728 pecca-

165 3751 266 3796 tum
318 3747 728 3811 contaminare,
771 3762 874 3803 nec
921 3753 1074 3802 mors
1109 3749 1281 3817 potuit
1323 3749 1587 3806 detinere.
1620 3769 1640 3801 ι
1675 3751 1744 3806 Et

161 3831 281 3888 imm
322 3835 377 3889 in
419 3837 608 3890 eadem
641 3838 779 3908 (cap.
813 3838 912 3910 3):
951 3857 969 3892 ι
1005 3837 1166 3893 Salva
1209 3839 1373 3910 igitur
1413 3843 1745 3911 proprietate

162 3927 441 3996 utriusque
495 3936 703 3983 natum
749 3938 914 3999 atque
963 3930 1315 3997 substantiae,
1366 3940 1422 3988 et
1473 3933 1528 3987 in
1581 3949 1744 3988 unam

161 4026 386 4076 coeunte
423 4010 735 4086 personam,
766 4031 1015 4091 suscepta
1047 4030 1134 4078 est
1171 4038 1202 4076 a
1247 4023 1529 4093 majestate
1567 4025 1744 4080 humi-

158 4100 295 4170 litas,
327 4123 361 4161 a
393 4109 593 4164 virtute
625 4110 938 4177 infirmitas,
962 4113 1030 4168 ab
1064 4113 1370 4168 aeternitate
1400 4117 1736 4171 mortalitas:

159 4205 206 4250 et
228 4199 294 4252 ad
327 4200 704 4258 resolvendum
732 4204 1061 4259 conditionis
1105 4214 1307 4261 nostra:
1346 4208 1607 4273 debitum,
1646 4225 1743 4264 na-

161 4293 272 4340 tura
303 4289 638 4348 inviolabilis
681 4301 889 4349 naturte
924 4303 1010 4349 est
1038 4284 1196 4350 unita
1223 4297 1484 4366 possibili,
1515 4307 1574 4353 ut
1597 4300 1741 4370 quod

159 4382 353 4435 nostris
397 4384 650 4439 remediis
691 4387 1045 4456 congruebat,
1073 4403 1212 4442 unus
1247 4398 1409 4457 atque
1443 4389 1585 4445 idern
1627 4406 1740 4446 me-

159 4468 326 4525 diator
354 4471 449 4526 Dei
473 4481 530 4526 et
552 4473 832 4529 hominum
863 4477 1025 4530 homo
1047 4476 1294 4532 Christus
1315 4477 1492 4541 Jesus,
1519 4489 1574 4534 et
1599 4481 1735 4535 mori

1863 1910 2030 1966 Israel
2061 1915 2134 1968 sit
2163 1932 2418 1988 magnum
2448 1933 2643 1972 nomen
2666 1919 2784 1989 ejus
2810 1939 2823 1973 :
2849 1924 3104 1990 quoniam
3137 1923 3278 1978 hanc
3299 1925 3458 1980 electi

1861 2004 2083 2074 generis
2111 2007 2450 2076 dignitatem,
2485 2009 2628 2063 sicut
2671 2010 2960 2066 intidelitas
2990 2013 3042 2066 in
3081 2015 3194 2068 suis
3225 2019 3459 2083 posteris

1859 2099 2131 2153 convincit
2152 2116 2273 2156 esse
2295 2102 2642 2170 degenerem,
2673 2105 2746 2157 ita
2771 2104 2904 2158 lides
2922 2105 3174 2160 omnibus
3192 2108 3318 2162 facit
3339 2123 3460 2163 esse

1857 2203 2218 2245 communem.
2262 2217 2280 2242 ο
2317 2191 2448 2246 Item
2476 2191 2655 2264 (serm.
2686 2192 2741 2257 5,
2769 2210 2816 2248 c.
2841 2194 2938 2265 2):
2979 2214 2998 2247 ι
3036 2196 3191 2262 Quod
3235 2198 3310 2252 illi
3348 2206 3458 2253 tres

1855 2279 1980 2344 viri,
1997 2283 2373 2338 universarum
2392 2286 2632 2357 gentium
2657 2301 2942 2356 personam
2961 2300 3232 2359 gerentes,
3253 2293 3453 2345 adora-

1858 2379 1912 2426 to
1934 2371 2160 2427 Domino
2187 2384 2313 2428 sunt
2335 2376 2537 2445 adepti,
2564 2376 2669 2431 hoc
2694 2375 2748 2431 in
2774 2377 2984 2447 populis
3005 2379 3118 2434 suis
3137 2395 3233 2449 per
3258 2379 3444 2446 ﬁdem,

1863 2478 1984 2533 qua:
2020 2463 2283 2532 justificat
2316 2468 2545 2537 impios,
2600 2477 2744 2524 totus
2786 2471 3020 2525 mundus
3059 2475 3388 2542 as~equitur.
3419 2491 3439 2522 ι

1928 2556 2161 2614 Sanctus
2189 2559 2335 2614 Felix
2384 2576 2524 2630 papa
2569 2561 2623 2615 in
2666 2562 2893 2630 epistola
2927 2563 3184 2617 decretali
3230 2579 3330 2634 per
3367 2565 3452 2618 di-

1853 2662 2040 2702 versas
2071 2651 2406 2719 provincias,
2437 2656 2505 2707 ad
2537 2651 2711 2706 locum
2742 2668 2757 2706 :
2795 2672 2814 2704 σ
2851 2655 2957 2707 Sed
2999 2656 3140 2722 quia:
3173 2656 3334 2718 idem,
3367 2658 3454 2711 iu-

1854 2740 2068 2808 quiens,
2099 2741 2362 2796 Dominus
2386 2751 2551 2811 atque
2580 2742 2832 2798 Salvator
2861 2743 3315 2801 clementissimus
3346 2755 3451 2811 est,

1857 2837 1913 2882 et
1941 2829 2211 2884 neminem
2234 2831 2350 2886 vult
2371 2831 2574 2900 perire,
2599 2844 2770 2900 usque
2793 2835 2859 2886 ad
2892 2833 3072 2888 exitus
3112 2835 3195 2888 sui
3224 2835 3366 2889 diem
3395 2835 3452 2890 in

1854 2921 2196 2990 paenitentia,
2229 2923 2275 2977 si
2308 2923 2655 2993 resipiscant,
2680 2923 2867 2992 jacere
2895 2926 3204 2980 conveniat.
3243 2944 3264 2978 ι

1923 3012 1990 3067 Et
2011 3022 2230 3069 sanctus
2243 3013 2538 3086 Gregorius
2561 3015 2615 3071 in
2636 3017 2776 3073 libro
2787 3033 2882 3078 vni
2899 3020 3037 3088 (cap.
3054 3018 3112 3088 ti)
3125 3017 3407 3074 Moralium
3433 3035 3448 3074 :

1858 3106 1979 3162 «Ad
2013 3106 2118 3162 hoc
2165 3123 2400 3177 namque
2444 3109 2608 3164 homo
2647 3109 2900 3164 conditus
2946 3109 3144 3174 fuerat,
3176 3119 3238 3164 ut
3277 3114 3445 3165 stanti

1853 3206 2032 3253 mente
2059 3197 2113 3252 in
2141 3213 2325 3252 arcem
2351 3213 2413 3254 se
2441 3198 2915 3269 contemplationis
2941 3201 3199 3270 erigeret,
3223 3211 3281 3256 et
3306 3202 3450 3256 nulla

1850 3285 1996 3342 hunc
2026 3288 2304 3358 corruptio
2331 3304 2362 3342 a
2390 3290 2694 3345 conditoris
2728 3291 2810 3344 sui
2851 3305 3040 3344 amore
3066 3292 3387 3345 declinaret.
3426 3312 3446 3343 ι

1847 3376 1917 3430 Et
1963 3378 2094 3432 item
2143 3386 2284 3449 (cap.
2333 3380 2430 3448 9):
2467 3399 2485 3430 ι
2524 3378 2678 3435 Nunc
2720 3381 2865 3435 enim
2915 3391 3168 3450 peccator
3216 3382 3450 3450 quisque

1848 3471 2018 3525 Deum
2064 3487 2172 3526 non
2218 3473 2412 3527 metuit
2439 3482 2495 3526 et
2534 3474 2687 3538 vivit,
2713 3473 3056 3544 blasphemat
3095 3483 3151 3528 et
3185 3474 3400 3542 prolicit
3429 3488 3446 3528 :

1847 3563 1975 3630 quia
2014 3564 2222 3618 scilicet
2261 3564 2577 3619 misericors
2615 3565 2867 3626 Creator.
2896 3581 3057 3635 quem
3086 3567 3448 3634 exspectando

1844 3652 1962 3706 vult
2012 3655 2318 3724 corrigere,
2364 3655 2678 3723 aspiciendo
2721 3672 2830 3710 non
2875 3655 2991 3708 vult
3039 3656 3264 3724 punire,
3309 3655 3450 3710 sicut

1845 3745 2108 3812 scriptum
2140 3754 2264 3799 est:
2297 3745 2611 3800 Dissimulas
2658 3757 2871 3816 peccata
2927 3745 3199 3799 hominum
3237 3755 3450 3815 prapter

1839 3836 2198 3903 ptenitentiam
2230 3834 2380 3906 (Sap.
2408 3852 2472 3900 lt,
2493 3836 2608 3905 24).
2633 3856 2653 3888 ι
2684 3837 2748 3890 Et
2783 3837 2914 3891 item
2960 3836 3099 3906 (cap.
3139 3837 3228 3904 I0)
3255 3851 3271 3890 :
3307 3855 3326 3887 ε
3364 3837 3445 3890 Ad

1843 3925 2322 3995 contemplandum
2366 3929 2567 3997 quippe
2607 3926 2926 3982 Creatorem
2977 3927 3142 3982 homo
3190 3927 3448 3982 conditus

1842 4016 2053 4079 fuerat,
2097 4026 2157 4071 ut
2203 4017 2322 4087 ejus
2363 4033 2580 4088 semper
2631 4020 2868 4087 speciem
2931 4029 3235 4089 qutereret,
3281 4029 3446 4088 atque

1844 4107 1899 4163 in
1929 4109 2272 4164 solemnitate
2312 4109 2458 4164 illius
2489 4111 2691 4164 amoris
2733 4109 3027 4164 habitaret.
3057 4111 3164 4164 Sed
3201 4121 3356 4164 extra
3386 4125 3446 4164 se

1843 4213 1942 4268 per
1977 4197 2392 4253 inobedientiam
2431 4199 2650 4262 missus,
2677 4198 2878 4253 mentis
2905 4212 3016 4253 sua:
3054 4197 3231 4253 locum
3262 4199 3448 4266 perdi-

1845 4289 1942 4354 dit,
1971 4289 2120 4358 quia,
2152 4290 2452 4344 tenebrosis
2488 4287 2774 4343 itineribus
2799 4303 3040 4358 sparsus,
3067 4289 3135 4340 ah
3169 4287 3443 4341 inhabita-

1844 4381 1992 4435 tione
2039 4381 2152 4435 veri
2199 4380 2421 4436 luminis
2469 4380 2762 4450 elongavit.
2795 4397 2811 4431 ι
2851 4379 2920 4433 Ει
2953 4378 3082 4432 item
3127 4378 3266 4446 (cap.
3297 4377 3392 4446 20)
3425 4391 3440 4430 :

1849 4494 1868 4525 ι
1898 4474 2007 4536 Cur
2035 4476 2192 4544 quasi
2222 4476 2556 4530 contrarium
2596 4475 2691 4530 tibi
2722 4475 2997 4528 hominem
3039 4473 3307 4543 despicis,
3345 4472 3440 4542 qui

159 4575 332 4629 posset
377 4579 446 4619 ex
493 4581 621 4630 uno,
651 4574 706 4620 et
742 4567 877 4620 mori
910 4582 1014 4621 non
1065 4577 1248 4637 posset
1283 4583 1349 4622 ex
1389 4569 1580 4624 altero.
1615 4571 1738 4627 r.Et
1767 4546 1815 4607 υ
1842 4577 2027 4629 certus
2063 4567 2176 4649 seio
2221 4567 2345 4636 quia
2387 4566 2567 4635 perire
2606 4565 2689 4619 vel
2738 4566 2912 4636 ipsum
2953 4579 3113 4633 quem
3163 4565 3443 4634 despicere

160 4651 275 4708 item
323 4656 381 4710 in
425 4658 615 4712 eodem
646 4675 658 4711 :
693 4677 712 4709 ι
751 4656 887 4710 Nam
931 4659 1055 4725 quia
1099 4659 1431 4729 gloriabatur
1467 4662 1734 4729 diabolus,
1841 4657 2084 4711 crederis
2110 4673 2213 4710 non
2245 4657 2362 4711 vis?
2399 4675 2419 4708 ι
2453 4657 2519 4710 Et
2540 4657 2592 4709 in
2623 4655 2760 4710 libro
2791 4657 3005 4711 decimo
3035 4656 3268 4726 septimo
3295 4667 3436 4725 (cap.

160 4741 425 4800 hominem
456 4762 552 4801 sua
584 4749 775 4804 fraude
809 4748 1095 4819 deceptum
1121 4750 1317 4804 divinis
1347 4752 1588 4807 caruisse
1621 4770 1737 4806 mu-

1860 4748 1899 4818 ι)
1928 4766 1942 4801 :
1977 4768 1994 4798 ι
2024 4747 2181 4802 Dedit
2208 4750 2254 4801 ei
2279 4747 2418 4801 Deus
2444 4748 2612 4801 locum
2642 4748 2980 4817 parauere/ite,
3012 4757 3059 4800 et
3087 4747 3176 4800 ille
3203 4749 3442 4801 abutitur

163 4835 407 4900 net-ibus,
455 4846 511 4891 et
557 4838 984 4904 inmortalitatis
1034 4839 1161 4894 dote
1214 4841 1500 4904 nudatum,
1545 4843 1736 4899 duram
1843 4854 1908 4896 ea
1940 4839 1996 4914 in
2030 4838 2295 4905 superbia.
2333 4838 2588 4907 Quisquis
2626 4837 2889 4905 delinquit
2935 4846 2992 4890 et
3034 4836 3190 4900 vivit,
3232 4838 3439 4892 ideirco

163 4928 340 4981 mortis
369 4928 580 4990 subisse
607 4932 958 4996 sententiam,
983 4946 1150 5000 seque
1172 4933 1226 4986 in
1250 4933 1403 4986 malis
1427 4932 1540 4987 suis
1568 4935 1737 5002 quod-
1836 4928 1989 4986 hunc
2022 4929 2204 4983 divina
2236 4929 2570 4998 dispensatio
2611 4928 2666 4982 in
2710 4927 2996 4996 iniquitate
3035 4926 3244 4985 tolerat.
3285 4936 3343 4979 ut
3367 4928 3438 4980 ab

164 5017 274 5096 dam
303 5020 375 5075 de
395 5023 835 5091 praevaricatoris
860 5023 1136 5080 consortio
1160 5025 1429 5080 invenisse
1458 5026 1734 5092 solatium,
1837 5019 2127 5087 iniquitate
2153 5029 2482 5088 compescat.
2511 5017 2616 5074 Sed
2659 5018 2750 5086 qui
2779 5019 2983 5072 diutius
3020 5016 3301 5078 toleratur.
3334 5031 3436 5072 nec

163 5104 322 5166 Deum
349 5118 584 5183 quoque,
616 5115 841 5184 iustitia:
865 5115 1116 5185 exigente
1148 5116 1380 5180 ratione,
1405 5113 1534 5182 erga
1562 5117 1736 5193 homi-
1835 5121 2024 5169 tamen
2074 5112 2144 5166 ab
2196 5113 2482 5181 iniquitate
2525 5111 2904 5208 compescit-ur,
2962 5123 3158 5208 munus
3214 5107 3432 5208 quidem

164 5213 296 5270 nem,
330 5221 493 5274 quem
528 5214 676 5262 tanto
706 5195 910 5261 honore
939 5207 1275 5272 condiderat,
1301 5209 1573 5281 pr0priam
1620 5223 1737 5263 mu-
1839 5215 2094 5272 supernae
2137 5202 2413 5272 patientite
2451 5201 2700 5270 percipit.
2732 5200 2826 5254 sed
2861 5207 3046 5253 reatus
3077 5197 3159 5251 sui
3202 5197 3433 5251 vinculis

166 5300 300 5352 tasse
347 5299 672 5354 sententiam
695 5339 710 5365 ,
747 5315 890 5369 opus
939 5286 1040 5353 fuit
1089 5301 1283 5355 secreti
1331 5301 1738 5370 dispensatione
1836 5294 2052 5361 ett-ipso
2092 5309 2152 5348 se
2184 5307 2408 5347 munere
2441 5295 2643 5348 arctius
2684 5291 2961 5360 astringit.
2992 5310 3012 5341 ›
3043 5289 3111 5343 Et
3143 5289 3196 5342 in
3223 5286 3428 5357 Regula

168 5387 389 5452 consilii,
413 5400 474 5443 ut
502 5388 958 5444 incommutabilis
987 5388 1150 5453 Deus,
1176 5387 1328 5458 cujus
1350 5390 1599 5444 voluntas
1628 5406 1735 5444 non
1839 5385 2093 5454 pastorali
2111 5427 2127 5448 ,
2155 5400 2274 5453 cap.
2303 5385 2392 5439 57.
2418 5403 2439 5435 ι
2481 5383 2645 5438 Versa
2673 5394 2747 5438 est
2771 5385 2898 5439 mihi
2941 5385 3127 5436 domus
3156 5378 3327 5433 Israel
3369 5381 3427 5432 in

169 5484 334 5543 potest
375 5495 474 5534 sua
521 5480 856 5551 benignitate
900 5483 1139 5552 privari,
1183 5483 1414 5552 primam
1461 5489 1586 5551 erga
1637 5498 1736 5537 nos
1833 5478 2086 5534 ctoriam.
2130 5475 2332 5530 Omnes
2359 5474 2576 5539 istim,
2619 5484 2668 5528 et
2711 5485 2986 5545 stagnum,
3021 5481 3069 5525 et
3376 5477 3427 5574 et

169 5568 374 5637 pietatis
401 5586 512 5626 suae
537 5567 943 5645 dispositionem
971 5573 1035 5630 in
1069 5585 1416 5630 sacramento
1441 5574 1736 5629 occultiore
1841 5571 2124 5639 plumbum?
2149 5571 2204 5624 in
2238 5571 2407 5665 medio
2447 5567 2677 5639 ίονηαέίε
2709 5566 2925 5665 (38"!-
2957 5581 3092 5628 κιιιν
3117 5562 3232 5665 13):
3261 5561 3341 5665 ξε
3373 5561 3424 5665 ξε

169 5663 475 5736 compleret,
513 5673 567 5719 et
610 5664 770 5721 homo
815 5666 1094 5722 diabolica:
1143 5665 1446 5735 iniquitatis
1495 5665 1734 5720 versutia
1839 5673 2026 5732 aperte
2065 5661 2254 5717 dicat:
2285 5659 2524 5731 Purgare
2563 5675 2656 5714 eos
2693 5673 2795 5758 per
2840 5659 3020 5758 ignem
3063 5652 3429 5758 tribulationis

172 5755 315 5811 actus
354 5754 410 5811 in
438 5754 681 5827 culpam,
711 5765 918 5816 contra
945 5756 1414 5832 Dei'propositum
1461 5771 1568 5812 non
1611 5773 1734 5828 pcr-
1842 5756 2017 5823 volui,
2039 5763 2100 5812 et
2135 5763 2434 5824 argentum
2467 5753 2587 5822 illos
2623 5751 2716 5808 vel-
2749 5764 2946 5806 aurum
2977 5747 3108 5816 ﬁeri
3152 5747 3420 5813 quasivi;
