3992 6336
613 361 723 418 263

616 476 714 529 sed
762 475 813 528 in
865 473 1083 526 lornace
1131 468 1262 523 mihi
1311 467 1363 520 in
1417 481 1522 530 (es,
1571 473 1851 533 Stagnum,
1887 460 2113 520 ferrum,
2149 463 2207 509 et

616 565 894 636 plumbum
931 563 1071 618 versi
1104 569 1250 623 sunt,
1277 559 1400 628 quia
1445 573 1550 611 non
1588 557 1655 610 ad
1690 555 1965 615 virtutem,
1996 551 2089 605 sed
2133 548 2201 603 ad

615 657 751 712 vitia
800 656 963 710 etiam
1007 655 1061 707 in
1100 640 1450 707 tribulatione
1497 654 1878 717 proruperunt.
1916 663 1934 696 ι
1966 644 2035 696 Ει
2073 642 2202 695 item

617 749 678 804 in
706 749 847 804 libro
873 747 1086 801 decimo
1111 745 1341 814 septimo
1379 761 1392 796 :
1429 762 1446 793 ο
1483 740 1636 806 Quod
1667 738 1757 808 qui
1786 745 2033 807 pereunt,
2066 734 2206 788 sicut

620 851 675 896 et
705 827 912 911 primus
944 840 1126 901 homo,
1153 853 1256 892 non
1280 835 1373 890 Dei
1407 835 1706 894 voluntate,
1738 831 1831 884 sed
1873 843 1968 883 sua
2009 827 2206 896 iniqui-

622 939 734 986 tate
772 937 1020 999 pereunt.
1066 928 1148 981 Ad
1192 927 1391 990 vitam,
1435 925 1715 993 inquiens,
1755 923 2006 976 conditus
2045 921 2203 972 homo

625 1022 679 1075 in
725 1020 976 1074 libertate
1012 1017 1244 1088 proprias
1290 1014 1611 1077 voluntatis,
1656 1021 1846 1080 sponte
1891 1027 1985 1066 sua
2032 1009 2204 1064 factus

619 1119 708 1168 est
745 1112 954 1165 debitor
999 1107 1207 1162 mortis.
1251 1127 1268 1158 ι
1308 1107 1374 1161 Et
1412 1107 1539 1160 item
1585 1106 1638 1159 in
1681 1113 1874 1158 octavo
1904 1104 2042 1173 (cap.
2070 1102 2201 1172 20):

626 1220 648 1255 ι
687 1202 840 1256 Tunc
868 1201 968 1255 sibi
1008 1201 1340 1255 contrarium
1380 1200 1522 1253 Deus
1557 1197 1828 1250 hominem
1855 1196 2055 1265 posuit,
2079 1208 2205 1248 cum

623 1293 786 1347 homo
824 1291 1098 1360 peccando
1138 1290 1304 1344 Deum
1343 1288 1645 1356 dereliquit.
1677 1285 1861 1341 Justus
1909 1287 2037 1339 vero
2066 1284 2206 1339 Con-

623 1386 768 1440 ditor
805 1385 948 1438 hunc
991 1383 1091 1440 sibi
1134 1381 1463 1437 contrarium
1518 1379 1716 1448 posuit,
1748 1380 1874 1446 quia
1927 1376 2205 1429 inimicum

621 1490 745 1530 eum
808 1490 874 1527 ex
936 1473 1168 1527 elatione
1227 1469 1523 1539 deputavit.
1575 1487 1593 1518 ›
1649 1468 1717 1521 Et
1772 1467 1954 1520 item:
2006 1483 2024 1515 ‹
2069 1464 2207 1518 Sunt

621 1565 864 1634 plerique
928 1564 1018 1632 qui
1080 1562 1242 1618 etiam
1305 1568 1426 1632 post
1495 1567 1808 1627 perceptum
1879 1554 2205 1624 redemptio-

624 1653 710 1707 nis
762 1651 1061 1714 auxilium,
1130 1650 1197 1704 ad
1253 1647 1649 1719 desperationis
1710 1647 1962 1701 tenebras
2021 1643 2206 1700 devol-

595 1751 847 1807 vuntur,
907 1750 962 1796 et
1037 1749 1186 1796 tanto
1254 1741 1484 1810 nequius
1544 1748 1802 1808 pereunt,
1873 1746 2076 1807 quanto
2154 1745 2210 1790 et

1576 343 1909 406 HINCMARI
1947 337 2346 398 RHEMENSIS
2384 332 2908 394 ARCHIEPISCOPI

2227 455 2281 514 Ἀ
2311 465 2433 505 nem
2460 465 2612 506 suam
2638 449 2925 518 perﬁciunt
2961 448 3102 504 felici
3137 449 3512 505 retributione.
3538 450 3590 504 Si
3619 452 3841 509 vero‘nun

3757 338 3842 395 ’Ἠ

2307 545 2597 608 audierint,
2638 541 2966 597 transibunt
2989 558 3085 612 per
3124 542 3384 612 gladium,
3423 551 3480 597 et
3507 558 3844 599 consulucutnr

2307 634 2533 691 stultitia
2563 651 2575 687 :
2603 633 2730 702 quia
2770 642 2825 687 et
2863 633 3099 686 vindicta
3135 648 3230 688 eos
3275 634 3330 687 in
3385 634 3716 691 tribulatione
3745 649 3843 706 per-

2309 725 2438 780 culit
2466 765 2480 788 ,
2529 733 2583 779 et
2628 724 2752 778 linis
2799 727 2851 778 in
2902 723 3151 778 fatuitate
3196 722 3492 778 concludit.
3552 723 3682 778 Sunt
3728 727 3846 780 enim

2307 815 2586 879 nonnulli,
2615 809 2774 884 quos
2820 831 2848 867 a
2899 815 3125 884 perditis
3179 813 3424 868 moribus
3479 829 3575 868 nec
3623 822 3847 870 tormenta

2307 922 2660 982 compescunt
2685 929 2698 964 :
2724 913 2791 966 de
2813 913 3011 982 quibus
3039 926 3136 981 per
3168 911 3490 980 prophetam
3515 910 3726 963 dicitur:
3744 908 3847 964 Per-

2308 1003 2519 1056 εαεεὶδεὶ
2543 1019 2647 1066 eos,
2684 1018 2777 1056 nec
2809 1002 3087 1055 doluerunt
3113 1015 3131 1052 :
3154 999 3441 1069 ﬂugellasti
3476 1015 3559 1052 eos
3579 1039 3592 1062 ,
3627 1008 3671 1051 et
3695 1015 3845 1054 renue-

2309 1104 2429 1146 runt
2470 1094 2702 1163 accipere
2745 1092 3076 1162 disciplinam
3119 1092 3253 1162 (Jer.
3311 1108 3368 1155 v,
3411 1091 3467 1162 5)
3515 1102 3565 1144 et
3602 1092 3662 1144 de
3689 1092 3848 1160 quibus

2308 1184 2408 1237 sub
2431 1182 2720 1254 Babylonis
2748 1183 2930 1252 specie
2950 1183 3148 1236 dicitur
3172 1200 3184 1234 :
3210 1180 3526 1235 Curavimus
3549 1179 3845 1250 Babylonem,

2307 1283 2355 1327 et
2391 1291 2492 1328 non
2521 1285 2595 1328 est
2623 1286 2812 1328 sanata
2855 1275 2986 1346 (Jer.
3020 1290 3091 1338 ιι,
3124 1274 3199 1342 9).
3233 1275 3301 1327 Et
3337 1275 3406 1328 de
3461 1274 3646 1342 quibus
3671 1287 3846 1328 rursum

2309 1363 2544 1417 dicitur:
2590 1363 2841 1435 Interfeci
2905 1375 2953 1418 et
2997 1364 3203 1435 perdidi
3246 1362 3500 1433 populum
3551 1380 3708 1416 meum
3739 1365 3845 1430 μιν.

2309 1469 2402 1518 xv,
2433 1454 2508 1521 7),
2537 1464 2585 1508 et
2613 1465 2783 1508 tamen
2816 1474 2848 1509 a
2871 1455 2965 1510 viis
2997 1457 3108 1508 suis
3139 1471 3243 1508 non
3269 1463 3395 1508 sunt
3422 1455 3625 1508 reversi.
3655 1454 3712 1508 lli
3739 1471 3846 1508 non-

2309 1559 2586 1614 nunquam
2607 1546 2906 1601 deteriores
2928 1547 3170 1602 existunt
3187 1562 3255 1601 ex
3281 1547 3528 1610 verbere,
3549 1547 3667 1615 quia
3689 1546 3844 1614 pulsati

2288 1631 2605 1700 doloribus,
2655 1644 2750 1690 aut
2791 1636 3098 1691 contumaci
3148 1635 3450 1706 pertinacia
3495 1636 3723 1690 duriores
3755 1637 3844 1690 exi-

2311 1736 2480 1792 stunt,
2515 1737 2627 1796 aut,
2654 1730 2796 1799 quod
2821 1729 2974 1800 pejus
3005 1739 3112 1796 est,
3141 1731 3195 1783 in
3227 1729 3574 1799 blasphemiae
3601 1730 3746 1782 etiam
3771 1743 3845 1782 ex-

621 1833 799 1886 ohlata
862 1833 1098 1887 remedia
1172 1831 1558 1886 misericordiae
1627 1835 1995 1884 contemnunt.
2056 1847 2075 1879 ›
2140 1807 2618 1889 ΕιΒιδρθηιιίοηθ
2657 1820 2964 1890 prosiliunt.
3011 1840 3030 1872 ι
3078 1821 3211 1875 Item
3249 1822 3305 1875 in
3345 1821 3483 1874 libro
3520 1820 3846 1888 vigesiinose-

627 1923 789 1994 199
813 1924 941 1978 item
967 1937 981 1975 :
1011 1944 1028 1973 ι
1057 1921 1321 1977 Nimirum
1351 1923 1491 1976 Deus
1522 1919 1844 1974 mirabiliter
1872 1925 2066 1972 cuncta
2095 1916 2208 1970 dis-

622 2022 838 2082 pensat,
871 2022 927 2066 et
947 2012 1093 2081 juste
1136 2010 1266 2065 facit
1292 2009 1435 2080 quod
1463 2009 1728 2079 malignus
1760 2009 1982 2078 spiritus
2009 2006 2208 2075 injuste

623 2101 806 2155 facere
834 2103 1060 2171 appetit,
1088 2110 1141 2155 et
1173 2101 1273 2154 hoc
1301 2100 1416 2154 fieri
1449 2099 1659 2154 nonnisi
1691 2098 1836 2168 juste
1872 2097 2153 2167 permittit.
2184 2115 2203 2146 ι

624 2191 692 2246 Et
735 2191 788 2244 in
831 2191 966 2245 libro
1011 2191 1221 2244 decimo
1267 2199 1462 2243 octavo
1507 2187 1643 2255 (cap.
1673 2187 1761 2257 l0)
1790 2205 1803 2239 :
1834 2206 1851 2237 ε
1885 2187 1999 2252 Qua
2050 2186 2102 2239 in
2151 2200 2210 2239 re

623 2283 972 2350 qmerendum
999 2290 1084 2334 est
1105 2295 1204 2334 cur
1231 2279 1444 2334 dicatur
1471 2279 1613 2346 quod
1640 2269 1781 2331 hanc
1807 2286 2013 2346 partem
2048 2286 2212 2344 atque

626 2370 992 2425 luereditatem
1026 2385 1179 2424 suam
1203 2368 1352 2439 pravi
1384 2367 1452 2422 ab
1474 2367 1852 2436 Omnipotente
1886 2367 2209 2435 percipiunt.

627 2462 756 2528 Sed,
787 2462 834 2516 si
864 2471 1010 2516 recte
1035 2462 1434 2523 consideratur,
1463 2458 1631 2529 liquet
1659 2457 1784 2527 quia
1822 2458 1924 2511 etsi
1959 2474 1988 2510 a
2020 2457 2212 2526 seipsis

622 2553 931 2608 habuerunt
976 2553 1174 2622 injuste
1219 2566 1401 2622 agere,
1451 2564 1701 2620 superum
1747 2558 1925 2603 tamen
1969 2547 2211 2617 aequitati

623 2645 860 2715 suppetit
903 2644 1099 2713 injuste
1135 2654 1252 2699 acta
1285 2645 1431 2715 juste
1465 2643 1732 2714 judicare,
1770 2651 1830 2695 ut
1859 2641 2040 2695 divina
2085 2656 2210 2695 sen-

621 2738 795 2792 tentia
847 2737 1063 2791 ordinet
1107 2736 1158 2790 in
1196 2749 1379 2806 paena,
1406 2749 1542 2804 quos
1585 2732 1888 2788 inordinata
1931 2747 2026 2786 sua
2071 2731 2212 2786 actio

624 2827 792 2879 traxit
822 2827 890 2878 ad
920 2826 1153 2895 culpam.
1189 2845 1206 2875 ι
1243 2826 1311 2878 Et
1332 2825 1497 2880 item:
1529 2843 1548 2876 ί
1579 2823 1714 2877 Nam
1750 2825 1889 2878 bona
1928 2821 2134 2877 faciens
2159 2830 2213 2877 et

623 2916 883 2970 ordinans
905 2916 1068 2979 Deus,
1096 2916 1233 2969 male
1256 2931 1384 2970 vero
1416 2931 1522 2971 non
1551 2915 1776 2980 faciens,
1798 2916 1891 2970 sed
1919 2917 1987 2970 ab
2013 2915 2212 2984 iniquis

625 3007 790 3071 facta,
818 3023 886 3061 ne
917 3007 1220 3060 inordinate
1248 3007 1519 3072 eveniant,
1547 3007 1658 3076 ipse
1693 3008 2009 3075 disponens,
2035 3005 2214 3060 consi-

626 3088 784 3152 derat
808 3100 1180 3153 universorum
1211 3098 1394 3164 linem,
1419 3107 1475 3153 et
1497 3099 1764 3166 patienter
1789 3097 1983 3152 tolerat
2007 3097 2213 3160 omnia,

626 3201 789 3260 atque
844 3189 1084 3243 intuetur
1135 3188 1432 3244 electorum
1481 3189 1769 3244 terminum
1819 3202 1926 3258 quo
1970 3202 2035 3242 ex
2073 3186 2214 3241 malo

626 3289 904 3335 mutentur
933 3281 999 3334 ad
1028 3280 1246 3334 bonum.
1296 3281 1539 3335 lntuetur
1565 3281 1727 3334 etiam
1772 3278 2122 3348 reproborum
2152 3277 2216 3332 li-

627 3389 772 3438 nem,
819 3387 928 3443 quo
963 3374 1028 3428 de
1059 3373 1201 3427 nudo
1249 3387 1413 3442 opere
1453 3373 1674 3442 dignum
1721 3387 1778 3426 se
1815 3371 2101 3425 trahantur
2147 3369 2214 3424 ad

627 3466 968 3536 supplicium.
1001 3450 1025 3516 ι’
1061 3467 1128 3520 Et
1157 3466 1284 3521 item
1335 3467 1390 3520 in
1433 3465 1570 3520 libro
1607 3464 1818 3519 decimo
1867 3475 2022 3518 sexto
2071 3463 2210 3533 (cap.

628 3556 718 3624 18)
748 3572 762 3610 :
795 3574 813 3606 ι
844 3557 1034 3608 Anima
1075 3555 1189 3623 ejus
1230 3557 1573 3626 quodcunque
1611 3554 1771 3608 voluit
1810 3554 1907 3606 hoc
1938 3553 2078 3622 fecit.
2123 3552 2214 3607 Sic

628 3645 813 3714 itaque
844 3644 961 3712 ejus
1004 3645 1182 3698 anima
1222 3647 1582 3715 quodcunque
1623 3645 1788 3699 voluit
1828 3646 1931 3699 hoc
1976 3643 2126 3706 fecit,
2155 3650 2216 3696 ut
2263 3659 2270 3668 ί

631 3735 754 3789 inde
783 3750 996 3804 quoque
1031 3736 1365 3791 voluntatem
1393 3737 1819 3806 suanrimpleat,
1853 3735 1993 3790 unde
2020 3735 2214 3789 volun-

630 3828 731 3880 tati
761 3827 904 3882 illius
937 3829 1224 3898 repugnari
1260 3829 1560 3883 videbatur.
1601 3847 1620 3880 ι
1655 3828 1784 3884 ltem
1817 3829 1956 3882 idem
1989 3827 2042 3880 in
2076 3827 2216 3881 libro

629 3919 893 3987 vigesimo
935 3921 1126 3990 quinto
1172 3921 1310 3991 (cap.
1336 3921 1424 3991 l3)
1451 3940 1463 3975 :
1494 3941 1512 3972 ‹
1545 3921 1850 3990 Aliquando
1897 3921 2078 3974 facere
2118 3917 2213 3972 Dei

629 4021 747 4078 est,
789 4014 838 4066 id
871 4016 1012 4083 quod
1045 4015 1160 4068 fieri
1198 4015 1446 4083 prohibet
1489 4015 1775 4069 irascendo
1822 4013 2156 4083 permittere.
2190 4030 2208 4062 ι

628 4105 761 4159 Item
793 4107 842 4159 in
871 4107 1092 4161 eodem:
1123 4127 1141 4157 ‹
1172 4105 1342 4161 Nemo
1381 4107 1634 4161 discutiat
1657 4122 1770 4162 .cur
1795 4114 1972 4159 stante
1992 4103 2216 4158 Judaico

629 4195 827 4264 populo
884 4197 1083 4250 dudum
1143 4197 1197 4251 in
1248 4197 1563 4252 inﬁdelitate
1609 4197 1881 4266 gentilitas
1928 4196 2129 4265 jacuit,
2161 4202 2217 4247 et

630 4302 731 4339 cur
769 4286 834 4340 ad
866 4287 1026 4341 [idem
1076 4287 1379 4356 gentilitate
1429 4298 1684 4356 surgente
1719 4286 2001 4341 Judaicum
2051 4299 2219 4354 popu-

631 4377 743 4430 lum
777 4377 829 4430 in
862 4377 1195 4431 infidelitatis
1220 4378 1376 4446 culpa
1403 4379 1714 4446 prostravit.
1745 4378 1912 4432 Nemo
1959 4376 2217 4430 discutiat

632 4483 730 4521 cur
761 4467 898 4520 alius
941 4469 1186 4520 trahatur
1217 4482 1284 4521 ex
1321 4469 1481 4532 dono,
1516 4468 1654 4522 alius
1698 4467 1989 4536 repellatur
2015 4483 2081 4521 ex
2109 4483 2216 4521 me-

631 4558 756 4610 rito.
803 4556 859 4610 Si
886 4557 1030 4610 enim
1060 4557 1412 4626 gentilitatem
1452 4558 1668 4612 miraris
1708 4567 2063 4628 assumptam,
2100 4558 2215 4625 ipso

633 4647 966 4700 concedente
1001 4660 1187 4713 pacem
1225 4647 1347 4714 quis
1387 4655 1469 4701 est
1501 4647 1591 4716 qui
1640 4648 1998 4702 condemnet?
2040 4647 2215 4702 Silu-

633 4734 808 4788 daeam
858 4735 1195 4806 obstupescis
1242 4739 1547 4806 perditam,
1597 4755 1662 4793 ex
1714 4755 1835 4807 quo-
1872 4739 2216 4795 absconderit

632 4823 840 4878 vultum
877 4840 1052 4890 suum,
1082 4827 1206 4896 quis
1239 4836 1324 4881 est
1347 4828 1438 4896 qui
1475 4829 1866 4898 contempletur
1898 4831 2059 4884 eum?
2105 4831 2215 4884 Ita-

631 4927 742 4985 que
771 4914 1054 4970 consilium
1087 4931 1313 4972 summa:
1341 4928 1392 4972 et
1418 4919 1644 4972 occultae
1671 4921 1888 4976 virtutis
1917 4919 2217 4976 satisfactio

631 5003 708 5059 sit
747 5015 946 5073 aperta:
974 5005 1217 5060 rationis.
1256 5025 1274 5057 ι
1327 5006 1460 5063 Item
1484 5008 1538 5061 in
1578 5008 1717 5062 libro
1753 5025 1876 5063 xxvi
1909 5014 2044 5080 (cap.
2073 5011 2165 5082 εἳ)
2199 5026 2213 5065 :

641 5112 661 5144 ι
695 5091 758 5148 Si
784 5094 1046 5148 audierint
1076 5107 1125 5149 et
1149 5096 1552 5163 observaverint,
1590 5099 2058 5168 complebuntvdies
2091 5119 2214 5156 suos

634 5187 691 5239 in
715 5187 869 5250 bona,
893 5197 940 5240 et
975 5204 1138 5242 annos
1167 5206 1292 5242 suos
1324 5191 1375 5243 in
1399 5190 1568 5259 gloria
1591 5210 1609 5246 :
1632 5193 1677 5244 si
1701 5203 1875 5245 autent
1905 5209 2008 5246 non
2034 5195 2217 5248 audie-

636 5279 762 5340 rint,
790 5278 1087 5332 transibunt
1111 5297 1204 5349 per
1230 5281 1487 5350 gladium,
1517 5291 1564 5334 et
1595 5295 1969 5336 consumantur
1992 5285 2215 5340 stultitia

637 5367 761 5440 (Job
801 5385 987 5435 xxxvi,
1015 5370 1124 5441 ll).
1169 5370 1274 5425 Per
1320 5373 1518 5426 bonum
1573 5383 1722 5427 recta
1761 5375 1933 5438 actio,
1980 5390 2075 5443 per
2103 5376 2216 5445 glo-

639 5457 776 5510 riam
818 5473 947 5512 vero
985 5473 1216 5528 superna
1257 5461 1542 5516 retributio
1575 5462 1905 5532 designatur.
1957 5463 2059 5529 Qui
2088 5479 2217 5520 vero

637 5549 857 5603 obedire
895 5553 1178 5622 praeceptis
1212 5554 1526 5609 caalestibus
1567 5557 1804 5620 student,
1846 5557 1962 5612 dies
1999 5574 2124 5613 suos
2161 5561 2215 5614 iu

625 5636 783 5691 bono
827 5641 1118 5710 complent,
1164 5659 1337 5700 annos
1388 5645 1440 5699 in
1487 5646 1696 5716 gloria:
1726 5648 1852 5717 quia
1897 5657 1972 5708 et,
2001 5665 2217 5703 cursum

637 5732 919 5799 praesentis
951 5737 1207 5805 temporis
1241 5738 1294 5794 iu
1323 5746 1473 5794 recto
1503 5755 1688 5808 opere,
1717 5748 1773 5796 et
1799 5743 2220 5800 consummatio-

2309 1911 2520 1980 ptimo:
2550 1929 2569 1962 ι
2598 1911 2750 1966 Sicut
2790 1913 3002 1981 ignoras
3045 1929 3164 1983 qua:
3209 1913 3277 1966 sit
3321 1911 3404 1965 via
3449 1913 3676 1981 spiritus,
3707 1920 3845 1980 etque

2290 2049 2292 2052 ,
2311 2001 2474 2072 200
2496 2003 2696 2056 ratione
2715 2003 3118 2073 compinguntur
3137 2020 3258 2057 ossa
3283 2003 3338 2057 in
3363 2012 3536 2056 ventre
3553 2003 3844 2072 pregnans,

2311 2093 2386 2146 sic
2409 2094 2578 2146 nescis
2603 2109 2762 2164 opera
2788 2092 2881 2147 Dei
2903 2095 2994 2164 qui
3018 2094 3312 2164 fabricator
3340 2103 3415 2147 est
3447 2095 3665 2147 omnium
3681 2091 3841 2163 .(Eccle.

2313 2197 2377 2246 ιι,
2403 2183 2479 2252 5).
2521 2181 2590 2237 Ut
2615 2184 2761 2238 enim
2793 2200 2958 2240 unum
3013 2201 3044 2238 e
3089 2185 3278 2240 multis
3308 2186 3502 2254 loquar
3524 2184 3650 2255 (cap.
3673 2184 3740 2253 2),
3767 2184 3847 2237 duo

2313 2273 2380 2325 ad
2414 2273 2554 2327 hanc
2590 2273 2765 2328 lucem
2803 2275 3008 2344 parvuli
3035 2276 3282 2340 veniunt,
3313 2277 3408 2330 sed
3439 2277 3528 2329 uni
3553 2276 3698 2329 datur
3728 2274 3844 2327 atad

2314 2361 2739 2431 redemptionem
2767 2378 2864 2433 per
2890 2363 3158 2434 baptisma
3211 2365 3418 2430 redeat,
3447 2365 3580 2418 alter
3604 2375 3716 2416 ante
3749 2364 3846 2416 Stib-

2317 2451 2549 2506 trahitur
2601 2468 2763 2521 quam
2815 2455 2982 2520 hunc
3017 2469 3352 2525 regenerans
3401 2455 3539 2509 unda
3585 2453 3841 2524 perfundat.

2315 2545 2383 2599 Et
2409 2561 2551 2615 saepe
2579 2544 2818 2600 ﬁdelium
2848 2545 2988 2600 [ilius
3012 2546 3130 2600 sine
3160 2547 3269 2601 fide
3296 2547 3525 2616 rapitur,
3552 2554 3604 2600 et
3630 2558 3752 2612 saepe
3780 2541 3841 2592 in-

2315 2635 2555 2690 lidelium
2601 2651 2864 2691 concesso
2907 2637 3029 2692 fidei
3076 2646 3423 2692 sacramento
3445 2645 3738 2691 renovatur.
3762 2631 3841 2684 Sed

2315 2723 2547 2780 fortasse
2574 2725 2769 2796 aliquis
2797 2727 2942 2782 dicat
2963 2729 3108 2798 quod
3131 2729 3278 2784 hunc
3302 2729 3443 2783 Deus
3469 2739 3694 2781 acturum
3718 2736 3842 2792 prave

2315 2814 2480 2869 etiam
2533 2825 2655 2885 post
2688 2816 2957 2886 baptisma
3003 2826 3265 2883 noverat,
3311 2827 3365 2872 et
3419 2817 3613 2872 idcirco
3655 2829 3757 2867 eum
3791 2812 3842 2862 ad

2317 2907 2658 2976 baptismatis
2687 2908 2914 2978 gratiam
2953 2924 3060 2963 non
3100 2907 3388 2977 perducat.
3429 2907 3577 2974 Quod
3601 2905 3642 2960 si
3680 2904 3744 2958 ita
3765 2909 3840 2957 est.

2319 3007 2540 3067 peccata
2587 3000 2946 3068 quorumdam
2987 3000 3176 3070 procul
3221 3001 3412 3065 dubio,
3442 3000 3730 3069 priusquam
3763 2992 3843 3046 sint

2319 3101 2648 3162 perpetrata,
2681 3095 3000 3164 puniuntur.
3041 3095 3107 3148 Et
3141 3095 3269 3164 quis
3305 3095 3379 3149 ita
3425 3105 3564 3149 recta
3597 3094 3753 3146 sciens
3779 3085 3841 3140 di—

2242 3160 2287 3222 C
2321 3160 2461 3237 serit
2492 3185 2618 3252 quia
2660 3160 3001 3256 ontnipotens
3025 3160 3187 3252 Deus,
3217 3187 3318 3258 qui
3356 3187 3488 3241 alios
3523 3201 3550 3239 a
3580 3179 3840 3254 perpetratis

2317 3273 2651 3331 facinoribus
2697 3277 2907 3343 liberat,
2954 3279 3070 3334 base
3110 3281 3162 3334 in
3204 3280 3332 3334 aliis
3359 3280 3521 3335 etiam
3570 3291 3665 3330 non
3690 3285 3840 3344 perpe-

2319 3375 2460 3421 trata
2493 3368 2855 3423 condemnat?
2899 3367 3122 3424 Occulta
3153 3370 3340 3440 itaque
3383 3378 3508 3425 sunt
3534 3361 3840 3435 ejusjudicill

2319 3469 2376 3512 et
2407 3470 2608 3528 quanta
2647 3458 2979 3514 obscuritate
3014 3472 3294 3530 nequeunt
3328 3459 3580 3531 conspici,
3614 3464 3743 3512 tanta
3772 3451 3842 3504 de-

2317 3548 2451 3602 bent
2493 3549 2797 3604 humilitate
2843 3551 3111 3606 venerari.
3144 3571 3163 3602 ι
3215 3552 3277 3607 ln
3318 3553 3456 3607 libro
3483 3565 3604 3605 xxix
3632 3541 3838 3618 (cap-3):

2324 3659 2343 3692 ι
2389 3641 2524 3696 Cum
2578 3642 2746 3696 divini
2790 3644 2974 3712 operis
3038 3645 3361 3714 mysterium
3408 3645 3486 3700 sic
3531 3634 3840 3700 misericordis

2317 3743 2560 3804 peragat,
2589 3745 2648 3788 ut
2671 3743 2852 3788 tamen
2880 3743 2938 3789 et
2967 3735 3044 3789 ira
3077 3737 3391 3803 comitetur,
3424 3747 3673 3807 quatenus
3695 3723 3840 3782 occul-

2320 3834 2407 3879 tus
2444 3826 2646 3880 arbiter
2679 3826 2814 3881 alios
2846 3827 3140 3897 respiciens
3189 3831 3442 3894 redimat,
3479 3827 3604 3880 alios
3636 3822 3841 3875 deserens

2319 3915 2529 3984 perdat.
2569 3935 2587 3966 ι
2629 3915 2758 3970 Item
2796 3916 2848 3990 in
2881 3917 3071 3971 eodem
3099 3934 3110 3970 :
3140 3937 3159 3968 ‹
3189 3918 3478 3989 Auferctur
3514 3916 3576 3990 ali
3601 3909 3748 3978 impiis
3771 3903 3841 3956 Ιιιε

2318 4021 2417 4059 sua
2443 4004 2564 4073 (Job
2601 3987 2837 4070 xxxvnt,
2858 4007 2975 4077 25),
3014 4009 3142 4076 quia
3173 3985 3302 4064 dum
3329 4006 3538 4063 veritati
3555 3985 3756 4058 'credere
3779 4005 3842 4046 r0-

2319 4105 2522 4160 nuunt,
2563 4097 2944 4167 cogitationem
2987 4098 3122 4170 legis
3165 4099 3219 4153 in
3260 4105 3572 4170 perpetuum
3607 4089 3836 4146 amittunt:

2319 4195 2373 4241 et
2412 4187 2538 4240 dum
2585 4188 2652 4241 de
2699 4197 2921 4259 accepta
2961 4189 3082 4261 lege
3131 4192 3482 4260 superbiunt,
3529 4183 3756 4240 nimirum
3790 4173 3838 4225 de

2319 4279 2560 4334 scientia:
2600 4293 2712 4334 sua:
2737 4280 2907 4350 gloria
2935 4292 3228 4337 caecantur.
3267 4283 3539 4353 Scriptum
3569 4275 3742 4346 «ιυίβίκ
3759 4269 3836 4323 es"

2322 4372 2680 4426 Obscurentur
2727 4373 2863 4427 oculi
2907 4390 3108 4439 eorum,
3164 4393 3226 4430 ne
3277 4377 3512 4437 videant;
3573 4367 3838 4423 t'ursumllue

2320 4467 2578 4535 scriptum
2619 4476 2724 4530 est,
2753 4463 2978 4522 Exercet:
3015 4485 3106 4521 cor
3133 4469 3318 4538 populi
3338 4467 3494 4537 Imjus
3526 4472 3571 4518 et
3602 4470 3733 4513 aures
3752 4448 3838 4518 ei“

2245 4528 2294 4588 Β
2320 4528 2548 4627 “ﬂiam
2571 4528 2744 4625 (Psal.
2781 4575 2971 4625 vam,
2993 4559 3107 4630 ει).
3133 4528 3224 4614 Ἐἰ
3251 4528 3464 4615 rursu'm
3493 4552 3724 4620 scriptum
3747 4546 3834 4636 ε

2321 4648 2389 4702 In
2405 4649 2666 4718 judicium
2687 4667 2779 4720 ego
2800 4651 2854 4704 in
2882 4651 3019 4704 hunc
3043 4653 3298 4705 mundum
3327 4651 3459 4714 veni,
3489 4640 3644 4713 utqui
3673 4649 3757 4689 non
3779 4643 3836 4681 ιη’

2323 4741 2444 4794 dent
2464 4742 2693 4804 videant,
2710 4752 2757 4794 et
2771 4729 2860 4810 qui
2875 4743 3045 4794 vident
3059 4744 3181 4797 circi
3191 4744 3346 4811 fiant,
3359 4750 3413 4796 et
3435 4737 3555 4808 quia
3577 4723 3834 4811 samem)?“

2325 4832 2392 4884 de
2433 4831 2569 4900 legis
2607 4807 2861 4898 operibus
2907 4842 3095 4886 contra
3129 4807 3465 4887 conditorem
3507 4822 3631 4893 legis
3669 4807 3834 4869 extule-

2326 4930 2468 4986 ταίην
2500 4930 2624 4992 aPte
2653 4923 2920 4986 subditur,
2952 4934 2999 4977 et
3026 4924 3293 4977 brachium
3320 4921 3568 4978 excelsum
3597 4907 3834 5000 conterctﬂt

2325 5009 2507 5081 (Joan.
2541 5028 2616 5074 ts,
2645 5012 2757 5085 59).
2785 5033 2803 5065 ι
2841 5012 2896 5066 lu
2921 5013 3062 5068 libro
3087 5030 3215 5068 xm
3244 5033 3256 5069 :
3292 5033 3309 5065 ι
3337 5010 3470 5068 Justi
3499 5003 3594 5060 viri
3618 4995 3832 5085 securi?s

2326 5111 2474 5157 recte
2508 5103 2649 5158 leoni
2697 5114 3061 5173 comparatur,
3097 5106 3188 5174 qui
3218 5114 3405 5160 contra
3455 5113 3510 5153 se
3535 5105 3644 5150 cum
3671 5074 3832 5181 timid"

2323 5197 2412 5251 bet
2449 5198 2726 5268 insurgere
2753 5199 3038 5268 conspicit,
3068 5201 3133 5252 ad
3164 5200 3356 5254 mentis
3382 5209 3488 5250 suae
3511 5179 3827 5268 confidetitiatﬂ

2324 5288 2501 5353 redit,
2549 5264 2625 5342 etw
2647 5289 2752 5344 scit
2796 5264 2921 5358 quia
2969 5264 3196 5344 cunctos
3251 5289 3585 5344 adversantes
3625 5264 3823 5358 θυμοῖτ’ξρ

2325 5379 2450 5444 quia
2488 5343 2643 5431 illum
2686 5343 2859 5433 solum
2891 5381 3085 5453 diligit,
3127 5398 3288 5451 quem
3329 5378 3520 5434 invitus
3553 5361 3678 5421 nullo

2328 5469 2527 5526 amittit
2559 5489 2576 5520 ι
2629 5469 2686 5522 In
2731 5471 2869 5527 libro
2900 5444 3234 5542 utili-(cap.
3264 5474 3317 5542 '7)
3343 5488 3356 5523 :
3387 5488 3404 5519 ε
3432 5455 3675 5530 Superbos
3711 5444 3821 5542 ensi“

2325 5568 2489 5627 atque
2517 5560 2708 5629 impios
2731 5563 2882 5630 justo
2911 5525 3116 5629 judicio
3144 5525 3398 5619 Dominus
3427 5557 3477 5610 in
3506 5544 3697 5630 lium"

2326 5651 2549 5715 condit,
2613 5654 2737 5720 quia
2793 5669 2978 5708 eorum
3027 5655 3188 5709 corda
3241 5653 3400 5725 ipsis.
3467 5620 3819 5725 ιιυπλδθδνῗξῗ

2329 5758 2514 5801 amore
2553 5710 2826 5800 Creatoris
2877 5745 3100 5814 eligunt,
3135 5710 3356 5802 terrenis
3395 5723 3602 5806 opprimi
3638 5710 3816 5782 ηοσουιδ
