3992 6336
134 407 230 464 265

828 400 916 457 DE
953 398 1622 456 PREDESTINATlONE
1660 396 2120 454 DISSERTATIO
2155 397 2567 455 POSTERIOR.

3269 391 3375 449 266

135 517 379 594 permisit.
417 536 437 570 ι
489 515 623 572 Item
654 513 706 569 in
732 512 871 570 libro
897 529 1070 568 xxxm
1102 512 1242 584 (cap.
1263 512 1351 582 10)
1380 529 1392 565 :
1429 531 1446 561 ι
1484 508 1696 580 Ubique
1720 511 1770 572 Α
1798 520 1854 589 et
1882 508 2161 580 majestate
2189 509 2356 566 visuri
2388 518 2541 575 sunt,
2591 524 2749 582 quem
2789 508 2842 563 in
2883 507 3187 591 humilitate
3230 511 3376 580 posi-

137 611 274 670 nobis
304 608 546 665 occurrit
578 621 811 676 superna
852 605 1138 670 medicina,
1169 606 1295 676 quia
1333 613 1388 660 et
1418 602 1568 659 dedit
1597 603 1695 658 ho-

138 703 256 761 mini
280 711 570 773 pmccpta,
605 712 676 754 ne
703 705 893 771 peccet
920 713 933 749 :
966 705 1024 752 et
1061 703 1243 751 tamen
1271 696 1518 768 peccanti
1546 693 1696 749 dedit

143 793 381 859 remedia,
418 806 491 848 ne
524 790 795 862 desperet.
837 787 1000 858 Unde
1018 787 1317 871 cavendum
1354 801 1696 868 summopere

141 897 233 954 est,
250 901 314 943 ne
338 884 460 956 quis
488 882 843 940 delectatione
867 880 1388 954 peccatiLeviathan
1420 879 1576 934 istius
1600 893 1697 936 ore

142 980 374 1050 rapiatur,
411 988 470 1032 et
502 985 684 1031 tamen
732 973 780 1030 si
817 981 1006 1045 raptus
1047 972 1213 1028 fuerit
1257 986 1367 1027 non
1411 971 1695 1041 desperet,

142 1071 249 1144 quia
276 1069 319 1125 si
346 1074 633 1139 peccatum
661 1063 901 1136 perfecte
924 1063 1127 1134 lugeat,
1157 1063 1334 1118 adhuc
1358 1061 1600 1117 foramen
1638 1060 1696 1114 in

142 1158 336 1217 maxilla
361 1157 480 1229 ejus
510 1155 718 1212 invenit
743 1169 841 1227 per
864 1154 1008 1226 quod
1045 1154 1258 1209 evadat.
1288 1151 1407 1206 .Iam
1439 1151 1692 1208 dentibus

146 1250 470 1311 teriturzsed
526 1249 732 1315 adhuc,
784 1248 833 1304 si
878 1246 1136 1303 evadendi
1185 1247 1268 1301 via
1310 1245 1592 1316 quteritur,
1640 1244 1694 1300 in

144 1345 334 1402 maxilla
360 1342 479 1415 ejus
508 1341 753 1399 foramen
776 1340 1072 1397 invenitur.
1105 1337 1279 1394 Habet
1304 1337 1467 1392 etiam
1502 1345 1695 1407 captus

144 1453 236 1508 quo
266 1444 434 1501 exeat,
473 1434 565 1505 qui
602 1433 899 1506 prtevidere
947 1430 1181 1486 noluerit
1222 1444 1291 1485 ne
1329 1435 1635 1505 caperetur.
1668 1448 1688 1481 ι

143 1527 201 1582 Et
220 1534 329 1597 post
354 1523 632 1596 paululum
663 1525 804 1593 (cap.
831 1520 1079 1612 cadenti:
1111 1538 1131 1569 ρ
1166 1518 1533 1575 Misericordia
1556 1519 1693 1612 enim

143 1630 183 1672 et
216 1619 289 1672 ira
320 1618 383 1673 ab
420 1616 534 1673 illo.
598 1615 791 1673 Divina
844 1611 1031 1686 itaque
1077 1613 1366 1669 clementia
1415 1611 1692 1667 maxillam

142 1708 412 1777 Vehemoth
447 1708 606 1766 istius
641 1706 954 1779 perforans,
988 1705 1189 1776 ubique
1224 1706 1462 1761 humano
1507 1703 1694 1777 generi

142 1809 189 1856 et
210 1798 624 1869 misericorditer
650 1807 707 1855 et
731 1806 984 1870 potenter
1012 1797 1284 1864 occurrit;
1318 1795 1448 1867 quia
1484 1809 1586 1851 nec
1626 1795 1693 1852 li-

143 1893 250 1948 bero
288 1892 711 1949 admonitionem
751 1889 1091 1962 praecavendi
1147 1889 1334 1956 tacuit,
1391 1904 1494 1944 nec
1534 1897 1693 1960 capto

144 1984 408 2040 remedium
434 1982 675 2057 fugiendi
701 1982 990 2038 subtraxit.
1026 1999 1045 2033 ι
1094 1980 1228 2037 Item
1269 1981 1326 2037 in
1358 1979 1496 2036 libro
1519 1995 1693 2036 χχχιιι

144 2073 259 2147 (cap.
294 2075 381 2149 20)
402 2092 424 2143 :
468 2092 489 2127 t
515 2074 599 2130 Ad
623 2075 955 2147 parcendum
1003 2074 1250 2146 reprobis
1291 2073 1438 2130 nulla
1484 2074 1694 2131 ratione

141 2168 435 2240 compellor,
493 2167 623 2241 quia
669 2166 751 2222 eis
795 2167 1007 2223 debitor
1060 2182 1129 2222 ex
1180 2181 1278 2223 sua
1325 2167 1539 2223 actione
1583 2182 1693 2223 non
1716 2218 1727 2243 4,

144 2272 319 2319 teneor.
364 2260 574 2319 Idcirco
620 2260 765 2317 enim
814 2271 943 2317 tunc
990 2261 1149 2333 201
1196 2276 1539 2332 nequaquam
1584 2276 1690 2318 ca:-

145 2353 266 2424 lestis
321 2353 512 2424 patriar.
584 2352 807 2427 praemia
887 2363 1092 2408 aeterna
1154 2353 1499 2424 percipiunt,
1565 2354 1693 2423 quia

145 2459 193 2501 ea
227 2461 359 2513 nunc
401 2446 547 2518 dum.
595 2446 896 2518 promereri
944 2455 1197 2516 poterant
1248 2461 1315 2501 ex
1371 2445 1542 2502 libero
1601 2440 1727 2502 ar-‘

139 2537 275 2594 bitrio
326 2546 791 2609 contempserunt.
840 2556 860 2589 ι
914 2536 986 2593 Et
1041 2537 1169 2594 item
1220 2537 1376 2607 (cap.
1427 2537 1688 2607 eodem):

140 2646 158 2681 t
193 2628 471 2685 leviathan
512 2630 616 2686 iste
653 2628 1044 2686 beatitudinem
1082 2628 1304 2699 quidem
1347 2643 1520 2684 meam
1560 2642 1690 2699 per-

135 2719 282 2789 didit,
347 2720 442 2777 sed
499 2720 798 2777 dominium
847 2735 956 2776 non
1011 2719 1219 2786 evasit;
1292 2718 1417 2789 quia
1463 2714 1516 2772 et
1563 2718 1693 2787 ipsa:

136 2814 250 2869 mihi
272 2821 563 2886 potestates
606 2813 942 2875 inserviunt,
973 2826 1095 2883 quae
1127 2810 1260 2867 mihi
1305 2811 1490 2881 pravis
1526 2810 1694 2866 actio-

135 2903 272 2960 nibus
311 2904 685 2961 adversantur.
726 2922 746 2956 ι
794 2903 928 2959 Item
979 2903 1033 2957 in
1078 2901 1270 2958 eodem
1317 2901 1459 2971 (cap.
1491 2900 1689 2970 xxiv):

139 3012 156 3047 t
185 2994 308 3049 Dum
334 3010 465 3067 ergo
497 2996 580 3052 eis
620 2995 882 3051 Dominus
927 2995 1103 3050 vicem
1150 2992 1419 3049 malorum
1465 3008 1693 3063 operum

137 3084 387 3150 redderet,
419 3084 569 3141 dedit
597 3084 706 3140 illis
732 3094 945 3140 scutum
992 3070 1174 3142 cordis
1201 3083 1440 3140 laborem
1484 3098 1641 3138 suum
1675 3070 1717 3139 ε’

137 3176 241 3247 quia
264 3186 408 3233 recto
438 3176 647 3247 judicio
668 3176 797 3233 inde
821 3175 942 3233 illos
967 3185 1157 3232 contra
1186 3190 1246 3233 se
1270 3175 1501 3247 superbe
1528 3174 1696 3231 obsti-

138 3236 267 3347 natos
289 3236 559 3332 exhibuit,
605 3267 746 3323 unde
795 3266 911 3336 ipse
956 3281 1055 3336 pro
1098 3265 1257 3322 nobis
1287 3236 1354 3320 in.
1375 3265 1697 3321 inﬁrmitate
1723 3236 1770 3300 δ

139 3355 392 3414 laboravit.
425 3358 762 3431 Repulerunt
790 3359 993 3431 quippe
1023 3373 1054 3413 a
1087 3372 1148 3414 se
1183 3358 1351 3414 verba
1398 3358 1700 3429 praedican-

140 3451 277 3517 tium,
309 3454 433 3525 quia
464 3453 741 3526 dedignati
782 3462 912 3509 sunt
944 3453 1002 3508 in
1034 3452 1265 3508 Domino
1314 3450 1529 3507 inﬁrma
1575 3466 1701 3523 pas-

140 3542 339 3600 sionum.
379 3565 398 3597 ι
430 3544 563 3602 Item
589 3545 646 3601 in
671 3545 810 3603 libro
832 3560 1000 3601 xxxiv
1021 3544 1160 3617 (cap.
1190 3543 1314 3616 10):
1341 3541 1467 3599 Non
1497 3544 1701 3615 fugavit

140 3650 236 3690 tum
265 3637 342 3692 vir
361 3638 693 3710 sagittarius.
720 3638 875 3696 Unde
904 3640 1042 3695 bene
1068 3637 1314 3710 peccatis
1338 3638 1698 3709 praecedenti-

140 3725 222 3783 bus
246 3729 481 3788 irascens
514 3732 809 3799 Dominus,
837 3733 905 3788 de
930 3732 1018 3789 his
1039 3746 1178 3802 quos
1207 3732 1263 3787 in
1295 3747 1457 3789 manu
1489 3732 1700 3803 antiqui

141 3819 285 3879 hostis
296 3825 515 3892 deserit,
533 3840 631 3897 per
650 3826 972 3896 prophetam
994 3825 1157 3882 dicit:
1188 3843 1207 3877 ι
1242 3823 1535 3880 Immittam
1555 3825 1700 3881 vobis

138 3927 370 3986 serpentes
416 3916 654 3988 regulos,
699 3918 885 3990 quibus
946 3934 1052 3973 non
1104 3927 1179 3973 est
1229 3919 1518 3972 incantatio
1560 3916 1698 3991 (Jcr.

140 4018 246 4073 vin,
276 4009 385 4079 l7).
435 4008 516 4063 Ac
557 4009 603 4065 si
646 4010 894 4067 diceret:
930 4007 1087 4067 Justo
1125 4009 1334 4079 judicio
1366 4010 1562 4065 talibus
1604 4025 1703 4067 vos

141 4095 412 4156 immundis
462 4100 745 4172 spiritibus
793 4101 1040 4168 tradam,
1092 4101 1184 4173 qui
1232 4116 1263 4155 a
1314 4101 1468 4157 vobis
1519 4102 1702 4158 excuti

140 4189 494 4246 exhortatione
559 4192 1000 4263 praedicandum,
1072 4192 1227 4269 quasi
1302 4192 1700 4248 incantantium

139 4294 397 4350 sermone,
445 4298 555 4339 non
598 4283 833 4340 valeant.
873 4304 893 4338 ι
947 4286 1014 4340 Et
1065 4294 1192 4356 post
1233 4285 1514 4356 paululum
1559 4285 1698 4357 (cap.

140 4372 313 4448 eodem)
343 4394 356 4430 :
397 4395 417 4429 ι
455 4375 564 4431 Sed
595 4376 725 4446 quid
749 4376 948 4432 mirum
979 4378 1026 4432 si
1053 4377 1322 4434 humanas
1348 4378 1494 4434 vires
1523 4378 1701 4449 despi-

141 4463 229 4533 cit,
254 4468 348 4540 qui
382 4468 499 4539 ipsa
522 4468 688 4523 etiam
714 4468 935 4540 superni
961 4469 1018 4524 in
1044 4484 1103 4526 se
1124 4468 1317 4540 judicii
1346 4480 1553 4527 aeterna
1582 4479 1698 4527 tor-

141 4569 293 4660 Inepta
320 4562 649 4660 contentu-it.
687 4580 707 4615 ι
739 4561 875 4660 Item
905 4563 966 4660 in.
989 4563 1179 4619 eodem
1207 4564 1348 4660 libro
1379 4566 1520 4636 (cap.
1555 4565 1648 4639 15)
1679 4583 1694 4620 :
1724 4600 1779 4660 Β

145 4663 161 4696 ι
193 4647 534 4723 Omnipotens
564 4650 735 4719 Deus,
761 4653 888 4724 quia
912 4652 1037 4724 pius
1072 4662 1191 4719 est,
1219 4654 1544 4710 miserorum
1573 4670 1699 4710 cru-

142 4736 262 4794 ciatu
286 4757 391 4797 non
438 4743 716 4814 pascitur;
749 4745 876 4815 quia
908 4753 1089 4800 autem
1124 4743 1309 4815 justus
1334 4755 1452 4814 est,
1495 4747 1566 4802 ab
1596 4748 1699 4802 iui-

142 4820 343 4898 Quorum
372 4833 579 4890 ultione
601 4834 654 4890 in
679 4844 1001 4908 perpetuum
1031 4850 1137 4892 non
1178 4837 1417 4893 sedatur.
1450 4835 1557 4892 Sed
1590 4837 1697 4892 ini-

143 4926 217 4991 qui
239 4941 420 4984 omnes
443 4937 650 4985 artemo
668 4929 950 5002 supplicio,
974 4939 1029 4988 et
1049 4931 1268 5003 quidem
1290 4947 1389 4988 sua
1416 4931 1701 5002 iniquitate

142 5018 434 5087 puniuntur,
461 5031 519 5077 et
541 5030 719 5079 tamen
745 5023 813 5079 ad
838 5023 1041 5094 aliquid
1066 5034 1511 5092 concremantur,
1553 5026 1703 5082 scili-

145 5112 517 5184 cetntetjusti
545 5129 768 5183 omnes,
800 5124 853 5171 et
898 5116 952 5170 in
998 5115 1229 5172 Domino
1255 5116 1475 5172 videant
1503 5118 1701 5190 gaudia

145 5214 245 5269 qua
268 5205 603 5277 percipiunt,
628 5215 684 5261 et
714 5205 901 5275 injusti
946 5207 1244 5277 respiciant
1274 5206 1533 5278 supplicia
1578 5222 1702 5279 qua:

146 5304 406 5352 evaserunt
430 5314 445 5351 :
472 5307 533 5352 ut
556 5305 710 5354 tanto
732 5299 786 5353 in
813 5307 1077 5354 mternum
1104 5299 1275 5369 magis
1300 5298 1493 5355 divina:
1516 5299 1705 5370 gratia:

147 5383 393 5445 debitores
437 5405 497 5446 se
541 5404 664 5445 esse
693 5399 1056 5463 cognoscant,
1099 5399 1304 5460 quanto
1342 5391 1395 5445 in
1439 5400 1705 5447 aeternum

151 5478 272 5535 mala
296 5482 488 5551 punire
521 5483 898 5552 conspiciunt,
928 5499 1048 5554 qua:
1077 5481 1196 5551 ejus
1222 5482 1494 5551 adiutorio
1532 5485 1707 5541 vitare

149 5580 431 5638 potuerunt.
467 5593 487 5627 ι
521 5573 588 5629 Et
617 5575 671 5630 in
714 5575 937 5631 homilia
965 5574 1243 5647 Evangelii
1287 5575 1461 5645 prima
1492 5593 1506 5630 :
1547 5595 1566 5627 ι
1601 5577 1708 5632 Do-

152 5661 307 5719 minus
347 5674 404 5720 et
445 5664 771 5736 Redemptor
817 5675 1023 5732 noster,
1063 5672 1283 5737 paratos
1325 5680 1426 5721 nos
1463 5666 1706 5724 invenire

153 5751 438 5813 desiderans
452 5796 469 5824 ,
491 5767 860 5813 senescentem
882 5758 1141 5814 mundum
1166 5771 1287 5828 quae
1309 5757 1449 5813 mala
1470 5773 1703 5830 sequan-

155 5846 539 5905 turdenuntiat.
578 5868 596 5902 ι
632 5848 699 5904 Ει
724 5850 850 5905 item
888 5852 943 5905 in
982 5851 1170 5907 eadem
1203 5869 1215 5904 :
1261 5868 1279 5902 ι
1330 5848 1389 5906 ln
1434 5858 1701 5921 potestate

525 5944 799 6005 Panos.
835 5943 1097 6007 CXXV.

1799 584 1912 657 tum
1944 603 2131 658 audire
2174 603 2494 666 noluerunt,
2539 612 2598 657 ut
2630 584 2897 657 virtutem
2916 601 3032 673 ejus
3073 611 3220 657 tanto
3247 611 3376 659 tunc

1798 692 2096 749 districtius
2138 694 2409 761 sentiant,
2452 704 2654 765 quanto
2716 710 2859 749 nunc
2897 694 3165 749 cervicem
3196 694 3379 751 cordis

1798 786 1916 856 ejus
1948 788 2264 857 patientiam
2303 790 2585 845 inclinant.
2622 811 2640 844 ι

1868 880 1937 935 Ει
1961 881 2287 936 venerabilis
2314 882 2597 954 presbyter
2624 884 2765 939 Beda
2798 885 2851 940 in
2884 893 3115 941 tractatu
3144 885 3376 941 Actuum

1798 970 2164 1043 apostolorum
2193 984 2207 1024 :
2243 990 2260 1023 ι
2294 970 2415 1042 lpse
2451 972 2646 1027 Petrus
2674 974 2751 1028 sic
2779 975 3043 1031 intellexit
3063 991 3253 1031 omnes
3281 976 3379 1032 ho—

1796 1062 1972 1118 mines
1998 1062 2279 1133 tequaliter
2323 1063 2390 1117 ad
2433 1062 2634 1119 Christi
2672 1064 3019 1137 Evangelium
3064 1068 3381 1136 provocari,

1797 1152 2110 1225 nullumque
2141 1154 2437 1210 secundum
2488 1165 2737 1211 naturam
2788 1172 2908 1212 esse
2940 1157 3221 1228 pollutum.
3262 1177 3281 1209 ι
3318 1159 3383 1214 Et

1797 1244 1972 1299 item:
2017 1263 2035 1296 ι
2073 1245 2431 1300 lncrassatum
2473 1256 2548 1301 est
2592 1248 2727 1301 enim
2770 1264 2861 1303 cor
2899 1248 3080 1318 populi
3123 1248 3310 1317 hujus,
3336 1259 3383 1302 et

1797 1338 2015 1392 auribus
2044 1339 2273 1408 graviter
2299 1338 2581 1393 audierunt
2607 1339 2745 1412 (ᾼσι.
2789 1356 2962 1395 xxvm
2982 1381 2998 1406 ,
3028 1339 3141 1411 27).
3179 1339 3258 1395 Ne
3286 1356 3385 1410 pu-

1797 1435 1975 1484 temus
2001 1428 2417 1484 crassitudinem
2449 1430 2629 1485 cordis
2652 1470 2666 1496 ,
2694 1439 2747 1484 et
2785 1431 3102 1501 gravitatem
3136 1431 3381 1495 aurium,

1796 1527 2007 1575 natura:
2034 1534 2158 1576 esse
2188 1534 2296 1575 non
2327 1520 2652 1587 voluntatis,
2685 1520 2958 1593 subiungit
2999 1521 3208 1593 culpam
3242 1522 3387 1576 arbi-

1798 1611 1886 1668 trii
1911 1621 1966 1667 et
1993 1613 2156 1670 dicit:
2187 1613 2259 1667 Et
2283 1612 2460 1668 oculos
2497 1631 2619 1669 suos
2659 1625 3109 1687 compresserunt,
3150 1633 3213 1669 ne
3250 1614 3386 1683 forte

1796 1706 2003 1762 videant
2047 1706 2232 1761 oculis.
2278 1707 2333 1760 ld
2386 1714 2505 1774 est,
2549 1707 2648 1777 ipsi
2701 1707 2910 1762 meritis
2956 1705 3385 1777 praecedentibus

1796 1815 1962 1856 causa
2011 1798 2263 1867 fuerunt,
2290 1788 2374 1855 'ut
2418 1799 2559 1855 Deus
2603 1800 2683 1856 eis
2723 1800 2909 1855 oculos
2958 1800 3252 1855 clauderet.
3286 1798 3383 1855 Vel

1800 1893 1869 1947 ad
1915 1893 2195 1963 superiora
2232 1892 2567 1965 jungendum
2612 1903 2725 1959 est,
2783 1893 2998 1949 dicente
3050 1893 3276 1950 Domino
3319 1893 3388 1948 ad

1798 1982 2117 2053 prOphetam
2161 2000 2174 2036 :
2225 1981 2369 2038 Vade
2416 1982 2483 2038 ad
2527 1982 2783 2055 populum
2822 1984 3014 2049 istum,
3061 1992 3117 2039 et
3161 1983 3387 2057 peccata!

1799 2074 1998 2144 quibus
2018 2074 2319 2132 cazcitatem
2344 2084 2660 2131 meruerunt
2685 2076 2790 2133 illis
2811 2076 3116 2149 impropera
3134 2118 3148 2144 ,
3175 2078 3219 2133 si
3244 2076 3388 2135 forte

1798 2162 1885 2219 vel
1932 2163 2012 2221 sic
2055 2165 2245 2220 audire
2290 2173 2344 2220 et
2390 2165 2457 2220 ad
2495 2181 2581 2221 me
2623 2167 2862 2222 converti
2908 2166 3217 2238 dignentur.
3258 2189 3275 2222 ι
3322 2168 3413 2243 Et,

1799 2256 1929 2313 item
1989 2257 2132 2312 idem
2191 2258 2246 2312 in
2307 2258 2647 2327 expositione
2702 2257 2981 2331 Evangelii
3040 2259 3388 2330 evangelista:

1799 2347 1968 2404 Marci
1992 2348 2105 2419 (lib.
2131 2366 2181 2435 ι),
2209 2366 2256 2405 c.
2289 2348 2344 2421 3)
2375 2366 2387 2402 :
2429 2370 2447 2402 ι
2488 2349 2590 2418 Qui
2618 2364 2748 2422 ergo
2773 2350 3058 2407 manifeste
3081 2352 3388 2424 intelligens

1797 2453 1964 2511 opera
1995 2439 2123 2507 Dei,
2155 2457 2277 2497 cum
2307 2442 2374 2498 de
2418 2441 2619 2497 virtute
2648 2458 2845 2514 negare
2889 2459 2999 2499 non
3051 2445 3253 2514 possit,
3290 2460 3386 2500 ea-

1798 2534 1922 2590 dem
1937 2536 2099 2606 202
2114 2536 2418 2594 stimulatus
2430 2537 2631 2593 invidia
2645 2537 3005 2597 calumniatur
3015 2548 3071 2595 et
3082 2539 3358 2597 Christum
3371 2582 3387 2608 ,

1799 2623 2003 2693 Deique
2036 2623 2301 2691 Verbum,
2335 2635 2392 2682 et
2418 2642 2582 2697 opera
2613 2626 2849 2697 Spiritus
2873 2631 3046 2685 sancti
3094 2631 3225 2687 dicit
3268 2647 3392 2689 esse

1797 2713 2134 2783 Beelzebub,
2162 2717 2253 2773 isti
2280 2733 2387 2774 non
2416 2719 2717 2775 dimittetur
2741 2734 2918 2791 neque
2943 2720 2997 2776 in
3034 2722 3138 2780 hoc
3167 2724 3389 2791 saeculo,

1799 2822 1977 2878 neque
2006 2808 2061 2863 in
2090 2805 2293 2864 futuro.
2323 2806 2442 2864 Non
2465 2809 2610 2881 quod
2635 2824 2894 2881 negemus
2925 2819 2981 2867 et
3015 2812 3101 2879 ei,
3127 2813 3174 2869 si
3208 2815 3390 2884 patui-

1799 2897 2029 2953 tentiam
2054 2912 2215 2969 agere
2246 2898 2513 2966 voluerit,
2544 2914 2705 2970 posse
2734 2900 2934 2957 dimitti
2965 2903 3034 2957 ab
3060 2917 3126 2958 eo
3155 2903 3248 2975 qui
3277 2901 3395 2960 vult

1801 3004 1992 3044 omnes
2018 2989 2266 3045 homines
2289 2989 2469 3046 salvos
2492 2990 2613 3047 ﬁeri
2632 3032 2648 3058 ,
2675 3000 2731 3047 et
2755 2991 2809 3047 in
2837 2992 3170 3064 agnitionem
3193 2994 3393 3051 verita-

1803 3079 1873 3137 tis
1898 3080 2084 3137 venire
2114 3099 2128 3136 :
2160 3082 2256 3139 sed
2303 3083 2448 3154 quod
2478 3083 2598 3154 ipsi
2622 3082 2793 3155 judici
2838 3094 2893 3139 et
2929 3083 3175 3155 largitori
3220 3087 3392 3143 veniae

1801 3174 2103 3240 credentes,
2126 3174 2219 3244 qui
2241 3182 2295 3228 et
2314 3174 2765 3246 se‘pmnitentiam
2784 3190 3000 3247 semper
3018 3186 3390 3249 accepturum,

1804 3270 1859 3317 et
1880 3263 2022 3318 hanc
2051 3261 2443 3332 blasphemiam
2490 3280 2765 3336 nunquam
2801 3266 2933 3322 dicit
2965 3280 3087 3323 esse
3108 3268 3391 3325 remitten-

1804 3357 1960 3423 dam,
1989 3357 2275 3414 credamus
2309 3358 2454 3415 hunc
2478 3358 2881 3430 blasphemum,
2909 3361 3250 3432 exigentibus
3278 3377 3394 3419 me-

1805 3451 1946 3518 ritis,
1973 3451 2113 3508 sicut
2143 3467 2419 3523 nunquam
2450 3451 2519 3507 ad
2545 3451 2919 3508 remissionem
2939 3493 2955 3519 ,
2984 3453 3058 3507 ita
3079 3467 3180 3508 nec
3214 3452 3283 3509 ad
3309 3452 3393 3524 ip-

1803 3559 1894 3601 sos
1941 3545 2132 3615 dignos
2179 3545 2513 3617 poenitentia:
2547 3543 2760 3602 fructus
2806 3560 2929 3601 esse
2977 3554 3388 3618 perventurum.

1801 3637 1966 3695 Juxta
1995 3639 2098 3695 hoc
2125 3639 2269 3710 quod
2296 3637 2534 3695 Joannes
2577 3639 2909 3710 evangelista
2956 3641 3023 3696 de
3065 3639 3389 3710 quihusdam

1802 3730 2157 3802 blasphemia:
2191 3747 2302 3788 suae
2344 3733 2541 3789 merito
2565 3732 2856 3789 exotecatis
2881 3733 3232 3789 veracissime
3258 3731 3393 3788 scri-

1802 3825 1958 3895 psit:
1992 3822 2279 3895 Propterea
2322 3840 2429 3880 non
2460 3834 2742 3894 potuerunt
2787 3825 2996 3880 credere
3045 3824 3230 3898 (Joan.
3278 3840 3393 3888 xu,

1803 3912 1902 3981 '59,
1929 3913 2046 3986 40),
2088 3914 2215 3984 quia
2246 3914 2441 3970 iterum
2470 3914 2604 3969 dixit
2635 3914 2805 3971 Isaias
2836 3935 2848 3969 :
2873 3915 3170 3972 Excazcavit
3215 3915 3395 3972 oculos

1803 4024 1984 4063 eorum
2001 4048 2017 4073 ,
2047 4017 2095 4062 et
2123 4004 2387 4062 indurauit
2414 4025 2506 4063 car
2523 4025 2703 4063 eorum
2724 4049 2739 4074 ,
2762 4019 2816 4063 ut
2843 4027 2945 4064 non
2974 4010 3180 4065 videant
3203 4009 3393 4077 acutis,

1804 4109 1851 4155 et
1878 4099 2167 4172 intelligant
2196 4100 2352 4154 corde
2373 4140 2388 4165 ,
2423 4111 2470 4155 et
2501 4112 2874 4156 conuertantur
2909 4112 2958 4156 et
2996 4119 3177 4157 sanem
3220 4118 3330 4157 eos.
3368 4121 3389 4154 ι

1804 4191 1874 4247 Ει
1904 4191 2035 4246 item
2062 4191 2148 4262 (in
2182 4189 2425 4246 Marcum
2451 4192 2542 4247 lib.
2568 4209 2626 4260 ι,
2655 4210 2702 4248 c.
2731 4194 2787 4265 4)
2822 4211 2835 4247 :
2874 4212 2893 4245 t
2932 4193 2996 4248 Hi
3025 4202 3204 4250 autem
3244 4203 3394 4262 sunt,

1805 4283 1900 4353 qui
1929 4283 2074 4338 circa
2120 4282 2263 4339 viam
2296 4282 2388 4339 ubi
2435 4283 2737 4339 seminatur
2763 4285 2989 4340 verbum
3009 4326 3023 4352 ,
3053 4293 3109 4340 et
3151 4301 3273 4340 cum
3304 4300 3398 4340 au-

1806 4374 2008 4433 dierint
2035 4375 2322 4432 confestim
2366 4376 2519 4431 venit
2553 4374 2817 4440 Satanas,
2867 4386 2923 4432 et
2966 4376 3144 4433 aufert
3166 4377 3397 4454 verbum

1808 4468 1954 4540 quod
1980 4469 2306 4525 seminatum
2333 4476 2418 4526 est
2446 4469 2501 4524 in
2544 4471 2709 4526 corda
2739 4485 2927 4527 eorum
2951 4513 2964 4537 ,
2994 4481 3050 4527 et
3083 4480 3303 4528 caetera.
3334 4471 3398 4530 ln

1807 4559 1909 4615 hac
1949 4559 2549 4635 Dominioppositione
2598 4562 2776 4618 omnis
2822 4578 3011 4619 eorum
3059 4563 3150 4633 qui
3203 4563 3399 4619 audire

1806 4652 2023 4725 quidem
2070 4653 2236 4709 verba
2294 4654 2488 4710 salutis
2532 4664 2855 4725 potuerunt,
2902 4655 3000 4711 sed
3042 4655 3116 4711 ad
3163 4655 3399 4713 salutem

1805 4749 2091 4819 pervenire
2115 4759 2426 4820 nequeunt,
2449 4750 2704 4805 distantia
2727 4749 3228 4821 comprehenditur.
3256 4748 3400 4805 Sunt

1808 4855 2077 4912 namque,
2123 4840 2215 4911 qui
2267 4842 2492 4895 verbum
2542 4841 2687 4910 quod
2752 4841 3013 4905 audiunt,
3062 4838 3208 4895 nulla
3255 4838 3395 4905 ﬁde,

1809 4929 1955 4984 nullo
2000 4928 2508 5001 intellectudmlla
2564 4930 2757 4985 saltem
2809 4930 3081 4985 tentanda:
3144 4927 3398 4984 utilitatis

1808 5020 2096 5076 occasione
2130 5020 2412 5091 percipere
2454 5020 2746 5093 dignantur
2778 5038 2793 5075 :
2823 5036 3054 5092 quorum
3098 5017 3399 5090 indiscipli-

1810 5114 1952 5169 natis
1982 5128 2046 5168 ac
2073 5114 2223 5168 duris
2245 5114 2500 5169 cordibus
2520 5115 2834 5169 mandatum
2853 5113 3081 5170 verbum
3107 5110 3397 5168 confestim

1811 5207 2077 5264 immundi
2104 5207 2349 5279 spiritus,
2365 5207 2522 5279 quasi
2542 5208 2640 5263 via:
2661 5207 2803 5263 tritae
2814 5206 3062 5264 volucres
3086 5220 3270 5262 semen
3287 5205 3398 5261 eri-

1807 5299 1982 5371 piunt.
2020 5318 2039 5351 ι
2072 5297 2141 5353 Ει
2162 5298 2292 5354 item
2324 5314 2340 5353 :
2374 5316 2393 5350 ι
2437 5297 2508 5353 Et
2530 5315 2634 5353 non
2654 5306 2856 5370 poterat
2874 5297 2950 5353 ibi
2971 5298 3211 5353 virtutem
3230 5295 3395 5351 ullam

1809 5391 2005 5461 facere,
2030 5390 2132 5444 nisi
2152 5406 2349 5460 paucos
2372 5390 2608 5460 inﬁmos
2627 5388 2884 5459 impositis
2905 5386 3149 5442 manibus
3170 5386 3395 5444 curavit.

1809 5481 1881 5536 Et
1900 5483 2196 5537 mirabatur
2215 5491 2426 5554 propter
2443 5480 2863 5535 incredulitatem
2884 5478 3121 5535 illorum.
3146 5478 3264 5535 Non
3286 5494 3397 5552 quo

1808 5579 1973 5635 etiam
2019 5577 2125 5632 illis
2169 5575 2462 5632 incredulis
2506 5589 2612 5630 non
2643 5573 2885 5645 potuerit
2910 5573 3142 5630 virtutes
3188 5573 3394 5630 multas

1812 5668 2023 5734 facere,
2068 5666 2162 5722 sed
2190 5680 2299 5736 quo
2322 5680 2389 5719 ne
2416 5665 2613 5720 multas
2663 5663 2871 5720 faciens
2911 5664 3059 5721 cives
3088 5664 3398 5722 incredulos

1809 5762 2215 5815 condemnaret.
2247 5775 2266 5809 ι
2294 5756 2363 5811 Et
2383 5760 2513 5811 item
2547 5756 2726 5828 (ibid.,
2753 5755 2904 5824 liba,
2929 5774 3047 5828 cap.
3083 5757 3206 5828 10):
3245 5776 3263 5807 ι
3297 5754 3396 5810 Se-

1809 5850 1931 5904 dere
1951 5857 2126 5903 autem
2152 5846 2221 5901 ad
2243 5847 2513 5928 dexteram
2545 5862 2735 5915 meam,
2769 5846 2849 5902 rei
2873 5847 2943 5902 ad
2964 5847 3233 5902 sinistram
3251 5885 3265 5910 ,
3292 5859 3395 5898 non

2922 5931 2962 5995 ti
