3930 5396
562 384 675 450 267

1544 384 1877 461 HINCMABI
1913 384 2311 442 RHEMENSIS
2347 382 2870 446 ABCHIEPISCOPI

3736 397 3825 453 268

570 522 651 571 est
670 526 844 569 meum
879 512 1008 569 dare
1031 507 1206 575 vobis,
1235 506 1326 562 sed
1349 507 1536 580 quibus
1572 515 1817 578 paratum
1840 513 1916 560 est
1951 502 2146 577 (Marc.
2185 502 2231 565 Α
2258 498 2446 559 Solum
2494 512 2575 560 est
2621 505 2764 559 enim
2788 545 2803 571 ,
2854 512 2915 560 ut
2960 503 3015 560 in
3051 506 3154 562 hac
3186 506 3299 564 vita
3348 516 3637 579 peccatum
3684 526 3830 571 omne

568 620 635 670 ι,
664 602 778 675 40).
809 601 900 657 Sic
924 600 1327 672 intelligendum
1351 608 1433 655 est
1453 640 1469 666 ,
1496 615 1723 672 regnum
1751 598 2013 655 caelorum
2041 612 2152 654 non

567 707 652 755 est
682 694 881 759 dantis,
906 693 999 751 sed
1022 692 1357 763 accipientis.
1382 690 1498 747 Non
1518 700 1600 746 est
1622 692 1766 747 enim
1792 705 2149 761 personarum

564 785 807 858 acceptio
832 784 973 855 apud
1004 783 1174 839 Deum
1210 801 1224 837 :
1266 783 1361 839 sed
1385 782 1692 853 quicunque
1728 780 1891 837 talem
1926 794 1985 836 se
2012 795 2153 851 prae-

560 878 773 943 buerit,
824 886 884 932 ut
928 890 1096 947 regno
1142 874 1403 931 caelorum
1434 873 1630 946 dignus
1658 874 1759 940 sit,
1795 873 1881 929 hic
1926 872 2154 944 accipiet

562 971 704 1040 quo'd
737 985 844 1024 non
876 980 1143 1045 personm,
1185 967 1281 1023 sed
1309 967 1434 1021 vitae
1460 976 1709 1037 paratum
1738 973 1841 1021 est.
1884 963 1942 1020 Si
1968 965 2153 1036 itaque

560 1052 694 1117 tales
716 1062 851 1116 estis
877 1062 969 1133 qui
992 1059 1407 1131 consequamini
1430 1075 1658 1129 regnum
1681 1059 1945 1115 caelorum
1964 1099 1977 1125 ,
2005 1057 2151 1129 quod

557 1154 720 1209 Pater
743 1168 897 1209 meus
922 1150 1380 1223 triumphantibus
1401 1161 1455 1206 et
1476 1152 1776 1207 victoribus
1799 1151 2147 1222 praeparavit,

555 1261 655 1302 vos
706 1259 923 1316 quoque
972 1245 1256 1315 accipietis
1286 1244 1439 1300 illud.
1477 1266 1496 1298 ιι
1529 1244 1596 1299 Ει
1624 1244 1751 1299 item
1785 1261 1798 1298 :
1834 1264 1852 1296 ‹
1892 1243 1960 1299 Et
1993 1252 2046 1300 tu
2093 1245 2143 1301 si

558 1354 663 1390 non
695 1337 779 1392 vis
809 1336 993 1392 audire
1024 1337 1076 1389 in
1098 1335 1303 1408 judicio
1334 1353 1362 1389 a
1408 1334 1627 1391 Christo
1657 1354 1669 1389 :
1707 1335 1932 1391 Discede
1963 1352 1992 1391 a
2025 1348 2142 1403 me,

556 1429 876 1496 malediete,
912 1429 965 1483 in
998 1428 1173 1501 ignem
1200 1438 1494 1495 internum,
1529 1429 1656 1499 quia
1686 1429 1890 1483 esurivi
1934 1436 1990 1484 et
2032 1444 2144 1483 non

556 1518 751 1581 dedisti
781 1522 909 1577 mihi
946 1522 1303 1586 manducare,
1336 1522 1502 1576 arbor
1531 1536 1651 1578 esse
1677 1521 1883 1601 sterilis
1934 1521 1987 1575 in
2043 1521 2148 1576 hac

550 1618 663 1672 vita
692 1626 882 1673 caveto
907 1629 921 1669 :
946 1614 1075 1685 quin
1102 1616 1281 1687 potius
1305 1614 1529 1691 pauperi
1557 1613 1774 1675 Christo
1796 1621 1850 1669 et
1872 1613 2140 1677 esurienti

551 1706 789 1763 fructum
804 1706 1019 1778 pietatis
1038 1722 1145 1776 quo
1167 1705 1369 1777 indiget
1406 1703 1558 1761 oll‘er.
1586 1725 1604 1758 ι
1636 1705 1705 1760 Et
1726 1705 1853 1760 item
1897 1722 1911 1760 :
1949 1723 1968 1756 ‹
1993 1704 2142 1760 Scri-

553 1786 700 1872 ptum
734 1809 808 1854 est
838 1800 961 1872 quia
983 1799 1168 1853 domus
1204 1815 1321 1853 mea
1363 1798 1549 1853 domus
1592 1800 1847 1853 orationis
1874 1799 2144 1852 vocabitur

2254 593 2545 661 fateamur,
2578 596 2669 651 ubi
2708 605 2765 650 et
2804 596 3039 650 humana
3075 594 3367 668 fragilitate
3399 592 3783 672 delinquimus.
3808 624 3825 656 ι

2258 687 2325 742 Εῑ
2349 686 2402 741 in
2429 687 2639 758 psalmo
2659 703 2826 742 LXVIII
2854 706 2870 742 :
2902 707 2921 740 ‹
2951 687 3208 744 Additum
3232 691 3396 746 estin
3426 694 3829 764 retributionem,

2256 782 2387 850 quia
2416 780 2693 835 subtracta
2723 780 2813 835 illa
2846 792 3033 836 mensa
3086 789 3140 836 et
3188 783 3441 853 gentibus
3473 785 3697 850 tradita,
3726 803 3830 842 ma-

2255 872 2431 928 lorum
2460 874 2745 931 retributio
2790 872 2908 929 fuit.
2950 874 3161 945 Quippe
3194 877 3417 947 quando
3445 877 3505 931 in
3534 888 3615 933 ea-
3636 883 3833 951 epulari

2255 966 2503 1024 nolentes
2550 968 2617 1023 ab
2661 982 2724 1024 ea
2772 970 2968 1024 merito
3013 970 3267 1025 videntur
3313 971 3548 1027 excludi.
3591 994 3621 1026 ιη
3676 974 3744 1030 Et
3788 977 3833 1031 io

2254 1056 2467 1128 psalmo
2491 1074 2661 1114 Lmu
2692 1076 2705 1112 :
2742 1080 2761 1111 (
2795 1059 2852 1114 1η
2892 1062 3159 1131 praesenti
3176 1062 3389 1132 psalmo
3439 1064 3683 1121 civitatis
3719 1066 3833 1123 sub.

2253 1148 2436 1225 versiQ
2468 1149 2801 1220 deploratur,
2842 1158 2901 1207 ut
2926 1151 3251 1208 durissimus
3274 1156 3491 1211 animus
3505 1156 3835 1223 Iudaeorum,

2252 1241 2338 1297 v'el
2387 1239 2556 1313 ipsius
2611 1242 2847 1298 civitatis
2904 1259 3017 1300 suae
3069 1244 3470 1304 calamitatibus
3520 1259 3831 1306 terreretur.

2252 1329 2447 1386 Totum
2500 1331 2632 1387 fecit
2661 1334 2903 1391 medicus
2942 1336 3137 1400 bonus,
3181 1338 3225 1392 si
3254 1338 3550 1395 sanitatem
3600 1342 3843 1412 recipere

2252 1425 2513 1481 voluisset
2536 1436 2794 1498 :egrotus.
2830 1447 2848 1482 ο
2874 1429 2939 1483 Et
2962 1429 3016 1484 in
3041 1431 3251 1502 psalmo
3271 1448 3444 1488 Lxxv:
3478 1454 3498 1485 ί
3530 1435 3834 1491 Amisernnt

2250 1522 2379 1588 ergo
2401 1525 2456 1573 et
2485 1518 2651 1585 istud,
2680 1520 2771 1590 qui
2804 1509 3072 1592 maiestati
3103 1521 3221 1591 ejus
3250 1539 3595 1595 nequaquam
3620 1527 3835 1582 credere

2248 1610 2556 1666 voluerunt.
2589 1630 2607 1663 ι
2653 1605 2721 1667 Et
2759 1611 2812 1667 in
2862 1614 3067 1683 psalmo
3120 1629 3332 1670 Lxxxi:
3394 1634 3412 1667 ι
3452 1617 3520 1672 Et
3564 1618 3833 1675 benedixit

2248 1699 2389 1756 sicut
2415 1715 2564 1767 oves,
2595 1717 2699 1756 non
2730 1710 2909 1758 tamen
2944 1719 3090 1767 oves,
3116 1705 3245 1775 quia
3272 1720 3379 1761 non
3406 1707 3686 1764 credendo
3711 1708 3832 1765 iacti

2250 1800 2380 1865 sunt
2406 1790 2576 1871 inedi:
2601 1812 2619 1845 ι
2660 1791 2726 1848 Et
2753 1794 2806 1848 in
2830 1794 3039 1865 psalmo
3063 1810 3287 1851 Lxxvu:
3322 1815 3343 1848 ι
3369 1796 3557 1854 Genus
3586 1813 3831 1869 pravum,

554 1869 757 1948 cunctis
784 1869 1019 1963 gentibus
1059 1890 1255 1964 (Marc.
1287 1907 1358 1959 ll,
1394 1891 1482 1965 i7)
1514 1911 1526 1946 :
1566 1913 1585 1945 ι
1622 1891 1916 1957 Omnibus,
1945 1892 2137 1962 inquit,
2174 1869 2227 1930 Β
2254 1885 2382 1954 (illia
2434 1869 2722 1941 Veritatem
2767 1887 3013 1958 recipere
3062 1888 3368 1946 noluerunt.
3409 1911 3427 1944 ι
3482 1892 3553 1948 Et
3616 1894 3749 1950 item
3788 1897 3833 1951 in

551 1986 822 2056 gentibus,
853 2001 959 2039 non
998 1985 1087 2039 uni
1114 1986 1257 2056 genti
1288 1983 1504 2048 Judtete,
1547 2001 1648 2041 nec
1694 1987 1746 2049 in
1788 2001 1894 2041 uno
1924 1985 2141 2043 Jeroso-

551 2074 714 2153 lymte
739 2077 886 2132 urbis
909 2076 1054 2139 loco,
1095 2077 1187 2131 sed
1212 2077 1264 2133 in
1296 2085 1408 2133 toto
1434 2077 1565 2133 orbe
1590 2087 1876 2139 terrarum.
1928 2079 2059 2135 item
2084 2081 2138 2135 in

557 2166 879 2225 Commento
911 2168 1186 2239 Evangelii
1216 2168 1376 2224 Lucae
1409 2189 1421 2224 :
1462 2188 1480 2221 ι
1514 2168 1649 2224 Nam
1677 2167 1816 2225 sicut
1845 2173 1898 2225 in
1940 2172 2141 2243 quibus

548 2252 781 2336 venandi
814 2273 903 2312 ars
934 2265 1045 2322 est,
1081 2258 1168 2313 ubi
1216 2259 1387 2326 feras,
1417 2256 1594 2331 pisces
1614 2301 1628 2327 ,
1660 2269 1715 2315 et
1743 2246 1988 2319 volucres
2016 2261 2141 2331 plus

554 2348 832 2405 abundare
861 2348 1182 2417 didicerint,
1218 2350 1293 2406 ibi
1321 2351 1676 2407 suamaxime
1706 2352 1842 2406 retia
1872 2351 2134 2427 tendunt;

2210 1974 2213 1979 ’
2248 1975 2439 2031 eodem
2469 1993 2484 2030 :
2525 1994 2543 2027 ι
2581 1977 2834 2033 Malitiam
2864 1980 3099 2036 hominis
3126 1980 3179 2034 iu
3207 1996 3307 2036 sua
3342 1982 3746 2055 indignatione,
3787 1998 3835 2043 et

2246 2071 2349 2134 ira,
2378 2080 2433 2126 ct
2469 2072 2815 2129 tribulatione
2843 2074 3152 2146 dereliquit,
3187 2086 3248 2132 ut
3283 2080 3523 2149 propriis
3563 2083 3832 2150 perversi-

2246 2162 2448 2218 tatibus
2488 2164 2814 2236 aﬂligantur,
2860 2167 2951 2237 qui
2984 2168 3184 2224 divinis
3225 2167 3568 2239 jussionibus
3616 2172 3835 2229 obedire

2244 2268 2619 2315 contemnunt.
2657 2282 2676 2313 ι
2713 2260 2779 2316 Et
2809 2262 2863 2317 in
2890 2263 3097 2334 psalmo
3126 2276 3294 2320 xctv:
3334 2284 3355 2317 ι
3390 2262 3525 2320 Nam
3553 2282 3679 2322 cum
3702 2284 3832 2338 qua-

2243 2349 2493 2423 draginta
2541 2352 2730 2408 diebus
2780 2353 2851 2410 ad
2895 2355 3184 2428 mysticum
3237 2366 3525 2411 numerum
3575 2354 3833 2414 Dominus

544 2430 619 2498 ita
652 2452 704 2499 et
755 2443 1016 2499 Dominus
1044 2460 1259 2516 semper
1299 2444 1481 2499 docuit
1523 2444 1577 2498 in
1632 2442 1959 2518 Synagoga,
1990 2454 2042 2501 et
2078 2447 2134 2501 in
2234 2440 2583 2513 jejunaverit,
2631 2460 2753 2500 cum
2782 2446 2919 2501 alios
2962 2446 3318 2520 quadraginta
3364 2448 3482 2502 dies
3534 2460 3657 2503 cum
3706 2464 3831 2519 apo-

542 2534 780 2605 templo,
831 2549 939 2603 quo
997 2549 1187 2590 omnes
1235 2533 1406 2593 Judaei
1456 2536 1893 2605 conveniebant,
1948 2530 2163 2592 volens

547 2630 739 2682 omnes
795 2626 974 2683 salvos
1035 2626 1184 2695 ﬁeri,
1253 2637 1308 2687 et
1365 2629 1432 2684 ad
1499 2630 1825 2702 agnitionem
1887 2631 2141 2689 veritatis

540 2720 701 2797 203
742 2721 946 2777 venire.
990 2740 1013 2777 ι
1043 2720 1125 2775 Ει’
1151 2722 1279 2778 item
1306 2740 1320 2777 :
1359 2743 1377 2775 ι
1414 2721 1629 2779 Tulistis
1657 2723 1853 2779 clavem
1875 2727 2133 2787 scientiae.

538 2812 655 2867 Hoc
675 2823 778 2879 est,
812 2812 1170 2870 humilitatem
1194 2811 1317 2869 ﬁdei
1346 2813 1572 2881 Christi,
1602 2830 1706 2888 qua
1737 2817 1805 2872 ad
1831 2818 2133 2874 divinitatis

539 2904 655 2974 ejus
676 2906 1010 2977 agnitionem
1034 2907 1320 2976 pervenire
1346 2908 1629 2977 poteratis,
1655 2918 1971 2981 spernentes
1997 2909 2134 2979 abji-

540 3011 665 3051 cere
685 2997 966 3052 utaluistis.
1002 3018 1020 3050 ι
1047 2997 1552 3068 Etitem(ibid.,lib.
1574 3016 1628 3054 tv
1651 3018 1766 3072 cap.
1796 3001 1881 3073 ii)
1906 3020 1919 3056 :
1949 3021 1968 3053 ι
1997 3000 2132 3056 Nam

540 3089 584 3142 si
608 3091 810 3159 petenti
836 3090 1019 3156 datur,
1050 3100 1103 3145 et
1132 3106 1381 3161 quaerens
1410 3091 1633 3157 invenit,
1660 3100 1717 3147 et
1739 3093 1973 3163 pulsanti
2000 3108 2131 3164 ape-

542 3182 732 3250 rietur,
755 3198 886 3255 ergo
909 3184 995 3238 cui
1028 3199 1132 3237 non
1161 3172 1422 3249 datur,_et
1444 3185 1536 3259 qui
1570 3199 1678 3253 non
1709 3184 1935 3265 invenit,
1959 3195 2014 3242 et
2042 3185 2127 3263 cui

542 3266 650 3329 non
673 3275 935 3347 aperitur,
956 3283 1179 3347 apparet
1217 3274 1497 3346 quodnon
1544 3275 1684 3331 bene
1711 3276 1963 3349 petierit,
1979 3294 2125 3353 qua:-

538 3365 712 3441 sierit,
756 3364 1073 3438 pulsaverit.
1112 3385 1131 3419 ι
1184 3364 1250 3419 Ει
1279 3365 1406 3421 item
1435 3384 1449 3420 :
1502 3385 1521 3418 ι
1552 3362 1752 3422 Verum
1778 3366 1867 3422 ille
1894 3368 1984 3439 qui
2014 3358 2129 3426 vult

538 3473 728 3531 omnes
757 3458 1002 3514 homines
1029 3455 1211 3513 salvos
1238 3456 1377 3525 ﬁeri,
1420 3465 1476 3515 et
1521 3456 1591 3511 ad
1629 3456 1957 3529 agnitionem
1984 3458 2128 3514 veri-

538 3554 667 3611 tatis
697 3553 905 3619 venire,
953 3567 1096 3607 nunc
1124 3550 1191 3606 ad
1221 3565 1335 3617 eos,
1383 3565 1527 3617 nunc
1570 3550 1651 3607 eis
1686 3541 2026 3607 audientibus
2058 3538 2141 3606 ad

538 3643 832 3714 discipulos
873 3659 1000 3699 suos
1046 3644 1213 3700 verba
1260 3640 1530 3708 faciendo,
1586 3652 1859 3697 consueta:
1909 3634 2143 3712 pietatis,

537 3736 677 3811 dona
732 3737 997 3808 benignus
1052 3735 1362 3808 impendere
1414 3752 1522 3791 non
1562 3744 1756 3791 cessat.
1796 3755 1814 3788 ι
1883 3733 1951 3789 Et
1996 3736 2143 3799 item

542 3828 656 3899 (lib.
690 3843 747 3896 v,
778 3846 825 3882 c.
862 3828 949 3900 i9)
972 3846 985 3883 :
1014 3847 1035 3879 ι
1070 3827 1222 3883 Venit
1250 3827 1387 3883 enim
1410 3827 1557 3898 [Ilius
1579 3826 1804 3883 hominis
1826 3844 2059 3899 quwrere
2076 3835 2125 3881 et

2148 3232 2219 3313 (ἱ

2242 2535 2395 2594 stolis
2423 2546 2543 2608 post
2568 2539 3023 2593 resurrectionem
3068 2537 3261 2593 iecerit
3304 2547 3365 2593 ut
3410 2546 3555 2594 totus
3601 2542 3830 2597 mundus

2239 2628 2511 2694 crederet,
2550 2625 2718 2683 Judaei
2749 2628 3003 2683 obstinati
3037 2629 3238 2699 reperti
3262 2637 3415 2685 sunt.
3460 2629 3564 2698 Qui
3595 2632 3831 2701 quadra-

2240 2717 2391 2789 ginta
2424 2732 2690 2773 annorum
2733 2716 2898 2791 20‘
2937 2718 3214 2774 beneliCiis
3266 2720 3615 2790 acquiescere
3644 2721 3827 2779 nolue-

2238 2817 2384 2864 runt.
2414 2807 2620 2876 Quibus
2642 2809 2765 2864 ideo
2792 2817 3020 2879 paratur
3049 2809 3225 2880 major
3250 2810 3430 2876 ruina,
3478 2812 3609 2882 quia
3650 2814 3702 2868 in
3750 2815 3828 2871 eis

2237 2899 2549 2969 grandescit
2575 2899 2827 2955 diuturna
2865 2901 3137 2971 superbia.
3175 2899 3289 2956 »Εἰ
3319 2901 3455 2956 item
3477 2917 3496 2956 :
3533 2920 3557 2954 ε
3586 2902 3827 2978 Qniergo

2238 2978 2518 3064 ingressus
2546 3000 2630 3048 est
2676 2993 2729 3047 in
2768 2994 3012 3064 requiem
3041 2991 3179 3062 ejus,
3207 2994 3373 3049 etiam
3404 2994 3525 3065 ipse
3565 2998 3826 3067 requievit

2237 3086 2308 3144 ab
2329 3089 2582 3160 operibus
2610 3090 2742 3156 suis,
2788 3091 2929 3146 sicut
2956 3104 2988 3144 a
3033 3091 3146 3146 suis
3188 3090 3349 3147 Dens.
3380 3088 3664 3164 Signiﬁcat
3687 3097 3825 3151 enim

2236 3181 2589 3239 beatitudinis
2617 3182 2759 3240 illius
2790 3191 3026 3256 tempus,
3063 3187 3277 3257 quando
3300 3186 3431 3257 justi
3455 3197 3583 3257 post
3603 3202 3821 3260 agonem

2237 3275 2421 3331 saeculi
2449 3276 2605 3331 istius
2627 3284 2829 3335 :eterua
2854 3277 3042 3346 requie
3064 3278 3449 3348 perfruuntur:
3473 3283 3617 3350 quod
3648 3281 3821 3353 impiis

2237 3365 2425 3437 utique
2442 3382 2549 3421 non
2578 3367 2813 3433 dabitur,
2843 3366 2933 3437 qui
2963 3382 3057 3422 sua
3094 3368 3414 3439 indignitate
3444 3370 3763 3428 duruerant.
3796 3392 3814 3427 ι

2235 3452 2304 3513 Et
2328 3459 2382 3512 in
2420 3458 2630 3529 psalmo
2678 3474 2820 3514 xcv:
2882 3477 2915 3535 ς
2958 3457 3063 3516 Hie
3102 3475 3231 3517 vero
3260 3463 3464 3518 dictum
3513 3470 3601 3520 est
3646 3467 3820 3537 patric:

2233 3550 2487 3625 gentium,
2540 3558 2599 3607 ut
2641 3550 2819 3606 nullus
2850 3553 3121 3622 indigena,
3153 3554 3333 3611 nullus
3382 3554 3605 3627 hospes,
3654 3558 3818 3614 nullus

2232 3642 2552 3714 peregrinus
2605 3643 2925 3700 redderetur
2974 3657 3256 3718 exceptus.
3297 3667 3318 3702 ι
3382 3647 3453 3704 Et
3510 3650 3569 3706 in'
3624 3652 3816 3722 psalmo

2231 3730 2363 3801 exui
2395 3755 2409 3792 :
2445 3756 2463 3790 σ
2510 3734 2723 3793 Nullum
2773 3754 2944 3810 genus
2987 3741 3269 3797 hominum
3319 3730 3370 3798 ei
3418 3743 3655 3801 credens
3700 3760 3814 3818 pro-

2231 3822 2395 3893 batur
2422 3839 2725 3900 exceptum,
2755 3832 2900 3901 quod
2927 3832 3000 3887 sit
3043 3833 3111 3888 ab
3154 3832 3271 3903 ejus
3324 3835 3647 3892 muneribus
3699 3835 3814 3892 alie-

535 3920 892 3992 salvarequod
906 3923 1151 3988 perierat.
1182 3940 1200 3973 i
1227 3919 1342 3977 Hoc
1365 3919 1606 3991 estquod
1620 3920 1747 3975 alibi
1763 3919 1922 3976 dicit:
1955 3937 1973 3971 ι
2001 3916 2145 3983 Nam
2230 3937 2381 3983 num.
2408 3941 2426 3974 ι
2470 3921 2537 3977 Ει
2565 3925 2618 3979 in
2648 3923 2967 3980 Commento
2998 3924 3250 3997 Epistula:
3278 3926 3347 3983 ad
3369 3927 3652 3986 Romanos
3672 3930 3810 4001 plura

534 4015 654 4068 veni
681 4031 865 4069 vocare
878 4013 1078 4085 justas,
1107 4013 1198 4067 sed
1225 4023 1546 4084 peccatores.
1590 4010 1719 4067 Pius
1774 4026 1905 4071 sane
1948 4009 2125 4081 magi-

537 4115 670 4174 ster,
699 4107 792 4178 qui
846 4107 1306 4162 murmurantibns
1353 4104 1525 4160 turbis
1566 4119 1665 4159 sua
1715 4104 1974 4177 mysteria
2017 4117 2144 4158 non

535 4199 858 4271 dedignatur
872 4215 1165 4270 exponere,
1183 4200 1318 4255 adeo
1339 4199 1546 4254 scilicet
1569 4205 1917 4269 peccatorum
1945 4197 2124 4269 pteni-

536 4292 758 4346 tentiam
783 4308 892 4347 non
928 4307 1050 4348 esse
1080 4290 1458 4362 respuendam,
1490 4298 1553 4344 ut
1590 4288 1707 4361 ipse
1733 4287 1827 4344 Dei
1854 4286 2025 4347 Filius
2055 4288 2125 4344 ob

536 4384 679 4440 hanc
707 4385 943 4439 maxime
989 4384 1338 4454 quaerendam
1387 4383 1465 4439 sit
1501 4383 1803 4438 destinatus
1829 4378 1897 4437 ad
1929 4392 2124 4443 terras.

534 4473 637 4549 Qui
667 4485 724 4529 ut
760 4456 979 4545 pietatis
1013 4489 1125 4530 suae
1168 4474 1328 4529 nobis
1371 4474 1830 4545 dispensationem
1866 4474 2123 4542 inculcet,

2229 4013 2317 4071 liis
2331 4015 2672 4077 concinentia
2695 4019 2846 4084 dicit,
2866 4012 3182 4090 qumstudio
3204 4019 3490 4077 brevitatis
3502 4024 3808 4078 omittimus.

2791 4109 3022 4168 CAPUT
3072 4111 3259 4169 XXVI.

2230 4192 2615 4272 Recapitulatio
2639 4202 2857 4274 reddita:
2884 4204 3102 4259 rationis
3128 4214 3243 4274 post
3273 4216 3587 4267 sanctorum
3619 4208 3811 4264 nomine

2550 4321 2556 4330 .
2612 4273 2887 4344 designata
2911 4276 2976 4330 de
2995 4273 3229 4347 capitulo
3263 4278 3437 4332 tertio.

2298 4385 2439 4444 Ecce
2467 4387 2595 4459 quid
2638 4406 2706 4446 ex
2759 4391 2862 4448 hoc
2905 4393 3141 4465 capitulo
3182 4407 3478 4453 senserunt
3510 4397 3697 4454 divino
3733 4412 3809 4453 re-

2228 4470 2357 4549 pleti
2384 4478 2589 4551 Spiritu
2617 4482 2807 4540 sancti.
2838 4484 2932 4539 Dei
2974 4486 3239 4542 homines.
3270 4486 3545 4543 Caeterum
3593 4488 3809 4562 capitula

537 4565 835 4635 saepissime
887 4580 946 4621 se
988 4565 1157 4618 ﬁlium
1184 4564 1418 4620 hominis
1455 4564 1708 4638 appellat,
1736 4562 2261 4670 commendansha'
2288 4570 2443 4631 nobis
2472 4587 2536 4625 ex
2570 4580 2883 4629 sanctorum
2909 4574 3129 4635 Patrum
3156 4588 3437 4650 excerpta,
3475 4596 3599 4652 quae
3640 4597 3811 4653 repre-

536 4655 765 4712 sollicite
794 4655 959 4713 nobis.
981 4657 1126 4725 quod
1150 4655 1433 4723 factusest
1473 4658 1704 4731 benigne
1746 4673 1846 4729 pro
1882 4659 2061 4717 nobis.
2096 4680 2116 4714 ι

536 4744 604 4809 Et
650 4746 826 4803 item:
885 4765 904 4800 ι
955 4746 1294 4820 lmpietatem
1343 4748 1696 4817 Judaeorum,
1752 4752 1837 4807 vel
1877 4752 2120 4814 omnium

536 4837 891 4909 reproborum
919 4839 985 4903 ad
1026 4839 1303 4919 Christum
1326 4844 1573 4899 converti
1606 4840 1922 4914 nolentium,
1953 4846 2121 4919 signi-

535 4926 663 4985 ﬁcat
690 4929 744 4984 in
777 4928 863 4986 die
889 4931 1080 5004 judicii
1111 4934 1460 5004 puniendam.
1503 4953 1522 4987 ι
1573 4935 1642 4990 Ει
1698 4935 1862 4993 item:
1921 4955 1941 4991 ι
1980 4937 2117 5005 Quia

535 5022 865 5079 visitationis
904 5041 1015 5080 sum
1064 5034 1279 5095 tempus
1321 5026 1545 5082 minime
1568 5021 1882 5101 'cognovit,
1930 5028 2036 5085 illis
2066 5030 2121 5084 in

533 5121 780 5169 extremo
805 5114 930 5183 vita:
959 5115 1192 5183 inimicis
1215 5117 1469 5184 traditur,
1485 5134 1606 5174 cum
1622 5118 1819 5190 quibus
1844 5119 1898 5173 in
1918 5129 2122 5176 aeterno

536 5203 549 5215 .
613 5206 643 5216 -.
685 5206 696 5216 -
784 5206 797 5216 -
1089 5210 1099 5220 ·
1243 5226 1296 5236 λ-η
1345 5211 1604 5256 mnia-qus.
1649 5212 1949 5268 colligatur.
1995 5213 2126 5268 rEt

2230 4665 2442 4730 hendit,
2459 4666 2688 4725 domnus
2700 4666 3032 4725 Prudentius
3064 4672 3391 4729 venerabilis
3413 4675 3705 4747 episcopus
3727 4689 3811 4731 no-

2227 4755 2440 4815 biscum
2469 4758 2748 4814 constituit
2772 4770 2934 4833 atque
2965 4762 3220 4821 ﬁrmavit.
3249 4764 3381 4835 Quae
3408 4778 3600 4837 postea
3640 4770 3694 4823 in
3722 4768 3810 4824 hac

2228 4848 2476 4917 epistola,
2505 4851 2572 4906 de
2599 4867 2704 4921 qua
2731 4852 3024 4924 loquimur,
3075 4856 3148 4912 ita
3177 4854 3423 4914 confudit
3471 4870 3639 4932 atque
3684 4876 3809 4934 prai-

2227 4941 2542 5013 posteravit,
2585 4952 2646 4998 ut
2686 4945 2864 5003 verbis
2898 4938 3057 5014 aliis,
3110 4958 3166 5006 et
3212 4965 3373 5006 sensu
3421 4955 3717 5018 contrario,
3762 4959 3811 5007 et

2226 5032 2416 5089 ordine
2447 5034 2754 5103 immutato,
2789 5036 2876 5091 illa
2904 5047 3167 5108 quantum
3209 5056 3275 5094 ex
3318 5041 3434 5112 ipso
3482 5042 3584 5098 fuit
3612 5044 3810 5115 disper-

2227 5115 2397 5181 deret.
2428 5123 2536 5179 Nec
2564 5126 2683 5195 plus
2722 5128 2935 5189 invenit,
2960 5146 3068 5201 quo
3115 5131 3202 5186 illa
3233 5132 3607 5206 discerperet:
3657 5135 3808 5191 verba

2223 5218 2472 5268 mutavit.
2506 5233 2725 5268 sensum
2775 5214 3107 5278 contrarium
3149 5223 3343 5280 intulit.
3397 5226 3642 5281 ordinem
3682 5226 3806 5278 adeo
