  <div class='ocr_page' id='page_1' title='image "/cluster/home/n/w/nwhite01/storage/ocr_20150623/125/hvd.32044015471667/141.png"; bbox 0 0 3992 6336; ppageno 0'>
   <div class='ocr_carea' id='block_1_1' title="bbox 624 283 3844 364">
    <p class='ocr_par' dir='ltr' id='par_1_1' title="bbox 624 283 3844 364">
     <span class='ocr_line' id='line_1_1' title="bbox 624 283 3844 364; baseline -0.003 -14"><span class='ocrx_word' id='word_1_1' title='bbox 624 296 726 350; x_wconf 76' lang='grc' dir='ltr'><strong>2Ἰ1</strong></span> <span class='ocrx_word' id='word_1_2' title='bbox 1623 285 1953 345; x_wconf 80' lang='lat' dir='ltr'><strong>HINCMARI</strong></span> <span class='ocrx_word' id='word_1_3' title='bbox 1990 283 2383 340; x_wconf 75' lang='lat' dir='ltr'><strong>RHEMENSIS</strong></span> <span class='ocrx_word' id='word_1_4' title='bbox 2414 284 2929 346; x_wconf 73' lang='lat' dir='ltr'><strong>ARCHIEPISCOPI</strong></span> <span class='ocrx_word' id='word_1_5' title='bbox 3755 306 3844 364; x_wconf 65' lang='grc' dir='ltr'><strong>τη</strong></span> 
     </span>
    </p>
   </div>
   <div class='ocr_carea' id='block_1_2' title="bbox 625 395 3841 480">
    <p class='ocr_par' dir='ltr' id='par_1_2' title="bbox 625 395 3841 480">
     <span class='ocr_line' id='line_1_2' title="bbox 625 395 3841 480; baseline 0.006 -24"><span class='ocrx_word' id='word_1_6' title='bbox 625 402 731 475; x_wconf 80' lang='lat' dir='ltr'><strong>ipsi</strong></span> <span class='ocrx_word' id='word_1_7' title='bbox 761 401 1042 465; x_wconf 87' lang='lat' dir='ltr'><strong>videlicet,</strong></span> <span class='ocrx_word' id='word_1_8' title='bbox 1094 411 1219 456; x_wconf 88' lang='lat' dir='ltr'><strong>cum</strong></span> <span class='ocrx_word' id='word_1_9' title='bbox 1243 398 1494 455; x_wconf 76' lang='lat' dir='ltr'><strong>Similiter</strong></span> <span class='ocrx_word' id='word_1_10' title='bbox 1517 397 1740 453; x_wconf 80' lang='lat' dir='ltr'><strong>verbum</strong></span> <span class='ocrx_word' id='word_1_11' title='bbox 1776 398 1896 453; x_wconf 83' lang='lat' dir='ltr'><strong>vitae</strong></span> <span class='ocrx_word' id='word_1_12' title='bbox 1933 396 2200 460; x_wconf 81' lang='lat' dir='ltr'><strong>audirent,</strong></span> <span class='ocrx_word' id='word_1_13' title='bbox 2227 395 2280 456; x_wconf 84' lang='lat' dir='ltr'><strong>A</strong></span> <span class='ocrx_word' id='word_1_14' title='bbox 2305 404 2562 464; x_wconf 89' lang='lat' dir='ltr'><strong>pereunt,</strong></span> <span class='ocrx_word' id='word_1_15' title='bbox 2603 413 2710 452; x_wconf 89' lang='lat' dir='ltr'><strong>non</strong></span> <span class='ocrx_word' id='word_1_16' title='bbox 2746 397 2843 453; x_wconf 88' lang='lat' dir='ltr'><strong>Dei</strong></span> <span class='ocrx_word' id='word_1_17' title='bbox 2869 399 3177 468; x_wconf 90' lang='lat' dir='ltr'><strong>voluntate,</strong></span> <span class='ocrx_word' id='word_1_18' title='bbox 3213 403 3310 459; x_wconf 92' lang='lat' dir='ltr'><strong>sed</strong></span> <span class='ocrx_word' id='word_1_19' title='bbox 3342 403 3538 462; x_wconf 61' lang='lat' dir='ltr'><strong>debita</strong></span> <span class='ocrx_word' id='word_1_20' title='bbox 3562 412 3841 480; x_wconf 84' lang='lat' dir='ltr'><strong>perditionis</strong></span> 
     </span>
    </p>
   </div>
   <div class='ocr_carea' id='block_1_3' title="bbox 625 485 3842 565">
    <p class='ocr_par' dir='ltr' id='par_1_3' title="bbox 625 485 3842 565">
     <span class='ocr_line' id='line_1_3' title="bbox 625 485 3842 565; baseline 0.005 -16"><span class='ocrx_word' id='word_1_21' title='bbox 625 495 898 551; x_wconf 89' lang='lat' dir='ltr'><strong>noluerint</strong></span> <span class='ocrx_word' id='word_1_22' title='bbox 919 493 1140 549; x_wconf 85' lang='lat' dir='ltr'><strong>credere</strong></span> <span class='ocrx_word' id='word_1_23' title='bbox 1169 491 1236 545; x_wconf 88' lang='lat' dir='ltr'><strong>ad</strong></span> <span class='ocrx_word' id='word_1_24' title='bbox 1256 489 1543 559; x_wconf 72' lang='lat' dir='ltr'><strong>justitiam.</strong></span> <span class='ocrx_word' id='word_1_25' title='bbox 1568 489 1756 560; x_wconf 86' lang='lat' dir='ltr'><strong>Neque</strong></span> <span class='ocrx_word' id='word_1_26' title='bbox 1784 489 1928 544; x_wconf 90' lang='lat' dir='ltr'><strong>enim</strong></span> <span class='ocrx_word' id='word_1_27' title='bbox 1960 491 2198 559; x_wconf 77' lang='lat' dir='ltr'><strong>nequitia</strong></span> <span class='ocrx_word' id='word_1_28' title='bbox 2305 485 2497 540; x_wconf 85' lang='lat' dir='ltr'><strong>merito</strong></span> <span class='ocrx_word' id='word_1_29' title='bbox 2521 496 2769 554; x_wconf 90' lang='lat' dir='ltr'><strong>pereunt.</strong></span> <span class='ocrx_word' id='word_1_30' title='bbox 2816 488 2949 545; x_wconf 84' lang='lat' dir='ltr'><strong>Nam</strong></span> <span class='ocrx_word' id='word_1_31' title='bbox 2979 492 3121 547; x_wconf 91' lang='lat' dir='ltr'><strong>sicut</strong></span> <span class='ocrx_word' id='word_1_32' title='bbox 3147 495 3403 550; x_wconf 89' lang='lat' dir='ltr'><strong>conditor</strong></span> <span class='ocrx_word' id='word_1_33' title='bbox 3427 508 3668 558; x_wconf 90' lang='lat' dir='ltr'><strong>naturam</strong></span> <span class='ocrx_word' id='word_1_34' title='bbox 3695 507 3842 565; x_wconf 83' lang='lat' dir='ltr'><strong>homi-</strong></span> 
     </span>
    </p>
   </div>
   <div class='ocr_carea' id='block_1_4' title="bbox 621 577 3840 658">
    <p class='ocr_par' dir='ltr' id='par_1_4' title="bbox 621 577 3840 658">
     <span class='ocr_line' id='line_1_4' title="bbox 621 577 3840 658; baseline 0.002 -17"><span class='ocrx_word' id='word_1_35' title='bbox 621 586 888 644; x_wconf 88' lang='lat' dir='ltr'><strong>malorum</strong></span> <span class='ocrx_word' id='word_1_36' title='bbox 926 600 992 640; x_wconf 87' lang='lat' dir='ltr'><strong>ex</strong></span> <span class='ocrx_word' id='word_1_37' title='bbox 1023 599 1120 638; x_wconf 88' lang='lat' dir='ltr'><strong>sua</strong></span> <span class='ocrx_word' id='word_1_38' title='bbox 1153 582 1324 638; x_wconf 90' lang='lat' dir='ltr'><strong>solum</strong></span> <span class='ocrx_word' id='word_1_39' title='bbox 1355 583 1690 647; x_wconf 77' lang='lat' dir='ltr'><strong>fortitudine,</strong></span> <span class='ocrx_word' id='word_1_40' title='bbox 1720 597 1905 636; x_wconf 91' lang='lat' dir='ltr'><strong>verum</strong></span> <span class='ocrx_word' id='word_1_41' title='bbox 1939 582 2101 636; x_wconf 82' lang='lat' dir='ltr'><strong>etiam</strong></span> <span class='ocrx_word' id='word_1_42' title='bbox 2133 597 2200 636; x_wconf 87' lang='lat' dir='ltr'><strong>ex</strong></span> <span class='ocrx_word' id='word_1_43' title='bbox 2303 591 2431 629; x_wconf 80' lang='lat' dir='ltr'><strong>num</strong></span> <span class='ocrx_word' id='word_1_44' title='bbox 2455 616 2471 641; x_wconf 90' lang='lat'><strong>,</strong></span> <span class='ocrx_word' id='word_1_45' title='bbox 2519 577 2572 631; x_wconf 88' lang='lat' dir='ltr'><strong>id</strong></span> <span class='ocrx_word' id='word_1_46' title='bbox 2603 587 2686 634; x_wconf 89' lang='lat' dir='ltr'><strong>est</strong></span> <span class='ocrx_word' id='word_1_47' title='bbox 2719 581 2953 650; x_wconf 90' lang='lat' dir='ltr'><strong>primum</strong></span> <span class='ocrx_word' id='word_1_48' title='bbox 2983 585 3290 652; x_wconf 90' lang='lat' dir='ltr'><strong>hominem,</strong></span> <span class='ocrx_word' id='word_1_49' title='bbox 3332 589 3461 658; x_wconf 88' lang='lat' dir='ltr'><strong>quia</strong></span> <span class='ocrx_word' id='word_1_50' title='bbox 3489 601 3544 644; x_wconf 86' lang='lat' dir='ltr'><strong>et</strong></span> <span class='ocrx_word' id='word_1_51' title='bbox 3569 593 3672 649; x_wconf 80' lang='lat' dir='ltr'><strong>Eva</strong></span> <span class='ocrx_word' id='word_1_52' title='bbox 3699 599 3840 657; x_wconf 79' lang='lat' dir='ltr'><strong>Adam</strong></span> 
     </span>
    </p>
   </div>
   <div class='ocr_carea' id='block_1_5' title="bbox 626 666 3841 753">
    <p class='ocr_par' dir='ltr' id='par_1_5' title="bbox 626 666 3841 753">
     <span class='ocr_line' id='line_1_5' title="bbox 626 666 3841 753; baseline 0.007 -30"><span class='ocrx_word' id='word_1_53' title='bbox 626 675 1030 747; x_wconf 73' lang='lat' dir='ltr'><strong>comparatione</strong></span> <span class='ocrx_word' id='word_1_54' title='bbox 1079 683 1348 730; x_wconf 89' lang='lat' dir='ltr'><strong>rectorum</strong></span> <span class='ocrx_word' id='word_1_55' title='bbox 1367 713 1382 739; x_wconf 94' lang='lat'><strong>,</strong></span> <span class='ocrx_word' id='word_1_56' title='bbox 1423 688 1589 742; x_wconf 92' lang='lat' dir='ltr'><strong>quam</strong></span> <span class='ocrx_word' id='word_1_57' title='bbox 1617 672 1688 727; x_wconf 88' lang='lat' dir='ltr'><strong>sit</strong></span> <span class='ocrx_word' id='word_1_58' title='bbox 1713 673 2016 726; x_wconf 89' lang='lat' dir='ltr'><strong>damnanda</strong></span> <span class='ocrx_word' id='word_1_59' title='bbox 2045 687 2201 725; x_wconf 85' lang='lat' dir='ltr'><strong>mon-</strong></span> <span class='ocrx_word' id='word_1_60' title='bbox 2303 673 2417 730; x_wconf 90' lang='lat' dir='ltr'><strong>est,</strong></span> <span class='ocrx_word' id='word_1_61' title='bbox 2446 666 2512 721; x_wconf 91' lang='lat' dir='ltr'><strong>ad</strong></span> <span class='ocrx_word' id='word_1_62' title='bbox 2539 670 2900 726; x_wconf 76' lang='lat' dir='ltr'><strong>aeternitatem</strong></span> <span class='ocrx_word' id='word_1_63' title='bbox 2930 675 3229 731; x_wconf 83' lang='lat' dir='ltr'><strong>consistere</strong></span> <span class='ocrx_word' id='word_1_64' title='bbox 3260 678 3462 746; x_wconf 89' lang='lat' dir='ltr'><strong>voluit,</strong></span> <span class='ocrx_word' id='word_1_65' title='bbox 3496 684 3618 753; x_wconf 86' lang='lat' dir='ltr'><strong>quia</strong></span> <span class='ocrx_word' id='word_1_66' title='bbox 3645 698 3841 746; x_wconf 66' lang='lat' dir='ltr'><strong>aeterna-</strong></span> 
     </span>
    </p>
   </div>
   <div class='ocr_carea' id='block_1_6' title="bbox 626 757 3840 841">
    <p class='ocr_par' dir='ltr' id='par_1_6' title="bbox 626 757 3840 841">
     <span class='ocr_line' id='line_1_6' title="bbox 626 757 3840 841; baseline 0 -17"><span class='ocrx_word' id='word_1_67' title='bbox 626 777 851 825; x_wconf 87' lang='lat' dir='ltr'><strong>stratur.</strong></span> <span class='ocrx_word' id='word_1_68' title='bbox 887 787 906 820; x_wconf 78' lang='grc' dir='ltr'><strong>ι</strong></span> <span class='ocrx_word' id='word_1_69' title='bbox 945 765 1049 822; x_wconf 91' lang='lat' dir='ltr'><strong>Sed</strong></span> <span class='ocrx_word' id='word_1_70' title='bbox 1101 774 1159 822; x_wconf 90' lang='lat' dir='ltr'><strong>et</strong></span> <span class='ocrx_word' id='word_1_71' title='bbox 1211 774 1431 821; x_wconf 86' lang='lat' dir='ltr'><strong>sanctus</strong></span> <span class='ocrx_word' id='word_1_72' title='bbox 1480 765 1814 835; x_wconf 84' lang='lat' dir='ltr'><strong>Augustinus</strong></span> <span class='ocrx_word' id='word_1_73' title='bbox 1857 764 1910 817; x_wconf 90' lang='lat' dir='ltr'><strong>in</strong></span> <span class='ocrx_word' id='word_1_74' title='bbox 1955 763 2095 818; x_wconf 87' lang='lat' dir='ltr'><strong>libro</strong></span> <span class='ocrx_word' id='word_1_75' title='bbox 2132 762 2199 818; x_wconf 89' lang='lat' dir='ltr'><strong>de</strong></span> <span class='ocrx_word' id='word_1_76' title='bbox 2301 757 2426 813; x_wconf 76' lang='lat' dir='ltr'><strong>liter</strong></span> <span class='ocrx_word' id='word_1_77' title='bbox 2470 761 2641 818; x_wconf 89' lang='lat' dir='ltr'><strong>bonus</strong></span> <span class='ocrx_word' id='word_1_78' title='bbox 2691 772 2790 819; x_wconf 89' lang='lat' dir='ltr'><strong>est.</strong></span> <span class='ocrx_word' id='word_1_79' title='bbox 2844 765 3014 833; x_wconf 85' lang='lat' dir='ltr'><strong>Quem</strong></span> <span class='ocrx_word' id='word_1_80' title='bbox 3044 769 3112 824; x_wconf 91' lang='lat' dir='ltr'><strong>ab</strong></span> <span class='ocrx_word' id='word_1_81' title='bbox 3136 772 3444 829; x_wconf 73' lang='lat' dir='ltr'><strong>aeternitate</strong></span> <span class='ocrx_word' id='word_1_82' title='bbox 3491 786 3672 834; x_wconf 66' lang='lat' dir='ltr'><strong>contra</strong></span> <span class='ocrx_word' id='word_1_83' title='bbox 3715 798 3840 841; x_wconf 66' lang='lat' dir='ltr'><strong>suam</strong></span> 
     </span>
    </p>
   </div>
   <div class='ocr_carea' id='block_1_7' title="bbox 619 847 3841 940">
    <p class='ocr_par' dir='ltr' id='par_1_7' title="bbox 619 847 3841 940">
     <span class='ocr_line' id='line_1_7' title="bbox 619 847 3841 940; baseline 0.005 -28"><span class='ocrx_word' id='word_1_84' title='bbox 619 857 808 928; x_wconf 82' lang='lat' dir='ltr'><strong>Agone</strong></span> <span class='ocrx_word' id='word_1_85' title='bbox 837 854 1148 913; x_wconf 87' lang='lat' dir='ltr'><strong>Christiano</strong></span> <span class='ocrx_word' id='word_1_86' title='bbox 1173 854 1312 925; x_wconf 85' lang='lat' dir='ltr'><strong>(cap.</strong></span> <span class='ocrx_word' id='word_1_87' title='bbox 1335 853 1425 925; x_wconf 72' lang='lat'><strong>27)</strong></span> <span class='ocrx_word' id='word_1_88' title='bbox 1450 853 1516 908; x_wconf 89' lang='lat' dir='ltr'><strong>de</strong></span> <span class='ocrx_word' id='word_1_89' title='bbox 1547 853 1651 907; x_wconf 88' lang='lat' dir='ltr'><strong>hac</strong></span> <span class='ocrx_word' id='word_1_90' title='bbox 1680 851 1953 923; x_wconf 75' lang='lat' dir='ltr'><strong>Evangelii</strong></span> <span class='ocrx_word' id='word_1_91' title='bbox 1985 859 2200 906; x_wconf 89' lang='lat' dir='ltr'><strong>senten-</strong></span> <span class='ocrx_word' id='word_1_92' title='bbox 2303 847 2633 905; x_wconf 81' lang='lat' dir='ltr'><strong>voluntatem</strong></span> <span class='ocrx_word' id='word_1_93' title='bbox 2673 854 2951 910; x_wconf 87' lang='lat' dir='ltr'><strong>cadentem</strong></span> <span class='ocrx_word' id='word_1_94' title='bbox 2977 853 3122 924; x_wconf 86' lang='lat' dir='ltr'><strong>juste</strong></span> <span class='ocrx_word' id='word_1_95' title='bbox 3154 859 3472 928; x_wconf 81' lang='lat' dir='ltr'><strong>damnavit,</strong></span> <span class='ocrx_word' id='word_1_96' title='bbox 3505 869 3746 935; x_wconf 86' lang='lat' dir='ltr'><strong>quoniam</strong></span> <span class='ocrx_word' id='word_1_97' title='bbox 3771 872 3841 940; x_wconf 85' lang='lat' dir='ltr'><strong>ju-</strong></span> 
     </span>
    </p>
   </div>
   <div class='ocr_carea' id='block_1_8' title="bbox 625 940 3841 1034">
    <p class='ocr_par' dir='ltr' id='par_1_8' title="bbox 625 940 3841 1034">
     <span class='ocr_line' id='line_1_8' title="bbox 625 940 3841 1034; baseline 0.007 -35"><span class='ocrx_word' id='word_1_98' title='bbox 625 949 701 1004; x_wconf 88' lang='lat' dir='ltr'><strong>tia</strong></span> <span class='ocrx_word' id='word_1_99' title='bbox 733 948 867 1003; x_wconf 87' lang='lat' dir='ltr'><strong>dicit</strong></span> <span class='ocrx_word' id='word_1_100' title='bbox 893 965 907 1001; x_wconf 93' lang='lat'><strong>:</strong></span> <span class='ocrx_word' id='word_1_101' title='bbox 951 965 970 998; x_wconf 73' lang='grc' dir='ltr'>ι</span> <span class='ocrx_word' id='word_1_102' title='bbox 1009 947 1114 1014; x_wconf 85' lang='lat' dir='ltr'><strong>Qui</strong></span> <span class='ocrx_word' id='word_1_103' title='bbox 1162 963 1266 1000; x_wconf 91' lang='lat' dir='ltr'><strong>non</strong></span> <span class='ocrx_word' id='word_1_104' title='bbox 1309 946 1469 1000; x_wconf 78' lang='lat' dir='ltr'><strong>credit</strong></span> <span class='ocrx_word' id='word_1_105' title='bbox 1493 945 1609 1015; x_wconf 88' lang='lat' dir='ltr'><strong>jam</strong></span> <span class='ocrx_word' id='word_1_106' title='bbox 1635 946 1910 1015; x_wconf 80' lang='lat' dir='ltr'><strong>judicatus</strong></span> <span class='ocrx_word' id='word_1_107' title='bbox 1935 953 2028 999; x_wconf 89' lang='lat' dir='ltr'><strong>est.</strong></span> <span class='ocrx_word' id='word_1_108' title='bbox 2059 943 2199 998; x_wconf 64' lang='lat' dir='ltr'><strong>Praa-</strong></span> <span class='ocrx_word' id='word_1_109' title='bbox 2302 945 2417 992; x_wconf 89' lang='lat' dir='ltr'><strong>stus</strong></span> <span class='ocrx_word' id='word_1_110' title='bbox 2440 947 2541 994; x_wconf 92' lang='lat' dir='ltr'><strong>est.</strong></span> <span class='ocrx_word' id='word_1_111' title='bbox 2577 940 2856 1013; x_wconf 84' lang='lat' dir='ltr'><strong>Quemque</strong></span> <span class='ocrx_word' id='word_1_112' title='bbox 2883 945 2948 1000; x_wconf 88' lang='lat' dir='ltr'><strong>ad</strong></span> <span class='ocrx_word' id='word_1_113' title='bbox 2975 947 3203 1003; x_wconf 84' lang='lat' dir='ltr'><strong>salutem</strong></span> <span class='ocrx_word' id='word_1_114' title='bbox 3231 953 3410 1023; x_wconf 90' lang='lat' dir='ltr'><strong>gratia</strong></span> <span class='ocrx_word' id='word_1_115' title='bbox 3439 961 3717 1026; x_wconf 79' lang='lat' dir='ltr'><strong>reparavit,</strong></span> <span class='ocrx_word' id='word_1_116' title='bbox 3739 965 3841 1034; x_wconf 82' lang='lat' dir='ltr'><strong>quia</strong></span> 
     </span>
    </p>
   </div>
   <div class='ocr_carea' id='block_1_9' title="bbox 623 1032 3840 1114">
    <p class='ocr_par' dir='ltr' id='par_1_9' title="bbox 623 1032 3840 1114">
     <span class='ocr_line' id='line_1_9' title="bbox 623 1032 3840 1114; baseline 0.003 -15"><span class='ocrx_word' id='word_1_117' title='bbox 623 1043 849 1099; x_wconf 83' lang='lat' dir='ltr'><strong>scientia</strong></span> <span class='ocrx_word' id='word_1_118' title='bbox 884 1042 1069 1112; x_wconf 88' lang='lat' dir='ltr'><strong>utique</strong></span> <span class='ocrx_word' id='word_1_119' title='bbox 1104 1040 1242 1107; x_wconf 91' lang='lat' dir='ltr'><strong>Dei,</strong></span> <span class='ocrx_word' id='word_1_120' title='bbox 1278 1041 1369 1109; x_wconf 89' lang='lat' dir='ltr'><strong>qui</strong></span> <span class='ocrx_word' id='word_1_121' title='bbox 1397 1040 1546 1094; x_wconf 90' lang='lat' dir='ltr'><strong>novit</strong></span> <span class='ocrx_word' id='word_1_122' title='bbox 1587 1039 1715 1108; x_wconf 91' lang='lat' dir='ltr'><strong>quid</strong></span> <span class='ocrx_word' id='word_1_123' title='bbox 1758 1039 2040 1092; x_wconf 88' lang='lat' dir='ltr'><strong>immineat</strong></span> <span class='ocrx_word' id='word_1_124' title='bbox 2086 1053 2196 1092; x_wconf 90' lang='lat' dir='ltr'><strong>non</strong></span> <span class='ocrx_word' id='word_1_125' title='bbox 2302 1032 2612 1090; x_wconf 90' lang='lat' dir='ltr'><strong>misericors</strong></span> <span class='ocrx_word' id='word_1_126' title='bbox 2641 1045 2742 1090; x_wconf 85' lang='lat' dir='ltr'><strong>est.</strong></span> <span class='ocrx_word' id='word_1_127' title='bbox 2778 1036 2855 1093; x_wconf 90' lang='lat' dir='ltr'><strong>lta</strong></span> <span class='ocrx_word' id='word_1_128' title='bbox 2883 1039 3394 1114; x_wconf 87' lang='lat' dir='ltr'><strong>redemptorjustus</strong></span> <span class='ocrx_word' id='word_1_129' title='bbox 3421 1048 3478 1101; x_wconf 90' lang='lat' dir='ltr'><strong>in</strong></span> <span class='ocrx_word' id='word_1_130' title='bbox 3504 1052 3738 1110; x_wconf 88' lang='lat' dir='ltr'><strong>omnibus</strong></span> <span class='ocrx_word' id='word_1_131' title='bbox 3755 1032 3840 1114; x_wconf 71' lang='lat' dir='ltr'><strong>viis</strong></span> 
     </span>
    </p>
   </div>
   <div class='ocr_carea' id='block_1_10' title="bbox 619 1125 3841 1212">
    <p class='ocr_par' dir='ltr' id='par_1_10' title="bbox 619 1125 3841 1212">
     <span class='ocr_line' id='line_1_10' title="bbox 619 1125 3841 1212; baseline 0.005 -22"><span class='ocrx_word' id='word_1_132' title='bbox 619 1134 986 1191; x_wconf 88' lang='lat' dir='ltr'><strong>credentibus.</strong></span> <span class='ocrx_word' id='word_1_133' title='bbox 1019 1153 1037 1186; x_wconf 73' lang='grc' dir='ltr'><strong>ι</strong></span> <span class='ocrx_word' id='word_1_134' title='bbox 1073 1133 1211 1187; x_wconf 90' lang='lat' dir='ltr'><strong>Hinc</strong></span> <span class='ocrx_word' id='word_1_135' title='bbox 1239 1132 1400 1187; x_wconf 89' lang='lat' dir='ltr'><strong>etiam</strong></span> <span class='ocrx_word' id='word_1_136' title='bbox 1427 1140 1650 1200; x_wconf 84' lang='lat' dir='ltr'><strong>apparet</strong></span> <span class='ocrx_word' id='word_1_137' title='bbox 1674 1130 1890 1184; x_wconf 91' lang='lat' dir='ltr'><strong>mentiri</strong></span> <span class='ocrx_word' id='word_1_138' title='bbox 1914 1129 2200 1185; x_wconf 69' lang='lat' dir='ltr'><strong>Prmdesti-</strong></span> <span class='ocrx_word' id='word_1_139' title='bbox 2302 1125 2436 1190; x_wconf 75' lang='lat' dir='ltr'><strong>suis.</strong></span> <span class='ocrx_word' id='word_1_140' title='bbox 2481 1136 2535 1180; x_wconf 69' lang='lat' dir='ltr'><strong>et</strong></span> <span class='ocrx_word' id='word_1_141' title='bbox 2576 1138 2793 1184; x_wconf 70' lang='lat' dir='ltr'><strong>sanctus</strong></span> <span class='ocrx_word' id='word_1_142' title='bbox 2837 1131 2892 1186; x_wconf 87' lang='lat' dir='ltr'><strong>in</strong></span> <span class='ocrx_word' id='word_1_143' title='bbox 2937 1135 3189 1195; x_wconf 85' lang='lat' dir='ltr'><strong>omnibus</strong></span> <span class='ocrx_word' id='word_1_144' title='bbox 3236 1142 3498 1210; x_wconf 85' lang='lat' dir='ltr'><strong>operibus</strong></span> <span class='ocrx_word' id='word_1_145' title='bbox 3533 1146 3659 1212; x_wconf 89' lang='lat' dir='ltr'><strong>suis,</strong></span> <span class='ocrx_word' id='word_1_146' title='bbox 3684 1164 3841 1207; x_wconf 86' lang='lat' dir='ltr'><strong>omnes</strong></span> 
     </span>
    </p>
   </div>
   <div class='ocr_carea' id='block_1_11' title="bbox 614 1219 3839 1302">
    <p class='ocr_par' dir='ltr' id='par_1_11' title="bbox 614 1219 3839 1302">
     <span class='ocr_line' id='line_1_11' title="bbox 614 1219 3839 1302; baseline 0.005 -20"><span class='ocrx_word' id='word_1_147' title='bbox 614 1229 965 1284; x_wconf 82' lang='lat' dir='ltr'><strong>natianorum</strong></span> <span class='ocrx_word' id='word_1_148' title='bbox 1008 1226 1248 1281; x_wconf 88' lang='lat' dir='ltr'><strong>scholam</strong></span> <span class='ocrx_word' id='word_1_149' title='bbox 1289 1224 1579 1296; x_wconf 87' lang='lat' dir='ltr'><strong>dyscolam,</strong></span> <span class='ocrx_word' id='word_1_150' title='bbox 1624 1239 1743 1293; x_wconf 73' lang='lat' dir='ltr'><strong>qua:</strong></span> <span class='ocrx_word' id='word_1_151' title='bbox 1775 1238 1839 1276; x_wconf 84' lang='lat' dir='ltr'><strong>ex</strong></span> <span class='ocrx_word' id='word_1_152' title='bbox 1877 1223 1979 1277; x_wconf 92' lang='lat' dir='ltr'><strong>hac</strong></span> <span class='ocrx_word' id='word_1_153' title='bbox 2025 1222 2200 1276; x_wconf 86' lang='lat' dir='ltr'><strong>Evan-</strong></span> <span class='ocrx_word' id='word_1_154' title='bbox 2300 1229 2365 1269; x_wconf 79' lang='lat' dir='ltr'><strong>ex</strong></span> <span class='ocrx_word' id='word_1_155' title='bbox 2403 1219 2639 1285; x_wconf 78' lang='lat' dir='ltr'><strong>generali</strong></span> <span class='ocrx_word' id='word_1_156' title='bbox 2691 1237 2870 1277; x_wconf 90' lang='lat' dir='ltr'><strong>massa</strong></span> <span class='ocrx_word' id='word_1_157' title='bbox 2917 1227 3239 1294; x_wconf 90' lang='lat' dir='ltr'><strong>perditionis</strong></span> <span class='ocrx_word' id='word_1_158' title='bbox 3283 1234 3502 1302; x_wconf 90' lang='lat' dir='ltr'><strong>genitos</strong></span> <span class='ocrx_word' id='word_1_159' title='bbox 3543 1238 3649 1293; x_wconf 89' lang='lat' dir='ltr'><strong>vult</strong></span> <span class='ocrx_word' id='word_1_160' title='bbox 3689 1243 3839 1302; x_wconf 80' lang='lat' dir='ltr'><strong>salvos</strong></span> 
     </span>
    </p>
   </div>
   <div class='ocr_carea' id='block_1_12' title="bbox 612 1305 3838 1391">
    <p class='ocr_par' dir='ltr' id='par_1_12' title="bbox 612 1305 3838 1391">
     <span class='ocr_line' id='line_1_12' title="bbox 612 1305 3838 1391; baseline 0.009 -19"><span class='ocrx_word' id='word_1_161' title='bbox 612 1319 740 1391; x_wconf 76' lang='lat' dir='ltr'><strong>gelii</strong></span> <span class='ocrx_word' id='word_1_162' title='bbox 771 1317 1037 1373; x_wconf 88' lang='lat' dir='ltr'><strong>sententia</strong></span> <span class='ocrx_word' id='word_1_163' title='bbox 1067 1314 1334 1370; x_wconf 71' lang='lat' dir='ltr'><strong>affirmare</strong></span> <span class='ocrx_word' id='word_1_164' title='bbox 1365 1313 1639 1368; x_wconf 90' lang='lat' dir='ltr'><strong>luctatura</strong></span> <span class='ocrx_word' id='word_1_165' title='bbox 1655 1311 1765 1366; x_wconf 91' lang='lat' dir='ltr'><strong>Deo</strong></span> <span class='ocrx_word' id='word_1_166' title='bbox 1779 1311 2197 1382; x_wconf 85' lang='lat' dir='ltr'><strong>praedestinatos</strong></span> <span class='ocrx_word' id='word_1_167' title='bbox 2301 1305 2451 1372; x_wconf 62' lang='lat' dir='ltr'><strong>ﬁeri.</strong></span> <span class='ocrx_word' id='word_1_168' title='bbox 2480 1310 2606 1380; x_wconf 67' lang='grc' dir='ltr'><strong>(Ιυίδ</strong></span> <span class='ocrx_word' id='word_1_169' title='bbox 2637 1312 2810 1369; x_wconf 63' lang='grc' dir='ltr'>δοηυε</span> <span class='ocrx_word' id='word_1_170' title='bbox 2837 1324 2917 1370; x_wconf 65' lang='grc' dir='ltr'><strong>θεῖ</strong></span> <span class='ocrx_word' id='word_1_171' title='bbox 2942 1331 2957 1370; x_wconf 72' lang='grc'>³</span> <span class='ocrx_word' id='word_1_172' title='bbox 2988 1319 3082 1374; x_wconf 74' lang='lat' dir='ltr'><strong>sed</strong></span> <span class='ocrx_word' id='word_1_173' title='bbox 3109 1322 3372 1389; x_wconf 66' lang='grc' dir='ltr'><strong>(Ιυοεάεηι</strong></span> <span class='ocrx_word' id='word_1_174' title='bbox 3402 1327 3457 1380; x_wconf 73' lang='lat' dir='ltr'><strong>in</strong></span> <span class='ocrx_word' id='word_1_175' title='bbox 3483 1329 3663 1384; x_wconf 62' lang='lat' dir='ltr'><strong>eadem</strong></span> <span class='ocrx_word' id='word_1_176' title='bbox 3691 1348 3838 1390; x_wconf 61' lang='lat' dir='ltr'><strong>massa</strong></span> 
     </span>
    </p>
   </div>
   <div class='ocr_carea' id='block_1_13' title="bbox 609 1399 3834 1494">
    <p class='ocr_par' dir='ltr' id='par_1_13' title="bbox 609 1399 3834 1494">
     <span class='ocr_line' id='line_1_13' title="bbox 609 1399 3834 1494; baseline 0.008 -40"><span class='ocrx_word' id='word_1_177' title='bbox 609 1410 683 1465; x_wconf 70' lang='lat' dir='ltr'><strong>ad</strong></span> <span class='ocrx_word' id='word_1_178' title='bbox 714 1409 1010 1464; x_wconf 83' lang='lat' dir='ltr'><strong>interitum.</strong></span> <span class='ocrx_word' id='word_1_179' title='bbox 1046 1407 1112 1461; x_wconf 89' lang='lat' dir='ltr'><strong>Et</strong></span> <span class='ocrx_word' id='word_1_180' title='bbox 1136 1407 1265 1460; x_wconf 87' lang='lat' dir='ltr'><strong>item</strong></span> <span class='ocrx_word' id='word_1_181' title='bbox 1303 1404 1622 1459; x_wconf 77' lang='lat' dir='ltr'><strong>venerabilis</strong></span> <span class='ocrx_word' id='word_1_182' title='bbox 1646 1403 1786 1458; x_wconf 89' lang='lat' dir='ltr'><strong>Beda</strong></span> <span class='ocrx_word' id='word_1_183' title='bbox 1815 1405 2105 1474; x_wconf 87' lang='lat' dir='ltr'><strong>presbyter</strong></span> <span class='ocrx_word' id='word_1_184' title='bbox 2137 1403 2192 1457; x_wconf 91' lang='lat' dir='ltr'><strong>in</strong></span> <span class='ocrx_word' id='word_1_185' title='bbox 2298 1399 2617 1466; x_wconf 86' lang='lat' dir='ltr'><strong>perditionis</strong></span> <span class='ocrx_word' id='word_1_186' title='bbox 2636 1403 2845 1473; x_wconf 89' lang='lat' dir='ltr'><strong>judicio</strong></span> <span class='ocrx_word' id='word_1_187' title='bbox 2872 1409 3071 1464; x_wconf 86' lang='lat' dir='ltr'><strong>deserit</strong></span> <span class='ocrx_word' id='word_1_188' title='bbox 3096 1414 3354 1480; x_wconf 90' lang='lat' dir='ltr'><strong>quoniam</strong></span> <span class='ocrx_word' id='word_1_189' title='bbox 3379 1415 3560 1484; x_wconf 88' lang='lat' dir='ltr'><strong>justus</strong></span> <span class='ocrx_word' id='word_1_190' title='bbox 3585 1430 3680 1486; x_wconf 90' lang='lat' dir='ltr'><strong>est,</strong></span> <span class='ocrx_word' id='word_1_191' title='bbox 3703 1439 3834 1494; x_wconf 85' lang='lat' dir='ltr'><strong>quos-</strong></span> 
     </span>
    </p>
   </div>
   <div class='ocr_carea' id='block_1_14' title="bbox 605 1488 3833 1583">
    <p class='ocr_par' dir='ltr' id='par_1_14' title="bbox 605 1488 3833 1583">
     <span class='ocr_line' id='line_1_14' title="bbox 605 1488 3833 1583; baseline 0.004 -25"><span class='ocrx_word' id='word_1_192' title='bbox 605 1502 932 1558; x_wconf 79' lang='lat' dir='ltr'><strong>Commento</strong></span> <span class='ocrx_word' id='word_1_193' title='bbox 963 1499 1238 1570; x_wconf 85' lang='lat' dir='ltr'><strong>Evangelii</strong></span> <span class='ocrx_word' id='word_1_194' title='bbox 1282 1499 1462 1563; x_wconf 60' lang='lat' dir='ltr'><strong>Luae,</strong></span> <span class='ocrx_word' id='word_1_195' title='bbox 1506 1498 1649 1552; x_wconf 90' lang='lat' dir='ltr'><strong>beati</strong></span> <span class='ocrx_word' id='word_1_196' title='bbox 1677 1497 1958 1567; x_wconf 81' lang='lat' dir='ltr'><strong>Augustini</strong></span> <span class='ocrx_word' id='word_1_197' title='bbox 1989 1505 2042 1551; x_wconf 88' lang='lat' dir='ltr'><strong>et</strong></span> <span class='ocrx_word' id='word_1_198' title='bbox 2070 1495 2198 1552; x_wconf 83' lang='lat' dir='ltr'><strong>alio-</strong></span> <span class='ocrx_word' id='word_1_199' title='bbox 2299 1488 2422 1544; x_wconf 88' lang='lat' dir='ltr'><strong>dam</strong></span> <span class='ocrx_word' id='word_1_200' title='bbox 2449 1507 2477 1545; x_wconf 92' lang='lat' dir='ltr'><strong>a</strong></span> <span class='ocrx_word' id='word_1_201' title='bbox 2500 1495 2803 1562; x_wconf 87' lang='lat' dir='ltr'><strong>perditione</strong></span> <span class='ocrx_word' id='word_1_202' title='bbox 2825 1501 3034 1557; x_wconf 88' lang='lat' dir='ltr'><strong>cunctis</strong></span> <span class='ocrx_word' id='word_1_203' title='bbox 3060 1503 3239 1559; x_wconf 90' lang='lat' dir='ltr'><strong>debita</strong></span> <span class='ocrx_word' id='word_1_204' title='bbox 3263 1507 3409 1563; x_wconf 91' lang='lat' dir='ltr'><strong>dono</strong></span> <span class='ocrx_word' id='word_1_205' title='bbox 3435 1512 3622 1581; x_wconf 73' lang='lat' dir='ltr'><strong>gratiae</strong></span> <span class='ocrx_word' id='word_1_206' title='bbox 3648 1488 3833 1583; x_wconf 77' lang='lat' dir='ltr'><strong>liberat,</strong></span> 
     </span>
    </p>
   </div>
   <div class='ocr_carea' id='block_1_15' title="bbox 607 1584 3832 1675">
    <p class='ocr_par' dir='ltr' id='par_1_15' title="bbox 607 1584 3832 1675">
     <span class='ocr_line' id='line_1_15' title="bbox 607 1584 3832 1675; baseline 0.009 -28"><span class='ocrx_word' id='word_1_207' title='bbox 607 1608 731 1647; x_wconf 87' lang='lat' dir='ltr'><strong>rum</strong></span> <span class='ocrx_word' id='word_1_208' title='bbox 758 1592 978 1647; x_wconf 86' lang='lat' dir='ltr'><strong>Patrum</strong></span> <span class='ocrx_word' id='word_1_209' title='bbox 1007 1591 1428 1644; x_wconf 86' lang='lat' dir='ltr'><strong>orthodoxorum</strong></span> <span class='ocrx_word' id='word_1_210' title='bbox 1463 1602 1693 1656; x_wconf 89' lang='lat' dir='ltr'><strong>sequens</strong></span> <span class='ocrx_word' id='word_1_211' title='bbox 1718 1587 2038 1651; x_wconf 89' lang='lat' dir='ltr'><strong>sententias,</strong></span> <span class='ocrx_word' id='word_1_212' title='bbox 2072 1586 2191 1640; x_wconf 84' lang='lat' dir='ltr'><strong>ait:</strong></span> <span class='ocrx_word' id='word_1_213' title='bbox 2297 1584 2425 1652; x_wconf 82' lang='lat' dir='ltr'><strong>quia</strong></span> <span class='ocrx_word' id='word_1_214' title='bbox 2468 1587 2780 1646; x_wconf 64' lang='lat' dir='ltr'><strong>misericors</strong></span> <span class='ocrx_word' id='word_1_215' title='bbox 2817 1602 2919 1648; x_wconf 69' lang='grc' dir='ltr'>θεία</span> <span class='ocrx_word' id='word_1_216' title='bbox 2985 1595 3052 1650; x_wconf 59' lang='lat' dir='ltr'><strong>Et</strong></span> <span class='ocrx_word' id='word_1_217' title='bbox 3099 1613 3166 1652; x_wconf 75' lang='lat' dir='ltr'><strong>ne</strong></span> <span class='ocrx_word' id='word_1_218' title='bbox 3207 1600 3378 1656; x_wconf 73' lang='grc' dir='ltr'><strong>νθιίηῐ</strong></span> <span class='ocrx_word' id='word_1_219' title='bbox 3430 1605 3585 1660; x_wconf 66' lang='grc' dir='ltr'>ηοδίε</span> <span class='ocrx_word' id='word_1_220' title='bbox 3627 1606 3832 1675; x_wconf 69' lang='lat' dir='ltr'><strong>“ludere.</strong></span> 
     </span>
    </p>
   </div>
   <div class='ocr_carea' id='block_1_16' title="bbox 611 1674 3832 1766">
    <p class='ocr_par' dir='ltr' id='par_1_16' title="bbox 611 1674 3832 1766">
     <span class='ocr_line' id='line_1_16' title="bbox 611 1674 3832 1766; baseline 0.007 -33"><span class='ocrx_word' id='word_1_221' title='bbox 611 1701 636 1735; x_wconf 81' lang='grc'><strong>‹</strong></span> <span class='ocrx_word' id='word_1_222' title='bbox 672 1682 802 1737; x_wconf 87' lang='lat' dir='ltr'><strong>Dico</strong></span> <span class='ocrx_word' id='word_1_223' title='bbox 827 1692 999 1736; x_wconf 90' lang='lat' dir='ltr'><strong>autem</strong></span> <span class='ocrx_word' id='word_1_224' title='bbox 1027 1680 1184 1744; x_wconf 92' lang='lat' dir='ltr'><strong>vobis,</strong></span> <span class='ocrx_word' id='word_1_225' title='bbox 1224 1680 1349 1751; x_wconf 88' lang='lat' dir='ltr'><strong>quia</strong></span> <span class='ocrx_word' id='word_1_226' title='bbox 1401 1677 1541 1731; x_wconf 90' lang='lat' dir='ltr'><strong>omni</strong></span> <span class='ocrx_word' id='word_1_227' title='bbox 1588 1679 1798 1731; x_wconf 83' lang='lat' dir='ltr'><strong>habenti</strong></span> <span class='ocrx_word' id='word_1_228' title='bbox 1835 1677 2081 1744; x_wconf 81' lang='lat' dir='ltr'><strong>dabitur,</strong></span> <span class='ocrx_word' id='word_1_229' title='bbox 2124 1676 2188 1731; x_wconf 92' lang='lat' dir='ltr'><strong>ab</strong></span> <span class='ocrx_word' id='word_1_230' title='bbox 2297 1674 2536 1734; x_wconf 85' lang='lat' dir='ltr'><strong>dicentes</strong></span> <span class='ocrx_word' id='word_1_231' title='bbox 2581 1681 2756 1737; x_wconf 77' lang='lat' dir='ltr'><strong>aemuli</strong></span> <span class='ocrx_word' id='word_1_232' title='bbox 2802 1696 2966 1741; x_wconf 59' lang='lat' dir='ltr'><strong>rectm</strong></span> <span class='ocrx_word' id='word_1_233' title='bbox 3012 1687 3156 1756; x_wconf 84' lang='lat' dir='ltr'><strong>ﬁdei,</strong></span> <span class='ocrx_word' id='word_1_234' title='bbox 3206 1694 3466 1762; x_wconf 89' lang='lat' dir='ltr'><strong>quoniam</strong></span> <span class='ocrx_word' id='word_1_235' title='bbox 3514 1699 3753 1766; x_wconf 85' lang='lat' dir='ltr'><strong>quosdam</strong></span> <span class='ocrx_word' id='word_1_236' title='bbox 3791 1674 3832 1756; x_wconf 81' lang='lat' dir='ltr'><strong>ia</strong></span> 
     </span>
    </p>
   </div>
   <div class='ocr_carea' id='block_1_17' title="bbox 601 1769 3829 1857">
    <p class='ocr_par' dir='ltr' id='par_1_17' title="bbox 601 1769 3829 1857">
     <span class='ocr_line' id='line_1_17' title="bbox 601 1769 3829 1857; baseline 0.005 -28"><span class='ocrx_word' id='word_1_237' title='bbox 601 1793 670 1830; x_wconf 85' lang='lat' dir='ltr'><strong>eo</strong></span> <span class='ocrx_word' id='word_1_238' title='bbox 707 1784 880 1829; x_wconf 89' lang='lat' dir='ltr'><strong>autem</strong></span> <span class='ocrx_word' id='word_1_239' title='bbox 923 1775 1013 1844; x_wconf 85' lang='lat' dir='ltr'><strong>qui</strong></span> <span class='ocrx_word' id='word_1_240' title='bbox 1040 1790 1141 1826; x_wconf 88' lang='lat' dir='ltr'><strong>non</strong></span> <span class='ocrx_word' id='word_1_241' title='bbox 1173 1773 1346 1836; x_wconf 83' lang='lat' dir='ltr'><strong>habet,</strong></span> <span class='ocrx_word' id='word_1_242' title='bbox 1373 1784 1420 1826; x_wconf 91' lang='lat' dir='ltr'><strong>et</strong></span> <span class='ocrx_word' id='word_1_243' title='bbox 1451 1773 1589 1844; x_wconf 87' lang='lat' dir='ltr'><strong>quod</strong></span> <span class='ocrx_word' id='word_1_244' title='bbox 1624 1773 1777 1826; x_wconf 83' lang='lat' dir='ltr'><strong>habet</strong></span> <span class='ocrx_word' id='word_1_245' title='bbox 1827 1772 2099 1842; x_wconf 81' lang='lat' dir='ltr'><strong>auferetur</strong></span> <span class='ocrx_word' id='word_1_246' title='bbox 2125 1769 2189 1824; x_wconf 92' lang='lat' dir='ltr'><strong>ab</strong></span> <span class='ocrx_word' id='word_1_247' title='bbox 2219 1770 2267 1831; x_wconf 91' lang='lat' dir='ltr'><strong>B</strong></span> <span class='ocrx_word' id='word_1_248' title='bbox 2295 1783 2471 1825; x_wconf 84' lang='lat' dir='ltr'><strong>massa</strong></span> <span class='ocrx_word' id='word_1_249' title='bbox 2506 1774 2826 1841; x_wconf 87' lang='lat' dir='ltr'><strong>perditionis</strong></span> <span class='ocrx_word' id='word_1_250' title='bbox 2856 1777 3078 1846; x_wconf 87' lang='lat' dir='ltr'><strong>deserit,</strong></span> <span class='ocrx_word' id='word_1_251' title='bbox 3113 1782 3238 1838; x_wconf 89' lang='lat' dir='ltr'><strong>ideo</strong></span> <span class='ocrx_word' id='word_1_252' title='bbox 3268 1785 3414 1842; x_wconf 90' lang='lat' dir='ltr'><strong>Deus</strong></span> <span class='ocrx_word' id='word_1_253' title='bbox 3436 1787 3612 1857; x_wconf 90' lang='lat' dir='ltr'><strong>justus</strong></span> <span class='ocrx_word' id='word_1_254' title='bbox 3634 1800 3726 1856; x_wconf 88' lang='lat' dir='ltr'><strong>est,</strong></span> <span class='ocrx_word' id='word_1_255' title='bbox 3751 1791 3829 1847; x_wconf 84' lang='lat' dir='ltr'><strong>ali-</strong></span> 
     </span>
    </p>
   </div>
   <div class='ocr_carea' id='block_1_18' title="bbox 606 1862 3828 1950">
    <p class='ocr_par' dir='ltr' id='par_1_18' title="bbox 606 1862 3828 1950">
     <span class='ocr_line' id='line_1_18' title="bbox 606 1862 3828 1950; baseline 0.006 -31"><span class='ocrx_word' id='word_1_256' title='bbox 606 1883 668 1920; x_wconf 84' lang='lat' dir='ltr'><strong>eo</strong></span> <span class='ocrx_word' id='word_1_257' title='bbox 701 1865 916 1936; x_wconf 79' lang='lat' dir='ltr'><strong>(Matth.</strong></span> <span class='ocrx_word' id='word_1_258' title='bbox 967 1881 1086 1930; x_wconf 81' lang='lat' dir='ltr'><strong>xm,</strong></span> <span class='ocrx_word' id='word_1_259' title='bbox 1143 1864 1251 1937; x_wconf 90' lang='grc'><strong>11).</strong></span> <span class='ocrx_word' id='word_1_260' title='bbox 1299 1864 1424 1920; x_wconf 80' lang='lat' dir='ltr'><strong>Haec</strong></span> <span class='ocrx_word' id='word_1_261' title='bbox 1469 1865 1536 1918; x_wconf 86' lang='lat' dir='ltr'><strong>ad</strong></span> <span class='ocrx_word' id='word_1_262' title='bbox 1589 1867 1864 1934; x_wconf 89' lang='lat' dir='ltr'><strong>superiora</strong></span> <span class='ocrx_word' id='word_1_263' title='bbox 1922 1863 2190 1919; x_wconf 86' lang='lat' dir='ltr'><strong>sententia</strong></span> <span class='ocrx_word' id='word_1_264' title='bbox 2296 1870 2378 1916; x_wconf 88' lang='lat' dir='ltr'><strong>ter</strong></span> <span class='ocrx_word' id='word_1_265' title='bbox 2403 1864 2546 1920; x_wconf 85' lang='lat' dir='ltr'><strong>enim</strong></span> <span class='ocrx_word' id='word_1_266' title='bbox 2573 1866 2752 1936; x_wconf 90' lang='lat' dir='ltr'><strong>justus</strong></span> <span class='ocrx_word' id='word_1_267' title='bbox 2790 1885 2914 1925; x_wconf 89' lang='lat' dir='ltr'><strong>esse</strong></span> <span class='ocrx_word' id='word_1_268' title='bbox 2953 1888 3060 1928; x_wconf 91' lang='lat' dir='ltr'><strong>non</strong></span> <span class='ocrx_word' id='word_1_269' title='bbox 3099 1889 3317 1945; x_wconf 89' lang='lat' dir='ltr'><strong>posset,</strong></span> <span class='ocrx_word' id='word_1_270' title='bbox 3356 1862 3539 1949; x_wconf 83' lang='lat' dir='ltr'><strong>legant</strong></span> <span class='ocrx_word' id='word_1_271' title='bbox 3564 1881 3828 1950; x_wconf 89' lang='lat' dir='ltr'><strong>Psalmum,</strong></span> 
     </span>
    </p>
   </div>
   <div class='ocr_carea' id='block_1_19' title="bbox 603 1953 3828 2047">
    <p class='ocr_par' dir='ltr' id='par_1_19' title="bbox 603 1953 3828 2047">
     <span class='ocr_line' id='line_1_19' title="bbox 603 1953 3828 2047; baseline 0.006 -35"><span class='ocrx_word' id='word_1_272' title='bbox 603 1957 852 2026; x_wconf 82' lang='lat' dir='ltr'><strong>respicit,</strong></span> <span class='ocrx_word' id='word_1_273' title='bbox 883 1955 1079 2010; x_wconf 90' lang='lat' dir='ltr'><strong>docens</strong></span> <span class='ocrx_word' id='word_1_274' title='bbox 1125 1964 1180 2009; x_wconf 92' lang='lat' dir='ltr'><strong>et</strong></span> <span class='ocrx_word' id='word_1_275' title='bbox 1220 1954 1369 2008; x_wconf 90' lang='lat' dir='ltr'><strong>illum</strong></span> <span class='ocrx_word' id='word_1_276' title='bbox 1391 1970 1549 2026; x_wconf 88' lang='lat' dir='ltr'><strong>posse</strong></span> <span class='ocrx_word' id='word_1_277' title='bbox 1572 1955 1823 2009; x_wconf 87' lang='lat' dir='ltr'><strong>amittere</strong></span> <span class='ocrx_word' id='word_1_278' title='bbox 1844 1970 2040 2009; x_wconf 90' lang='lat' dir='ltr'><strong>munus</strong></span> <span class='ocrx_word' id='word_1_279' title='bbox 2073 1953 2184 2016; x_wconf 88' lang='lat' dir='ltr'><strong>Dei,</strong></span> <span class='ocrx_word' id='word_1_280' title='bbox 2293 1955 2383 2010; x_wconf 92' lang='lat' dir='ltr'><strong>ubi</strong></span> <span class='ocrx_word' id='word_1_281' title='bbox 2430 1957 2570 2011; x_wconf 81' lang='lat' dir='ltr'><strong>inter</strong></span> <span class='ocrx_word' id='word_1_282' title='bbox 2610 1968 2804 2014; x_wconf 59' lang='lat' dir='ltr'><strong>caetera</strong></span> <span class='ocrx_word' id='word_1_283' title='bbox 2851 1963 3216 2022; x_wconf 89' lang='lat' dir='ltr'><strong>decantatur:</strong></span> <span class='ocrx_word' id='word_1_284' title='bbox 3275 1970 3383 2036; x_wconf 79' lang='lat' dir='ltr'><strong>Qui</strong></span> <span class='ocrx_word' id='word_1_285' title='bbox 3433 1977 3677 2043; x_wconf 75' lang='lat' dir='ltr'><strong>percussit</strong></span> <span class='ocrx_word' id='word_1_286' title='bbox 3716 1993 3828 2047; x_wconf 83' lang='lat' dir='ltr'><strong>reges</strong></span> 
     </span>
    </p>
   </div>
   <div class='ocr_carea' id='block_1_20' title="bbox 601 2048 3828 2130">
    <p class='ocr_par' dir='ltr' id='par_1_20' title="bbox 601 2048 3828 2130">
     <span class='ocr_line' id='line_1_20' title="bbox 601 2048 3828 2130; baseline 0.007 -28"><span class='ocrx_word' id='word_1_287' title='bbox 601 2049 696 2121; x_wconf 90' lang='lat' dir='ltr'><strong>qui</strong></span> <span class='ocrx_word' id='word_1_288' title='bbox 738 2049 945 2104; x_wconf 86' lang='lat' dir='ltr'><strong>habens</strong></span> <span class='ocrx_word' id='word_1_289' title='bbox 970 2063 1076 2102; x_wconf 90' lang='lat' dir='ltr'><strong>non</strong></span> <span class='ocrx_word' id='word_1_290' title='bbox 1102 2048 1291 2114; x_wconf 86' lang='lat' dir='ltr'><strong>habet,</strong></span> <span class='ocrx_word' id='word_1_291' title='bbox 1333 2049 1384 2102; x_wconf 91' lang='lat' dir='ltr'><strong>id</strong></span> <span class='ocrx_word' id='word_1_292' title='bbox 1415 2057 1500 2104; x_wconf 90' lang='lat' dir='ltr'><strong>est</strong></span> <span class='ocrx_word' id='word_1_293' title='bbox 1540 2065 1645 2105; x_wconf 91' lang='lat' dir='ltr'><strong>non</strong></span> <span class='ocrx_word' id='word_1_294' title='bbox 1697 2049 1901 2113; x_wconf 91' lang='lat' dir='ltr'><strong>utitur,</strong></span> <span class='ocrx_word' id='word_1_295' title='bbox 1941 2057 1996 2102; x_wconf 92' lang='lat' dir='ltr'><strong>et</strong></span> <span class='ocrx_word' id='word_1_296' title='bbox 2028 2049 2080 2101; x_wconf 93' lang='lat' dir='ltr'><strong>in</strong></span> <span class='ocrx_word' id='word_1_297' title='bbox 2123 2063 2189 2103; x_wconf 92' lang='lat' dir='ltr'><strong>eo</strong></span> <span class='ocrx_word' id='word_1_298' title='bbox 2260 2128 2262 2130; x_wconf 13' lang='grc' dir='ltr'><strong><em>ν</em></strong></span> <span class='ocrx_word' id='word_1_299' title='bbox 2289 2065 2525 2119; x_wconf 89' lang='lat' dir='ltr'><strong>magnos,</strong></span> <span class='ocrx_word' id='word_1_300' title='bbox 2553 2061 2599 2105; x_wconf 89' lang='lat' dir='ltr'><strong>et</strong></span> <span class='ocrx_word' id='word_1_301' title='bbox 2629 2055 2816 2108; x_wconf 88' lang='lat' dir='ltr'><strong>occidit</strong></span> <span class='ocrx_word' id='word_1_302' title='bbox 2843 2073 2984 2127; x_wconf 87' lang='lat' dir='ltr'><strong>reges</strong></span> <span class='ocrx_word' id='word_1_303' title='bbox 3011 2059 3195 2128; x_wconf 77' lang='lat' dir='ltr'><strong>fortes,</strong></span> <span class='ocrx_word' id='word_1_304' title='bbox 3220 2073 3272 2117; x_wconf 85' lang='lat' dir='ltr'><strong>et</strong></span> <span class='ocrx_word' id='word_1_305' title='bbox 3300 2063 3445 2118; x_wconf 89' lang='lat' dir='ltr'><strong>dedit</strong></span> <span class='ocrx_word' id='word_1_306' title='bbox 3476 2077 3659 2120; x_wconf 87' lang='lat' dir='ltr'><strong>terram</strong></span> <span class='ocrx_word' id='word_1_307' title='bbox 3683 2085 3828 2124; x_wconf 83' lang='lat' dir='ltr'><strong>eorum</strong></span> 
     </span>
    </p>
   </div>
   <div class='ocr_carea' id='block_1_21' title="bbox 604 2140 3826 2215">
    <p class='ocr_par' dir='ltr' id='par_1_21' title="bbox 604 2140 3826 2215">
     <span class='ocr_line' id='line_1_21' title="bbox 604 2140 3826 2215; baseline 0.006 -21"><span class='ocrx_word' id='word_1_308' title='bbox 604 2141 790 2212; x_wconf 87' lang='lat' dir='ltr'><strong>augeri</strong></span> <span class='ocrx_word' id='word_1_309' title='bbox 818 2141 909 2210; x_wconf 91' lang='lat' dir='ltr'><strong>qui</strong></span> <span class='ocrx_word' id='word_1_310' title='bbox 940 2140 1146 2195; x_wconf 91' lang='lat' dir='ltr'><strong>habens</strong></span> <span class='ocrx_word' id='word_1_311' title='bbox 1183 2140 1367 2207; x_wconf 86' lang='lat' dir='ltr'><strong>habet,</strong></span> <span class='ocrx_word' id='word_1_312' title='bbox 1409 2141 1510 2196; x_wconf 90' lang='lat' dir='ltr'><strong>hoc</strong></span> <span class='ocrx_word' id='word_1_313' title='bbox 1540 2149 1622 2196; x_wconf 90' lang='lat' dir='ltr'><strong>est</strong></span> <span class='ocrx_word' id='word_1_314' title='bbox 1663 2142 1800 2196; x_wconf 84' lang='lat' dir='ltr'><strong>bene</strong></span> <span class='ocrx_word' id='word_1_315' title='bbox 1828 2141 2014 2195; x_wconf 89' lang='lat' dir='ltr'><strong>utitur.</strong></span> <span class='ocrx_word' id='word_1_316' title='bbox 2054 2159 2072 2191; x_wconf 75' lang='grc' dir='ltr'><strong><em>ι</em></strong></span> <span class='ocrx_word' id='word_1_317' title='bbox 2113 2140 2179 2194; x_wconf 85' lang='lat' dir='ltr'><strong>Et</strong></span> <span class='ocrx_word' id='word_1_318' title='bbox 2287 2140 2640 2195; x_wconf 72' lang='lat' dir='ltr'><strong>hmreditatem</strong></span> <span class='ocrx_word' id='word_1_319' title='bbox 2672 2146 2862 2214; x_wconf 88' lang='lat' dir='ltr'><strong>populo</strong></span> <span class='ocrx_word' id='word_1_320' title='bbox 2892 2164 3008 2202; x_wconf 86' lang='lat' dir='ltr'><strong>suo.</strong></span> <span class='ocrx_word' id='word_1_321' title='bbox 3071 2150 3208 2215; x_wconf 83' lang='lat' dir='ltr'><strong>Quia</strong></span> <span class='ocrx_word' id='word_1_322' title='bbox 3253 2154 3310 2208; x_wconf 84' lang='lat' dir='ltr'><strong>in</strong></span> <span class='ocrx_word' id='word_1_323' title='bbox 3353 2156 3642 2211; x_wconf 83' lang='lat' dir='ltr'><strong>humilitate</strong></span> <span class='ocrx_word' id='word_1_324' title='bbox 3681 2170 3826 2213; x_wconf 83' lang='lat' dir='ltr'><strong>nostra</strong></span> 
     </span>
    </p>
   </div>
   <div class='ocr_carea' id='block_1_22' title="bbox 599 2233 3823 2304">
    <p class='ocr_par' dir='ltr' id='par_1_22' title="bbox 599 2233 3823 2304">
     <span class='ocr_line' id='line_1_22' title="bbox 599 2233 3823 2304; baseline 0.005 -18"><span class='ocrx_word' id='word_1_325' title='bbox 599 2234 762 2303; x_wconf 90' lang='lat' dir='ltr'><strong>paqu</strong></span> <span class='ocrx_word' id='word_1_326' title='bbox 805 2233 1052 2303; x_wconf 89' lang='lat' dir='ltr'><strong>superius</strong></span> <span class='ocrx_word' id='word_1_327' title='bbox 1081 2252 1093 2286; x_wconf 96' lang='lat'><strong>:</strong></span> <span class='ocrx_word' id='word_1_328' title='bbox 1125 2251 1143 2284; x_wconf 86' lang='lat' dir='ltr'><strong>t</strong></span> <span class='ocrx_word' id='word_1_329' title='bbox 1180 2233 1344 2287; x_wconf 81' lang='lat' dir='ltr'><strong>Recte</strong></span> <span class='ocrx_word' id='word_1_330' title='bbox 1389 2233 1588 2287; x_wconf 89' lang='lat' dir='ltr'><strong>amittit</strong></span> <span class='ocrx_word' id='word_1_331' title='bbox 1627 2233 1874 2287; x_wconf 85' lang='lat' dir='ltr'><strong>collatam</strong></span> <span class='ocrx_word' id='word_1_332' title='bbox 1904 2233 2132 2300; x_wconf 83' lang='lat' dir='ltr'><strong>gratiam</strong></span> <span class='ocrx_word' id='word_1_333' title='bbox 2157 2273 2171 2298; x_wconf 93' lang='lat'><strong>,</strong></span> <span class='ocrx_word' id='word_1_334' title='bbox 2284 2249 2482 2287; x_wconf 88' lang='lat' dir='ltr'><strong>memor</strong></span> <span class='ocrx_word' id='word_1_335' title='bbox 2502 2234 2604 2304; x_wconf 73' lang='lat' dir='ltr'><strong>fuit</strong></span> <span class='ocrx_word' id='word_1_336' title='bbox 2631 2239 2814 2301; x_wconf 78' lang='lat' dir='ltr'><strong>nostri,</strong></span> <span class='ocrx_word' id='word_1_337' title='bbox 2838 2249 2886 2292; x_wconf 89' lang='lat' dir='ltr'><strong>et</strong></span> <span class='ocrx_word' id='word_1_338' title='bbox 2914 2241 3130 2297; x_wconf 86' lang='lat' dir='ltr'><strong>redemit</strong></span> <span class='ocrx_word' id='word_1_339' title='bbox 3160 2261 3257 2300; x_wconf 86' lang='lat' dir='ltr'><strong>nos</strong></span> <span class='ocrx_word' id='word_1_340' title='bbox 3286 2251 3353 2300; x_wconf 90' lang='lat' dir='ltr'><strong>ab</strong></span> <span class='ocrx_word' id='word_1_341' title='bbox 3384 2249 3607 2303; x_wconf 87' lang='lat' dir='ltr'><strong>inimicis</strong></span> <span class='ocrx_word' id='word_1_342' title='bbox 3631 2252 3823 2304; x_wconf 83' lang='lat' dir='ltr'><strong>nostris:</strong></span> 
     </span>
    </p>
   </div>
   <div class='ocr_carea' id='block_1_23' title="bbox 598 2324 3821 2409">
    <p class='ocr_par' dir='ltr' id='par_1_23' title="bbox 598 2324 3821 2409">
     <span class='ocr_line' id='line_1_23' title="bbox 598 2324 3821 2409; baseline 0.005 -32"><span class='ocrx_word' id='word_1_343' title='bbox 598 2339 763 2395; x_wconf 84' lang='lat' dir='ltr'><strong>quam</strong></span> <span class='ocrx_word' id='word_1_344' title='bbox 793 2325 1138 2395; x_wconf 58' lang='lat' dir='ltr'><strong>praedicando</strong></span> <span class='ocrx_word' id='word_1_345' title='bbox 1169 2324 1289 2378; x_wconf 89' lang='lat' dir='ltr'><strong>aliis</strong></span> <span class='ocrx_word' id='word_1_346' title='bbox 1333 2325 1737 2378; x_wconf 87' lang='lat' dir='ltr'><strong>communicare</strong></span> <span class='ocrx_word' id='word_1_347' title='bbox 1761 2325 2019 2393; x_wconf 81' lang='lat' dir='ltr'><strong>neglexit,</strong></span> <span class='ocrx_word' id='word_1_348' title='bbox 2049 2333 2105 2377; x_wconf 91' lang='lat' dir='ltr'><strong>ut</strong></span> <span class='ocrx_word' id='word_1_349' title='bbox 2132 2325 2182 2380; x_wconf 89' lang='lat' dir='ltr'><strong>ei</strong></span> <span class='ocrx_word' id='word_1_350' title='bbox 2283 2336 2379 2390; x_wconf 87' lang='lat' dir='ltr'><strong>per</strong></span> <span class='ocrx_word' id='word_1_351' title='bbox 2404 2324 2639 2394; x_wconf 85' lang='lat' dir='ltr'><strong>singula,</strong></span> <span class='ocrx_word' id='word_1_352' title='bbox 2681 2331 2927 2397; x_wconf 84' lang='lat' dir='ltr'><strong>quoniam</strong></span> <span class='ocrx_word' id='word_1_353' title='bbox 2970 2333 3025 2384; x_wconf 88' lang='lat' dir='ltr'><strong>in</strong></span> <span class='ocrx_word' id='word_1_354' title='bbox 3061 2343 3319 2389; x_wconf 66' lang='lat' dir='ltr'><strong>aeternum</strong></span> <span class='ocrx_word' id='word_1_355' title='bbox 3363 2339 3704 2392; x_wconf 78' lang='lat' dir='ltr'><strong>misericordia</strong></span> <span class='ocrx_word' id='word_1_356' title='bbox 3731 2340 3821 2409; x_wconf 77' lang='lat' dir='ltr'><strong>ejus</strong></span> 
     </span>
    </p>
   </div>
   <div class='ocr_carea' id='block_1_24' title="bbox 598 2409 3817 2493">
    <p class='ocr_par' dir='ltr' id='par_1_24' title="bbox 598 2409 3817 2493">
     <span class='ocr_line' id='line_1_24' title="bbox 598 2409 3817 2493; baseline 0.003 -23"><span class='ocrx_word' id='word_1_357' title='bbox 598 2424 864 2488; x_wconf 86' lang='lat' dir='ltr'><strong>augeatur</strong></span> <span class='ocrx_word' id='word_1_358' title='bbox 905 2416 997 2486; x_wconf 91' lang='lat' dir='ltr'><strong>qui</strong></span> <span class='ocrx_word' id='word_1_359' title='bbox 1051 2416 1175 2471; x_wconf 90' lang='lat' dir='ltr'><strong>inde</strong></span> <span class='ocrx_word' id='word_1_360' title='bbox 1217 2415 1524 2480; x_wconf 90' lang='lat' dir='ltr'><strong>laboravit,</strong></span> <span class='ocrx_word' id='word_1_361' title='bbox 1566 2417 1718 2487; x_wconf 82' lang='lat' dir='ltr'><strong>juxta</strong></span> <span class='ocrx_word' id='word_1_362' title='bbox 1786 2418 1926 2486; x_wconf 88' lang='lat' dir='ltr'><strong>quod</strong></span> <span class='ocrx_word' id='word_1_363' title='bbox 1991 2415 2182 2487; x_wconf 85' lang='lat' dir='ltr'><strong>angelo</strong></span> <span class='ocrx_word' id='word_1_364' title='bbox 2284 2409 2455 2482; x_wconf 75' lang='grc' dir='ltr'><strong>(Ρεαι-</strong></span> <span class='ocrx_word' id='word_1_365' title='bbox 2498 2430 2695 2482; x_wconf 73' lang='lat' dir='ltr'><strong>CXXXV,</strong></span> <span class='ocrx_word' id='word_1_366' title='bbox 2743 2419 2854 2490; x_wconf 83' lang='grc'><strong>17).</strong></span> <span class='ocrx_word' id='word_1_367' title='bbox 2915 2419 3103 2477; x_wconf 86' lang='lat' dir='ltr'><strong>Justus</strong></span> <span class='ocrx_word' id='word_1_368' title='bbox 3152 2424 3208 2477; x_wconf 90' lang='lat' dir='ltr'><strong>in</strong></span> <span class='ocrx_word' id='word_1_369' title='bbox 3261 2428 3536 2493; x_wconf 88' lang='lat' dir='ltr'><strong>omnibus,</strong></span> <span class='ocrx_word' id='word_1_370' title='bbox 3586 2431 3740 2485; x_wconf 87' lang='lat' dir='ltr'><strong>bonus</strong></span> <span class='ocrx_word' id='word_1_371' title='bbox 3776 2432 3817 2485; x_wconf 87' lang='lat' dir='ltr'><strong>in</strong></span> 
     </span>
    </p>
   </div>
   <div class='ocr_carea' id='block_1_25' title="bbox 594 2505 3819 2590">
    <p class='ocr_par' dir='ltr' id='par_1_25' title="bbox 594 2505 3819 2590">
     <span class='ocr_line' id='line_1_25' title="bbox 594 2505 3819 2590; baseline 0.003 -26"><span class='ocrx_word' id='word_1_372' title='bbox 594 2508 794 2580; x_wconf 87' lang='lat' dir='ltr'><strong>Ephesi</strong></span> <span class='ocrx_word' id='word_1_373' title='bbox 835 2508 1091 2563; x_wconf 85' lang='lat' dir='ltr'><strong>Ecclesiae</strong></span> <span class='ocrx_word' id='word_1_374' title='bbox 1151 2508 1392 2564; x_wconf 86' lang='lat' dir='ltr'><strong>dicitur:</strong></span> <span class='ocrx_word' id='word_1_375' title='bbox 1445 2509 1513 2561; x_wconf 82' lang='lat' dir='ltr'><strong>Et</strong></span> <span class='ocrx_word' id='word_1_376' title='bbox 1552 2508 1759 2562; x_wconf 86' lang='lat' dir='ltr'><strong>movebo</strong></span> <span class='ocrx_word' id='word_1_377' title='bbox 1805 2507 2180 2563; x_wconf 82' lang='lat' dir='ltr'><strong>candelabrum</strong></span> <span class='ocrx_word' id='word_1_378' title='bbox 2279 2505 2552 2575; x_wconf 84' lang='lat' dir='ltr'><strong>omnibus,</strong></span> <span class='ocrx_word' id='word_1_379' title='bbox 2585 2517 2790 2563; x_wconf 88' lang='lat' dir='ltr'><strong>etcum</strong></span> <span class='ocrx_word' id='word_1_380' title='bbox 2819 2511 2976 2580; x_wconf 91' lang='lat' dir='ltr'><strong>punit</strong></span> <span class='ocrx_word' id='word_1_381' title='bbox 3013 2513 3230 2584; x_wconf 90' lang='lat' dir='ltr'><strong>impios,</strong></span> <span class='ocrx_word' id='word_1_382' title='bbox 3272 2526 3328 2572; x_wconf 90' lang='lat' dir='ltr'><strong>et</strong></span> <span class='ocrx_word' id='word_1_383' title='bbox 3358 2534 3481 2572; x_wconf 90' lang='lat' dir='ltr'><strong>cum</strong></span> <span class='ocrx_word' id='word_1_384' title='bbox 3511 2519 3694 2575; x_wconf 90' lang='lat' dir='ltr'><strong>liberat</strong></span> <span class='ocrx_word' id='word_1_385' title='bbox 3715 2535 3819 2590; x_wconf 83' lang='lat' dir='ltr'><strong>pec-</strong></span> 
     </span>
    </p>
   </div>
   <div class='ocr_carea' id='block_1_26' title="bbox 592 2598 3427 2676">
    <p class='ocr_par' dir='ltr' id='par_1_26' title="bbox 592 2598 3427 2676">
     <span class='ocr_line' id='line_1_26' title="bbox 592 2598 3427 2676; baseline 0.004 -22"><span class='ocrx_word' id='word_1_386' title='bbox 592 2617 749 2654; x_wconf 82' lang='lat' dir='ltr'><strong>suum</strong></span> <span class='ocrx_word' id='word_1_387' title='bbox 785 2598 987 2654; x_wconf 87' lang='lat' dir='ltr'><strong>deloco</strong></span> <span class='ocrx_word' id='word_1_388' title='bbox 1021 2615 1138 2663; x_wconf 88' lang='lat' dir='ltr'><strong>suo,</strong></span> <span class='ocrx_word' id='word_1_389' title='bbox 1188 2600 1289 2653; x_wconf 87' lang='lat' dir='ltr'><strong>nisi</strong></span> <span class='ocrx_word' id='word_1_390' title='bbox 1331 2600 1685 2668; x_wconf 74' lang='lat' dir='ltr'><strong>paenitentiam</strong></span> <span class='ocrx_word' id='word_1_391' title='bbox 1715 2600 1872 2670; x_wconf 89' lang='lat' dir='ltr'><strong>egerit</strong></span> <span class='ocrx_word' id='word_1_392' title='bbox 1919 2599 2083 2670; x_wconf 76' lang='lat' dir='ltr'><strong>(Apoc</strong></span> <span class='ocrx_word' id='word_1_393' title='bbox 2114 2617 2174 2668; x_wconf 86' lang='lat' dir='ltr'><strong>ll,</strong></span> <span class='ocrx_word' id='word_1_394' title='bbox 2279 2606 2514 2662; x_wconf 69' lang='lat' dir='ltr'><strong>CalorGS,</strong></span> <span class='ocrx_word' id='word_1_395' title='bbox 2542 2607 2746 2654; x_wconf 79' lang='lat' dir='ltr'><strong>etcum</strong></span> <span class='ocrx_word' id='word_1_396' title='bbox 2775 2612 2999 2658; x_wconf 87' lang='lat' dir='ltr'><strong>coronat</strong></span> <span class='ocrx_word' id='word_1_397' title='bbox 3025 2607 3200 2676; x_wconf 87' lang='lat' dir='ltr'><strong>gratia</strong></span> <span class='ocrx_word' id='word_1_398' title='bbox 3226 2607 3427 2675; x_wconf 78' lang='lat' dir='ltr'><strong>iustos.</strong></span> 
     </span>
    </p>
   </div>
   <div class='ocr_carea' id='block_1_27' title="bbox 593 2690 2169 2773">
    <p class='ocr_par' dir='ltr' id='par_1_27' title="bbox 593 2692 2169 2770">
     <span class='ocr_line' id='line_1_27' title="bbox 593 2692 2169 2770; baseline 0.003 -23"><span class='ocrx_word' id='word_1_399' title='bbox 593 2692 648 2763; x_wconf 82' lang='lat'><strong>5)</strong></span> <span class='ocrx_word' id='word_1_400' title='bbox 667 2734 682 2759; x_wconf 94' lang='lat'><strong>,</strong></span> <span class='ocrx_word' id='word_1_401' title='bbox 707 2702 761 2747; x_wconf 89' lang='lat' dir='ltr'><strong>et</strong></span> <span class='ocrx_word' id='word_1_402' title='bbox 788 2709 909 2748; x_wconf 92' lang='lat' dir='ltr'><strong>cum</strong></span> <span class='ocrx_word' id='word_1_403' title='bbox 939 2694 1144 2762; x_wconf 84' lang='lat' dir='ltr'><strong>regium</strong></span> <span class='ocrx_word' id='word_1_404' title='bbox 1176 2695 1334 2765; x_wconf 74' lang='lat'><strong>207</strong></span> <span class='ocrx_word' id='word_1_405' title='bbox 1361 2695 1622 2760; x_wconf 89' lang='lat' dir='ltr'><strong>chrisma,</strong></span> <span class='ocrx_word' id='word_1_406' title='bbox 1649 2696 1790 2765; x_wconf 87' lang='lat' dir='ltr'><strong>quod</strong></span> <span class='ocrx_word' id='word_1_407' title='bbox 1817 2697 2169 2770; x_wconf 78' lang='lat' dir='ltr'><strong>superbiendo</strong></span> 
     </span>
    </p>
   </div>
   <div class='ocr_carea' id='block_1_28' title="bbox 2241 2690 3817 2773">
    <p class='ocr_par' dir='ltr' id='par_1_28' title="bbox 2350 2690 3817 2773">
     <span class='ocr_line' id='line_1_28' title="bbox 2350 2690 3817 2773; baseline 0.013 -30"><span class='ocrx_word' id='word_1_408' title='bbox 2350 2690 2516 2762; x_wconf 70' lang='lat'><strong>208</strong></span> <span class='ocrx_word' id='word_1_409' title='bbox 2546 2691 2810 2748; x_wconf 68' lang='lat' dir='ltr'><strong>Caaterum</strong></span> <span class='ocrx_word' id='word_1_410' title='bbox 2839 2697 2904 2751; x_wconf 90' lang='lat' dir='ltr'><strong>de</strong></span> <span class='ocrx_word' id='word_1_411' title='bbox 2933 2699 3107 2766; x_wconf 90' lang='lat' dir='ltr'><strong>primo</strong></span> <span class='ocrx_word' id='word_1_412' title='bbox 3143 2703 3288 2770; x_wconf 83' lang='lat' dir='ltr'><strong>quod</strong></span> <span class='ocrx_word' id='word_1_413' title='bbox 3327 2713 3530 2773; x_wconf 90' lang='lat' dir='ltr'><strong>ponunt</strong></span> <span class='ocrx_word' id='word_1_414' title='bbox 3557 2706 3817 2762; x_wconf 88' lang='lat' dir='ltr'><strong>testimonio</strong></span> 
     </span>
    </p>
   </div>
   <div class='ocr_carea' id='block_1_29' title="bbox 593 2779 2169 2866">
    <p class='ocr_par' dir='ltr' id='par_1_29' title="bbox 593 2779 2169 2857">
     <span class='ocr_line' id='line_1_29' title="bbox 593 2779 2169 2857; baseline 0.004 -22"><span class='ocrx_word' id='word_1_415' title='bbox 593 2779 724 2836; x_wconf 91' lang='lat' dir='ltr'><strong>Saul</strong></span> <span class='ocrx_word' id='word_1_416' title='bbox 759 2782 972 2848; x_wconf 90' lang='lat' dir='ltr'><strong>amisit,</strong></span> <span class='ocrx_word' id='word_1_417' title='bbox 1007 2782 1174 2837; x_wconf 88' lang='lat' dir='ltr'><strong>David</strong></span> <span class='ocrx_word' id='word_1_418' title='bbox 1202 2783 1500 2857; x_wconf 88' lang='lat' dir='ltr'><strong>obediendo</strong></span> <span class='ocrx_word' id='word_1_419' title='bbox 1533 2787 1875 2857; x_wconf 88' lang='lat' dir='ltr'><strong>promeruit:</strong></span> <span class='ocrx_word' id='word_1_420' title='bbox 1910 2785 2169 2856; x_wconf 76' lang='lat' dir='ltr'><strong>Spiritus,</strong></span> 
     </span>
    </p>
   </div>
   <div class='ocr_carea' id='block_1_30' title="bbox 2234 2779 3810 2866">
    <p class='ocr_par' dir='ltr' id='par_1_30' title="bbox 2279 2779 3810 2866">
     <span class='ocr_line' id='line_1_30' title="bbox 2279 2779 3810 2866; baseline 0.009 -33"><span class='ocrx_word' id='word_1_421' title='bbox 2279 2779 2354 2833; x_wconf 87' lang='lat' dir='ltr'><strong>ait</strong></span> <span class='ocrx_word' id='word_1_422' title='bbox 2400 2791 2619 2837; x_wconf 89' lang='lat' dir='ltr'><strong>sanctus</strong></span> <span class='ocrx_word' id='word_1_423' title='bbox 2665 2785 2998 2862; x_wconf 84' lang='lat' dir='ltr'><strong>Augustinus</strong></span> <span class='ocrx_word' id='word_1_424' title='bbox 3030 2789 3083 2843; x_wconf 91' lang='lat' dir='ltr'><strong>in</strong></span> <span class='ocrx_word' id='word_1_425' title='bbox 3124 2791 3340 2859; x_wconf 89' lang='lat' dir='ltr'><strong>psalmo</strong></span> <span class='ocrx_word' id='word_1_426' title='bbox 3369 2809 3476 2848; x_wconf 84' lang='lat' dir='ltr'><strong>cxu</strong></span> <span class='ocrx_word' id='word_1_427' title='bbox 3504 2795 3588 2866; x_wconf 88' lang='lat' dir='ltr'><strong>(In</strong></span> <span class='ocrx_word' id='word_1_428' title='bbox 3617 2805 3810 2849; x_wconf 84' lang='lat' dir='ltr'><strong>enarrat.</strong></span> 
     </span>
    </p>
   </div>
   <div class='ocr_carea' id='block_1_31' title="bbox 590 2872 2166 2958">
    <p class='ocr_par' dir='ltr' id='par_1_31' title="bbox 590 2872 2166 2944">
     <span class='ocr_line' id='line_1_31' title="bbox 590 2872 2166 2944; baseline 0.005 -18"><span class='ocrx_word' id='word_1_429' title='bbox 590 2872 784 2942; x_wconf 88' lang='lat' dir='ltr'><strong>inquit,</strong></span> <span class='ocrx_word' id='word_1_430' title='bbox 804 2873 1016 2928; x_wconf 82' lang='lat' dir='ltr'><strong>Domini</strong></span> <span class='ocrx_word' id='word_1_431' title='bbox 1035 2874 1268 2930; x_wconf 80' lang='lat' dir='ltr'><strong>discessit</strong></span> <span class='ocrx_word' id='word_1_432' title='bbox 1291 2894 1323 2930; x_wconf 90' lang='lat' dir='ltr'><strong>a</strong></span> <span class='ocrx_word' id='word_1_433' title='bbox 1349 2875 1501 2944; x_wconf 90' lang='lat' dir='ltr'><strong>Saul,</strong></span> <span class='ocrx_word' id='word_1_434' title='bbox 1518 2887 1566 2932; x_wconf 89' lang='lat' dir='ltr'><strong>et</strong></span> <span class='ocrx_word' id='word_1_435' title='bbox 1588 2878 1815 2933; x_wconf 87' lang='lat' dir='ltr'><strong>directus</strong></span> <span class='ocrx_word' id='word_1_436' title='bbox 1849 2888 1922 2933; x_wconf 88' lang='lat' dir='ltr'><strong>est</strong></span> <span class='ocrx_word' id='word_1_437' title='bbox 1939 2880 1992 2933; x_wconf 88' lang='lat' dir='ltr'><strong>in</strong></span> <span class='ocrx_word' id='word_1_438' title='bbox 2005 2878 2166 2935; x_wconf 88' lang='lat' dir='ltr'><strong>David</strong></span> 
     </span>
    </p>
   </div>
   <div class='ocr_carea' id='block_1_32' title="bbox 2236 2872 3812 2958">
    <p class='ocr_par' dir='ltr' id='par_1_32' title="bbox 2275 2873 3812 2958">
     <span class='ocr_line' id='line_1_32' title="bbox 2275 2873 3812 2958; baseline 0.01 -34"><span class='ocrx_word' id='word_1_439' title='bbox 2275 2873 2369 2925; x_wconf 89' lang='lat' dir='ltr'><strong>sub</strong></span> <span class='ocrx_word' id='word_1_440' title='bbox 2408 2873 2585 2958; x_wconf 75' lang='lat' dir='ltr'><strong>ﬁnem.</strong></span> <span class='ocrx_word' id='word_1_441' title='bbox 2633 2873 2780 2930; x_wconf 83' lang='lat' dir='ltr'><strong>Psal.</strong></span> <span class='ocrx_word' id='word_1_442' title='bbox 2809 2894 2970 2944; x_wconf 81' lang='lat' dir='ltr'><strong>cxul,</strong></span> <span class='ocrx_word' id='word_1_443' title='bbox 3000 2882 3126 2952; x_wconf 78' lang='lat' dir='ltr'><strong>ll):</strong></span> <span class='ocrx_word' id='word_1_444' title='bbox 3178 2883 3325 2940; x_wconf 87' lang='lat' dir='ltr'><strong>Deus</strong></span> <span class='ocrx_word' id='word_1_445' title='bbox 3374 2898 3544 2942; x_wconf 87' lang='lat' dir='ltr'><strong>autem</strong></span> <span class='ocrx_word' id='word_1_446' title='bbox 3586 2899 3739 2943; x_wconf 84' lang='lat' dir='ltr'><strong>noster</strong></span> <span class='ocrx_word' id='word_1_447' title='bbox 3772 2889 3812 2940; x_wconf 85' lang='lat' dir='ltr'><strong>in</strong></span> 
     </span>
    </p>
   </div>
   <div class='ocr_carea' id='block_1_33' title="bbox 589 2963 3813 3050">
    <p class='ocr_par' dir='ltr' id='par_1_33' title="bbox 589 2963 3813 3050">
     <span class='ocr_line' id='line_1_33' title="bbox 589 2963 3813 3050; baseline 0.008 -43"><span class='ocrx_word' id='word_1_448' title='bbox 589 2981 621 3016; x_wconf 82' lang='grc' dir='ltr'><em>α</em></span> <span class='ocrx_word' id='word_1_449' title='bbox 647 2964 731 3017; x_wconf 74' lang='lat' dir='ltr'><strong>die</strong></span> <span class='ocrx_word' id='word_1_450' title='bbox 762 2963 855 3017; x_wconf 71' lang='lat' dir='ltr'><strong>illa</strong></span> <span class='ocrx_word' id='word_1_451' title='bbox 895 2975 944 3018; x_wconf 76' lang='grc' dir='ltr'><strong>ει</strong></span> <span class='ocrx_word' id='word_1_452' title='bbox 983 2965 1242 3036; x_wconf 63' lang='lat' dir='ltr'><strong>deinceps,</strong></span> <span class='ocrx_word' id='word_1_453' title='bbox 1273 2987 1291 3018; x_wconf 71' lang='grc' dir='ltr'><strong>ι</strong></span> <span class='ocrx_word' id='word_1_454' title='bbox 2275 2963 2400 3019; x_wconf 75' lang='lat' dir='ltr'><strong>caelo</strong></span> <span class='ocrx_word' id='word_1_455' title='bbox 2429 2983 2639 3022; x_wconf 86' lang='lat' dir='ltr'><strong>sursum</strong></span> <span class='ocrx_word' id='word_1_456' title='bbox 2658 2983 2676 3020; x_wconf 90' lang='lat'><strong>:</strong></span> <span class='ocrx_word' id='word_1_457' title='bbox 2698 2988 2715 3020; x_wconf 82' lang='lat' dir='ltr'><strong>t</strong></span> <span class='ocrx_word' id='word_1_458' title='bbox 2741 2969 2798 3024; x_wconf 88' lang='lat' dir='ltr'><strong>In</strong></span> <span class='ocrx_word' id='word_1_459' title='bbox 2824 2973 2986 3039; x_wconf 72' lang='lat' dir='ltr'><strong>coelo,</strong></span> <span class='ocrx_word' id='word_1_460' title='bbox 3016 2975 3213 3045; x_wconf 90' lang='lat' dir='ltr'><strong>inquit,</strong></span> <span class='ocrx_word' id='word_1_461' title='bbox 3244 2994 3484 3046; x_wconf 91' lang='lat' dir='ltr'><strong>sursum,</strong></span> <span class='ocrx_word' id='word_1_462' title='bbox 3511 2981 3642 3050; x_wconf 87' lang='lat' dir='ltr'><strong>quod</strong></span> <span class='ocrx_word' id='word_1_463' title='bbox 3671 2990 3813 3034; x_wconf 86' lang='lat' dir='ltr'><strong>trans-</strong></span> 
     </span>
    </p>
   </div>
   <div class='ocr_carea' id='block_1_34' title="bbox 661 3055 2237 3136">
    <p class='ocr_par' dir='ltr' id='par_1_34' title="bbox 661 3055 2172 3130">
     <span class='ocr_line' id='line_1_34' title="bbox 661 3055 2172 3130; baseline 0.007 -20"><span class='ocrx_word' id='word_1_464' title='bbox 661 3055 951 3120; x_wconf 80' lang='lat' dir='ltr'><strong>Prol‘erunt</strong></span> <span class='ocrx_word' id='word_1_465' title='bbox 976 3075 1189 3130; x_wconf 86' lang='lat' dir='ltr'><strong>quoque</strong></span> <span class='ocrx_word' id='word_1_466' title='bbox 1211 3061 1680 3119; x_wconf 69' lang='lat' dir='ltr'><strong>Praedestinatiani</strong></span> <span class='ocrx_word' id='word_1_467' title='bbox 1709 3064 1775 3120; x_wconf 92' lang='lat' dir='ltr'><strong>ad</strong></span> <span class='ocrx_word' id='word_1_468' title='bbox 1798 3080 1950 3120; x_wconf 89' lang='lat' dir='ltr'><strong>suam</strong></span> <span class='ocrx_word' id='word_1_469' title='bbox 1974 3067 2172 3120; x_wconf 78' lang='lat' dir='ltr'><strong>contir-</strong></span> 
     </span>
    </p>
   </div>
   <div class='ocr_carea' id='block_1_35' title="bbox 2230 3055 3806 3136">
    <p class='ocr_par' dir='ltr' id='par_1_35' title="bbox 2275 3058 3806 3136">
     <span class='ocr_line' id='line_1_35' title="bbox 2275 3058 3806 3136; baseline 0.009 -27"><span class='ocrx_word' id='word_1_470' title='bbox 2275 3058 2515 3127; x_wconf 89' lang='lat' dir='ltr'><strong>greditur</strong></span> <span class='ocrx_word' id='word_1_471' title='bbox 2550 3062 2730 3115; x_wconf 89' lang='lat' dir='ltr'><strong>omnia</strong></span> <span class='ocrx_word' id='word_1_472' title='bbox 2763 3079 2993 3133; x_wconf 91' lang='lat' dir='ltr'><strong>corpora</strong></span> <span class='ocrx_word' id='word_1_473' title='bbox 3037 3067 3286 3123; x_wconf 61' lang='lat' dir='ltr'><strong>caelestia</strong></span> <span class='ocrx_word' id='word_1_474' title='bbox 3336 3081 3390 3125; x_wconf 91' lang='lat' dir='ltr'><strong>et</strong></span> <span class='ocrx_word' id='word_1_475' title='bbox 3434 3073 3725 3136; x_wconf 85' lang='lat' dir='ltr'><strong>terrestria,</strong></span> <span class='ocrx_word' id='word_1_476' title='bbox 3765 3072 3806 3124; x_wconf 91' lang='lat' dir='ltr'><strong>in</strong></span> 
     </span>
    </p>
   </div>
   <div class='ocr_carea' id='block_1_36' title="bbox 593 3140 3808 3232">
    <p class='ocr_par' dir='ltr' id='par_1_36' title="bbox 593 3140 3808 3232">
     <span class='ocr_line' id='line_1_36' title="bbox 593 3140 3808 3232; baseline 0.005 -32"><span class='ocrx_word' id='word_1_477' title='bbox 593 3147 846 3202; x_wconf 88' lang='lat' dir='ltr'><strong>mandam</strong></span> <span class='ocrx_word' id='word_1_478' title='bbox 892 3151 1216 3206; x_wconf 90' lang='lat' dir='ltr'><strong>sententiam</strong></span> <span class='ocrx_word' id='word_1_479' title='bbox 1239 3192 1254 3217; x_wconf 94' lang='lat'><strong>,</strong></span> <span class='ocrx_word' id='word_1_480' title='bbox 1303 3153 1559 3221; x_wconf 89' lang='lat' dir='ltr'><strong>quoniam</strong></span> <span class='ocrx_word' id='word_1_481' title='bbox 1603 3155 1694 3224; x_wconf 90' lang='lat' dir='ltr'><strong>qui</strong></span> <span class='ocrx_word' id='word_1_482' title='bbox 1739 3170 1846 3210; x_wconf 93' lang='lat' dir='ltr'><strong>non</strong></span> <span class='ocrx_word' id='word_1_483' title='bbox 1890 3155 2168 3210; x_wconf 88' lang='lat' dir='ltr'><strong>salvantur</strong></span> <span class='ocrx_word' id='word_1_484' title='bbox 2197 3140 2244 3205; x_wconf 91' lang='lat' dir='ltr'><strong><em>C</em></strong></span> <span class='ocrx_word' id='word_1_485' title='bbox 2274 3149 2427 3205; x_wconf 68' lang='lat' dir='ltr'><strong>cmlis</strong></span> <span class='ocrx_word' id='word_1_486' title='bbox 2461 3160 2516 3206; x_wconf 90' lang='lat' dir='ltr'><strong>et</strong></span> <span class='ocrx_word' id='word_1_487' title='bbox 2547 3153 2602 3206; x_wconf 91' lang='lat' dir='ltr'><strong>in</strong></span> <span class='ocrx_word' id='word_1_488' title='bbox 2636 3162 2775 3208; x_wconf 89' lang='lat' dir='ltr'><strong>terra</strong></span> <span class='ocrx_word' id='word_1_489' title='bbox 2814 3159 2989 3211; x_wconf 83' lang='lat' dir='ltr'><strong>omnia</strong></span> <span class='ocrx_word' id='word_1_490' title='bbox 3019 3145 3346 3228; x_wconf 68' lang='lat' dir='ltr'><strong>qua&#39;cimque</strong></span> <span class='ocrx_word' id='word_1_491' title='bbox 3377 3162 3529 3217; x_wconf 86' lang='lat' dir='ltr'><strong>voluit</strong></span> <span class='ocrx_word' id='word_1_492' title='bbox 3555 3164 3681 3232; x_wconf 80' lang='lat' dir='ltr'><strong>fecit.</strong></span> <span class='ocrx_word' id='word_1_493' title='bbox 3722 3161 3808 3215; x_wconf 86' lang='lat' dir='ltr'><strong>Nec</strong></span> 
     </span>
    </p>
   </div>
   <div class='ocr_carea' id='block_1_37' title="bbox 585 3238 3807 3320">
    <p class='ocr_par' dir='ltr' id='par_1_37' title="bbox 585 3238 3807 3320">
     <span class='ocr_line' id='line_1_37' title="bbox 585 3238 3807 3320; baseline 0.005 -29"><span class='ocrx_word' id='word_1_494' title='bbox 585 3251 694 3291; x_wconf 84' lang='lat' dir='ltr'><strong>non</strong></span> <span class='ocrx_word' id='word_1_495' title='bbox 719 3245 804 3292; x_wconf 91' lang='lat' dir='ltr'><strong>est</strong></span> <span class='ocrx_word' id='word_1_496' title='bbox 829 3238 1047 3308; x_wconf 89' lang='lat' dir='ltr'><strong>penitus</strong></span> <span class='ocrx_word' id='word_1_497' title='bbox 1075 3240 1327 3296; x_wconf 89' lang='lat' dir='ltr'><strong>voluntas</strong></span> <span class='ocrx_word' id='word_1_498' title='bbox 1359 3243 1573 3299; x_wconf 90' lang='lat' dir='ltr'><strong>Domini</strong></span> <span class='ocrx_word' id='word_1_499' title='bbox 1605 3253 1662 3298; x_wconf 91' lang='lat' dir='ltr'><strong>ut</strong></span> <span class='ocrx_word' id='word_1_500' title='bbox 1691 3245 1989 3311; x_wconf 86' lang='lat' dir='ltr'><strong>salventur,</strong></span> <span class='ocrx_word' id='word_1_501' title='bbox 2020 3246 2166 3316; x_wconf 88' lang='lat' dir='ltr'><strong>psal-</strong></span> <span class='ocrx_word' id='word_1_502' title='bbox 2271 3240 2473 3313; x_wconf 82' lang='lat' dir='ltr'><strong>indiget</strong></span> <span class='ocrx_word' id='word_1_503' title='bbox 2515 3245 2768 3313; x_wconf 85' lang='lat' dir='ltr'><strong>operibus</strong></span> <span class='ocrx_word' id='word_1_504' title='bbox 2813 3249 2926 3302; x_wconf 90' lang='lat' dir='ltr'><strong>suis</strong></span> <span class='ocrx_word' id='word_1_505' title='bbox 2971 3258 3233 3320; x_wconf 88' lang='lat' dir='ltr'><strong>tanquam</strong></span> <span class='ocrx_word' id='word_1_506' title='bbox 3286 3253 3338 3308; x_wconf 92' lang='lat' dir='ltr'><strong>in</strong></span> <span class='ocrx_word' id='word_1_507' title='bbox 3369 3255 3450 3309; x_wconf 89' lang='lat' dir='ltr'><strong>eis</strong></span> <span class='ocrx_word' id='word_1_508' title='bbox 3478 3255 3740 3310; x_wconf 88' lang='lat' dir='ltr'><strong>collocetur</strong></span> <span class='ocrx_word' id='word_1_509' title='bbox 3762 3259 3807 3306; x_wconf 87' lang='lat' dir='ltr'><strong>ut</strong></span> 
     </span>
    </p>
   </div>
   <div class='ocr_carea' id='block_1_38' title="bbox 581 3332 2157 3416">
    <p class='ocr_par' dir='ltr' id='par_1_38' title="bbox 581 3332 2157 3404">
     <span class='ocr_line' id='line_1_38' title="bbox 581 3332 2157 3404; baseline 0.006 -21"><span class='ocrx_word' id='word_1_510' title='bbox 581 3344 796 3386; x_wconf 92' lang='lat' dir='ltr'><strong>morum</strong></span> <span class='ocrx_word' id='word_1_511' title='bbox 844 3332 1199 3388; x_wconf 87' lang='lat' dir='ltr'><strong>testimonia:</strong></span> <span class='ocrx_word' id='word_1_512' title='bbox 1261 3333 1403 3389; x_wconf 87' lang='lat' dir='ltr'><strong>Deus</strong></span> <span class='ocrx_word' id='word_1_513' title='bbox 1459 3345 1634 3391; x_wconf 89' lang='lat' dir='ltr'><strong>noster</strong></span> <span class='ocrx_word' id='word_1_514' title='bbox 1683 3337 1739 3390; x_wconf 87' lang='lat' dir='ltr'><strong>in</strong></span> <span class='ocrx_word' id='word_1_515' title='bbox 1789 3336 1938 3404; x_wconf 67' lang='lat' dir='ltr'><strong>caelo,</strong></span> <span class='ocrx_word' id='word_1_516' title='bbox 1988 3339 2157 3393; x_wconf 88' lang='lat' dir='ltr'><strong>omnia</strong></span> 
     </span>
    </p>
   </div>
   <div class='ocr_carea' id='block_1_39' title="bbox 2228 3332 3804 3416">
    <p class='ocr_par' dir='ltr' id='par_1_39' title="bbox 2267 3337 3804 3416">
     <span class='ocr_line' id='line_1_39' title="bbox 2267 3337 3804 3416; baseline 0.007 -30"><span class='ocrx_word' id='word_1_517' title='bbox 2267 3344 2512 3400; x_wconf 91' lang='lat' dir='ltr'><strong>maneat,</strong></span> <span class='ocrx_word' id='word_1_518' title='bbox 2551 3337 2645 3392; x_wconf 91' lang='lat' dir='ltr'><strong>sed</strong></span> <span class='ocrx_word' id='word_1_519' title='bbox 2676 3338 2727 3392; x_wconf 93' lang='lat' dir='ltr'><strong>in</strong></span> <span class='ocrx_word' id='word_1_520' title='bbox 2756 3354 2852 3393; x_wconf 89' lang='lat' dir='ltr'><strong>sua</strong></span> <span class='ocrx_word' id='word_1_521' title='bbox 2881 3343 3196 3398; x_wconf 70' lang='lat' dir='ltr'><strong>aeternitate</strong></span> <span class='ocrx_word' id='word_1_522' title='bbox 3225 3348 3496 3415; x_wconf 89' lang='lat' dir='ltr'><strong>persistit,</strong></span> <span class='ocrx_word' id='word_1_523' title='bbox 3523 3347 3572 3401; x_wconf 92' lang='lat' dir='ltr'><strong>in</strong></span> <span class='ocrx_word' id='word_1_524' title='bbox 3599 3361 3694 3416; x_wconf 90' lang='lat' dir='ltr'><strong>qua</strong></span> <span class='ocrx_word' id='word_1_525' title='bbox 3716 3357 3804 3398; x_wconf 82' lang='lat' dir='ltr'><strong>ma-</strong></span> 
     </span>
    </p>
   </div>
   <div class='ocr_carea' id='block_1_40' title="bbox 573 3426 3801 3504">
    <p class='ocr_par' dir='ltr' id='par_1_40' title="bbox 573 3426 3801 3504">
     <span class='ocr_line' id='line_1_40' title="bbox 573 3426 3801 3504; baseline 0.004 -25"><span class='ocrx_word' id='word_1_526' title='bbox 573 3439 900 3497; x_wconf 73' lang='lat' dir='ltr'><strong>qateeunque</strong></span> <span class='ocrx_word' id='word_1_527' title='bbox 927 3426 1086 3482; x_wconf 86' lang='lat' dir='ltr'><strong>voluit</strong></span> <span class='ocrx_word' id='word_1_528' title='bbox 1116 3427 1238 3497; x_wconf 78' lang='lat' dir='ltr'><strong>fecit</strong></span> <span class='ocrx_word' id='word_1_529' title='bbox 1265 3427 1438 3500; x_wconf 88' lang='lat' dir='ltr'><strong>(Psal.</strong></span> <span class='ocrx_word' id='word_1_530' title='bbox 1467 3445 1620 3494; x_wconf 86' lang='lat' dir='ltr'><strong>cxnt,</strong></span> <span class='ocrx_word' id='word_1_531' title='bbox 1646 3430 1757 3500; x_wconf 90' lang='grc'><strong>11).</strong></span> <span class='ocrx_word' id='word_1_532' title='bbox 1818 3430 1922 3485; x_wconf 91' lang='lat' dir='ltr'><strong>Et:</strong></span> <span class='ocrx_word' id='word_1_533' title='bbox 1966 3429 2161 3486; x_wconf 86' lang='lat' dir='ltr'><strong>Omnia</strong></span> <span class='ocrx_word' id='word_1_534' title='bbox 2265 3439 2402 3481; x_wconf 87' lang='lat' dir='ltr'><strong>nens</strong></span> <span class='ocrx_word' id='word_1_535' title='bbox 2447 3429 2630 3484; x_wconf 86' lang='lat' dir='ltr'><strong>omnia</strong></span> <span class='ocrx_word' id='word_1_536' title='bbox 2676 3445 3010 3504; x_wconf 85' lang='lat' dir='ltr'><strong>quaecunque</strong></span> <span class='ocrx_word' id='word_1_537' title='bbox 3057 3437 3228 3490; x_wconf 87' lang='lat' dir='ltr'><strong>voluit</strong></span> <span class='ocrx_word' id='word_1_538' title='bbox 3261 3437 3393 3494; x_wconf 78' lang='lat' dir='ltr'><strong>fecit</strong></span> <span class='ocrx_word' id='word_1_539' title='bbox 3427 3439 3479 3492; x_wconf 91' lang='lat' dir='ltr'><strong>in</strong></span> <span class='ocrx_word' id='word_1_540' title='bbox 3511 3438 3638 3494; x_wconf 75' lang='lat' dir='ltr'><strong>ccelo</strong></span> <span class='ocrx_word' id='word_1_541' title='bbox 3679 3445 3724 3491; x_wconf 87' lang='lat' dir='ltr'><strong>et</strong></span> <span class='ocrx_word' id='word_1_542' title='bbox 3761 3435 3801 3487; x_wconf 82' lang='lat' dir='ltr'><strong>in</strong></span> 
     </span>
    </p>
   </div>
   <div class='ocr_carea' id='block_1_41' title="bbox 573 3516 3798 3600">
    <p class='ocr_par' dir='ltr' id='par_1_41' title="bbox 573 3516 3798 3600">
     <span class='ocr_line' id='line_1_41' title="bbox 573 3516 3798 3600; baseline 0.003 -33"><span class='ocrx_word' id='word_1_543' title='bbox 573 3530 900 3587; x_wconf 73' lang='lat' dir='ltr'><strong>quaecunque</strong></span> <span class='ocrx_word' id='word_1_544' title='bbox 929 3516 1088 3572; x_wconf 83' lang='lat' dir='ltr'><strong>voluit</strong></span> <span class='ocrx_word' id='word_1_545' title='bbox 1123 3516 1378 3572; x_wconf 83' lang='lat' dir='ltr'><strong>Dominus</strong></span> <span class='ocrx_word' id='word_1_546' title='bbox 1413 3520 1534 3589; x_wconf 77' lang='lat' dir='ltr'><strong>fecit</strong></span> <span class='ocrx_word' id='word_1_547' title='bbox 1570 3521 1625 3574; x_wconf 89' lang='lat' dir='ltr'><strong>in</strong></span> <span class='ocrx_word' id='word_1_548' title='bbox 1659 3519 1784 3574; x_wconf 74' lang='lat' dir='ltr'><strong>caelo</strong></span> <span class='ocrx_word' id='word_1_549' title='bbox 1823 3529 1872 3574; x_wconf 87' lang='lat' dir='ltr'><strong>et</strong></span> <span class='ocrx_word' id='word_1_550' title='bbox 1909 3521 1964 3575; x_wconf 91' lang='lat' dir='ltr'><strong>in</strong></span> <span class='ocrx_word' id='word_1_551' title='bbox 1994 3532 2157 3588; x_wconf 88' lang='lat' dir='ltr'><strong>terra,</strong></span> <span class='ocrx_word' id='word_1_552' title='bbox 2265 3523 2429 3570; x_wconf 85' lang='lat' dir='ltr'><strong>terra.</strong></span> <span class='ocrx_word' id='word_1_553' title='bbox 2483 3517 2624 3589; x_wconf 86' lang='lat' dir='ltr'><strong>Ergo</strong></span> <span class='ocrx_word' id='word_1_554' title='bbox 2654 3519 2707 3574; x_wconf 92' lang='lat' dir='ltr'><strong>in</strong></span> <span class='ocrx_word' id='word_1_555' title='bbox 2737 3522 2930 3591; x_wconf 88' lang='lat' dir='ltr'><strong>quibus</strong></span> <span class='ocrx_word' id='word_1_556' title='bbox 2975 3533 3060 3579; x_wconf 89' lang='lat' dir='ltr'><strong>est</strong></span> <span class='ocrx_word' id='word_1_557' title='bbox 3098 3526 3215 3596; x_wconf 89' lang='lat' dir='ltr'><strong>ipse</strong></span> <span class='ocrx_word' id='word_1_558' title='bbox 3254 3536 3515 3600; x_wconf 88' lang='lat' dir='ltr'><strong>tanquam</strong></span> <span class='ocrx_word' id='word_1_559' title='bbox 3546 3525 3798 3592; x_wconf 74' lang='lat' dir='ltr'><strong>indigentia</strong></span> 
     </span>
    </p>
   </div>
   <div class='ocr_carea' id='block_1_42' title="bbox 574 3606 3794 3694">
    <p class='ocr_par' dir='ltr' id='par_1_42' title="bbox 574 3606 3794 3694">
     <span class='ocr_line' id='line_1_42' title="bbox 574 3606 3794 3694; baseline 0.002 -34"><span class='ocrx_word' id='word_1_560' title='bbox 574 3606 634 3658; x_wconf 84' lang='lat' dir='ltr'><strong>in</strong></span> <span class='ocrx_word' id='word_1_561' title='bbox 665 3609 800 3661; x_wconf 90' lang='lat' dir='ltr'><strong>mari</strong></span> <span class='ocrx_word' id='word_1_562' title='bbox 829 3618 876 3662; x_wconf 89' lang='lat' dir='ltr'><strong>et</strong></span> <span class='ocrx_word' id='word_1_563' title='bbox 907 3610 963 3663; x_wconf 89' lang='lat' dir='ltr'><strong>in</strong></span> <span class='ocrx_word' id='word_1_564' title='bbox 990 3609 1228 3664; x_wconf 87' lang='lat' dir='ltr'><strong>omnibus</strong></span> <span class='ocrx_word' id='word_1_565' title='bbox 1259 3611 1462 3681; x_wconf 79' lang='lat' dir='ltr'><strong>abyssis</strong></span> <span class='ocrx_word' id='word_1_566' title='bbox 1485 3611 1656 3682; x_wconf 85' lang='lat' dir='ltr'><strong>(Psal.</strong></span> <span class='ocrx_word' id='word_1_567' title='bbox 1684 3628 1902 3685; x_wconf 81' lang='lat' dir='ltr'><strong>cxxxtv,</strong></span> <span class='ocrx_word' id='word_1_568' title='bbox 1927 3613 2004 3680; x_wconf 89' lang='lat'><strong>8).</strong></span> <span class='ocrx_word' id='word_1_569' title='bbox 2051 3611 2159 3668; x_wconf 91' lang='lat' dir='ltr'><strong>Sed</strong></span> <span class='ocrx_word' id='word_1_570' title='bbox 2260 3610 2502 3682; x_wconf 77' lang='lat' dir='ltr'><strong>continet</strong></span> <span class='ocrx_word' id='word_1_571' title='bbox 2523 3652 2538 3677; x_wconf 93' lang='lat'><strong>,</strong></span> <span class='ocrx_word' id='word_1_572' title='bbox 2589 3629 2695 3668; x_wconf 91' lang='lat' dir='ltr'><strong>non</strong></span> <span class='ocrx_word' id='word_1_573' title='bbox 2730 3615 2799 3669; x_wconf 92' lang='lat' dir='ltr'><strong>ab</strong></span> <span class='ocrx_word' id='word_1_574' title='bbox 2831 3617 2912 3671; x_wconf 89' lang='lat' dir='ltr'><strong>eis</strong></span> <span class='ocrx_word' id='word_1_575' title='bbox 2943 3627 3202 3689; x_wconf 90' lang='lat' dir='ltr'><strong>tanquam</strong></span> <span class='ocrx_word' id='word_1_576' title='bbox 3237 3621 3488 3694; x_wconf 89' lang='lat' dir='ltr'><strong>indigens</strong></span> <span class='ocrx_word' id='word_1_577' title='bbox 3513 3620 3794 3676; x_wconf 85' lang='lat' dir='ltr'><strong>continetur.</strong></span> 
     </span>
    </p>
   </div>
   <div class='ocr_carea' id='block_1_43' title="bbox 577 3693 3797 3780">
    <p class='ocr_par' dir='ltr' id='par_1_43' title="bbox 577 3693 3797 3780">
     <span class='ocr_line' id='line_1_43' title="bbox 577 3693 3797 3780; baseline 0.004 -33"><span class='ocrx_word' id='word_1_578' title='bbox 577 3693 741 3766; x_wconf 90' lang='lat' dir='ltr'><strong>longe</strong></span> <span class='ocrx_word' id='word_1_579' title='bbox 786 3712 948 3752; x_wconf 87' lang='lat' dir='ltr'><strong>sensu</strong></span> <span class='ocrx_word' id='word_1_580' title='bbox 993 3697 1100 3752; x_wconf 91' lang='lat' dir='ltr'><strong>alio</strong></span> <span class='ocrx_word' id='word_1_581' title='bbox 1133 3699 1224 3753; x_wconf 91' lang='lat' dir='ltr'><strong>illa</strong></span> <span class='ocrx_word' id='word_1_582' title='bbox 1270 3711 1546 3770; x_wconf 85' lang='lat' dir='ltr'><strong>exponunt</strong></span> <span class='ocrx_word' id='word_1_583' title='bbox 1589 3702 1838 3757; x_wconf 88' lang='lat' dir='ltr'><strong>doctores</strong></span> <span class='ocrx_word' id='word_1_584' title='bbox 1879 3702 2152 3758; x_wconf 90' lang='lat' dir='ltr'><strong>catholici.</strong></span> <span class='ocrx_word' id='word_1_585' title='bbox 2261 3701 2388 3758; x_wconf 90' lang='lat' dir='ltr'><strong>Sive</strong></span> <span class='ocrx_word' id='word_1_586' title='bbox 2435 3705 2517 3760; x_wconf 92' lang='lat' dir='ltr'><strong>sic</strong></span> <span class='ocrx_word' id='word_1_587' title='bbox 2559 3706 2914 3780; x_wconf 87' lang='lat' dir='ltr'><strong>intelligitur:</strong></span> <span class='ocrx_word' id='word_1_588' title='bbox 2965 3711 3021 3765; x_wconf 91' lang='lat' dir='ltr'><strong>ln</strong></span> <span class='ocrx_word' id='word_1_589' title='bbox 3071 3713 3211 3769; x_wconf 75' lang='lat' dir='ltr'><strong>coelo</strong></span> <span class='ocrx_word' id='word_1_590' title='bbox 3258 3725 3317 3770; x_wconf 89' lang='lat' dir='ltr'><strong>et</strong></span> <span class='ocrx_word' id='word_1_591' title='bbox 3366 3693 3419 3771; x_wconf 87' lang='lat' dir='ltr'><strong>in</strong></span> <span class='ocrx_word' id='word_1_592' title='bbox 3470 3724 3606 3770; x_wconf 83' lang='lat' dir='ltr'><strong>terra</strong></span> <span class='ocrx_word' id='word_1_593' title='bbox 3649 3709 3797 3766; x_wconf 87' lang='lat' dir='ltr'><strong>omnia</strong></span> 
     </span>
    </p>
   </div>
   <div class='ocr_carea' id='block_1_44' title="bbox 574 3784 3885 3878">
    <p class='ocr_par' dir='ltr' id='par_1_44' title="bbox 574 3784 3885 3878">
     <span class='ocr_line' id='line_1_44' title="bbox 574 3784 3885 3878; baseline 0.004 -38"><span class='ocrx_word' id='word_1_594' title='bbox 574 3784 686 3842; x_wconf 80' lang='lat' dir='ltr'><strong>Nos</strong></span> <span class='ocrx_word' id='word_1_595' title='bbox 717 3798 896 3844; x_wconf 89' lang='lat' dir='ltr'><strong>autem</strong></span> <span class='ocrx_word' id='word_1_596' title='bbox 918 3831 932 3854; x_wconf 95' lang='lat'><strong>,</strong></span> <span class='ocrx_word' id='word_1_597' title='bbox 977 3799 1265 3860; x_wconf 87' lang='lat' dir='ltr'><strong>antequam</strong></span> <span class='ocrx_word' id='word_1_598' title='bbox 1304 3803 1613 3847; x_wconf 87' lang='lat' dir='ltr'><strong>sanctorum</strong></span> <span class='ocrx_word' id='word_1_599' title='bbox 1643 3794 1767 3848; x_wconf 91' lang='lat' dir='ltr'><strong>hinc</strong></span> <span class='ocrx_word' id='word_1_600' title='bbox 1791 3794 2154 3863; x_wconf 84' lang='lat' dir='ltr'><strong>expositiones</strong></span> <span class='ocrx_word' id='word_1_601' title='bbox 2259 3810 2592 3867; x_wconf 56' lang='lat' dir='ltr'><strong>quaecunque</strong></span> <span class='ocrx_word' id='word_1_602' title='bbox 2618 3800 2977 3869; x_wconf 62' lang='lat' dir='ltr'><strong>voluitlecit,</strong></span> <span class='ocrx_word' id='word_1_603' title='bbox 3007 3805 3092 3859; x_wconf 88' lang='lat' dir='ltr'><strong>vel</strong></span> <span class='ocrx_word' id='word_1_604' title='bbox 3121 3806 3175 3860; x_wconf 93' lang='lat' dir='ltr'><strong>in</strong></span> <span class='ocrx_word' id='word_1_605' title='bbox 3206 3807 3603 3878; x_wconf 86' lang='lat' dir='ltr'><strong>superioribus,</strong></span> <span class='ocrx_word' id='word_1_606' title='bbox 3645 3801 3718 3857; x_wconf 88' lang='lat' dir='ltr'><strong>vel</strong></span> <span class='ocrx_word' id='word_1_607' title='bbox 3751 3800 3794 3852; x_wconf 90' lang='lat' dir='ltr'><strong>in</strong></span> <span class='ocrx_word' id='word_1_608' title='bbox 3881 3813 3885 3816; x_wconf 79' lang='lat'><strong><em>&#39;</em></strong></span> 
     </span>
    </p>
   </div>
   <div class='ocr_carea' id='block_1_45' title="bbox 573 3881 3795 3972">
    <p class='ocr_par' dir='ltr' id='par_1_45' title="bbox 573 3881 3795 3972">
     <span class='ocr_line' id='line_1_45' title="bbox 573 3881 3795 3972; baseline 0.004 -40"><span class='ocrx_word' id='word_1_609' title='bbox 573 3893 864 3949; x_wconf 88' lang='lat' dir='ltr'><strong>ponamus,</strong></span> <span class='ocrx_word' id='word_1_610' title='bbox 910 3881 1031 3938; x_wconf 88' lang='lat' dir='ltr'><strong>illos</strong></span> <span class='ocrx_word' id='word_1_611' title='bbox 1070 3884 1410 3956; x_wconf 70' lang='lat' dir='ltr'><strong>interrogare</strong></span> <span class='ocrx_word' id='word_1_612' title='bbox 1439 3884 1706 3952; x_wconf 90' lang='lat' dir='ltr'><strong>volumus,</strong></span> <span class='ocrx_word' id='word_1_613' title='bbox 1749 3895 1929 3940; x_wconf 91' lang='lat' dir='ltr'><strong>utrum</strong></span> <span class='ocrx_word' id='word_1_614' title='bbox 1958 3886 2151 3941; x_wconf 92' lang='lat' dir='ltr'><strong>volun-</strong></span> <span class='ocrx_word' id='word_1_615' title='bbox 2256 3887 2606 3947; x_wconf 83' lang='lat' dir='ltr'><strong>inferioribus</strong></span> <span class='ocrx_word' id='word_1_616' title='bbox 2641 3893 2822 3964; x_wconf 88' lang='lat' dir='ltr'><strong>populi</strong></span> <span class='ocrx_word' id='word_1_617' title='bbox 2874 3897 2956 3951; x_wconf 91' lang='lat' dir='ltr'><strong>sui</strong></span> <span class='ocrx_word' id='word_1_618' title='bbox 2999 3897 3366 3955; x_wconf 87' lang='lat' dir='ltr'><strong>voluntariam</strong></span> <span class='ocrx_word' id='word_1_619' title='bbox 3412 3899 3630 3972; x_wconf 88' lang='lat' dir='ltr'><strong>gratiam</strong></span> <span class='ocrx_word' id='word_1_620' title='bbox 3671 3905 3795 3948; x_wconf 86' lang='lat' dir='ltr'><strong>suam</strong></span> 
     </span>
    </p>
   </div>
   <div class='ocr_carea' id='block_1_46' title="bbox 572 3967 3788 4063">
    <p class='ocr_par' dir='ltr' id='par_1_46' title="bbox 572 3967 3788 4063">
     <span class='ocr_line' id='line_1_46' title="bbox 572 3967 3788 4063; baseline 0.005 -40"><span class='ocrx_word' id='word_1_621' title='bbox 572 3976 685 4025; x_wconf 85' lang='lat' dir='ltr'><strong>tate</strong></span> <span class='ocrx_word' id='word_1_622' title='bbox 716 3971 810 4027; x_wconf 94' lang='lat' dir='ltr'><strong>Dei</strong></span> <span class='ocrx_word' id='word_1_623' title='bbox 840 3967 1019 4044; x_wconf 77' lang='lat' dir='ltr'><strong>ange&#39;li</strong></span> <span class='ocrx_word' id='word_1_624' title='bbox 1049 3975 1115 4030; x_wconf 89' lang='lat' dir='ltr'><strong>de</strong></span> <span class='ocrx_word' id='word_1_625' title='bbox 1146 3977 1301 4042; x_wconf 84' lang='lat' dir='ltr'><strong>coelo,</strong></span> <span class='ocrx_word' id='word_1_626' title='bbox 1342 3986 1397 4032; x_wconf 91' lang='lat' dir='ltr'><strong>et</strong></span> <span class='ocrx_word' id='word_1_627' title='bbox 1422 3979 1668 4034; x_wconf 87' lang='lat' dir='ltr'><strong>homines</strong></span> <span class='ocrx_word' id='word_1_628' title='bbox 1696 3979 1750 4033; x_wconf 92' lang='lat' dir='ltr'><strong>in</strong></span> <span class='ocrx_word' id='word_1_629' title='bbox 1783 3979 2033 4048; x_wconf 88' lang='lat' dir='ltr'><strong>paradiso</strong></span> <span class='ocrx_word' id='word_1_630' title='bbox 2058 3995 2150 4036; x_wconf 88' lang='lat' dir='ltr'><strong>ce-</strong></span> <span class='ocrx_word' id='word_1_631' title='bbox 2255 3985 2571 4049; x_wconf 89' lang='lat' dir='ltr'><strong>constituit,</strong></span> <span class='ocrx_word' id='word_1_632' title='bbox 2606 4001 2674 4040; x_wconf 92' lang='lat' dir='ltr'><strong>ne</strong></span> <span class='ocrx_word' id='word_1_633' title='bbox 2712 3987 2834 4057; x_wconf 91' lang='lat' dir='ltr'><strong>quis</strong></span> <span class='ocrx_word' id='word_1_634' title='bbox 2878 3989 2945 4044; x_wconf 93' lang='lat' dir='ltr'><strong>de</strong></span> <span class='ocrx_word' id='word_1_635' title='bbox 2993 4007 3220 4062; x_wconf 77' lang='lat' dir='ltr'><strong>operum</strong></span> <span class='ocrx_word' id='word_1_636' title='bbox 3257 3967 3466 4050; x_wconf 78' lang='lat' dir='ltr'><strong>meritis</strong></span> <span class='ocrx_word' id='word_1_637' title='bbox 3495 3990 3743 4063; x_wconf 87' lang='lat' dir='ltr'><strong>glorietur.</strong></span> <span class='ocrx_word' id='word_1_638' title='bbox 3772 4000 3788 4033; x_wconf 70' lang='grc' dir='ltr'><strong>ι</strong></span> 
     </span>
    </p>
   </div>
   <div class='ocr_carea' id='block_1_47' title="bbox 573 4061 3790 4151">
    <p class='ocr_par' dir='ltr' id='par_1_47' title="bbox 573 4061 3790 4151">
     <span class='ocr_line' id='line_1_47' title="bbox 573 4061 3790 4151; baseline 0.005 -32"><span class='ocrx_word' id='word_1_639' title='bbox 573 4061 829 4120; x_wconf 89' lang='lat' dir='ltr'><strong>ciderint.</strong></span> <span class='ocrx_word' id='word_1_640' title='bbox 869 4065 928 4121; x_wconf 91' lang='lat' dir='ltr'><strong>Si</strong></span> <span class='ocrx_word' id='word_1_641' title='bbox 961 4068 1200 4124; x_wconf 84' lang='lat' dir='ltr'><strong>dixerint</strong></span> <span class='ocrx_word' id='word_1_642' title='bbox 1230 4072 1355 4140; x_wconf 91' lang='lat' dir='ltr'><strong>quia</strong></span> <span class='ocrx_word' id='word_1_643' title='bbox 1383 4071 1660 4127; x_wconf 88' lang='lat' dir='ltr'><strong>voluntate</strong></span> <span class='ocrx_word' id='word_1_644' title='bbox 1693 4072 1906 4127; x_wconf 90' lang='lat' dir='ltr'><strong>Domini</strong></span> <span class='ocrx_word' id='word_1_645' title='bbox 1936 4075 2147 4129; x_wconf 86' lang='lat' dir='ltr'><strong>cecide—</strong></span> <span class='ocrx_word' id='word_1_646' title='bbox 2253 4073 2320 4128; x_wconf 90' lang='lat' dir='ltr'><strong>Et</strong></span> <span class='ocrx_word' id='word_1_647' title='bbox 2349 4085 2569 4131; x_wconf 91' lang='lat' dir='ltr'><strong>sanctus</strong></span> <span class='ocrx_word' id='word_1_648' title='bbox 2600 4077 2997 4151; x_wconf 85' lang='lat' dir='ltr'><strong>Hieronymus:</strong></span> <span class='ocrx_word' id='word_1_649' title='bbox 3032 4061 3170 4138; x_wconf 90' lang='lat' dir='ltr'><strong>Deus</strong></span> <span class='ocrx_word' id='word_1_650' title='bbox 3199 4097 3376 4140; x_wconf 88' lang='lat' dir='ltr'><strong>autem</strong></span> <span class='ocrx_word' id='word_1_651' title='bbox 3407 4061 3571 4138; x_wconf 79' lang='lat' dir='ltr'><strong>noster</strong></span> <span class='ocrx_word' id='word_1_652' title='bbox 3591 4081 3642 4133; x_wconf 88' lang='lat' dir='ltr'><strong>ia</strong></span> <span class='ocrx_word' id='word_1_653' title='bbox 3667 4073 3790 4136; x_wconf 61' lang='lat' dir='ltr'><strong>calo,</strong></span> 
     </span>
    </p>
   </div>
   <div class='ocr_carea' id='block_1_48' title="bbox 567 4154 3785 4243">
    <p class='ocr_par' dir='ltr' id='par_1_48' title="bbox 567 4154 3785 4243">
     <span class='ocr_line' id='line_1_48' title="bbox 567 4154 3785 4243; baseline 0.004 -37"><span class='ocrx_word' id='word_1_654' title='bbox 567 4161 718 4219; x_wconf 90' lang='lat' dir='ltr'><strong>runt,</strong></span> <span class='ocrx_word' id='word_1_655' title='bbox 740 4154 890 4223; x_wconf 90' lang='lat' dir='ltr'><strong>plebs</strong></span> <span class='ocrx_word' id='word_1_656' title='bbox 919 4157 1169 4213; x_wconf 88' lang='lat' dir='ltr'><strong>universa</strong></span> <span class='ocrx_word' id='word_1_657' title='bbox 1202 4159 1462 4230; x_wconf 85' lang='lat' dir='ltr'><strong>lapidabit</strong></span> <span class='ocrx_word' id='word_1_658' title='bbox 1485 4177 1610 4216; x_wconf 89' lang='lat' dir='ltr'><strong>eos:</strong></span> <span class='ocrx_word' id='word_1_659' title='bbox 1637 4177 1976 4233; x_wconf 86' lang='lat' dir='ltr'><strong>consequens</strong></span> <span class='ocrx_word' id='word_1_660' title='bbox 2001 4163 2147 4218; x_wconf 90' lang='lat' dir='ltr'><strong>enim</strong></span> <span class='ocrx_word' id='word_1_661' title='bbox 2251 4169 2428 4221; x_wconf 88' lang='lat' dir='ltr'><strong>omnia</strong></span> <span class='ocrx_word' id='word_1_662' title='bbox 2453 4185 2773 4242; x_wconf 73' lang='lat' dir='ltr'><strong>qua’cunque</strong></span> <span class='ocrx_word' id='word_1_663' title='bbox 2801 4174 2960 4226; x_wconf 87' lang='lat' dir='ltr'><strong>voluit</strong></span> <span class='ocrx_word' id='word_1_664' title='bbox 2990 4174 3129 4243; x_wconf 82' lang='lat' dir='ltr'><strong>fecit.</strong></span> <span class='ocrx_word' id='word_1_665' title='bbox 3171 4176 3316 4233; x_wconf 89' lang='lat' dir='ltr'><strong>Deus</strong></span> <span class='ocrx_word' id='word_1_666' title='bbox 3348 4178 3399 4231; x_wconf 95' lang='lat' dir='ltr'><strong>in</strong></span> <span class='ocrx_word' id='word_1_667' title='bbox 3431 4175 3560 4231; x_wconf 71' lang='lat' dir='ltr'><strong>cmlo</strong></span> <span class='ocrx_word' id='word_1_668' title='bbox 3587 4181 3785 4228; x_wconf 86' lang='lat' dir='ltr'><strong>sursum,</strong></span> 
     </span>
    </p>
   </div>
   <div class='ocr_carea' id='block_1_49' title="bbox 563 4247 3784 4338">
    <p class='ocr_par' dir='ltr' id='par_1_49' title="bbox 563 4247 3784 4338">
     <span class='ocr_line' id='line_1_49' title="bbox 563 4247 3784 4338; baseline 0.004 -39"><span class='ocrx_word' id='word_1_669' title='bbox 563 4253 652 4300; x_wconf 89' lang='lat' dir='ltr'><strong>est</strong></span> <span class='ocrx_word' id='word_1_670' title='bbox 681 4253 740 4300; x_wconf 92' lang='lat' dir='ltr'><strong>ut</strong></span> <span class='ocrx_word' id='word_1_671' title='bbox 766 4247 954 4301; x_wconf 85' lang='lat' dir='ltr'><strong>dicant</strong></span> <span class='ocrx_word' id='word_1_672' title='bbox 981 4247 1148 4303; x_wconf 85' lang='lat' dir='ltr'><strong>Deum</strong></span> <span class='ocrx_word' id='word_1_673' title='bbox 1180 4266 1338 4306; x_wconf 89' lang='lat' dir='ltr'><strong>casus</strong></span> <span class='ocrx_word' id='word_1_674' title='bbox 1364 4251 1577 4306; x_wconf 87' lang='lat' dir='ltr'><strong>illorum</strong></span> <span class='ocrx_word' id='word_1_675' title='bbox 1606 4261 1906 4308; x_wconf 90' lang='lat' dir='ltr'><strong>auctorem.</strong></span> <span class='ocrx_word' id='word_1_676' title='bbox 1940 4253 2008 4308; x_wconf 88' lang='lat' dir='ltr'><strong>Et</strong></span> <span class='ocrx_word' id='word_1_677' title='bbox 2032 4269 2149 4308; x_wconf 89' lang='lat' dir='ltr'><strong>om-</strong></span> <span class='ocrx_word' id='word_1_678' title='bbox 2250 4258 2437 4314; x_wconf 91' lang='lat' dir='ltr'><strong>dicunt</strong></span> <span class='ocrx_word' id='word_1_679' title='bbox 2480 4262 2654 4316; x_wconf 89' lang='lat' dir='ltr'><strong>sancti</strong></span> <span class='ocrx_word' id='word_1_680' title='bbox 2705 4265 2770 4318; x_wconf 92' lang='lat' dir='ltr'><strong>ad</strong></span> <span class='ocrx_word' id='word_1_681' title='bbox 2819 4263 2939 4320; x_wconf 91' lang='lat' dir='ltr'><strong>illos</strong></span> <span class='ocrx_word' id='word_1_682' title='bbox 2987 4266 3231 4323; x_wconf 83' lang='lat' dir='ltr'><strong>inﬁdeles</strong></span> <span class='ocrx_word' id='word_1_683' title='bbox 3263 4270 3354 4338; x_wconf 89' lang='lat' dir='ltr'><strong>qui</strong></span> <span class='ocrx_word' id='word_1_684' title='bbox 3388 4267 3524 4323; x_wconf 88' lang='lat' dir='ltr'><strong>idola</strong></span> <span class='ocrx_word' id='word_1_685' title='bbox 3553 4265 3784 4318; x_wconf 86' lang='lat' dir='ltr'><strong>adorant:</strong></span> 
     </span>
    </p>
   </div>
   <div class='ocr_carea' id='block_1_50' title="bbox 564 4336 2140 4433">
    <p class='ocr_par' dir='ltr' id='par_1_50' title="bbox 564 4336 2140 4412">
     <span class='ocr_line' id='line_1_50' title="bbox 564 4336 2140 4412; baseline 0.006 -23"><span class='ocrx_word' id='word_1_686' title='bbox 564 4349 663 4390; x_wconf 86' lang='lat' dir='ltr'><strong>nes</strong></span> <span class='ocrx_word' id='word_1_687' title='bbox 695 4336 874 4391; x_wconf 89' lang='lat' dir='ltr'><strong>sciunt</strong></span> <span class='ocrx_word' id='word_1_688' title='bbox 911 4349 1158 4394; x_wconf 88' lang='lat' dir='ltr'><strong>sanctum</strong></span> <span class='ocrx_word' id='word_1_689' title='bbox 1189 4340 1510 4412; x_wconf 87' lang='lat' dir='ltr'><strong>Gregorium</strong></span> <span class='ocrx_word' id='word_1_690' title='bbox 1543 4343 1813 4398; x_wconf 86' lang='lat' dir='ltr'><strong>veraciter</strong></span> <span class='ocrx_word' id='word_1_691' title='bbox 1842 4345 1894 4398; x_wconf 94' lang='lat' dir='ltr'><strong>in</strong></span> <span class='ocrx_word' id='word_1_692' title='bbox 1924 4343 2140 4398; x_wconf 85' lang='lat' dir='ltr'><strong>humilia</strong></span> 
     </span>
    </p>
   </div>
   <div class='ocr_carea' id='block_1_51' title="bbox 2204 4336 3780 4433">
    <p class='ocr_par' dir='ltr' id='par_1_51' title="bbox 2249 4355 3780 4433">
     <span class='ocr_line' id='line_1_51' title="bbox 2249 4355 3780 4433; baseline -0.003 -24"><span class='ocrx_word' id='word_1_693' title='bbox 2249 4355 2357 4410; x_wconf 83' lang='lat' dir='ltr'><strong>Vos</strong></span> <span class='ocrx_word' id='word_1_694' title='bbox 2384 4365 2594 4413; x_wconf 83' lang='lat' dir='ltr'><strong>vestros</strong></span> <span class='ocrx_word' id='word_1_695' title='bbox 2624 4359 2762 4414; x_wconf 89' lang='lat' dir='ltr'><strong>Deos</strong></span> <span class='ocrx_word' id='word_1_696' title='bbox 2793 4359 2859 4415; x_wconf 89' lang='lat' dir='ltr'><strong>de</strong></span> <span class='ocrx_word' id='word_1_697' title='bbox 2889 4377 3049 4416; x_wconf 89' lang='lat' dir='ltr'><strong>manu</strong></span> <span class='ocrx_word' id='word_1_698' title='bbox 3083 4364 3326 4433; x_wconf 90' lang='lat' dir='ltr'><strong>tangitis,</strong></span> <span class='ocrx_word' id='word_1_699' title='bbox 3357 4373 3411 4418; x_wconf 86' lang='lat' dir='ltr'><strong>et</strong></span> <span class='ocrx_word' id='word_1_700' title='bbox 3437 4359 3599 4417; x_wconf 89' lang='lat' dir='ltr'><strong>oculis</strong></span> <span class='ocrx_word' id='word_1_701' title='bbox 3622 4367 3780 4410; x_wconf 84' lang='lat' dir='ltr'><strong>carna-</strong></span> 
     </span>
    </p>
   </div>
   <div class='ocr_carea' id='block_1_52' title="bbox 559 4422 2135 4518">
    <p class='ocr_par' dir='ltr' id='par_1_52' title="bbox 559 4422 2135 4499">
     <span class='ocr_line' id='line_1_52' title="bbox 559 4422 2135 4499; baseline 0.007 -21"><span class='ocrx_word' id='word_1_702' title='bbox 559 4422 632 4478; x_wconf 71' lang='grc'><strong>34</strong></span> <span class='ocrx_word' id='word_1_703' title='bbox 657 4425 863 4480; x_wconf 89' lang='lat' dir='ltr'><strong>dicere:</strong></span> <span class='ocrx_word' id='word_1_704' title='bbox 888 4444 906 4477; x_wconf 78' lang='lat' dir='ltr'><strong>t</strong></span> <span class='ocrx_word' id='word_1_705' title='bbox 925 4427 1252 4498; x_wconf 84' lang='lat' dir='ltr'><strong>Angelorum</strong></span> <span class='ocrx_word' id='word_1_706' title='bbox 1280 4431 1478 4499; x_wconf 88' lang='lat' dir='ltr'><strong>quippe</strong></span> <span class='ocrx_word' id='word_1_707' title='bbox 1499 4440 1553 4485; x_wconf 93' lang='lat' dir='ltr'><strong>et</strong></span> <span class='ocrx_word' id='word_1_708' title='bbox 1578 4433 1856 4488; x_wconf 90' lang='lat' dir='ltr'><strong>hominum</strong></span> <span class='ocrx_word' id='word_1_709' title='bbox 1886 4444 2135 4489; x_wconf 87' lang='lat' dir='ltr'><strong>naturam</strong></span> 
     </span>
    </p>
   </div>
   <div class='ocr_carea' id='block_1_53' title="bbox 2198 4422 3774 4518">
    <p class='ocr_par' dir='ltr' id='par_1_53' title="bbox 2198 4446 3774 4518">
     <span class='ocr_line' id='line_1_53' title="bbox 2198 4446 3774 4518; baseline 0.004 -17"><span class='ocrx_word' id='word_1_710' title='bbox 2198 4511 2213 4518; x_wconf 35' lang='grc' dir='ltr'><strong>λ</strong></span> <span class='ocrx_word' id='word_1_711' title='bbox 2247 4446 2387 4504; x_wconf 88' lang='lat' dir='ltr'><strong>libus</strong></span> <span class='ocrx_word' id='word_1_712' title='bbox 2413 4452 2665 4518; x_wconf 90' lang='lat' dir='ltr'><strong>cernitis;</strong></span> <span class='ocrx_word' id='word_1_713' title='bbox 2705 4454 2802 4508; x_wconf 91' lang='lat' dir='ltr'><strong>sed</strong></span> <span class='ocrx_word' id='word_1_714' title='bbox 2832 4465 3016 4511; x_wconf 86' lang='lat' dir='ltr'><strong>noster</strong></span> <span class='ocrx_word' id='word_1_715' title='bbox 3049 4456 3190 4512; x_wconf 91' lang='lat' dir='ltr'><strong>Deus</strong></span> <span class='ocrx_word' id='word_1_716' title='bbox 3222 4459 3273 4512; x_wconf 91' lang='lat' dir='ltr'><strong>in</strong></span> <span class='ocrx_word' id='word_1_717' title='bbox 3307 4457 3446 4513; x_wconf 63' lang='lat' dir='ltr'><strong>coelo</strong></span> <span class='ocrx_word' id='word_1_718' title='bbox 3471 4464 3550 4511; x_wconf 84' lang='lat' dir='ltr'><strong>est</strong></span> <span class='ocrx_word' id='word_1_719' title='bbox 3575 4461 3774 4508; x_wconf 67' lang='lat' dir='ltr'><strong>sursum.</strong></span> 
     </span>
    </p>
   </div>
   <div class='ocr_carea' id='block_1_54' title="bbox 561 4509 3776 4618">
    <p class='ocr_par' dir='ltr' id='par_1_54' title="bbox 561 4509 3776 4618">
     <span class='ocr_line' id='line_1_54' title="bbox 561 4509 3776 4618; baseline 0.006 -46"><span class='ocrx_word' id='word_1_720' title='bbox 561 4519 632 4573; x_wconf 89' lang='lat' dir='ltr'><strong>ad</strong></span> <span class='ocrx_word' id='word_1_721' title='bbox 660 4522 1094 4590; x_wconf 88' lang='lat' dir='ltr'><strong>cognoscendum</strong></span> <span class='ocrx_word' id='word_1_722' title='bbox 1126 4539 1184 4578; x_wconf 90' lang='lat' dir='ltr'><strong>se</strong></span> <span class='ocrx_word' id='word_1_723' title='bbox 1211 4523 1472 4581; x_wconf 88' lang='lat' dir='ltr'><strong>Dominus</strong></span> <span class='ocrx_word' id='word_1_724' title='bbox 1500 4529 1776 4597; x_wconf 88' lang='lat' dir='ltr'><strong>condidit,</strong></span> <span class='ocrx_word' id='word_1_725' title='bbox 1815 4547 1978 4601; x_wconf 89' lang='lat' dir='ltr'><strong>quam</strong></span> <span class='ocrx_word' id='word_1_726' title='bbox 2010 4533 2140 4588; x_wconf 91' lang='lat' dir='ltr'><strong>dum</strong></span> <span class='ocrx_word' id='word_1_727' title='bbox 2165 4509 2223 4572; x_wconf 79' lang='lat' dir='ltr'><strong>D</strong></span> <span class='ocrx_word' id='word_1_728' title='bbox 2249 4539 2303 4592; x_wconf 91' lang='lat' dir='ltr'><strong>in</strong></span> <span class='ocrx_word' id='word_1_729' title='bbox 2333 4539 2471 4596; x_wconf 63' lang='lat' dir='ltr'><strong>coelo</strong></span> <span class='ocrx_word' id='word_1_730' title='bbox 2498 4551 2554 4596; x_wconf 86' lang='lat' dir='ltr'><strong>et</strong></span> <span class='ocrx_word' id='word_1_731' title='bbox 2589 4543 2643 4597; x_wconf 92' lang='lat' dir='ltr'><strong>in</strong></span> <span class='ocrx_word' id='word_1_732' title='bbox 2675 4555 2820 4598; x_wconf 88' lang='lat' dir='ltr'><strong>terra</strong></span> <span class='ocrx_word' id='word_1_733' title='bbox 2862 4547 3044 4601; x_wconf 91' lang='lat' dir='ltr'><strong>omnia</strong></span> <span class='ocrx_word' id='word_1_734' title='bbox 3087 4562 3422 4618; x_wconf 60' lang='lat' dir='ltr'><strong>quaecunque</strong></span> <span class='ocrx_word' id='word_1_735' title='bbox 3461 4543 3616 4599; x_wconf 88' lang='lat' dir='ltr'><strong>voluit</strong></span> <span class='ocrx_word' id='word_1_736' title='bbox 3657 4535 3776 4592; x_wconf 81' lang='lat' dir='ltr'><strong>fecit.</strong></span> 
     </span>
    </p>
   </div>
   <div class='ocr_carea' id='block_1_55' title="bbox 558 4611 3776 4707">
    <p class='ocr_par' dir='ltr' id='par_1_55' title="bbox 558 4611 3776 4707">
     <span class='ocr_line' id='line_1_55' title="bbox 558 4611 3776 4707; baseline 0.004 -42"><span class='ocrx_word' id='word_1_737' title='bbox 558 4611 863 4666; x_wconf 88' lang='lat' dir='ltr'><strong>consistere</strong></span> <span class='ocrx_word' id='word_1_738' title='bbox 889 4613 956 4666; x_wconf 91' lang='lat' dir='ltr'><strong>ad</strong></span> <span class='ocrx_word' id='word_1_739' title='bbox 985 4614 1344 4671; x_wconf 63' lang='lat' dir='ltr'><strong>aeternitatem</strong></span> <span class='ocrx_word' id='word_1_740' title='bbox 1375 4617 1563 4685; x_wconf 89' lang='lat' dir='ltr'><strong>voluit,</strong></span> <span class='ocrx_word' id='word_1_741' title='bbox 1596 4635 1718 4675; x_wconf 89' lang='lat' dir='ltr'><strong>eam</strong></span> <span class='ocrx_word' id='word_1_742' title='bbox 1760 4623 1946 4692; x_wconf 90' lang='lat' dir='ltr'><strong>procul</strong></span> <span class='ocrx_word' id='word_1_743' title='bbox 1975 4625 2139 4682; x_wconf 91' lang='lat' dir='ltr'><strong>dubio</strong></span> <span class='ocrx_word' id='word_1_744' title='bbox 2244 4628 2302 4683; x_wconf 92' lang='lat' dir='ltr'><strong>ln</strong></span> <span class='ocrx_word' id='word_1_745' title='bbox 2332 4631 2418 4686; x_wconf 89' lang='lat' dir='ltr'><strong>his</strong></span> <span class='ocrx_word' id='word_1_746' title='bbox 2447 4633 2540 4702; x_wconf 91' lang='lat' dir='ltr'><strong>qui</strong></span> <span class='ocrx_word' id='word_1_747' title='bbox 2568 4633 2843 4689; x_wconf 84' lang='lat' dir='ltr'><strong>caelestem</strong></span> <span class='ocrx_word' id='word_1_748' title='bbox 2874 4636 3040 4690; x_wconf 90' lang='lat' dir='ltr'><strong>vitam</strong></span> <span class='ocrx_word' id='word_1_749' title='bbox 3070 4611 3268 4707; x_wconf 76' lang='lat' dir='ltr'><strong>agunt,</strong></span> <span class='ocrx_word' id='word_1_750' title='bbox 3309 4611 3363 4693; x_wconf 73' lang='lat' dir='ltr'><strong>et</strong></span> <span class='ocrx_word' id='word_1_751' title='bbox 3401 4636 3570 4691; x_wconf 91' lang='lat' dir='ltr'><strong>adhuc</strong></span> <span class='ocrx_word' id='word_1_752' title='bbox 3596 4636 3776 4684; x_wconf 84' lang='lat' dir='ltr'><strong>terrena</strong></span> 
     </span>
    </p>
   </div>
   <div class='ocr_carea' id='block_1_56' title="bbox 558 4700 3776 4795">
    <p class='ocr_par' dir='ltr' id='par_1_56' title="bbox 558 4700 3776 4795">
     <span class='ocr_line' id='line_1_56' title="bbox 558 4700 3776 4795; baseline 0.004 -41"><span class='ocrx_word' id='word_1_753' title='bbox 558 4700 628 4755; x_wconf 89' lang='lat' dir='ltr'><strong>ad</strong></span> <span class='ocrx_word' id='word_1_754' title='bbox 660 4717 812 4757; x_wconf 90' lang='lat' dir='ltr'><strong>suam</strong></span> <span class='ocrx_word' id='word_1_755' title='bbox 841 4704 1250 4763; x_wconf 87' lang='lat' dir='ltr'><strong>similitudinem</strong></span> <span class='ocrx_word' id='word_1_756' title='bbox 1279 4711 1502 4765; x_wconf 89' lang='lat' dir='ltr'><strong>creavit.</strong></span> <span class='ocrx_word' id='word_1_757' title='bbox 1533 4731 1552 4766; x_wconf 73' lang='grc' dir='ltr'><strong><em>ι</em></strong></span> <span class='ocrx_word' id='word_1_758' title='bbox 1609 4714 1666 4769; x_wconf 87' lang='lat' dir='ltr'><strong>Si</strong></span> <span class='ocrx_word' id='word_1_759' title='bbox 1698 4724 1878 4772; x_wconf 89' lang='lat' dir='ltr'><strong>autem</strong></span> <span class='ocrx_word' id='word_1_760' title='bbox 1909 4719 2137 4778; x_wconf 88' lang='lat' dir='ltr'><strong>veritate</strong></span> <span class='ocrx_word' id='word_1_761' title='bbox 2243 4735 2407 4776; x_wconf 89' lang='lat' dir='ltr'><strong>carne</strong></span> <span class='ocrx_word' id='word_1_762' title='bbox 2437 4700 2748 4790; x_wconf 83' lang='lat' dir='ltr'><strong>cluduntur,</strong></span> <span class='ocrx_word' id='word_1_763' title='bbox 2771 4725 3018 4795; x_wconf 89' lang='lat' dir='ltr'><strong>implebit</strong></span> <span class='ocrx_word' id='word_1_764' title='bbox 3043 4700 3345 4783; x_wconf 74' lang='lat' dir='ltr'><strong>voluntates</strong></span> <span class='ocrx_word' id='word_1_765' title='bbox 3368 4740 3507 4783; x_wconf 88' lang='lat' dir='ltr'><strong>suas.</strong></span> <span class='ocrx_word' id='word_1_766' title='bbox 3538 4723 3611 4778; x_wconf 90' lang='lat' dir='ltr'><strong>De</strong></span> <span class='ocrx_word' id='word_1_767' title='bbox 3637 4717 3776 4771; x_wconf 85' lang='lat' dir='ltr'><strong>altero</strong></span> 
     </span>
    </p>
   </div>
   <div class='ocr_carea' id='block_1_57' title="bbox 553 4795 3774 4884">
    <p class='ocr_par' dir='ltr' id='par_1_57' title="bbox 553 4795 3774 4884">
     <span class='ocr_line' id='line_1_57' title="bbox 553 4795 3774 4884; baseline 0.007 -37"><span class='ocrx_word' id='word_1_768' title='bbox 553 4795 788 4850; x_wconf 90' lang='lat' dir='ltr'><strong>convicti</strong></span> <span class='ocrx_word' id='word_1_769' title='bbox 826 4812 1014 4852; x_wconf 87' lang='lat' dir='ltr'><strong>verum</strong></span> <span class='ocrx_word' id='word_1_770' title='bbox 1052 4800 1325 4869; x_wconf 87' lang='lat' dir='ltr'><strong>dixerint,</strong></span> <span class='ocrx_word' id='word_1_771' title='bbox 1380 4821 1487 4860; x_wconf 94' lang='lat' dir='ltr'><strong>non</strong></span> <span class='ocrx_word' id='word_1_772' title='bbox 1538 4805 1630 4862; x_wconf 93' lang='lat' dir='ltr'><strong>Dei</strong></span> <span class='ocrx_word' id='word_1_773' title='bbox 1677 4809 1989 4879; x_wconf 91' lang='lat' dir='ltr'><strong>voluntate,</strong></span> <span class='ocrx_word' id='word_1_774' title='bbox 2038 4813 2135 4870; x_wconf 87' lang='lat' dir='ltr'><strong>sed</strong></span> <span class='ocrx_word' id='word_1_775' title='bbox 2241 4827 2372 4866; x_wconf 90' lang='lat' dir='ltr'><strong>vero</strong></span> <span class='ocrx_word' id='word_1_776' title='bbox 2401 4813 2714 4869; x_wconf 89' lang='lat' dir='ltr'><strong>testimonio</strong></span> <span class='ocrx_word' id='word_1_777' title='bbox 2743 4829 2811 4869; x_wconf 81' lang='lat' dir='ltr'><strong>ex</strong></span> <span class='ocrx_word' id='word_1_778' title='bbox 2839 4817 3048 4884; x_wconf 90' lang='lat' dir='ltr'><strong>psalmo</strong></span> <span class='ocrx_word' id='word_1_779' title='bbox 3073 4834 3174 4873; x_wconf 84' lang='lat' dir='ltr'><strong>cxt.</strong></span> <span class='ocrx_word' id='word_1_780' title='bbox 3217 4819 3344 4875; x_wconf 89' lang='lat' dir='ltr'><strong>item</strong></span> <span class='ocrx_word' id='word_1_781' title='bbox 3375 4823 3585 4874; x_wconf 88' lang='lat' dir='ltr'><strong>sanctus</strong></span> <span class='ocrx_word' id='word_1_782' title='bbox 3618 4809 3774 4864; x_wconf 72' lang='lat' dir='ltr'><strong>HieI‘O&#39;</strong></span> 
     </span>
    </p>
   </div>
   <div class='ocr_carea' id='block_1_58' title="bbox 551 4887 3770 4981">
    <p class='ocr_par' dir='ltr' id='par_1_58' title="bbox 551 4887 3770 4981">
     <span class='ocr_line' id='line_1_58' title="bbox 551 4887 3770 4981; baseline 0.003 -43"><span class='ocrx_word' id='word_1_783' title='bbox 551 4887 772 4955; x_wconf 84' lang='lat' dir='ltr'><strong>preprio</strong></span> <span class='ocrx_word' id='word_1_784' title='bbox 813 4887 932 4944; x_wconf 88' lang='lat' dir='ltr'><strong>illos</strong></span> <span class='ocrx_word' id='word_1_785' title='bbox 967 4890 1099 4947; x_wconf 91' lang='lat' dir='ltr'><strong>vitio</strong></span> <span class='ocrx_word' id='word_1_786' title='bbox 1141 4895 1423 4962; x_wconf 89' lang='lat' dir='ltr'><strong>cecidisse,</strong></span> <span class='ocrx_word' id='word_1_787' title='bbox 1475 4899 1826 4956; x_wconf 84' lang='lat' dir='ltr'><strong>manifestum</strong></span> <span class='ocrx_word' id='word_1_788' title='bbox 1878 4913 1961 4959; x_wconf 91' lang='lat' dir='ltr'><strong>est</strong></span> <span class='ocrx_word' id='word_1_789' title='bbox 2005 4907 2132 4976; x_wconf 89' lang='lat' dir='ltr'><strong>quia</strong></span> <span class='ocrx_word' id='word_1_790' title='bbox 2237 4918 2433 4974; x_wconf 84' lang='lat' dir='ltr'><strong>nymus</strong></span> <span class='ocrx_word' id='word_1_791' title='bbox 2459 4903 2624 4958; x_wconf 89' lang='lat' dir='ltr'><strong>dicit:</strong></span> <span class='ocrx_word' id='word_1_792' title='bbox 2655 4923 2673 4955; x_wconf 76' lang='grc' dir='ltr'>ι</span> <span class='ocrx_word' id='word_1_793' title='bbox 2703 4903 2895 4960; x_wconf 87' lang='lat' dir='ltr'><strong>Omnia</strong></span> <span class='ocrx_word' id='word_1_794' title='bbox 2923 4925 3243 4981; x_wconf 75' lang='lat' dir='ltr'><strong>quwcunque</strong></span> <span class='ocrx_word' id='word_1_795' title='bbox 3269 4910 3431 4965; x_wconf 84' lang='lat' dir='ltr'><strong>voluit</strong></span> <span class='ocrx_word' id='word_1_796' title='bbox 3458 4905 3570 4978; x_wconf 82' lang='lat' dir='ltr'><strong>fecit</strong></span> <span class='ocrx_word' id='word_1_797' title='bbox 3595 4904 3643 4955; x_wconf 88' lang='lat' dir='ltr'><strong>in</strong></span> <span class='ocrx_word' id='word_1_798' title='bbox 3668 4893 3770 4950; x_wconf 70' lang='lat' dir='ltr'><strong>caelo</strong></span> 
     </span>
    </p>
   </div>
   <div class='ocr_carea' id='block_1_59' title="bbox 549 4980 3765 5071">
    <p class='ocr_par' dir='ltr' id='par_1_59' title="bbox 549 4980 3765 5071">
     <span class='ocr_line' id='line_1_59' title="bbox 549 4980 3765 5071; baseline 0.007 -42"><span class='ocrx_word' id='word_1_799' title='bbox 549 4989 655 5030; x_wconf 91' lang='lat' dir='ltr'><strong>non</strong></span> <span class='ocrx_word' id='word_1_800' title='bbox 686 4993 809 5033; x_wconf 91' lang='lat' dir='ltr'><strong>cum</strong></span> <span class='ocrx_word' id='word_1_801' title='bbox 839 4980 940 5046; x_wconf 89' lang='lat' dir='ltr'><strong>eis,</strong></span> <span class='ocrx_word' id='word_1_802' title='bbox 968 4983 1060 5037; x_wconf 91' lang='lat' dir='ltr'><strong>sed</strong></span> <span class='ocrx_word' id='word_1_803' title='bbox 1091 4995 1280 5040; x_wconf 85' lang='lat' dir='ltr'><strong>contra</strong></span> <span class='ocrx_word' id='word_1_804' title='bbox 1302 5002 1396 5042; x_wconf 89' lang='lat' dir='ltr'><strong>eos</strong></span> <span class='ocrx_word' id='word_1_805' title='bbox 1423 4989 1633 5056; x_wconf 90' lang='lat' dir='ltr'><strong>prolata</strong></span> <span class='ocrx_word' id='word_1_806' title='bbox 1665 4993 1732 5047; x_wconf 92' lang='lat' dir='ltr'><strong>ab</strong></span> <span class='ocrx_word' id='word_1_807' title='bbox 1765 4993 1897 5064; x_wconf 90' lang='lat' dir='ltr'><strong>ipsis</strong></span> <span class='ocrx_word' id='word_1_808' title='bbox 1925 4995 2132 5054; x_wconf 80' lang='lat' dir='ltr'><strong>faciunt</strong></span> <span class='ocrx_word' id='word_1_809' title='bbox 2233 5006 2281 5051; x_wconf 90' lang='lat' dir='ltr'><strong>et</strong></span> <span class='ocrx_word' id='word_1_810' title='bbox 2329 4998 2386 5050; x_wconf 81' lang='lat' dir='ltr'><strong>in</strong></span> <span class='ocrx_word' id='word_1_811' title='bbox 2433 5007 2594 5065; x_wconf 87' lang='lat' dir='ltr'><strong>terra,</strong></span> <span class='ocrx_word' id='word_1_812' title='bbox 2646 4999 2700 5052; x_wconf 87' lang='lat' dir='ltr'><strong>in</strong></span> <span class='ocrx_word' id='word_1_813' title='bbox 2748 5002 2884 5054; x_wconf 91' lang='lat' dir='ltr'><strong>mari</strong></span> <span class='ocrx_word' id='word_1_814' title='bbox 2931 5011 2982 5056; x_wconf 86' lang='lat' dir='ltr'><strong>et</strong></span> <span class='ocrx_word' id='word_1_815' title='bbox 3031 5005 3087 5057; x_wconf 89' lang='lat' dir='ltr'><strong>in</strong></span> <span class='ocrx_word' id='word_1_816' title='bbox 3137 5006 3373 5059; x_wconf 88' lang='lat' dir='ltr'><strong>omnibus</strong></span> <span class='ocrx_word' id='word_1_817' title='bbox 3407 4999 3594 5071; x_wconf 75' lang='lat' dir='ltr'><strong>abyssi:</strong></span> <span class='ocrx_word' id='word_1_818' title='bbox 3621 4985 3765 5064; x_wconf 73' lang='grc' dir='ltr'><strong>(Ρωίο</strong></span> 
     </span>
    </p>
   </div>
   <div class='ocr_carea' id='block_1_60' title="bbox 546 5068 3762 5166">
    <p class='ocr_par' dir='ltr' id='par_1_60' title="bbox 546 5068 3762 5166">
     <span class='ocr_line' id='line_1_60' title="bbox 546 5068 3762 5166; baseline 0.008 -46"><span class='ocrx_word' id='word_1_819' title='bbox 546 5068 879 5166; x_wconf 42' lang='grc' dir='ltr'><strong>ξρεξίηιοηίίι.</strong></span> <span class='ocrx_word' id='word_1_820' title='bbox 923 5072 1186 5159; x_wconf 86' lang='lat' dir='ltr'><strong>Quoniam</strong></span> <span class='ocrx_word' id='word_1_821' title='bbox 1217 5077 1357 5132; x_wconf 91' lang='lat' dir='ltr'><strong>sicut</strong></span> <span class='ocrx_word' id='word_1_822' title='bbox 1386 5080 1493 5135; x_wconf 92' lang='lat' dir='ltr'><strong>duo</strong></span> <span class='ocrx_word' id='word_1_823' title='bbox 1515 5083 1676 5151; x_wconf 88' lang='lat' dir='ltr'><strong>primi</strong></span> <span class='ocrx_word' id='word_1_824' title='bbox 1706 5085 1987 5154; x_wconf 91' lang='lat' dir='ltr'><strong>homines,</strong></span> <span class='ocrx_word' id='word_1_825' title='bbox 2017 5106 2124 5145; x_wconf 90' lang='lat' dir='ltr'><strong>non</strong></span> <span class='ocrx_word' id='word_1_826' title='bbox 2233 5104 2452 5154; x_wconf 76' lang='lat' dir='ltr'><strong>cxxxrv,</strong></span> <span class='ocrx_word' id='word_1_827' title='bbox 2483 5090 2558 5162; x_wconf 89' lang='grc'><strong>6).</strong></span> <span class='ocrx_word' id='word_1_828' title='bbox 2618 5089 2724 5148; x_wconf 87' lang='lat' dir='ltr'><strong>Pro</strong></span> <span class='ocrx_word' id='word_1_829' title='bbox 2750 5092 3025 5150; x_wconf 88' lang='lat' dir='ltr'><strong>voluntate</strong></span> <span class='ocrx_word' id='word_1_830' title='bbox 3068 5097 3322 5153; x_wconf 89' lang='lat' dir='ltr'><strong>bonitatis</strong></span> <span class='ocrx_word' id='word_1_831' title='bbox 3367 5068 3554 5166; x_wconf 80' lang='lat' dir='ltr'><strong>placuit</strong></span> <span class='ocrx_word' id='word_1_832' title='bbox 3593 5087 3689 5141; x_wconf 73' lang='lat' dir='ltr'><strong>D80</strong></span> <span class='ocrx_word' id='word_1_833' title='bbox 3721 5080 3762 5132; x_wconf 73' lang='lat' dir='ltr'><strong>in</strong></span> 
     </span>
    </p>
   </div>
   <div class='ocr_carea' id='block_1_61' title="bbox 547 5157 3757 5255">
    <p class='ocr_par' dir='ltr' id='par_1_61' title="bbox 547 5157 3757 5255">
     <span class='ocr_line' id='line_1_61' title="bbox 547 5157 3757 5255; baseline 0.005 -43"><span class='ocrx_word' id='word_1_834' title='bbox 547 5157 643 5212; x_wconf 89' lang='lat' dir='ltr'><strong>Dei</strong></span> <span class='ocrx_word' id='word_1_835' title='bbox 673 5157 1092 5229; x_wconf 86' lang='lat' dir='ltr'><strong>voluntate,sed</strong></span> <span class='ocrx_word' id='word_1_836' title='bbox 1123 5181 1220 5223; x_wconf 92' lang='lat' dir='ltr'><strong>suo</strong></span> <span class='ocrx_word' id='word_1_837' title='bbox 1251 5169 1383 5225; x_wconf 91' lang='lat' dir='ltr'><strong>vitio</strong></span> <span class='ocrx_word' id='word_1_838' title='bbox 1411 5173 1744 5241; x_wconf 89' lang='lat' dir='ltr'><strong>ceciderunt,</strong></span> <span class='ocrx_word' id='word_1_839' title='bbox 1776 5179 1888 5246; x_wconf 91' lang='lat' dir='ltr'><strong>qui,</strong></span> <span class='ocrx_word' id='word_1_840' title='bbox 1920 5188 1978 5233; x_wconf 92' lang='lat' dir='ltr'><strong>ut</strong></span> <span class='ocrx_word' id='word_1_841' title='bbox 2005 5197 2127 5237; x_wconf 82' lang='lat' dir='ltr'><strong>cre—</strong></span> <span class='ocrx_word' id='word_1_842' title='bbox 2231 5181 2793 5251; x_wconf 88' lang='lat' dir='ltr'><strong>excelsasanimas,in</strong></span> <span class='ocrx_word' id='word_1_843' title='bbox 2810 5187 2992 5242; x_wconf 89' lang='lat' dir='ltr'><strong>aridas</strong></span> <span class='ocrx_word' id='word_1_844' title='bbox 3008 5199 3238 5255; x_wconf 84' lang='lat' dir='ltr'><strong>mentes,</strong></span> <span class='ocrx_word' id='word_1_845' title='bbox 3258 5191 3308 5243; x_wconf 91' lang='lat' dir='ltr'><strong>in</strong></span> <span class='ocrx_word' id='word_1_846' title='bbox 3329 5175 3757 5242; x_wconf 72' lang='lat' dir='ltr'><strong>szeculilluctihus.</strong></span> 
     </span>
    </p>
   </div>
   <div class='ocr_carea' id='block_1_62' title="bbox 545 5252 3760 5345">
    <p class='ocr_par' dir='ltr' id='par_1_62' title="bbox 545 5252 3760 5345">
     <span class='ocr_line' id='line_1_62' title="bbox 545 5252 3760 5345; baseline 0.006 -39"><span class='ocrx_word' id='word_1_847' title='bbox 545 5252 725 5345; x_wconf 74' lang='lat' dir='ltr'><strong>dimus</strong></span> <span class='ocrx_word' id='word_1_848' title='bbox 746 5257 903 5312; x_wconf 89' lang='lat' dir='ltr'><strong>beato</strong></span> <span class='ocrx_word' id='word_1_849' title='bbox 923 5256 1223 5329; x_wconf 88' lang='lat' dir='ltr'><strong>Augustino</strong></span> <span class='ocrx_word' id='word_1_850' title='bbox 1245 5270 1299 5317; x_wconf 91' lang='lat' dir='ltr'><strong>et</strong></span> <span class='ocrx_word' id='word_1_851' title='bbox 1328 5265 1541 5326; x_wconf 75' lang='lat' dir='ltr'><strong>czeteris</strong></span> <span class='ocrx_word' id='word_1_852' title='bbox 1568 5269 1771 5324; x_wconf 88' lang='lat' dir='ltr'><strong>sanctis</strong></span> <span class='ocrx_word' id='word_1_853' title='bbox 1795 5269 2120 5340; x_wconf 89' lang='lat' dir='ltr'><strong>dicentibus,</strong></span> <span class='ocrx_word' id='word_1_854' title='bbox 2229 5274 2284 5328; x_wconf 92' lang='lat' dir='ltr'><strong>in</strong></span> <span class='ocrx_word' id='word_1_855' title='bbox 2318 5275 2682 5345; x_wconf 86' lang='lat' dir='ltr'><strong>prol‘unditate</strong></span> <span class='ocrx_word' id='word_1_856' title='bbox 2703 5279 2921 5336; x_wconf 64' lang='lat' dir='ltr'><strong>malitia:</strong></span> <span class='ocrx_word' id='word_1_857' title='bbox 2941 5280 3120 5337; x_wconf 80' lang='lat' dir='ltr'><strong>facere</strong></span> <span class='ocrx_word' id='word_1_858' title='bbox 3134 5252 3413 5339; x_wconf 81' lang='lat' dir='ltr'><strong>mirabilia.</strong></span> <span class='ocrx_word' id='word_1_859' title='bbox 3449 5297 3467 5330; x_wconf 71' lang='grc' dir='ltr'><strong><em>ι</em></strong></span> <span class='ocrx_word' id='word_1_860' title='bbox 3494 5275 3556 5330; x_wconf 85' lang='grc' dir='ltr'><strong>Ει</strong></span> <span class='ocrx_word' id='word_1_861' title='bbox 3574 5271 3760 5326; x_wconf 72' lang='lat' dir='ltr'><strong>sanctus</strong></span> 
     </span>
    </p>
   </div>
   <div class='ocr_carea' id='block_1_63' title="bbox 542 5343 3755 5444">
    <p class='ocr_par' dir='ltr' id='par_1_63' title="bbox 542 5343 3755 5444">
     <span class='ocr_line' id='line_1_63' title="bbox 542 5343 3755 5444; baseline 0.005 -46"><span class='ocrx_word' id='word_1_862' title='bbox 542 5343 638 5399; x_wconf 89' lang='lat' dir='ltr'><strong>Dei</strong></span> <span class='ocrx_word' id='word_1_863' title='bbox 675 5349 845 5418; x_wconf 90' lang='lat' dir='ltr'><strong>gratia</strong></span> <span class='ocrx_word' id='word_1_864' title='bbox 889 5365 986 5419; x_wconf 92' lang='lat' dir='ltr'><strong>per</strong></span> <span class='ocrx_word' id='word_1_865' title='bbox 1021 5355 1396 5422; x_wconf 62' lang='lat' dir='ltr'><strong>penitentiam</strong></span> <span class='ocrx_word' id='word_1_866' title='bbox 1446 5359 1513 5414; x_wconf 90' lang='lat' dir='ltr'><strong>ad</strong></span> <span class='ocrx_word' id='word_1_867' title='bbox 1562 5361 1792 5416; x_wconf 92' lang='lat' dir='ltr'><strong>salutem</strong></span> <span class='ocrx_word' id='word_1_868' title='bbox 1837 5364 1892 5418; x_wconf 92' lang='lat' dir='ltr'><strong>in</strong></span> <span class='ocrx_word' id='word_1_869' title='bbox 1919 5364 2119 5422; x_wconf 88' lang='lat' dir='ltr'><strong>Christi</strong></span> <span class='ocrx_word' id='word_1_870' title='bbox 2227 5343 2559 5438; x_wconf 86' lang='lat' dir='ltr'><strong>Augustinus</strong></span> <span class='ocrx_word' id='word_1_871' title='bbox 2607 5369 2679 5424; x_wconf 91' lang='lat' dir='ltr'><strong>ita</strong></span> <span class='ocrx_word' id='word_1_872' title='bbox 2725 5386 2822 5442; x_wconf 88' lang='lat' dir='ltr'><strong>per</strong></span> <span class='ocrx_word' id='word_1_873' title='bbox 2870 5373 2987 5429; x_wconf 91' lang='lat' dir='ltr'><strong>loca</strong></span> <span class='ocrx_word' id='word_1_874' title='bbox 3015 5388 3289 5444; x_wconf 85' lang='lat' dir='ltr'><strong>exponens</strong></span> <span class='ocrx_word' id='word_1_875' title='bbox 3327 5371 3454 5428; x_wconf 89' lang='lat' dir='ltr'><strong>dicit</strong></span> <span class='ocrx_word' id='word_1_876' title='bbox 3491 5385 3503 5419; x_wconf 93' lang='lat'><strong>:</strong></span> <span class='ocrx_word' id='word_1_877' title='bbox 3551 5383 3567 5414; x_wconf 77' lang='grc' dir='ltr'>ι</span> <span class='ocrx_word' id='word_1_878' title='bbox 3595 5352 3755 5414; x_wconf 59' lang='lat' dir='ltr'><strong>Omni!l</strong></span> 
     </span>
    </p>
   </div>
   <div class='ocr_carea' id='block_1_64' title="bbox 541 5438 3752 5537">
    <p class='ocr_par' dir='ltr' id='par_1_64' title="bbox 541 5438 3752 5537">
     <span class='ocr_line' id='line_1_64' title="bbox 541 5438 3752 5537; baseline 0.003 -48"><span class='ocrx_word' id='word_1_879' title='bbox 541 5438 803 5508; x_wconf 85' lang='lat' dir='ltr'><strong>sanguine</strong></span> <span class='ocrx_word' id='word_1_880' title='bbox 833 5440 1150 5498; x_wconf 89' lang='lat' dir='ltr'><strong>redierunt:</strong></span> <span class='ocrx_word' id='word_1_881' title='bbox 1185 5444 1259 5501; x_wconf 90' lang='lat' dir='ltr'><strong>ita</strong></span> <span class='ocrx_word' id='word_1_882' title='bbox 1289 5446 1356 5501; x_wconf 90' lang='lat' dir='ltr'><strong>de</strong></span> <span class='ocrx_word' id='word_1_883' title='bbox 1379 5450 1632 5508; x_wconf 90' lang='lat' dir='ltr'><strong>omnibus</strong></span> <span class='ocrx_word' id='word_1_884' title='bbox 1662 5452 1716 5507; x_wconf 90' lang='lat' dir='ltr'><strong>in</strong></span> <span class='ocrx_word' id='word_1_885' title='bbox 1747 5456 1907 5523; x_wconf 76' lang='lat' dir='ltr'><strong>primi</strong></span> <span class='ocrx_word' id='word_1_886' title='bbox 1944 5456 2119 5511; x_wconf 89' lang='lat' dir='ltr'><strong>homi-</strong></span> <span class='ocrx_word' id='word_1_887' title='bbox 2227 5475 2547 5532; x_wconf 67' lang='lat' dir='ltr'><strong>quaecunque</strong></span> <span class='ocrx_word' id='word_1_888' title='bbox 2579 5438 2742 5517; x_wconf 69' lang='lat' dir='ltr'><strong>voluii</strong></span> <span class='ocrx_word' id='word_1_889' title='bbox 2767 5463 3024 5521; x_wconf 89' lang='lat' dir='ltr'><strong>Dominus</strong></span> <span class='ocrx_word' id='word_1_890' title='bbox 3049 5438 3170 5537; x_wconf 76' lang='lat' dir='ltr'><strong>fecit</strong></span> <span class='ocrx_word' id='word_1_891' title='bbox 3201 5467 3255 5520; x_wconf 87' lang='lat' dir='ltr'><strong>in</strong></span> <span class='ocrx_word' id='word_1_892' title='bbox 3279 5463 3401 5520; x_wconf 72' lang='lat' dir='ltr'><strong>calo</strong></span> <span class='ocrx_word' id='word_1_893' title='bbox 3445 5469 3489 5514; x_wconf 87' lang='lat' dir='ltr'><strong>et</strong></span> <span class='ocrx_word' id='word_1_894' title='bbox 3530 5457 3580 5510; x_wconf 88' lang='lat' dir='ltr'><strong>ia</strong></span> <span class='ocrx_word' id='word_1_895' title='bbox 3616 5459 3752 5504; x_wconf 80' lang='lat' dir='ltr'><strong>terra.</strong></span> 
     </span>
    </p>
   </div>
   <div class='ocr_carea' id='block_1_65' title="bbox 537 5529 3747 5630">
    <p class='ocr_par' dir='ltr' id='par_1_65' title="bbox 537 5529 3747 5630">
     <span class='ocr_line' id='line_1_65' title="bbox 537 5529 3747 5630; baseline 0.003 -30"><span class='ocrx_word' id='word_1_896' title='bbox 537 5529 876 5630; x_wconf 48' lang='grc' dir='ltr'><strong>ηίέρθῦοθῐο</strong></span> <span class='ocrx_word' id='word_1_897' title='bbox 903 5536 1151 5604; x_wconf 88' lang='lat' dir='ltr'><strong>perditis,</strong></span> <span class='ocrx_word' id='word_1_898' title='bbox 1179 5546 1235 5594; x_wconf 89' lang='lat' dir='ltr'><strong>et</strong></span> <span class='ocrx_word' id='word_1_899' title='bbox 1260 5539 1315 5594; x_wconf 93' lang='lat' dir='ltr'><strong>in</strong></span> <span class='ocrx_word' id='word_1_900' title='bbox 1345 5541 1587 5612; x_wconf 89' lang='lat' dir='ltr'><strong>ejusdem</strong></span> <span class='ocrx_word' id='word_1_901' title='bbox 1618 5545 1925 5614; x_wconf 89' lang='lat' dir='ltr'><strong>perditione</strong></span> <span class='ocrx_word' id='word_1_902' title='bbox 1955 5563 2118 5618; x_wconf 86' lang='lat' dir='ltr'><strong>gene-</strong></span> <span class='ocrx_word' id='word_1_903' title='bbox 2225 5552 2281 5606; x_wconf 85' lang='lat' dir='ltr'><strong>in</strong></span> <span class='ocrx_word' id='word_1_904' title='bbox 2307 5555 2444 5607; x_wconf 86' lang='lat' dir='ltr'><strong>mari</strong></span> <span class='ocrx_word' id='word_1_905' title='bbox 2459 5529 2520 5608; x_wconf 15' lang='lat' dir='ltr'><strong>tet</strong></span> <span class='ocrx_word' id='word_1_906' title='bbox 2552 5556 2607 5609; x_wconf 88' lang='lat' dir='ltr'><strong>in</strong></span> <span class='ocrx_word' id='word_1_907' title='bbox 2632 5557 2869 5612; x_wconf 87' lang='lat' dir='ltr'><strong>omnibus</strong></span> <span class='ocrx_word' id='word_1_908' title='bbox 2911 5529 3132 5630; x_wconf 77' lang='lat' dir='ltr'><strong>abyssis.</strong></span> <span class='ocrx_word' id='word_1_909' title='bbox 3183 5559 3312 5628; x_wconf 89' lang='lat' dir='ltr'><strong>Quis</strong></span> <span class='ocrx_word' id='word_1_910' title='bbox 3338 5563 3507 5612; x_wconf 89' lang='lat' dir='ltr'><strong>autem</strong></span> <span class='ocrx_word' id='word_1_911' title='bbox 3535 5548 3747 5609; x_wconf 63' lang='lat' dir='ltr'><strong>compre‘</strong></span> 
     </span>
    </p>
   </div>
   <div class='ocr_carea' id='block_1_66' title="bbox 537 5620 3746 5720">
    <p class='ocr_par' dir='ltr' id='par_1_66' title="bbox 537 5620 3746 5720">
     <span class='ocr_line' id='line_1_66' title="bbox 537 5620 3746 5720; baseline 0.012 -49"><span class='ocrx_word' id='word_1_912' title='bbox 537 5620 670 5674; x_wconf 89' lang='lat' dir='ltr'><strong>ratis</strong></span> <span class='ocrx_word' id='word_1_913' title='bbox 694 5661 708 5685; x_wconf 92' lang='lat'><strong>,</strong></span> <span class='ocrx_word' id='word_1_914' title='bbox 759 5625 1065 5696; x_wconf 87' lang='lat' dir='ltr'><strong>quicunque</strong></span> <span class='ocrx_word' id='word_1_915' title='bbox 1101 5629 1398 5698; x_wconf 87' lang='lat' dir='ltr'><strong>salvantur,</strong></span> <span class='ocrx_word' id='word_1_916' title='bbox 1452 5635 1626 5704; x_wconf 88' lang='lat' dir='ltr'><strong>gratia</strong></span> <span class='ocrx_word' id='word_1_917' title='bbox 1679 5635 1814 5703; x_wconf 90' lang='lat' dir='ltr'><strong>Dei,</strong></span> <span class='ocrx_word' id='word_1_918' title='bbox 1864 5639 1955 5708; x_wconf 90' lang='lat' dir='ltr'><strong>qui</strong></span> <span class='ocrx_word' id='word_1_919' title='bbox 2002 5641 2117 5695; x_wconf 93' lang='lat' dir='ltr'><strong>vult</strong></span> <span class='ocrx_word' id='word_1_920' title='bbox 2225 5643 2425 5700; x_wconf 87' lang='lat' dir='ltr'><strong>hendat</strong></span> <span class='ocrx_word' id='word_1_921' title='bbox 2455 5646 2614 5702; x_wconf 73' lang='lat' dir='ltr'><strong>haec?</strong></span> <span class='ocrx_word' id='word_1_922' title='bbox 2665 5647 2722 5703; x_wconf 88' lang='lat' dir='ltr'><strong>Si</strong></span> <span class='ocrx_word' id='word_1_923' title='bbox 2758 5620 3229 5720; x_wconf 65' lang='lat' dir='ltr'><strong>comprehendere</strong></span> <span class='ocrx_word' id='word_1_924' title='bbox 3256 5649 3428 5706; x_wconf 88' lang='lat' dir='ltr'><strong>omnia</strong></span> <span class='ocrx_word' id='word_1_925' title='bbox 3459 5658 3555 5698; x_wconf 89' lang='lat' dir='ltr'><strong>non</strong></span> <span class='ocrx_word' id='word_1_926' title='bbox 3585 5643 3746 5706; x_wconf 64' lang='lat' dir='ltr'><strong>Possu&#39;</strong></span> 
     </span>
    </p>
   </div>
   <div class='ocr_carea' id='block_1_67' title="bbox 534 5715 3744 5805">
    <p class='ocr_par' dir='ltr' id='par_1_67' title="bbox 534 5715 3744 5805">
     <span class='ocr_line' id='line_1_67' title="bbox 534 5715 3744 5805; baseline 0.004 -42"><span class='ocrx_word' id='word_1_927' title='bbox 534 5727 724 5768; x_wconf 88' lang='lat' dir='ltr'><strong>omnes</strong></span> <span class='ocrx_word' id='word_1_928' title='bbox 756 5715 1000 5773; x_wconf 89' lang='lat' dir='ltr'><strong>homines</strong></span> <span class='ocrx_word' id='word_1_929' title='bbox 1039 5720 1214 5778; x_wconf 84' lang='lat' dir='ltr'><strong>salvos</strong></span> <span class='ocrx_word' id='word_1_930' title='bbox 1248 5723 1402 5790; x_wconf 83' lang='lat' dir='ltr'><strong>ﬁeri,</strong></span> <span class='ocrx_word' id='word_1_931' title='bbox 1458 5726 1754 5794; x_wconf 84' lang='lat' dir='ltr'><strong>salvantur,</strong></span> <span class='ocrx_word' id='word_1_932' title='bbox 1806 5733 2111 5804; x_wconf 85' lang='lat' dir='ltr'><strong>quicunque</strong></span> <span class='ocrx_word' id='word_1_933' title='bbox 2222 5752 2370 5802; x_wconf 91' lang='lat' dir='ltr'><strong>mus,</strong></span> <span class='ocrx_word' id='word_1_934' title='bbox 2420 5749 2601 5794; x_wconf 85' lang='lat' dir='ltr'><strong>tamen</strong></span> <span class='ocrx_word' id='word_1_935' title='bbox 2647 5715 3098 5805; x_wconf 47' lang='lat' dir='ltr'><strong>credere-omnia</strong></span> <span class='ocrx_word' id='word_1_936' title='bbox 3147 5744 3459 5805; x_wconf 82' lang='lat' dir='ltr'><strong>inconcusse</strong></span> <span class='ocrx_word' id='word_1_937' title='bbox 3500 5738 3552 5786; x_wconf 87' lang='lat' dir='ltr'><strong>et</strong></span> <span class='ocrx_word' id='word_1_938' title='bbox 3593 5726 3744 5779; x_wconf 74' lang='lat' dir='ltr'><strong>tenere</strong></span> 
     </span>
    </p>
   </div>
  </div>
