3992 6336
193 415 306 475 273

957 424 1045 485 DE
1083 420 1753 494 PREDESTINATIORE
1788 437 2244 501 DlSSERTATlO
2284 447 2696 509 POSTERIOR.

3337 457 3443 516 274

192 532 487 600 debemus,
535 533 663 604 quia
695 536 973 629 quidquid
1016 553 1279 601 creaturae
1322 547 1374 602 in
1418 548 1570 603 caelis
1612 558 1667 605 et
1708 551 1764 606 in
1793 550 1850 613 Α
1942 552 2283 612 Ρτεεειιηιυηι
2309 560 2657 620 nihilominus
2675 562 3147 624 Praedestinatiani
3167 567 3270 625 sibi
3298 571 3445 629 beati

188 633 337 679 terra
356 631 429 680 ἐι
468 624 524 680 in
560 628 814 684 omnibus
844 631 1056 702 abyssis
1087 643 1202 701 est,
1243 653 1273 691 a
1305 637 1533 694 Domino
1563 638 1769 696 factum

186 720 292 770 est.
341 713 459 770 Non
495 718 678 773 omnia
720 734 840 790 quae
880 720 1010 778 fecit
1049 736 1268 783 coactus
1298 739 1382 784 est
1410 730 1623 798 facere,
1672 734 1767 790 sed

182 820 348 862 causa
371 809 617 866 omnium
639 826 759 881 quae
785 813 910 870 fecit
934 816 1182 875 voluntas
1207 819 1325 890 ejus
1347 831 1449 889 est,
1473 826 1769 883 necessitas

182 896 363 967 coegit
406 907 460 953 te
506 898 688 956 facere
728 903 979 972 domum,
1012 916 1251 977 vestem,
1295 920 1350 967 et
1377 921 1593 969 caetera.
1626 935 1646 967 ι
1700 915 1770 973 Ει

180 988 343 1060 paulo
373 1000 496 1061 post
521 1011 534 1046 :
569 1012 589 1046 ‹
621 992 932 1054 Invenimus
960 998 1162 1070 aliquid
1193 1005 1336 1073 quod
1380 1005 1552 1062 libera
1578 1008 1769 1065 volun-

180 1091 295 1141 tate
322 1085 577 1155 facimus,
607 1105 731 1145 cum
771 1092 947 1162 ipsum
981 1094 1154 1152 Deum
1189 1101 1421 1157 amando
1459 1101 1763 1163 laudamus.

178 1174 297 1231 Non
351 1180 497 1234 enim
545 1196 613 1236 ex
662 1184 1021 1252 necessitate,
1066 1190 1158 1244 sed
1190 1191 1314 1261 quia
1358 1193 1554 1264 placet.
1614 1196 1769 1255 Unde

173 1265 340 1337 iustis
384 1280 439 1324 et
478 1272 684 1328 sanctis
713 1275 808 1330 Dei
839 1275 1042 1346 placuit
1075 1278 1236 1347 Deus,
1283 1282 1446 1338 etiam
1489 1285 1768 1356 ﬂagellans

178 1373 291 1413 eos.
327 1378 349 1410 ι
394 1358 461 1414 Ει
493 1361 660 1416 item:
694 1381 714 1414 ι
746 1364 889 1420 Deus
929 1375 1108 1423 autem
1151 1370 1203 1424 in
1248 1371 1386 1428 coelo
1427 1382 1483 1428 et
1523 1375 1577 1429 in
1623 1385 1768 1433 terra

177 1453 361 1509 omnia
390 1470 726 1529 quaecunque
746 1460 916 1515 voluit
936 1461 1084 1518 fecit.
1124 1465 1243 1536 Ipse
1273 1468 1367 1522 tibi
1396 1468 1488 1526 det
1510 1474 1765 1543 gratiam,

180 1554 236 1599 ut
262 1546 319 1600 in
354 1557 407 1601 te
436 1548 556 1616 ipso
584 1548 752 1617 facias
780 1542 925 1623 quod
956 1555 1060 1611 vis.
1112 1556 1228 1612 Nisi
1273 1561 1417 1615 enim
1463 1542 1582 1633 ipso
1608 1567 1765 1637 adiu-

175 1645 343 1692 vante
378 1654 481 1694 nec
516 1639 572 1694 in
602 1649 655 1695 te
691 1640 860 1700 facies
885 1647 1029 1716 quod
1058 1646 1163 1714 vis,
1194 1651 1318 1720 quia
1354 1668 1482 1709 caro
1513 1658 1768 1729 concupi-

176 1728 275 1783 scit
304 1729 575 1787 adversus
601 1731 875 1803 spiritum,
899 1745 955 1792 et
975 1739 1198 1810 spiritus
1230 1744 1490 1802 adversus
1516 1728 1763 1817 carnem,

175 1826 233 1873 ut
283 1835 399 1876 nou
450 1836 784 1896 quaecunque
829 1826 995 1904 vultis
1042 1831 1132 1886 illa
1184 1832 1413 1891 faciatis.
1451 1856 1470 1890 ι
1531 1838 1600 1892 Et
1643 1848 1768 1910 post

177 1923 349 1979 pauca
376 1916 393 1964 ξ
427 1930 449 1963 ι
480 1911 615 1980 Quia
655 1929 762 1981 nou
803 1916 976 1973 solum
1016 1920 1069 1975 in
1101 1922 1259 1979 domo
1289 1938 1419 1991 sua,
1461 1943 1560 1983 nec
1589 1929 1765 1985 solum

178 1997 227 2052 in
258 2013 398 2071 agro
429 2012 549 2067 suo,
580 2004 675 2059 sed
706 2004 761 2061 in
792 2022 955 2063 carne
984 2024 1077 2064 sua
1117 2020 1170 2067 et
1200 2013 1253 2068 in
1282 2015 1474 2086 spiritu
1504 2032 1624 2084 suo,
1656 2035 1765 2076 non

178 2089 422 2161 implevit
453 2096 596 2164 quod
625 2097 859 2164 volebat,
891 2100 1147 2158 clamavit
1175 2105 1241 2159 ad
1269 2105 1437 2162 Deum
1465 2110 1557 2180 qui
1582 2111 1764 2168 omnia

178 2198 515 2256 quaecunque
541 2188 710 2244 voluit
737 2189 866 2247 fecit
892 2192 945 2248 in
979 2195 1121 2251 coelo
1149 2205 1203 2252 et
1233 2198 1287 2253 in
1313 2208 1475 2267 terra,
1508 2210 1563 2257 et
1586 2202 1760 2259 dixit:

180 2272 376 2365 infelix
405 2279 587 2365 hamo,
632 2283 748 2353 quis
795 2301 878 2339 me
923 2283 1164 2343 liberabit
1211 2290 1275 2346 de
1324 2310 1537 2365 corpore
1581 2298 1764 2353 mortis

177 2362 382 2433 lisias?
410 2353 845 2445 (Rom.vn,24.)
903 2376 970 2431 Et
1014 2378 1105 2433 ille
1151 2381 1358 2448 bonus,
1411 2353 1500 2439 ille
1545 2388 1759 2455 suavis,

180 2464 432 2528 tanquam
474 2465 825 2533 responderet
868 2468 917 2523 ei
964 2472 1223 2528 continuo
1264 2475 1529 2546 subjecit:
1575 2476 1762 2535 Gratia

181 2546 267 2602 Dei
307 2568 406 2620 per
442 2551 627 2609 Iesum
666 2554 933 2615 Christum
964 2561 1247 2619 Dominum
1296 2577 1551 2624 nostrum.
1605 2570 1759 2629 Hanc

180 2654 296 2713 ergo
339 2647 666 2704 suavitatem
711 2660 925 2718 amate,
968 2655 1111 2713 hanc
1150 2659 1471 2715 suavitatem
1514 2662 1755 2721 laudate.

178 2729 458 2806 lntelligite
487 2737 688 2806 Deum,
730 2744 821 2814 qui
856 2745 1036 2801 omnia
1074 2762 1408 2822 quaecunque
1431 2752 1600 2808 voluit
1630 2754 1759 2813 fecit

175 2824 224 2880 iu
250 2831 393 2885 cmlo
421 2840 474 2887 et
502 2832 554 2887 in
587 2842 755 2903 terra,
783 2837 895 2909 ipse
923 2848 978 2894 et
1008 2839 1061 2896 in
1090 2842 1243 2898 vobis
1269 2842 1430 2900 faciet
1471 2848 1613 2916 quod
1642 2848 1759 2903 vul-

176 2919 259 2985 tis,
306 2923 431 2992 ipso
471 2925 757 2995 adiuvante
783 2930 1116 2988 voluntatem
1158 2935 1323 3007 209
1375 2947 1612 2994 vestram
1656 2940 1758 2996 im-

176 3010 404 3081 plebitis,
421 3016 518 3072 sed
563 3021 796 3075 nondum
842 3024 1088 3093 potestis,
1113 3027 1445 3082 conlitemini
1492 3044 1614 3084 cum
1663 3046 1756 3101 po-

172 3105 402 3172 tueritis,
444 3109 645 3178 gratias
694 3112 855 3184 agite,
886 3113 1133 3185 iacentes
1180 3118 1439 3188 clamate,
1466 3122 1635 3179 erecti
1658 3139 1753 3179 su-

175 3196 382 3263 perbire
409 3200 594 3258 nolite.
627 3223 646 3256 ι

234 3289 312 3345 Ad
372 3294 519 3362 quod
547 3295 593 3351 si
621 3307 855 3355 veterem
885 3312 1091 3373 pestem
1117 3307 1455 3364 evomuerint
1491 3311 1737 3369 moderni

172 3376 654 3453 Praedestinatiani,
682 3388 922 3448 dicentes
943 3408 1080 3464 quos
1110 3411 1215 3451 non
1241 3395 1356 3453 vult
1388 3397 1532 3472 Deus
1566 3400 1746 3460 salvos

175 3467 297 3535 ﬁeri,
321 3476 583 3542 quoniam
628 3493 961 3553 quaecunque
987 3485 1155 3541 voluit
1179 3486 1303 3543 fecit
1325 3489 1379 3544 in
1410 3467 1549 3547 caelo
1590 3503 1645 3547 et
1688 3493 1742 3549 in

175 3567 322 3628 terra,
347 3581 458 3619 non
485 3566 718 3625 faciteos
736 3572 994 3638 volentes,
1028 3591 1134 3631 nou
1157 3577 1290 3633 l‘acit
1319 3580 1669 3648 confitentes,
1691 3590 1747 3639 et

175 3666 265 3707 non
289 3656 455 3727 erigit
477 3656 742 3727 iacentes,
758 3664 884 3734 quia
898 3666 965 3720 ad
988 3675 1217 3723 mortem
1233 3683 1328 3727 eos
1343 3670 1745 3740 praedestinavit

173 3750 418 3799 :eternam
459 3763 480 3800 :
509 3757 563 3803 et
595 3750 717 3807 ideo
758 3762 1043 3824 postquam
1093 3758 1390 3816 ceciderint
1430 3762 1509 3818 sic
1558 3778 1589 3817 a
1632 3763 1743 3820 Deo

174 3834 571 3908 dispensantur,
588 3851 648 3897 ut
669 3858 768 3900 nec
794 3846 1003 3917 possint
1032 3863 1133 3904 nec
1162 3850 1330 3906 velint
1354 3868 1451 3922 per
1475 3854 1745 3925 pmniten-

172 3926 288 3983 tiam
316 3931 561 3989 liberari.
587 3935 930 4007 Respondeat
969 3940 1050 3995 eis
1074 3939 1309 4015 Prosper
1333 3945 1477 4016 quod
1505 3960 1572 4001 ex
1600 3946 1746 4003 dele-

171 4022 380 4088 gatione
410 4026 556 4081 sedis
602 4028 908 4098 apostolica:
958 4033 1236 4103 respondit
1264 4036 1478 4091 actione
1505 4037 1572 4092 15
1611 4036 1745 4093 Vin-

1799 1900 1844 1962 Β

1868 641 1968 699 Job
2027 645 2151 702 libri
2192 652 2533 720 sententiam,
2586 663 2645 710 ut
2695 656 2986 711 verisimile
3021 672 3179 714 suum
3232 661 3445 731 possint

1869 745 2145 795 ostentare
2174 744 2535 811 mendacium,
2549 762 2653 815 qua
2673 747 2869 804 dicitur
2889 766 2904 803 :
2924 750 3115 806 Anima
3137 751 3255 823 ejus
3273 754 3447 825 quod-

1874 845 2076 900 cunque
2101 830 2260 886 voluit
2307 834 2405 889 hoc
2428 836 2549 906 fecit
2577 837 2697 909 (Job
2724 854 2882 907 χχιιι,
2912 841 3021 909 15).
3062 842 3235 911 Quam
3276 858 3451 917 expo-

1872 933 2008 975 nens
2036 920 2090 977 in
2128 922 2421 981 Moralibus
2449 927 2637 983 beatus
2679 928 2971 1002 Gregorius
3000 932 3132 988 dicit
3170 933 3286 1006 (lib.
3327 951 3444 1005 xvr,

1872 1027 1989 1080 cap.
2030 1011 2117 1084 18)
2143 1028 2159 1068 :
2186 1033 2206 1066 ‹
2256 1012 2346 1079 Sic
2374 1016 2557 1089 itaque
2595 1019 2711 1090 eius
2754 1020 2935 1076 anima
2963 1024 3321 1097 quodcunque
3349 1042 3446 1083 vo-

1870 1103 1969 1160 luit
1992 1105 2093 1163 hoc
2119 1106 2266 1175 fecit,
2296 1118 2355 1165 ut
2388 1110 2513 1168 inde
2559 1130 2773 1186 quoque
2799 1116 3125 1175 voluntatem
3157 1136 3312 1177 suam
3337 1122 3442 1179 im-

1870 1194 2033 1265 pieat,
2081 1199 2222 1255 unde
2267 1200 2533 1259 voluntati
2580 1205 2722 1262 illius
2759 1210 3048 1280 repugnari
3074 1209 3378 1267 videbatur.
3405 1225 3437 1268 δ

1869 1287 1938 1344 Ει
1961 1290 2087 1346 item
2125 1310 2139 1345 :
2178 1312 2197 1346 ι
2245 1293 2550 1365 Aliquando
2598 1297 2774 1356 facere
2802 1301 2897 1356 Dei
2928 1309 3032 1368 est,
3059 1302 3114 1358 id
3134 1304 3277 1373 quod
3325 1302 3444 1361 fieri

1868 1380 2120 1450 prohibet
2155 1383 2437 1441 irascendo
2465 1389 2800 1456 permittere.
2854 1410 2873 1443 ι
2910 1392 2980 1446 Ει
3011 1403 3231 1449 sanctus
3262 1392 3446 1466 Augu-

1870 1471 2043 1528 stinus
2072 1474 2125 1528 in
2155 1474 2294 1531 libro
2327 1477 2393 1532 de
2422 1477 2571 1535 Bono
2612 1484 3027 1559 perseverantia:
3072 1483 3210 1557 (cap.
3243 1484 3297 1555 6)
3352 1484 3436 1540 di-

1868 1559 1985 1616 cit:
2023 1581 2042 1613 r
2073 1560 2217 1618 Nihil
2244 1565 2325 1631 lit,
2370 1567 2470 1622 nisi
2524 1570 2668 1640 quod
2706 1581 2801 1627 aut
2831 1573 2970 1628 Deus
3009 1572 3160 1641 facit,
3201 1582 3295 1630 aut
3320 1574 3440 1630 ﬁeri

1869 1652 1985 1723 ipse
2015 1656 2295 1726 permittit.
2333 1678 2352 1710 ι
2387 1659 2591 1732 Legant
2617 1664 2793 1721 adhuc
2817 1668 3139 1724 contentiosi
3165 1668 3442 1735 cumistis,

1867 1744 1914 1800 si
1968 1762 2075 1802 non
2127 1747 2422 1816 sufﬁciunt,
2466 1752 2832 1810 testimonium
2877 1757 3020 1828 quod
3062 1758 3341 1830 posuimus
3373 1774 3443 1815 ex

1870 1838 2009 1894 libro
2048 1841 2114 1895 de
2160 1841 2362 1913 Spiritu
2406 1854 2462 1899 et
2514 1845 2715 1903 Littera
2762 1850 2933 1906 sancti
2997 1851 3298 1923 Augustini.
3359 1851 3442 1909 Ob

1871 1945 2101 2000 quorum
2124 1935 2287 1989 etiam
2318 1939 2742 1994 controversiam
2764 1940 3095 2012 simplicibus
3123 1942 3443 2012 exponenda

1868 2032 1953 2079 est
1973 2023 2242 2097 Evangelii
2278 2024 2441 2083 Luca:
2475 2031 2741 2086 sententia
2786 2047 2893 2102 qua
2931 2032 3129 2089 dicitur
3157 2049 3172 2089 :
3201 2032 3434 2088 Conten-

1867 2113 1973 2169 dite
1992 2116 2191 2171 intrare
2217 2136 2309 2189 per
2342 2132 2620 2191 angustam
2657 2134 2887 2194 portam,
2932 2127 3056 2197 quia
3098 2126 3273 2191 multi,
3323 2126 3441 2183 dico

1866 2206 2029 2273 vobis,
2070 2220 2303 2279 quwrent
2350 2211 2548 2267 intrare
2609 2224 2656 2269 et
2705 2232 2810 2270 non
2841 2227 3082 2285 poterunt
3114 2215 3266 2287 (Luc.
3314 2232 3438 2284 xm,

1864 2296 1977 2370 24).
2010 2299 2146 2355 Hinc
2168 2301 2311 2356 Beda
2369 2303 2445 2372 (in
2488 2303 2685 2359 Lucam
2729 2324 2842 2377 cap.
2893 2307 2980 2379 15)
3024 2324 3039 2362 :
3089 2325 3107 2358 ι
3157 2308 3439 2376 Quaerunt.

1865 2388 2058 2461 inquit,
2116 2393 2322 2448 intrare
2381 2394 2567 2452 salutis
2617 2413 2802 2454 amore
2863 2399 3156 2469 provocati,
3202 2408 3258 2457 et
3328 2416 3438 2456 nou

1863 2483 2347 2551 poteruntitineris
2383 2486 2675 2556 asperitate
2723 2489 2993 2544 deterriti.
3029 2488 3288 2556 Quaerunt
3326 2488 3434 2544 hoc

1863 2571 2156 2628 ambitione
2182 2574 2550 2643 praemiorum,
2579 2591 2608 2630 a
2645 2592 2752 2646 quo
2789 2593 2911 2633 mox
2949 2578 3192 2633 laborum
3245 2579 3438 2634 timore

1862 2661 2153 2735 refugiunt,
2194 2682 2299 2720 non
2346 2667 2470 2738 quia
2494 2667 2679 2739 iugum
2707 2668 2917 2724 Domini
2944 2684 3196 2739 asperum
3225 2677 3281 2724 et
3300 2682 3440 2724 onus

1860 2762 1944 2809 est
1964 2770 2144 2825 grave,
2176 2757 2271 2812 sed
2298 2758 2425 2829 quia
2465 2757 2653 2813 nolunt
2703 2758 2912 2816 discere
2960 2760 3028 2814 ab
3078 2775 3142 2816 eo
3179 2758 3436 2830 quoniam

1860 2846 2008 2901 mitis
2046 2856 2130 2902 est
2180 2858 2237 2903 et
2273 2850 2493 2907 humilis
2548 2852 2734 2918 corde,
2776 2865 2835 2907 ut
2878 2853 3156 2908 inveniant
3190 2851 3434 2923 requiem

1859 2938 2141 2996 animabus
2176 2941 2309 3009 suis,
2338 2958 2509 3014 eoque
2546 2944 2607 2999 ﬁt
2637 2956 2863 3016 augusta
2886 2954 3042 3018 porta
3064 2961 3168 3017 qua
3199 2946 3434 3002 intratur

1856 3031 2021 3103 210
2050 3033 2116 3088 ad
2142 3034 2329 3090 vitam.
2377 3055 2398 3088 ι
2443 3035 2511 3091 ΕΙ.
2554 3045 2676 3107 post
2702 3037 2977 3107 paululum
3017 3056 3032 3094 :
3062 3056 3081 3090 ι
3131 3035 3269 3092 Nam
3296 3035 3434 3093 foris

1856 3130 2062 3177 stantes
2095 3123 2292 3180 ostium
2322 3124 2537 3195 pulsare
2563 3135 2664 3192 est,
2696 3143 2727 3195 a
2752 3128 3032 3183 beatorum
3061 3135 3207 3184 sorte
3245 3141 3429 3184 secre-

1855 3220 1941 3267 tos
1967 3212 2395 3270 misericordiam
2431 3230 2592 3286 quam
2623 3216 2975 3288 neglexerant
3012 3232 3041 3272 a
3076 3218 3186 3272 Deo
3225 3215 3430 3272 frustra

1850 3302 2112 3377 ﬂagitare.
2148 3305 2215 3360 Et
2259 3306 2592 3378 respondens
2642 3309 2785 3364 dicet
2834 3308 2986 3365 vobis
3026 3326 3041 3365 :
3093 3307 3285 3364 Nescio
3332 3322 3434 3366 vos

1848 3395 1991 3451 unde
2024 3394 2143 3451 sitis
2169 3396 2329 3467 :quia
2359 3404 2486 3453 tunc
2512 3397 2658 3453 velut
2685 3398 2987 3470 incognitos
3016 3399 3160 3455 Deus
3186 3397 3415 3465 deserit,

1847 3500 1984 3556 quos
2028 3487 2185 3544 modo
2208 3502 2334 3543 suos
2358 3501 2456 3559 per
2480 3486 2606 3544 vita:
2634 3489 2886 3544 meritum
2921 3502 3030 3544 non
3077 3487 3340 3558 agnoscit.
3396 3505 3418 3540 ο

1846 3575 1915 3654 Et
1935 3575 2227 3649 Gregorius
2253 3577 2417 3650 (hom.
2464 3578 2534 3634 15
2581 3579 2637 3634 in
2675 3578 2943 3653 Evang.):
2983 3599 3002 3633 ι
3042 3578 3178 3635 Hinc
3222 3577 3426 3634 etenim

1846 3665 2045 3723 Paulus
2093 3669 2267 3724 dicit:
2298 3668 2523 3741 Ignoras
2572 3673 2821 3744 quoniam
2884 3672 3173 3743 benignitas
3215 3669 3314 3727 Dei
3354 3669 3424 3725 ad

1845 3759 2200 3826 paenitentiam
2249 3768 2298 3813 te
2323 3759 2582 3815 adducit?
2621 3762 2907 3817 secundum
2952 3762 3208 3817 duritiam
3246 3769 3423 3816 autem

1844 3857 1990 3901 tuam
2030 3838 2081 3902 et
2104 3864 2196 3903 cor
2212 3849 2557 3920 impmnitens,
2584 3852 2909 3908 thesaurizas
2930 3853 3024 3908 tibi
3064 3853 3201 3908 iram
3243 3852 3301 3907 in
3342 3851 3428 3906 die

1844 3938 1940 3992 ira:
1968 3948 2015 3993 et
2038 3938 2365 3996 reuelationis
2378 3942 2516 4014 justi
2528 3943 2721 4014 judicii
2759 3944 2859 4000 Dei
2886 3943 3067 4017 (Rom.
3094 3960 3155 4011 ιι,
3181 3943 3257 4017 4).
3287 3944 3425 4000 Hinc

1842 4026 2129 4083 Psalmista
2160 4029 2273 4084 ait:
2310 4030 2470 4096 Deus,
2487 4032 2659 4102 judea:
2678 4035 2880 4105 justus,
2929 4033 3081 4104 fortis
3106 4042 3154 4089 et
3184 4033 3425 4106 longani-

171 4114 427 4170 eentianis
458 4133 474 4170 :
508 4135 527 4168 ι
562 4116 675 4173 Non
715 4121 1004 4190 veraciter,
1035 4123 1308 4195 inquiens,
1344 4140 1442 4181 nec
1466 4126 1742 4198 sapienter

1854 4116 2139 4189 mis(Psal.
2188 4136 2283 4186 vn,
2339 4120 2450 4191 12).
2506 4123 2756 4178 Dicturus
2799 4124 2996 4198 quippe
3025 4124 3415 4196 longanimem,

169 4200 257 4258 hoc
305 4205 527 4262 dicitur.
576 4208 676 4275 Qui
727 4211 871 4266 enim
918 4228 948 4268 a
985 4213 1090 4270 ﬁde
1120 4224 1175 4271 et
1200 4216 1489 4273 sanctitate
1516 4218 1740 4275 excide-
1841 4210 2349 4315 Ρταθῐηίδῖιὶυξιυπιι
2380 4213 2803 4316 ξιιίιυθιιιγίάρε
2838 4214 3420 4316 Ρθοοθίθιάθηηφιξθη·

167 4305 299 4362 runt,
324 4298 470 4355 sicut
489 4299 765 4357 voluntate
785 4305 1021 4376 prolapsi
1049 4316 1195 4374 sunt,
1228 4309 1303 4364 ita
1328 4307 1604 4367 voluntate
1629 4325 1734 4366 non

1854 4302 1978 4357 Lium
1992 4302 2080 4357 diu
2095 4303 2362 4373 patienter
2378 4302 2540 4371 ferre,
2564 4304 2706 4360 scias
2732 4305 2876 4361 hunc
2900 4305 3222 4377 quandoque
3253 4303 3419 4359 etiam

167 4400 472 4460 resurgunt,
501 4402 555 4448 et
577 4393 912 4452 dominatum
931 4402 1504 4483 .concupiscentiarum
1534 4403 1738 4473 quibus

1854 4393 2085 4450 districte
2125 4394 2390 4465 iudicare.
2447 4395 2586 4451 Hinc
2635 4410 2732 4467 per
2776 4396 3067 4468 quemdam
3118 4397 3417 4469 sapientem

167 4482 557 4538 succubuerunt
590 4496 783 4556 sponte
809 4482 1106 4557 patiuntur.
1141 4490 1198 4548 Si
1225 4493 1317 4563 qui
1360 4501 1539 4549 autem
1560 4495 1736 4566 capti-

1841 4485 2042 4542 dicitur
2077 4485 2417 4543 :Altissimus
2435 4495 2511 4543 est
2551 4489 2687 4543 enim
2707 4489 2911 4561 patiens
2953 4489 3188 4544 redditor
3216 4486 3412 4561 (Eccli.

167 4569 373 4629 vitatem
409 4590 563 4632 suam
611 4589 850 4651 gemunt,
881 4590 936 4638 et
954 4582 1258 4651 iudicantes
1304 4587 1632 4658 semetipsos
1660 4588 1727 4644 ad
1757 4614 1815 4676 Β
1840 4598 1895 4649 ν,
1926 4581 2004 4652 4)-
2041 4580 2262 4676 Palici]?
2303 4583 2446 4638 enim
2493 4582 2999 4676 ref‘fliw[_di0imri
3030 4583 3157 4676 (lilia
3182 4588 3405 4653 Ρθοοδιλ

168 4660 583 4721 misericordiam
603 4667 691 4723 Dei
710 4678 915 4727 mutato
930 4673 1094 4728 corde
1108 4674 1446 4744 confugiunt,
1465 4692 1571 4732 non
1604 4678 1728 4735 sine

168 4750 343 4819 spiritu
371 4755 570 4835 divinae
585 4757 909 4819 visitationis
938 4763 1042 4819 hoc
1069 4762 1290 4820 faciunt.
1317 4765 1443 4823 Haec
1469 4769 1613 4824 enim
1647 4779 1733 4826 est

168 4836 460 4901 immutatio
484 4846 719 4905 deitera:
747 4848 982 4918 Excelsi,
1009 4853 1100 4924 qui
1128 4854 1428 4913 innumeris
1453 4856 1617 4929 lapsis
1635 4859 1730 4916 dat

168 4933 528 4997 penitentiam
550 4947 611 4992 ut
636 4940 961 5011 resipiscant
997 4960 1028 4999 a
1068 4945 1267 5023 diaboli
1304 4947 1534 5018 laqueis,
1561 4966 1591 5005 a
1623 4967 1731 5022 quo

166 5022 405 5090 eaptivati
459 5036 712 5084 tenentur
756 5032 823 5087 ad
877 5034 1045 5104 ipsius
1094 5035 1450 5093 voluntatem.
1513 5038 1731 5098 Nemini

167 5119 329 5169 autem
361 5116 507 5172 Deus
544 5120 902 5177 correctionis
945 5124 1133 5181 adimit
1164 5128 1334 5195 viam,
1383 5146 1483 5187 nec
1534 5147 1728 5203 quem-

167 5210 311 5267 quam
340 5205 467 5261 boni
492 5208 849 5277 possibilitate
880 5213 1155 5285 dispoliat,
1179 5218 1307 5288 quia
1334 5221 1425 5291 qui
1456 5236 1515 5277 se
1545 5239 1576 5278 a
1616 5224 1729 5280 Deo

166 5296 368 5361 avertit,
391 5297 506 5367 ipse
532 5308 589 5355 et
621 5301 759 5358 velle
779 5304 923 5383 quod
962 5305 1161 5363 bonum
1207 5319 1312 5377 est,
1342 5319 1397 5366 et
1428 5326 1589 5382 posse
1624 5314 1728 5372 sibi

168 5386 385 5441 sustulit.
444 5388 560 5445 Non
616 5400 703 5448 est
768 5408 899 5466 ergo
948 5411 1305 5469 consequens,
1356 5403 1498 5458 sicut
1533 5414 1728 5474 putant

167 5476 247 5542 qui
279 5479 397 5533 talia
419 5482 700 5551 obiiciunt,
723 5495 783 5541 ut
804 5488 946 5543 Deus
972 5489 1169 5559 quibus
1209 5493 1588 5562 paenitentiam
1618 5512 1725 5555 non

168 5564 379 5633 dederit,
419 5575 845 5645 resipiscentiam
872 5579 1174 5648 abstulerit,
1207 5590 1263 5636 et
1285 5591 1421 5652 quos
1448 5600 1554 5640 non
1578 5585 1723 5642 leva-

165 5659 543 5735 veritalliserit,
603 5686 727 5728 cum
777 5673 922 5730 aliud
975 5676 1045 5730 sit
1102 5675 1369 5732 insontem
1420 5678 1477 5733 in
1512 5681 1718 5739 crimen

168 5750 346 5817 elisae,
398 5761 537 5826 quod
582 5762 815 5819 alienum
870 5775 954 5821 est
982 5781 1012 5821 a
1051 5766 1186 5831 Deo,
1237 5766 1383 5824 aliud
1429 5764 1724 5829 criminosa

168 5844 364 5902 veniam
388 5864 490 5908 non
510 5854 746 5925 dedisse,
769 5857 914 5928 quod
934 5858 1001 5915 de
1025 5859 1325 5929 peccatoris
1351 5868 1435 5917 est
1458 5861 1672 5933 merito.
1697 5882 1718 5918 ι

1840 4674 2120 4729 hominum
2154 4674 2361 4746 patitur
2394 4682 2451 4729 et
2484 4674 2681 4730 reddit.
2718 4673 2855 4731 Nam
2900 4690 3037 4747 quos
3066 4674 3156 4730 diu
3186 4682 3246 4730 ut
3290 4688 3423 4730 con-

1840 4776 2124 4824 vertantur
2171 4766 2388 4835 tolerat,
2435 4782 2544 4824 non
2589 4782 2884 4826 conversos
2936 4767 3124 4825 durius
3173 4768 3417 4824 damnat.

1841 4860 1968 4915 Vult
1995 4861 2138 4917 enim
2172 4860 2377 4932 placari
2428 4860 2702 4931 precibus,
2755 4860 2849 4933 qui
2893 4860 2997 4916 scit
3031 4858 3157 4930 quia
3207 4858 3415 4930 portari

1839 4967 1946 5008 non
1983 4952 2157 5024 possit
2178 4952 2348 5009 iratus
2383 4971 2397 5007 :
2442 4967 2564 5008 cum
2608 4953 2785 5009 adhuc
2807 4969 3017 5010 moram
3048 4951 3178 5008 facit
3205 4951 3410 5018 venire,
3498 5036 3504 5043 .

1838 5046 2157 5120 legationem
2193 5048 2343 5118 pacis
2373 5048 2624 5105 sustinet.
2656 5046 2908 5105 Venisset
2943 5048 3055 5120 iam
3106 5059 3340 5117 namque
3364 5044 3412 5101 si

1835 5138 2016 5205 vellet,
2042 5147 2096 5194 et
2120 5149 2345 5195 cunctos
2392 5154 2520 5196 suos
2551 5139 2895 5195 adversarios
2932 5138 3271 5194 trucidasset.
3303 5134 3410 5191 Sed

1836 5238 1893 5285 et
1927 5228 2091 5301 quam
2135 5228 2391 5286 terribilis
2418 5228 2596 5285 veniet
2635 5230 2856 5295 indicat,
2891 5238 2947 5283 et
2984 5238 3161 5284 tamen
3205 5226 3273 5283 ad
3318 5239 3412 5281 ve-

1836 5320 2091 5376 niendum
2120 5321 2297 5377 tardat
2322 5338 2336 5375 :
2361 5321 2488 5391 quia
2520 5326 2629 5379 non
2646 5320 2760 5376 vult
2783 5318 3029 5375 invenire
3041 5334 3176 5390 quos
3193 5317 3406 5390 puniat,

1831 5410 1925 5481 qui
1971 5411 2119 5466 venit
2151 5426 2396 5482 quaerere
2419 5420 2474 5467 et
2502 5411 2708 5468 salvqu
2753 5409 2933 5466 facere
2960 5410 3103 5482 quod
3148 5410 3406 5481 perierat,

1829 5501 1920 5573 qui
1948 5503 2065 5558 vult
2102 5517 2292 5558 omnes
2334 5501 2582 5558 homines
2638 5499 2817 5557 salvos
2855 5500 2997 5567 ﬁeri,
3027 5503 3083 5554 et
3130 5500 3405 5557 neminem

1827 5593 1943 5648 vult
1975 5596 2174 5664 perire,
2214 5594 2307 5664 qui
2333 5608 2522 5650 omnes
2556 5593 2624 5649 ad
2650 5592 2877 5649 salutem
2908 5592 3159 5665 dignatus
3183 5600 3268 5648 est
3315 5592 3403 5647 iu-

1830 5682 2043 5740 vita-re:
2079 5673 2280 5750 Venite,
2322 5684 2592 5755 inquiens,
2616 5684 2684 5739 ad
2707 5700 2787 5739 me
2810 5701 2987 5739 omnes
3027 5686 3118 5756 qui
3151 5682 3404 5741 laboratis

1831 5783 1881 5829 et
1903 5776 2104 5830 onerati
2124 5776 2267 5842 estis,
2306 5783 2355 5829 et
2379 5789 2472 5847 ego
2516 5775 2745 5845 reﬁciam
2771 5792 2858 5830 vos
2897 5774 3114 5847 (Matth.
3143 5790 3206 5841 ιι,
3234 5772 3350 5846 28).
3378 5791 3400 5826 ι

1833 5864 1972 5922 Ηίηε
1999 5867 2140 5924 Beda
2169 5867 2223 5922 in
2265 5866 2558 5939 Evangelio
2584 5866 2746 5925 Lucae
2775 5885 2788 5922 :
2820 5886 2839 5921 ι
2886 5865 3102 5922 Moralis
3145 5864 3407 5922 Dominus
