3992 6336
604 377 715 435 275

1587 374 1919 432 HINCMARI
1955 373 2349 433 RHEMENSIS
2385 373 2903 435 ARCHIEPISCOP!
3749 382 3835 442 936

608 500 800 543 omnes
852 488 1063 554 invitat,
1109 502 1209 543 nec
1249 489 1489 543 volentes
1527 488 1793 561 repudiat,
1844 504 1945 545 nec
1988 489 2189 545 invitos
2204 491 2270 563 ,Α
2294 488 2685 558 capitulorum,
2711 489 2905 559 quibus
2926 502 3026 544 nos
3046 490 3377 561 respondere
3397 486 3648 558 iussistis,
3672 504 3835 563 quarto

608 577 811 650 alligat,
842 591 944 633 nec
973 579 1234 635 adeuntes
1266 580 1465 651 rcjicit,
1497 596 1599 636 nec
1647 583 1963 653 rogantibus
2014 582 2187 649 deest,

607 668 700 738 qui
722 682 889 739 prope
926 677 1009 724 est
1052 671 1303 725 omnibus
1330 672 1704 728 invocantibus
1730 688 1789 728 se
1827 673 1881 728 in
1935 674 2186 741 veritate,

609 771 864 816 scrutatis
907 762 1071 817 corda
1119 771 1174 817 et
1222 777 1379 818 renes
1433 764 1595 829 Deus,
1651 765 1736 819 cui
1785 781 1907 822 cum
1937 765 2100 820 Patre
2134 766 2189 821 in

610 848 820 906 unitate
851 850 1085 923 Spiritus
1113 855 1285 909 sancti
1316 854 1543 910 debetur
1571 859 1749 913 omnis
1776 858 1949 913 houor
1982 868 2038 913 et
2062 857 2191 915 ado-

608 941 751 998 ratio
771 954 873 1013 per
899 944 1082 999 omnia
1111 945 1305 1001 szecula
1341 947 1681 1003 szeculorum.
1721 950 1910 1005 Amen.
1952 970 1973 1005 ι

1156 1101 1386 1161 CAPUT
1437 1102 1645 1161 XXVII.

611 1208 771 1267 Ratio
792 1213 1058 1289 reddenda
1087 1216 1263 1289 quarti
1285 1218 1507 1286 capituli
1530 1217 1732 1286 incipit,
1757 1220 1898 1289 quod
1941 1236 2034 1275 nos
2064 1238 2191 1283 con-

678 1292 762 1362 tra
790 1283 1291 1362 Prwdestinatianos
1313 1283 1686 1362 emcerpsimtts,
1712 1283 1954 1359 quodque
1989 1295 2193 1362 capitu-

679 1351 851 1429 lorum
890 1372 1028 1429 (μιαξΔ
1048 1357 1194 1412 nobis
1241 1351 1477 1413 dedistis
1498 1351 1811 1429 compositor
1832 1351 2009 1415 errore
2030 1351 2190 1423 nimio

677 1424 973 1501 denotarit,
994 1426 1246 1501 deprecans
1280 1431 1334 1482 in
1374 1424 1633 1501 medium;
1669 1432 1737 1484 ad
1768 1437 2190 1501 exaggerandam

682 1496 1092 1561 reprehensionis
1141 1509 1335 1553 nostra:
1366 1511 1561 1564 notam,
1600 1496 1979 1556 Anticlrrislzim
2014 1515 2059 1558 et
2094 1508 2194 1561 im-

676 1565 803 1639 pios
830 1566 1019 1639 insita
1048 1569 1310 1639 impietate
1347 1569 1642 1639 defunctos,
1686 1583 1733 1626 et
1760 1583 1882 1627 ante
1905 1574 2191 1633 adventum

677 1633 874 1690 Christi
894 1637 1010 1707 igne
1028 1633 1307 1695 damnatos
1331 1633 1545 1696 (eterna.

678 1764 960 1822 Rationem
1012 1769 1340 1826 reddendam
1400 1777 1576 1844 quarti
1610 1778 1830 1850 capituli
1893 1782 2186 1850 adeuntes,

2296 577 2529 649 capitulo
2579 577 2711 633 dicit
2760 597 2773 632 :
2823 596 2842 629 ι
2893 577 3027 633 Item
3072 577 3140 635 de
3186 579 3560 649 redemptione
3599 586 3837 655 sanguinis

2293 666 2520 732 Christi,
2550 676 2771 739 propter
2800 667 3026 722 nimium
3068 681 3321 725 errorem
3361 668 3454 738 qui
3490 668 3554 723 de
3578 670 3675 727 hac
3702 688 3838 735 causa

2292 770 2515 815 exortus
2541 768 2644 825 est,
2671 760 2745 814 ita
2774 769 2831 814 ιιι
2855 760 3100 832 quidam,
3131 760 3277 816 sicut
3299 776 3489 817 eorum
3517 763 3705 836 scripta
3724 764 3839 827 iudi-

2292 861 2441 917 cant,
2465 853 2627 907 etiam
2654 869 2754 924 pro
2780 852 2886 907 illis
2908 852 3105 923 impiis,
3134 852 3227 923 qui
3254 868 3287 907 a
3312 853 3501 909 mundi
3539 855 3744 912 exordio
3768 874 3841 919 ns-

2293 960 2399 1016 que
2424 945 2491 999 ad
2520 946 2829 1015 passionem
2875 944 3087 1001 Domini
3138 944 3190 999 in
3222 959 3324 1000 sua
3353 944 3628 1014 impietate
3674 949 3840 1005 mortui

2295 1046 2496 1092 aeterna
2546 1037 2889 1093 damnatione
2926 1037 3099 1108 puniti
3128 1045 3281 1101 sunt,
3312 1033 3541 1092 etl'usum
3590 1052 3704 1093 eum
3732 1034 3841 1103 dili-

2295 1127 2479 1193 niant,
2517 1137 2706 1184 contra
2756 1128 2884 1184 illud
2924 1128 3302 1201 propheticum
3334 1145 3347 1181 :
3384 1126 3493 1182 Ero
3532 1145 3665 1183 mors
3690 1138 3794 1203 tua,
3817 1146 3842 1185 ο

2296 1236 2458 1285 mors,
2481 1237 2570 1275 ero
2594 1237 2800 1277 morsus
2832 1232 2976 1287 tuus,
3000 1220 3201 1293 inferne
3227 1219 3380 1293 (Ore.
3410 1236 3531 1288 xm,
3556 1220 3659 1293 14).
3704 1241 3722 1276 υ

2368 1313 2630 1369 Miramur
2683 1332 2781 1370 cur
2835 1315 3060 1370 istorum
3125 1314 3463 1385 compositor
3524 1312 3839 1385 capitulorum

2296 1407 2478 1462 omisit
2506 1407 2649 1477 quod
2685 1407 2925 1477 quidam,
2949 1407 3015 1461 ad
3058 1405 3426 1462 confutaudos
3456 1420 3572 1469 nos,
3616 1405 3729 1476 quia
3755 1421 3836 1465 non

2296 1507 2444 1555 recte
2481 1498 2779 1554 dixerimus
2808 1497 3082 1554 Christum
3112 1513 3210 1568 pro
3245 1496 3504 1551 omnibus
3530 1510 3750 1565 passum,
3786 1495 3838 1554 li-

2298 1598 2386 1645 cet
2424 1604 2531 1643 non
2561 1606 2752 1644 omnes
2782 1588 3052 1659 passionis
3079 1586 3194 1656 ejus
3231 1587 3498 1659 mysterio
3524 1586 3629 1642 sint
3666 1586 3838 1647 redem-

2297 1681 2399 1753 pti,
2427 1682 2605 1751 impiis
2632 1691 2686 1735 et
2714 1681 3110 1752 peccatoribus,
3144 1681 3211 1736 ab
3249 1681 3409 1737 initio
3436 1679 3617 1735 mundi
3644 1694 3732 1749 pro
3750 1679 3837 1743 suis

2299 1773 2597 1828 sceleribus
2657 1774 2709 1827 in
2769 1773 3039 1828 infernum
3093 1772 3363 1841 demersis
3411 1780 3469 1829 et
3514 1770 3838 1831 aaternitaliter

605 1858 839 1928 gratiam
870 1859 1071 1916 Christi
1099 1860 1311 1919 Domini
1338 1868 1510 1921 nostri
1558 1868 1920 1940 deposcimus,
1950 1884 2011 1929 ut
2053 1891 2187 1932 sano

2295 1867 2638 1931 cruciandis,
2673 1865 2945 1923 diabolum
2990 1881 3112 1922 cum
3158 1865 3277 1922 suis
3320 1864 3527 1936 refugis
3573 1864 3756 1937 angelis
3792 1871 3837 1923 et

598 1951 728 2007 ﬁdei
773 1953 1070 2022 intellectu,
1110 1966 1528 2032 sanctarumque
1557 1960 1965 2035 Scripturarum
1996 1980 2185 2027 aucto-

604 2043 875 2110 ritatibus,
925 2057 981 2102 et
1019 2050 1444 2107 orthodoxorum
1480 2056 1829 2123 testimoniis,
1889 2059 1957 2115 ab
2003 2061 2184 2119 obtre-

601 2142 870 2191 etatorum
922 2149 1229 2196 nostrorum
1268 2145 1782 2214 venundationibus,
1838 2152 1928 2221 qui
1981 2152 2048 2208 de
2086 2169 2187 2211 no-

600 2231 714 2279 stra
756 2226 1109 2286 infamatioue
1137 2232 1239 2287 sibi
1269 2244 1517 2303 quaerunt
1552 2253 1735 2293 emere
1761 2239 1935 2295 laudis
1960 2242 2187 2312 famam,

602 2317 834 2373 redimat
880 2336 978 2377 nos
1023 2325 1115 2393 qui
1167 2326 1395 2382 redemit
1449 2328 1615 2384 Israel
1657 2346 1725 2386 ex
1779 2334 2032 2391 omnibus
2088 2338 2188 2393 ini-

603 2411 902 2479 quitatibus
951 2416 1086 2483 suis,
1154 2429 1208 2473 et
1266 2420 1334 2475 sit
1396 2422 1551 2479 nobis
1613 2441 1828 2496 semper
1898 2428 1950 2484 in
2009 2432 2188 2487 omni-

602 2502 761 2559 nibus
788 2503 946 2576 211
977 2517 1035 2562 et
1076 2508 1275 2580 ubique
1307 2512 1359 2565 in
1392 2512 1561 2567 Deum
1600 2526 1963 2586 protectorem
1984 2561 1998 2584 ,
2030 2528 2086 2575 et
2131 2521 2188 2577 in

601 2589 780 2648 locum
829 2597 1118 2665 munitum,
1150 2610 1211 2655 ut.
1250 2602 1427 2658 salvos
1458 2603 1620 2660 faciat
1668 2623 1765 2661 nos
1807 2608 1875 2663 ab
1922 2611 2189 2673 licerelicae

600 2685 885 2750 pravitatis
935 2688 1250 2760 muscipulis
1299 2692 1574 2763 captiosis.
1632 2695 1706 2751 Dc
1758 2697 1918 2768 hujus
1966 2699 2187 2771 capituli

600 2788 763 2831 sensu
793 2785 1006 2834 veteres
1036 2779 1504 2839 Prazdestiuatiani
1540 2785 1827 2856 dixerunt,
1872 2791 2011 2846 sicut
2058 2792 2186 2863 Ygi-

604 2880 704 2920 nus
743 2867 966 2933 scribit,
996 2879 1052 2925 et
1096 2882 1317 2929 sanctus
1362 2874 1596 2946 Prosper
1646 2880 1985 2937 demonstrat
2032 2881 2189 2953 obje-

602 2957 782 3011 ctione
815 2958 851 3013 9
878 2958 1175 3027 Gallorum,
1206 2966 1350 3035 quod
1380 2983 1485 3022 non
1534 2983 1633 3039 pro
1674 2972 1836 3026 totius
1866 2974 2052 3028 mundi
2099 2990 2189 3031 re~

603 3050 911 3120 demptione
960 3053 1209 3111 Salvator
1249 3059 1320 3113 sit
1366 3062 1676 3119 cruciﬁxus.
1716 3064 1782 3118 Et
1834 3065 1960 3119 item
2010 3068 2186 3137 prima

603 3140 1080 3201 Vincentianorum
1130 3149 1431 3220 objectione
1465 3170 1477 3206 :
1510 3151 1644 3221 Quia
1701 3154 1958 3212 Dominus
2007 3168 2190 3215 noster

604 3228 759 3287 Iesus
786 3231 1036 3292 Christus
1063 3253 1170 3293 non
1199 3254 1297 3310 pro
1333 3241 1575 3297 omnium
1607 3244 1887 3303 hominum
1917 3247 2089 3303 salute
2132 3260 2189 3307 et

605 3324 977 3397 redemptione
1027 3331 1096 3385 sit
1125 3348 1338 3403 passus.
1385 3333 1451 3389 Et
1501 3333 1886 3395 Gothescalcus
1924 3357 2188 3403 novorum

601 3413 1212 3477 Praedestinatianorum
1251 3424 1497 3495 signifer,
1533 3427 1586 3481 iu
1612 3427 1792 3483 libello
1814 3431 1878 3485 ad
1905 3430 2187 3493 Rabanum

605 3507 1073 3581 archiepiscopum
1106 3512 1477 3585 Moguntinum
1500 3560 1517 3584 ,
1548 3519 1621 3575 ita
1672 3521 1804 3576 dicit
1848 3523 1914 3578 ad
1966 3524 2185 3585 locum;

612 3612 632 3648 α
668 3596 790 3654 Illos
820 3616 1011 3657 onmes
1056 3603 1251 3675 impios
1281 3613 1336 3660 et
1384 3616 1732 3678 peccatores,
1782 3627 1919 3682 quos
1970 3619 2190 3687 proprio

605 3685 724 3744 fuso
774 3693 1038 3762 sanguine
1062 3693 1232 3751 Filius
1268 3696 1362 3754 Dei
1393 3700 1663 3757 redimere
1688 3703 1860 3772 venit,
1892 3703 1991 3761 hos
2016 3685 2189 3769 omni-

606 3788 844 3855 potentis
887 3788 983 3846 Dei
1011 3792 1227 3849 honi.as
1261 3794 1326 3849 ad
1375 3796 1540 3852 vitam
1566 3801 2004 3869 .praedestinatos
2046 3802 2188 3860 irre-

604 3879 964 3937 tractabiliter
1008 3883 1207 3945 salvari
1246 3891 1620 3947 tantummodo
1650 3892 1822 3949 velit:
1850 3903 1905 3950 et
1947 3910 2189 3964 rursum,

605 3964 725 4025 illos
766 3986 957 4030 omnes
974 3975 1181 4047 impios
1208 3989 1262 4035 et
1302 3990 1641 4053 peccatores,
1674 3999 1773 4055 pro
1801 3987 2003 4056 quibus
2042 3988 2186 4047 idem

606 4059 776 4119 Filius
813 4064 906 4121 Dei
943 4082 1043 4123 nec
1080 4084 1279 4143 corpus
1307 4074 1627 4145 assumpsit,
1657 4092 1758 4131 nec
1788 4077 2090 4133 orationem
2121 4094 2192 4137 ne

607 4153 730 4209 dico
760 4157 1076 4228 sanguinem
1101 4160 1257 4230 fudit,
1291 4180 1468 4235 neque
1496 4182 1596 4237 pro
1626 4169 1706 4223 eis
1743 4168 1849 4224 ullo
1879 4170 2040 4226 modo
2066 4186 2190 4226 cru-

607 4244 801 4307 ciﬁxus
832 4248 951 4317 fuit,
984 4254 1186 4325 quippe
1208 4271 1343 4325 quos
1369 4259 1635 4327 pessimos
1660 4258 1875 4316 futuros
1902 4277 2024 4319 esse
2055 4279 2194 4335 pra:-

609 4339 789 4406 scivit,
818 4358 1063 4417 quosque
1101 4344 1405 4417 iustissime
1441 4350 1495 4405 in
1524 4360 1727 4407 teterna
1777 4355 2195 4425 prteeipitandos

526 4502 529 4505 _
604 4441 875 4495 tormenta
911 4437 1225 4508 praelinivit,
1258 4442 1402 4515 ipsos
1436 4444 1661 4500 omnino
1684 4449 1949 4519 perpetim
1992 4450 2191 4509 salvari

603 4524 821 4595 penitus
858 4527 1011 4583 nolit.
1050 4549 1071 4583 ι
1102 4529 1335 4605 Scripsit
1362 4543 1417 4595 et
1460 4535 1565 4593 alia
1597 4538 1712 4597 sub.
1728 4538 1831 4595 hoc
1858 4554 2020 4599 sensu
2048 4541 2188 4599 mul-

2292 1959 2689 2015 Antichristum
2721 1960 2899 2016 solent
2928 1975 3219 2030 apponere.
3252 1959 3402 2026 Quos
3445 1974 3566 2015 cum
3592 1959 3704 2013 aliis
3732 1954 3837 2015 stul-

2298 2052 2413 2108 titia
2453 2051 2681 2123 perditis
2708 2052 2761 2107 in
2807 2051 2948 2107 libro
2998 2052 3064 2108 de
3092 2050 3483 2108 Consolatione
3528 2047 3833 2120 philosophia

2294 2146 2464 2217 (parte
2490 2160 2529 2210 ι,
2573 2162 2688 2213 cap.
2737 2143 2791 2211 9)
2823 2143 3040 2198 Boetius
3089 2143 3443 2214 complangit,
3487 2141 3689 2198 dicens:
3716 2138 3834 2195 Elia

2293 2252 2449 2307 quam
2478 2235 2693 2289 miseros
2741 2235 2952 2288 tramite
2988 2234 3161 2289 devios
3189 2234 3406 2289 abducit
3436 2230 3749 2304 ignorantia!
3782 2227 3832 2285 ιι

2293 2334 2514 2380 sanctus
2548 2324 2843 2395 Gregorius
2891 2325 2946 2378 in
2990 2324 3196 2395 Regula
3247 2322 3507 2394 pastorali
3559 2322 3621 2377 de
3672 2318 3833 2375 talibus

2294 2418 2444 2480 dicit,
2486 2417 2611 2488 quia
2660 2418 2803 2486 quod
2840 2415 3035 2488 albugo
3064 2416 3231 2487 212
3264 2416 3320 2475 in
3368 2414 3546 2481 oculo,
3577 2414 3672 2468 hoc
3711 2424 3831 2467 arro-

2292 2507 2472 2578 gantia
2507 2507 2615 2575 agit
2638 2507 2691 2559 in
2720 2514 2898 2561 mente
2934 2525 2946 2559 :
2974 2522 3095 2577 qua:
3115 2521 3241 2561 cum
3272 2505 3563 2561 candorem
3586 2502 3680 2557 sibi
3697 2499 3825 2603 justi-

2293 2599 2381 2652 tiar.
2412 2614 2506 2653 seu
2538 2598 2816 2669 sapientiae
2842 2597 3057 2662 tribuit,
3086 2613 3116 2650 a
3152 2596 3278 2652 luce
3309 2612 3371 2652 se
3400 2609 3638 2667 superna:
3673 2596 3825 2663 cognt-

2292 2690 2456 2745 tionis
2490 2689 2746 2752 excludit,
2774 2697 2915 2743 eteo
2940 2688 3247 2743 claritatem
3279 2686 3393 2742 veri
3422 2684 3636 2743 luminis
3657 2694 3826 2751 nequa-

2293 2798 2455 2854 quam
2504 2789 2928 2855 penetrat,‘quo
2961 2795 3021 2835 se
3071 2779 3213 2850 apud
3261 2794 3322 2834 se
3371 2793 3467 2849 per
3512 2772 3825 2875 arrogantiam

2293 2875 2515 2938 exaltat,
2546 2875 2687 2929 sicut
2731 2874 2799 2930 de
2829 2872 3153 2943 quibusdam
3186 2871 3431 2929 dicitur:
3456 2870 3680 2926 Dicente:
3721 2870 3829 2920 enin

2293 2986 2346 3021 se
2371 2984 2479 3021 esse
2511 2966 2793 3036 sapientes,
2823 2964 2969 3019 stulti
2994 2963 3123 3034 facti
3153 2957 3282 3019 sunt
3313 2962 3492 3034 (Rom.
3524 2977 3564 3026 ι,
3587 2959 3689 3029 22).
3716 2953 3829 3011 Scri-

2292 3058 2399 3129 psit
2420 3057 2562 3112 euim
2588 3058 2807 3127 quidam
2833 3056 3055 3122 delirus,
3072 3071 3232 3127 quem
3264 3071 3425 3126 supra
3443 3050 3826 3119 memoravimus,

2294 3158 2481 3205 contra
2514 3165 2612 3204 nos
2660 3149 2844 3205 dicens
2877 3164 2892 3202 :
2929 3168 2947 3200 ι
2983 3148 3061 3204 De
3092 3149 3358 3214 secunda,
3389 3148 3648 3218 inquiens,
3674 3134 3828 3197 dilliniv

2217 3217 2262 3279 (ἶ
2296 3241 2459 3305 tione,
2492 3255 2597 3310 qua
2625 3240 2678 3294 in
2721 3240 2825 3293 illis
2848 3240 3099 3310 capitulis
3128 3238 3418 3296 diﬂinitum
3450 3217 3551 3303 est,
3578 3234 3704 3307 quod
3738 3228 3827 3288 uul-

2294 3333 2378 3388 lus
2421 3334 2582 3389 homo
2617 3342 2721 3398 est,
2745 3331 2847 3388 fuit
2888 3331 2972 3387 vel
3000 3333 3126 3400 erit,
3154 3348 3258 3404 pro
3286 3348 3395 3404 quo
3424 3331 3655 3389 Christus
3676 3335 3826 3397 pas“

2294 3439 2402 3481 non
2434 3422 2618 3490 fuerit,
2647 3423 2774 3496 quid
2804 3416 2946 3479 aliud
2977 3423 3311 3495 respondere
3350 3435 3646 3497 possumus,
3672 3414 3827 3505 nisi-nt

2293 3518 2530 3589 primum
2560 3516 2704 3586 ipsos
2745 3514 2838 3596 qui
2868 3514 2971 3571 hoc
2997 3514 3335 3575 dillinierunt
3360 3513 3539 3577 sedulo
3573 3510 3823 3575 interrogev

2294 3625 2435 3675 mus,
2467 3617 2523 3663 et
2551 3608 2962 3673 admoneamus,
2993 3617 3053 3661 ut
3094 3605 3387 3681 vigilanter
3412 3614 3467 3665 et
3492 3602 3701 3659 ﬁdeliter
3724 3609 3824 3665 peu-

2296 3720 2418 3760 sare
2470 3702 2746 3770 studeant,
2790 3716 2858 3758 ne
2890 3701 3031 3758 forte
3071 3704 3254 3761 minus
3306 3694 3679 3760 considerando
3709 3686 3823 3763 quod

2296 3795 2581 3852 dicendum
2610 3803 2749 3859 erat,
2784 3803 2977 3853 contra
3007 3793 3165 3850 [idem
3208 3803 3267 3849 et
3295 3790 3663 3855 conscientiam
3694 3791 3823 3878 autut

2295 3886 2424 3941 talia
2454 3885 2693 3942 dixerint
2716 3893 2770 3940 et
2790 3884 3125 3955 scripserint.
3153 3881 3289 3938 Nam
3319 3892 3376 3939 ut
3398 3891 3656 3937 taceamus
3678 3872 3736 3974 de

2295 3980 2387 4053 qui
2414 3995 2560 4037 nunc
2597 3988 2739 4044 sunt,
2774 3979 2858 4034 vel
2888 3980 3066 4037 adhuc
3092 3992 3266 4049 usque
3302 3979 3369 4034 ad
3395 3976 3551 4033 linem
3577 3964 3735 4027 saeculi
3755 3959 3822 4053 lup

2295 4050 2400 4129 turi
2426 4081 2571 4137 sunt,
2588 4071 2640 4127 in
2668 4072 2866 4142 quibus
2894 4072 3078 4147 utique
3105 4072 3471 4129 Antichristus
3492 4066 3610 4129 erit,
3629 4066 3756 4116 certe

2297 4164 2388 4218 illa
2417 4161 2795 4219 innumerabili
2827 4144 3169 4216 multitudine
3202 4161 3510 4232 impiorum,
3535 4152 3620 4224 qui
3647 4144 3822 4243 [υθηιξιι

2298 4258 2367 4313 ab
2416 4256 2571 4312 initio
2601 4255 2784 4310 mundi
2819 4271 2986 4327 usque
3032 4255 3101 4309 ad
3132 4254 3425 4310 adventum
3471 4242 3684 4305 Domini,
3705 4244 3752 4292 et
3777 4242 3822 4292 tl

2297 4366 2395 4407 sua
2446 4350 2724 4420 impietate
2767 4348 2965 4404 mortui
3004 4356 3058 4402 et
3102 4347 3323 4405 internis
3364 4343 3534 4416 pomis
3575 4340 3689 4391 sunt
3722 4337 3822 4383 eam

2299 4441 2561 4509 demnati,
2590 4456 2689 4497 nec
2727 4440 2871 4511 ipsos
2915 4439 3007 4519 qui
3047 4440 3149 4496 hoc
3174 4438 3428 4497 dixerunt
3468 4423 3823 4525 crederem“:

2300 4552 2457 4603 mus,
2497 4534 2639 4606 quod
2674 4509 2773 4605 pro
2825 4532 2909 4588 his
2942 4516 3009 4593 in
3045 4546 3144 4593 sua
3192 4529 3466 4603 impietate
3509 4514 3745 4578 mortuis.
3776 4509 3824 4565 οι

604 4615 860 4688 ίίβιίθῖίθτ
893 4604 1237 4692 ’⁵⁸1³1⁵0³ηάοέ
1281 4639 1404 4695 quae
1433 4625 1523 4691 hic
1564 4627 1894 4700 superﬂuum
1936 4631 2191 4695 duximus
2216 4604 2271 4665 Β
2296 4604 2650 4697 aeterno—jam
2680 4604 2897 4696 iudicio
2946 4623 3341 4691 condemnatis,
3383 4614 3627 4681 Dominus
3667 4607 3822 4677 1³³⁸⁸³³

605 4722 830 4777 ponere,
859 4726 982 4767 cum
1018 4713 1146 4773 hinc
1184 4715 1412 4793 quisque
1439 4733 1657 4785 sensum
1686 4722 1830 4779 illius
1859 4722 2192 4787 suﬂicienter

607 4800 778 4869 possit
825 4820 1171 4878 cognoscere.
1221 4807 1454 4882 Scripsit
1493 4821 1549 4869 et
1586 4813 1817 4872 domnus
1866 4815 2194 4883 Prudentius

606 4892 659 4947 in
696 4910 837 4969 saepe
867 4910 1167 4957 memorata
1194 4901 1419 4974 epistola
1450 4905 1517 4959 ad
1549 4904 1887 4971 Wenilonem
1919 4908 2187 4987 archiepi-

605 5001 828 5057 scopum
876 5005 1073 5058 suum,
1119 5008 1218 5062 pro
1272 4995 1574 5051 ordinando
1621 4996 1796 5052 {Enen
1856 4998 2189 5057 Parisrorum

606 5078 879 5151 episcopo,
908 5080 1145 5152 capitulo
1186 5083 1239 5149 5,
1271 5085 1494 5141 dicens:
1534 5104 1552 5136 ι
1584 5084 1657 5141 Ut
1703 5088 1892 5143 credat
1919 5098 1977 5145 et
2013 5088 2187 5146 conli-

607 5179 784 5226 teutur
812 5190 934 5229 cum
979 5176 1231 5233 omnibus
1270 5178 1575 5246 catholicis,
1603 5182 1923 5250 sanguinem
1969 5181 2189 5239 Domini

609 5262 781 5317 nostri
810 5260 935 5320 Iesu
965 5263 1169 5322 Christi
1207 5283 1304 5339 pro
1332 5269 1583 5335 omnibus
1631 5271 1942 5327 hominibus
1975 5288 2041 5327 ex
2075 5282 2189 5331 toto

606 5354 809 5412 mundo
831 5354 885 5409 in
919 5370 1041 5411 eum
1085 5358 1433 5415 credentibus
1463 5361 1640 5416 lusum
1668 5380 1680 5415 :
1714 5378 1819 5417 non
1871 5373 2056 5418 autem
2086 5378 2188 5433 pro

607 5445 714 5502 illis
735 5447 828 5523 qui
855 5464 1130 5521 nunquam
1155 5451 1209 5506 in
1237 5468 1360 5507 eum
1387 5453 1755 5519 crediderunt,
1784 5471 1885 5512 nec
1915 5457 2188 5527 hodieque

605 5539 857 5609 credunt,
886 5558 1160 5613 nunquam
1187 5559 1289 5600 nec
1340 5546 1599 5602 credituri
1628 5557 1776 5613 sunt,
1804 5549 2020 5604 dicente
2069 5549 2190 5618 ipso

611 5629 868 5687 Domino:
894 5632 1047 5689 Venit
1074 5634 1211 5690 enim
1232 5635 1378 5705 ﬁlius
1402 5638 1627 5694 hominis
1640 5657 1743 5695 non
1763 5641 2075 5706 ministrari,
2096 5641 2189 5699 sed

604 5721 925 5789 ministrare,
954 5734 1003 5778 et
1029 5726 1158 5780 dare
1191 5727 1423 5781 animam
1463 5744 1617 5784 suam
1645 5731 2053 5801 redemptionem
2086 5749 2187 5803 pro

606 5812 788 5873 multis
835 5812 1050 5891 (Matth.
1098 5835 1191 5888 xx,
1228 5819 1345 5893 28).
1402 5840 1422 5878 ι
1466 5821 1535 5883 Et
1576 5824 1906 5898 compositor
1958 5825 2185 5889 istorum

2298 4736 2419 4778 esse
2449 4719 2751 4777 credendus
2781 4717 2870 4777 sit.
2899 4715 2956 4772 Si
2982 4715 3127 4773 enim
3158 4729 3258 4787 pro
3283 4713 3367 4771 his
3386 4718 3573 4801 passus
3595 4700 3818 4801 ἥδεθοῇ

2301 4813 2464 4876 ditur,
2496 4826 2594 4867 cur
2621 4810 2783 4865 etiam
2815 4822 2912 4881 pro
2940 4782 3237 4865 diabolo-et
3255 4782 3459 4879 angelis
3484 4796 3595 4895 eius

2296 4918 2489 4973 passus
2537 4914 2658 4956 esse
2703 4878 2825 4954 non?
2843 4896 3118 4953 creditur?
3167 4915 3187 4951 ι
3236 4894 3335 4953 Cui
3379 4886 3731 4973 convenienter

2302 4970 2591 5065 Evangelio
2635 4992 2817 5048 verbis
2867 4989 3163 5046 Dominicis
3208 4983 3528 5057 respondere
3568 4970 3817 5071 νξιιῗωξξ]

2298 5052 2744 5140 Εντθευιιθεεὶθηε
2776 5080 3103 5150 Scripturas,
3130 5052 3565 5150 neque—virtutem
3584 5060 3686 5120 Dei.
3709 5052 3821 5111 Ρη*

2295 5175 2379 5232 lus
2420 5175 2695 5247 apostolus
2738 5174 2870 5229 dicit
2903 5189 2919 5226 :
2953 5171 3232 5244 Nusquam
3261 5170 3397 5226 enim
3424 5158 3623 5234 angelos
3652 5154 3814 5247 ttPP'f‘:

2295 5234 2474 5324 hendii
2519 5266 2704 5340 (Hebr.
2737 5283 2803 5332 ιι,
2834 5265 2941 5336 l6),
2974 5234 3104 5335 quin
3131 5264 3298 5328 Deus,
3323 5260 3411 5317 sed
3437 5268 3600 5313 sanun
3628 5234 3814 5340 tua“:

2298 5328 2657 5435 apprehendit.
2709 5328 2863 5416 una.
2898 5328 3133 5415 lea-nnes
3169 5353 3613 5446 Chrysostofpllff

2299 5425 2404 5508 non
2450 5467 2774 5524 quemquam
2817 5450 3132 5522 angelorum
3168 5425 3534 5519 apprehendit.
3560 5431 3608 5524 ill
3631 5425 3812 5524 εει

2299 5514 2588 5615 cujuslibet
2629 5514 2817 5612 angeli
2883 5514 3132 5599 naturam
3198 5514 3463 5606 suscepi"
3517 5520 3606 5580 sed

2295 5606 2527 5692 Abrahae
2556 5606 2930 5706 apprehendit.
2963 5632 3079 5689 Non
3112 5632 3257 5688 enim
3286 5619 3644 5720 angelis)?“

2299 5739 2381 5784 tas
2406 5697 2603 5785 donata
2622 5697 2737 5794 est,
2767 5737 2826 5782 ut
2856 5729 2909 5783 in
2941 5744 3048 5783 una
3092 5740 3321 5797 persona
3362 5717 3449 5775 Dei
3475 5709 3627 5767 Filius
3654 5697 3808 5797 θοτωξ

2295 5833 2503 5883 natura:
2530 5791 2947 5898 coniungeretur
2977 5838 2991 5879 :
3023 5820 3119 5879 sed
3155 5820 3299 5878 hunc
3341 5815 3585 5876 honorem
3610 5804 3656 5857 θῑ
3701 5791 3811 5847 in”
