  <div class='ocr_page' id='page_1' title='image "/cluster/home/n/w/nwhite01/storage/ocr_20150623/125/hvd.32044015471667/144.png"; bbox 0 0 3992 6336; ppageno 0'>
   <div class='ocr_carea' id='block_1_1' title="bbox 162 384 272 445">
    <p class='ocr_par' dir='ltr' id='par_1_1' title="bbox 162 384 272 445">
     <span class='ocr_line' id='line_1_1' title="bbox 162 384 272 445; baseline -0.027 0"><span class='ocrx_word' id='word_1_1' title='bbox 162 384 272 445; x_wconf 71' lang='lat'><strong>277</strong></span> 
     </span>
    </p>
   </div>
   <div class='ocr_carea' id='block_1_2' title="bbox 921 348 2664 439">
    <p class='ocr_par' dir='ltr' id='par_1_2' title="bbox 921 348 2664 439">
     <span class='ocr_line' id='line_1_2' title="bbox 921 348 2664 439; baseline -0.002 0"><span class='ocrx_word' id='word_1_2' title='bbox 921 383 1009 439; x_wconf 76' lang='lat' dir='ltr'><strong>na</strong></span> <span class='ocrx_word' id='word_1_3' title='bbox 1047 379 1712 439; x_wconf 57' lang='lat' dir='ltr'><strong>PRIEDESTINATIONE</strong></span> <span class='ocrx_word' id='word_1_4' title='bbox 1751 352 2212 437; x_wconf 73' lang='lat' dir='ltr'><strong>DlSSERTAle</strong></span> <span class='ocrx_word' id='word_1_5' title='bbox 2251 348 2664 437; x_wconf 78' lang='lat' dir='ltr'><strong>rosremoa.</strong></span> 
     </span>
    </p>
   </div>
   <div class='ocr_carea' id='block_1_3' title="bbox 3319 368 3431 432">
    <p class='ocr_par' dir='ltr' id='par_1_3' title="bbox 3319 368 3431 432">
     <span class='ocr_line' id='line_1_3' title="bbox 3319 368 3431 432; baseline 0.018 -3"><span class='ocrx_word' id='word_1_6' title='bbox 3319 368 3431 432; x_wconf 72' lang='lat'><strong>278</strong></span> 
     </span>
    </p>
   </div>
   <div class='ocr_carea' id='block_1_4' title="bbox 166 490 3429 572">
    <p class='ocr_par' dir='ltr' id='par_1_4' title="bbox 166 490 3429 572">
     <span class='ocr_line' id='line_1_4' title="bbox 166 490 3429 572; baseline -0.003 -17"><span class='ocrx_word' id='word_1_7' title='bbox 166 501 483 572; x_wconf 83' lang='lat' dir='ltr'><strong>dignitatem</strong></span> <span class='ocrx_word' id='word_1_8' title='bbox 507 498 759 554; x_wconf 73' lang='lat' dir='ltr'><strong>humana:</strong></span> <span class='ocrx_word' id='word_1_9' title='bbox 787 504 993 552; x_wconf 86' lang='lat' dir='ltr'><strong>naturae</strong></span> <span class='ocrx_word' id='word_1_10' title='bbox 1020 494 1160 551; x_wconf 87' lang='lat' dir='ltr'><strong>Deus</strong></span> <span class='ocrx_word' id='word_1_11' title='bbox 1186 495 1280 550; x_wconf 87' lang='lat' dir='ltr'><strong>Dei</strong></span> <span class='ocrx_word' id='word_1_12' title='bbox 1323 495 1493 551; x_wconf 87' lang='lat' dir='ltr'><strong>Filius</strong></span> <span class='ocrx_word' id='word_1_13' title='bbox 1521 509 1746 551; x_wconf 87' lang='lat' dir='ltr'><strong>conces-</strong></span> <span class='ocrx_word' id='word_1_14' title='bbox 1772 494 1825 557; x_wconf 82' lang='lat' dir='ltr'><strong>A</strong></span> <span class='ocrx_word' id='word_1_15' title='bbox 1851 502 1907 549; x_wconf 90' lang='lat' dir='ltr'><strong>et</strong></span> <span class='ocrx_word' id='word_1_16' title='bbox 1927 495 2113 551; x_wconf 89' lang='lat' dir='ltr'><strong>volens</strong></span> <span class='ocrx_word' id='word_1_17' title='bbox 2154 511 2339 551; x_wconf 88' lang='lat' dir='ltr'><strong>earum</strong></span> <span class='ocrx_word' id='word_1_18' title='bbox 2382 496 2707 552; x_wconf 89' lang='lat' dir='ltr'><strong>auctoritate</strong></span> <span class='ocrx_word' id='word_1_19' title='bbox 2755 493 2971 550; x_wconf 82' lang='lat' dir='ltr'><strong>firmare</strong></span> <span class='ocrx_word' id='word_1_20' title='bbox 3019 491 3163 563; x_wconf 90' lang='lat' dir='ltr'><strong>quod</strong></span> <span class='ocrx_word' id='word_1_21' title='bbox 3206 490 3429 547; x_wconf 87' lang='lat' dir='ltr'><strong>dubium</strong></span> 
     </span>
    </p>
   </div>
   <div class='ocr_carea' id='block_1_5' title="bbox 166 582 1748 662">
    <p class='ocr_par' dir='ltr' id='par_1_5' title="bbox 166 582 1748 662">
     <span class='ocr_line' id='line_1_5' title="bbox 166 582 1748 662; baseline -0.004 -14"><span class='ocrx_word' id='word_1_22' title='bbox 166 593 267 658; x_wconf 84' lang='lat' dir='ltr'><strong>sit,</strong></span> <span class='ocrx_word' id='word_1_23' title='bbox 292 582 350 646; x_wconf 81' lang='lat' dir='ltr'><strong>ut</strong></span> <span class='ocrx_word' id='word_1_24' title='bbox 379 591 520 651; x_wconf 89' lang='lat' dir='ltr'><strong>Deus</strong></span> <span class='ocrx_word' id='word_1_25' title='bbox 547 599 604 647; x_wconf 89' lang='lat' dir='ltr'><strong>et</strong></span> <span class='ocrx_word' id='word_1_26' title='bbox 634 590 795 646; x_wconf 90' lang='lat' dir='ltr'><strong>homo</strong></span> <span class='ocrx_word' id='word_1_27' title='bbox 831 606 937 645; x_wconf 86' lang='lat' dir='ltr'><strong>una</strong></span> <span class='ocrx_word' id='word_1_28' title='bbox 978 599 1124 645; x_wconf 90' lang='lat' dir='ltr'><strong>esset</strong></span> <span class='ocrx_word' id='word_1_29' title='bbox 1149 605 1409 662; x_wconf 73' lang='lat' dir='ltr'><strong>persona.</strong></span> <span class='ocrx_word' id='word_1_30' title='bbox 1455 587 1633 658; x_wconf 85' lang='lat' dir='ltr'><strong>Quare</strong></span> <span class='ocrx_word' id='word_1_31' title='bbox 1663 587 1748 643; x_wconf 85' lang='lat' dir='ltr'><strong>di-</strong></span> 
     </span>
    </p>
   </div>
   <div class='ocr_carea' id='block_1_6' title="bbox 167 676 1753 753">
    <p class='ocr_par' dir='ltr' id='par_1_6' title="bbox 167 676 1753 753">
     <span class='ocr_line' id='line_1_6' title="bbox 167 676 1753 753; baseline -0.005 -14"><span class='ocrx_word' id='word_1_32' title='bbox 167 683 253 739; x_wconf 80' lang='lat' dir='ltr'><strong>xit</strong></span> <span class='ocrx_word' id='word_1_33' title='bbox 278 676 655 753; x_wconf 73' lang='lat' dir='ltr'><strong>apprehendit?</strong></span> <span class='ocrx_word' id='word_1_34' title='bbox 680 682 806 752; x_wconf 87' lang='lat' dir='ltr'><strong>quia</strong></span> <span class='ocrx_word' id='word_1_35' title='bbox 841 696 939 736; x_wconf 91' lang='lat' dir='ltr'><strong>nos</strong></span> <span class='ocrx_word' id='word_1_36' title='bbox 965 679 1119 751; x_wconf 87' lang='lat' dir='ltr'><strong>quasi</strong></span> <span class='ocrx_word' id='word_1_37' title='bbox 1159 680 1475 736; x_wconf 78' lang='lat' dir='ltr'><strong>recedentes</strong></span> <span class='ocrx_word' id='word_1_38' title='bbox 1502 678 1569 734; x_wconf 90' lang='lat' dir='ltr'><strong>ah</strong></span> <span class='ocrx_word' id='word_1_39' title='bbox 1595 694 1659 734; x_wconf 92' lang='lat' dir='ltr'><strong>eo</strong></span> <span class='ocrx_word' id='word_1_40' title='bbox 1697 682 1753 733; x_wconf 89' lang='lat' dir='ltr'><strong>et</strong></span> 
     </span>
    </p>
   </div>
   <div class='ocr_carea' id='block_1_7' title="bbox 166 768 1749 845">
    <p class='ocr_par' dir='ltr' id='par_1_7' title="bbox 166 768 1749 845">
     <span class='ocr_line' id='line_1_7' title="bbox 166 768 1749 845; baseline -0.004 -14"><span class='ocrx_word' id='word_1_41' title='bbox 166 774 331 845; x_wconf 79' lang='lat' dir='ltr'><strong>longe</strong></span> <span class='ocrx_word' id='word_1_42' title='bbox 375 772 641 845; x_wconf 75' lang='lat' dir='ltr'><strong>fugientes</strong></span> <span class='ocrx_word' id='word_1_43' title='bbox 669 774 946 829; x_wconf 87' lang='lat' dir='ltr'><strong>insecutus</strong></span> <span class='ocrx_word' id='word_1_44' title='bbox 986 768 1372 844; x_wconf 81' lang='lat' dir='ltr'><strong>apprehendit,</strong></span> <span class='ocrx_word' id='word_1_45' title='bbox 1406 781 1460 827; x_wconf 89' lang='lat' dir='ltr'><strong>et</strong></span> <span class='ocrx_word' id='word_1_46' title='bbox 1490 771 1543 825; x_wconf 93' lang='lat' dir='ltr'><strong>in</strong></span> <span class='ocrx_word' id='word_1_47' title='bbox 1588 785 1749 826; x_wconf 88' lang='lat' dir='ltr'><strong>unam</strong></span> 
     </span>
    </p>
   </div>
   <div class='ocr_carea' id='block_1_8' title="bbox 166 862 1753 938">
    <p class='ocr_par' dir='ltr' id='par_1_8' title="bbox 166 862 1753 938">
     <span class='ocr_line' id='line_1_8' title="bbox 166 862 1753 938; baseline -0.003 -18"><span class='ocrx_word' id='word_1_48' title='bbox 166 882 455 938; x_wconf 73' lang='lat' dir='ltr'><strong>personam</strong></span> <span class='ocrx_word' id='word_1_49' title='bbox 503 873 703 922; x_wconf 74' lang='lat' dir='ltr'><strong>nostra:</strong></span> <span class='ocrx_word' id='word_1_50' title='bbox 732 862 1044 935; x_wconf 78' lang='lat' dir='ltr'><strong>fragilitatis</strong></span> <span class='ocrx_word' id='word_1_51' title='bbox 1079 874 1328 920; x_wconf 84' lang='lat' dir='ltr'><strong>naturam</strong></span> <span class='ocrx_word' id='word_1_52' title='bbox 1378 862 1478 919; x_wconf 82' lang='lat' dir='ltr'><strong>sibi</strong></span> <span class='ocrx_word' id='word_1_53' title='bbox 1510 871 1753 919; x_wconf 81' lang='lat' dir='ltr'><strong>content-</strong></span> 
     </span>
    </p>
   </div>
   <div class='ocr_carea' id='block_1_9' title="bbox 165 953 1749 1029">
    <p class='ocr_par' dir='ltr' id='par_1_9' title="bbox 165 953 1749 1029">
     <span class='ocr_line' id='line_1_9' title="bbox 165 953 1749 1029; baseline -0.001 -18"><span class='ocrx_word' id='word_1_54' title='bbox 165 959 403 1027; x_wconf 78' lang='lat' dir='ltr'><strong>peravit.</strong></span> <span class='ocrx_word' id='word_1_55' title='bbox 429 955 544 1011; x_wconf 86' lang='lat' dir='ltr'><strong>lloc</strong></span> <span class='ocrx_word' id='word_1_56' title='bbox 582 972 712 1029; x_wconf 86' lang='lat' dir='ltr'><strong>ergo</strong></span> <span class='ocrx_word' id='word_1_57' title='bbox 758 956 1024 1012; x_wconf 87' lang='lat' dir='ltr'><strong>redimere</strong></span> <span class='ocrx_word' id='word_1_58' title='bbox 1052 955 1237 1012; x_wconf 86' lang='lat' dir='ltr'><strong>debuit</strong></span> <span class='ocrx_word' id='word_1_59' title='bbox 1266 953 1407 1026; x_wconf 90' lang='lat' dir='ltr'><strong>quod</strong></span> <span class='ocrx_word' id='word_1_60' title='bbox 1438 954 1749 1025; x_wconf 85' lang='lat' dir='ltr'><strong>assumpsit.</strong></span> 
     </span>
    </p>
   </div>
   <div class='ocr_carea' id='block_1_10' title="bbox 167 1044 1754 1121">
    <p class='ocr_par' dir='ltr' id='par_1_10' title="bbox 167 1044 1754 1121">
     <span class='ocr_line' id='line_1_10' title="bbox 167 1044 1754 1121; baseline -0.001 -19"><span class='ocrx_word' id='word_1_61' title='bbox 167 1046 237 1102; x_wconf 89' lang='lat' dir='ltr'><strong>Ut</strong></span> <span class='ocrx_word' id='word_1_62' title='bbox 266 1048 456 1104; x_wconf 85' lang='lat' dir='ltr'><strong>beatus</strong></span> <span class='ocrx_word' id='word_1_63' title='bbox 483 1047 778 1121; x_wconf 78' lang='lat' dir='ltr'><strong>Gregorius</strong></span> <span class='ocrx_word' id='word_1_64' title='bbox 805 1048 861 1103; x_wconf 91' lang='lat' dir='ltr'><strong>in</strong></span> <span class='ocrx_word' id='word_1_65' title='bbox 900 1047 1037 1105; x_wconf 88' lang='lat' dir='ltr'><strong>libro</strong></span> <span class='ocrx_word' id='word_1_66' title='bbox 1072 1065 1127 1104; x_wconf 80' lang='lat' dir='ltr'><strong>1x</strong></span> <span class='ocrx_word' id='word_1_67' title='bbox 1172 1048 1310 1121; x_wconf 92' lang='lat' dir='ltr'><strong>(cap.</strong></span> <span class='ocrx_word' id='word_1_68' title='bbox 1349 1048 1443 1118; x_wconf 73' lang='lat'><strong>28)</strong></span> <span class='ocrx_word' id='word_1_69' title='bbox 1472 1044 1754 1103; x_wconf 85' lang='lat' dir='ltr'><strong>Moralium</strong></span> 
     </span>
    </p>
   </div>
   <div class='ocr_carea' id='block_1_11' title="bbox 166 1137 1753 1213">
    <p class='ocr_par' dir='ltr' id='par_1_11' title="bbox 166 1137 1753 1213">
     <span class='ocr_line' id='line_1_11' title="bbox 166 1137 1753 1213; baseline 0.003 -21"><span class='ocrx_word' id='word_1_70' title='bbox 166 1137 310 1194; x_wconf 89' lang='lat' dir='ltr'><strong>dicit</strong></span> <span class='ocrx_word' id='word_1_71' title='bbox 340 1158 351 1193; x_wconf 89' lang='lat'><strong>:</strong></span> <span class='ocrx_word' id='word_1_72' title='bbox 378 1139 731 1211; x_wconf 84' lang='lat' dir='ltr'><strong>Angelorum,</strong></span> <span class='ocrx_word' id='word_1_73' title='bbox 785 1140 1056 1212; x_wconf 89' lang='lat' dir='ltr'><strong>inquiens,</strong></span> <span class='ocrx_word' id='word_1_74' title='bbox 1099 1140 1320 1213; x_wconf 77' lang='lat' dir='ltr'><strong>spiritus</strong></span> <span class='ocrx_word' id='word_1_75' title='bbox 1367 1141 1571 1197; x_wconf 90' lang='lat' dir='ltr'><strong>idcirco</strong></span> <span class='ocrx_word' id='word_1_76' title='bbox 1614 1140 1753 1197; x_wconf 91' lang='lat' dir='ltr'><strong>irre-</strong></span> 
     </span>
    </p>
   </div>
   <div class='ocr_carea' id='block_1_12' title="bbox 166 1233 1757 1306">
    <p class='ocr_par' dir='ltr' id='par_1_12' title="bbox 166 1233 1757 1306">
     <span class='ocr_line' id='line_1_12' title="bbox 166 1233 1757 1306; baseline 0.001 -18"><span class='ocrx_word' id='word_1_77' title='bbox 166 1233 510 1290; x_wconf 80' lang='lat' dir='ltr'><strong>missibiliter</strong></span> <span class='ocrx_word' id='word_1_78' title='bbox 536 1244 923 1304; x_wconf 87' lang='lat' dir='ltr'><strong>peccaverunt,</strong></span> <span class='ocrx_word' id='word_1_79' title='bbox 955 1235 1081 1306; x_wconf 88' lang='lat' dir='ltr'><strong>quia</strong></span> <span class='ocrx_word' id='word_1_80' title='bbox 1116 1245 1264 1295; x_wconf 87' lang='lat' dir='ltr'><strong>tanto</strong></span> <span class='ocrx_word' id='word_1_81' title='bbox 1306 1234 1579 1293; x_wconf 90' lang='lat' dir='ltr'><strong>robustius</strong></span> <span class='ocrx_word' id='word_1_82' title='bbox 1609 1240 1757 1289; x_wconf 86' lang='lat' dir='ltr'><strong>stare</strong></span> 
     </span>
    </p>
   </div>
   <div class='ocr_carea' id='block_1_13' title="bbox 165 1323 1752 1394">
    <p class='ocr_par' dir='ltr' id='par_1_13' title="bbox 165 1323 1752 1394">
     <span class='ocr_line' id='line_1_13' title="bbox 165 1323 1752 1394; baseline 0 -17"><span class='ocrx_word' id='word_1_83' title='bbox 165 1331 454 1392; x_wconf 85' lang='lat' dir='ltr'><strong>poterant,</strong></span> <span class='ocrx_word' id='word_1_84' title='bbox 497 1335 700 1394; x_wconf 86' lang='lat' dir='ltr'><strong>quanto</strong></span> <span class='ocrx_word' id='word_1_85' title='bbox 728 1339 824 1381; x_wconf 91' lang='lat' dir='ltr'><strong>eos</strong></span> <span class='ocrx_word' id='word_1_86' title='bbox 861 1324 1045 1380; x_wconf 85' lang='lat' dir='ltr'><strong>carnis</strong></span> <span class='ocrx_word' id='word_1_87' title='bbox 1073 1324 1325 1383; x_wconf 86' lang='lat' dir='ltr'><strong>admistio</strong></span> <span class='ocrx_word' id='word_1_88' title='bbox 1369 1341 1475 1382; x_wconf 89' lang='lat' dir='ltr'><strong>non</strong></span> <span class='ocrx_word' id='word_1_89' title='bbox 1514 1323 1752 1380; x_wconf 87' lang='lat' dir='ltr'><strong>tenebat.</strong></span> 
     </span>
    </p>
   </div>
   <div class='ocr_carea' id='block_1_14' title="bbox 165 1412 1757 1489">
    <p class='ocr_par' dir='ltr' id='par_1_14' title="bbox 165 1412 1757 1489">
     <span class='ocr_line' id='line_1_14' title="bbox 165 1412 1757 1489; baseline 0 -20"><span class='ocrx_word' id='word_1_90' title='bbox 165 1412 349 1471; x_wconf 81' lang='lat' dir='ltr'><strong>Homo</strong></span> <span class='ocrx_word' id='word_1_91' title='bbox 376 1430 508 1470; x_wconf 88' lang='lat' dir='ltr'><strong>vero</strong></span> <span class='ocrx_word' id='word_1_92' title='bbox 536 1415 743 1475; x_wconf 82' lang='lat' dir='ltr'><strong>idcirco</strong></span> <span class='ocrx_word' id='word_1_93' title='bbox 771 1425 892 1487; x_wconf 89' lang='lat' dir='ltr'><strong>post</strong></span> <span class='ocrx_word' id='word_1_94' title='bbox 918 1417 1130 1489; x_wconf 86' lang='lat' dir='ltr'><strong>culpam</strong></span> <span class='ocrx_word' id='word_1_95' title='bbox 1161 1418 1374 1474; x_wconf 82' lang='lat' dir='ltr'><strong>veniam</strong></span> <span class='ocrx_word' id='word_1_96' title='bbox 1400 1416 1615 1480; x_wconf 87' lang='lat' dir='ltr'><strong>meruit,</strong></span> <span class='ocrx_word' id='word_1_97' title='bbox 1630 1412 1757 1486; x_wconf 89' lang='lat' dir='ltr'><strong>quia</strong></span> 
     </span>
    </p>
   </div>
   <div class='ocr_carea' id='block_1_15' title="bbox 163 1510 1759 1583">
    <p class='ocr_par' dir='ltr' id='par_1_15' title="bbox 163 1510 1759 1583">
     <span class='ocr_line' id='line_1_15' title="bbox 163 1510 1759 1583; baseline -0.002 -16"><span class='ocrx_word' id='word_1_98' title='bbox 163 1525 265 1581; x_wconf 82' lang='lat' dir='ltr'><strong>per</strong></span> <span class='ocrx_word' id='word_1_99' title='bbox 308 1510 525 1567; x_wconf 83' lang='lat' dir='ltr'><strong>carnale</strong></span> <span class='ocrx_word' id='word_1_100' title='bbox 572 1524 771 1579; x_wconf 85' lang='lat' dir='ltr'><strong>corpus</strong></span> <span class='ocrx_word' id='word_1_101' title='bbox 824 1510 1027 1583; x_wconf 87' lang='lat' dir='ltr'><strong>aliquid</strong></span> <span class='ocrx_word' id='word_1_102' title='bbox 1075 1527 1184 1582; x_wconf 85' lang='lat' dir='ltr'><strong>quo</strong></span> <span class='ocrx_word' id='word_1_103' title='bbox 1244 1512 1535 1582; x_wconf 90' lang='lat' dir='ltr'><strong>semetipso</strong></span> <span class='ocrx_word' id='word_1_104' title='bbox 1582 1511 1759 1565; x_wconf 90' lang='lat' dir='ltr'><strong>minor</strong></span> 
     </span>
    </p>
   </div>
   <div class='ocr_carea' id='block_1_16' title="bbox 163 1602 1755 1675">
    <p class='ocr_par' dir='ltr' id='par_1_16' title="bbox 163 1602 1755 1675">
     <span class='ocr_line' id='line_1_16' title="bbox 163 1602 1755 1675; baseline -0.001 -16"><span class='ocrx_word' id='word_1_105' title='bbox 163 1611 321 1659; x_wconf 78' lang='lat' dir='ltr'><strong>esset</strong></span> <span class='ocrx_word' id='word_1_106' title='bbox 342 1602 571 1672; x_wconf 87' lang='lat' dir='ltr'><strong>accepit.</strong></span> <span class='ocrx_word' id='word_1_107' title='bbox 619 1602 774 1660; x_wconf 89' lang='lat' dir='ltr'><strong>Unde</strong></span> <span class='ocrx_word' id='word_1_108' title='bbox 802 1612 856 1659; x_wconf 90' lang='lat' dir='ltr'><strong>et</strong></span> <span class='ocrx_word' id='word_1_109' title='bbox 900 1603 1041 1675; x_wconf 88' lang='lat' dir='ltr'><strong>apud</strong></span> <span class='ocrx_word' id='word_1_110' title='bbox 1070 1614 1377 1675; x_wconf 87' lang='lat' dir='ltr'><strong>respectum</strong></span> <span class='ocrx_word' id='word_1_111' title='bbox 1423 1604 1621 1675; x_wconf 89' lang='lat' dir='ltr'><strong>judicis</strong></span> <span class='ocrx_word' id='word_1_112' title='bbox 1664 1618 1755 1658; x_wconf 86' lang='lat' dir='ltr'><strong>ar-</strong></span> 
     </span>
    </p>
   </div>
   <div class='ocr_carea' id='block_1_17' title="bbox 167 1692 1758 1765">
    <p class='ocr_par' dir='ltr' id='par_1_17' title="bbox 167 1692 1758 1765">
     <span class='ocr_line' id='line_1_17' title="bbox 167 1692 1758 1765; baseline 0.002 -19"><span class='ocrx_word' id='word_1_113' title='bbox 167 1702 489 1765; x_wconf 83' lang='lat' dir='ltr'><strong>gumentum</strong></span> <span class='ocrx_word' id='word_1_114' title='bbox 538 1692 761 1764; x_wconf 88' lang='lat' dir='ltr'><strong>pietatis</strong></span> <span class='ocrx_word' id='word_1_115' title='bbox 800 1703 882 1751; x_wconf 90' lang='lat' dir='ltr'><strong>est</strong></span> <span class='ocrx_word' id='word_1_116' title='bbox 927 1696 1043 1751; x_wconf 75' lang='lat' dir='ltr'><strong>hzec</strong></span> <span class='ocrx_word' id='word_1_117' title='bbox 1077 1696 1263 1753; x_wconf 88' lang='lat' dir='ltr'><strong>eadem</strong></span> <span class='ocrx_word' id='word_1_118' title='bbox 1306 1694 1598 1755; x_wconf 84' lang='lat' dir='ltr'><strong>infirmitas</strong></span> <span class='ocrx_word' id='word_1_119' title='bbox 1632 1709 1758 1751; x_wconf 87' lang='lat' dir='ltr'><strong>car-</strong></span> 
     </span>
    </p>
   </div>
   <div class='ocr_carea' id='block_1_18' title="bbox 168 1802 327 1841">
    <p class='ocr_par' dir='ltr' id='par_1_18' title="bbox 168 1802 327 1841">
     <span class='ocr_line' id='line_1_18' title="bbox 168 1802 327 1841; baseline -0.025 0"><span class='ocrx_word' id='word_1_120' title='bbox 168 1802 327 1841; x_wconf 68' lang='grc'><strong>1115.)</strong></span> 
     </span>
    </p>
   </div>
   <div class='ocr_carea' id='block_1_19' title="bbox 1848 576 3425 661">
    <p class='ocr_par' dir='ltr' id='par_1_19' title="bbox 1848 576 3425 661">
     <span class='ocr_line' id='line_1_19' title="bbox 1848 576 3425 661; baseline -0.004 -16"><span class='ocrx_word' id='word_1_121' title='bbox 1848 597 1951 645; x_wconf 88' lang='lat' dir='ltr'><strong>est.</strong></span> <span class='ocrx_word' id='word_1_122' title='bbox 1990 587 2248 661; x_wconf 78' lang='lat' dir='ltr'><strong>Origenes</strong></span> <span class='ocrx_word' id='word_1_123' title='bbox 2282 596 2486 655; x_wconf 89' lang='lat' dir='ltr'><strong>autem,</strong></span> <span class='ocrx_word' id='word_1_124' title='bbox 2516 590 2719 661; x_wconf 87' lang='lat' dir='ltr'><strong>absque</strong></span> <span class='ocrx_word' id='word_1_125' title='bbox 2749 587 2857 643; x_wconf 93' lang='lat' dir='ltr'><strong>ullo</strong></span> <span class='ocrx_word' id='word_1_126' title='bbox 2884 587 3078 643; x_wconf 71' lang='lat' dir='ltr'><strong>divinae</strong></span> <span class='ocrx_word' id='word_1_127' title='bbox 3094 586 3244 641; x_wconf 80' lang='lat' dir='ltr'><strong>vocis</strong></span> <span class='ocrx_word' id='word_1_128' title='bbox 3273 576 3425 641; x_wconf 76' lang='lat' dir='ltr'><strong>testi-</strong></span> 
     </span>
    </p>
   </div>
   <div class='ocr_carea' id='block_1_20' title="bbox 1851 674 3431 747">
    <p class='ocr_par' dir='ltr' id='par_1_20' title="bbox 1851 674 3431 747">
     <span class='ocr_line' id='line_1_20' title="bbox 1851 674 3431 747; baseline -0.003 -11"><span class='ocrx_word' id='word_1_129' title='bbox 1851 678 2052 747; x_wconf 83' lang='lat' dir='ltr'><strong>nionio,</strong></span> <span class='ocrx_word' id='word_1_130' title='bbox 2084 680 2192 735; x_wconf 83' lang='lat' dir='ltr'><strong>vim</strong></span> <span class='ocrx_word' id='word_1_131' title='bbox 2236 679 2415 737; x_wconf 86' lang='lat' dir='ltr'><strong>facere</strong></span> <span class='ocrx_word' id='word_1_132' title='bbox 2444 680 2635 736; x_wconf 85' lang='lat' dir='ltr'><strong>nititur</strong></span> <span class='ocrx_word' id='word_1_133' title='bbox 2660 678 2897 745; x_wconf 77' lang='lat' dir='ltr'><strong>veritati,</strong></span> <span class='ocrx_word' id='word_1_134' title='bbox 2922 687 2977 734; x_wconf 86' lang='lat' dir='ltr'><strong>et</strong></span> <span class='ocrx_word' id='word_1_135' title='bbox 3024 679 3291 733; x_wconf 79' lang='lat' dir='ltr'><strong>exstincta</strong></span> <span class='ocrx_word' id='word_1_136' title='bbox 3342 674 3431 731; x_wconf 88' lang='lat' dir='ltr'><strong>lu-</strong></span> 
     </span>
    </p>
   </div>
   <div class='ocr_carea' id='block_1_21' title="bbox 1852 769 3431 836">
    <p class='ocr_par' dir='ltr' id='par_1_21' title="bbox 1852 769 3431 836">
     <span class='ocr_line' id='line_1_21' title="bbox 1852 769 3431 836; baseline -0.005 -5"><span class='ocrx_word' id='word_1_137' title='bbox 1852 791 2014 831; x_wconf 87' lang='lat' dir='ltr'><strong>cerna</strong></span> <span class='ocrx_word' id='word_1_138' title='bbox 2048 775 2295 831; x_wconf 87' lang='lat' dir='ltr'><strong>invenire</strong></span> <span class='ocrx_word' id='word_1_139' title='bbox 2327 788 2469 832; x_wconf 85' lang='lat' dir='ltr'><strong>eam.</strong></span> <span class='ocrx_word' id='word_1_140' title='bbox 2510 770 2714 829; x_wconf 88' lang='lat' dir='ltr'><strong>Fautor</strong></span> <span class='ocrx_word' id='word_1_141' title='bbox 2735 774 3062 836; x_wconf 82' lang='lat' dir='ltr'><strong>daemonum,</strong></span> <span class='ocrx_word' id='word_1_142' title='bbox 3092 780 3147 826; x_wconf 90' lang='lat' dir='ltr'><strong>et</strong></span> <span class='ocrx_word' id='word_1_143' title='bbox 3184 778 3291 825; x_wconf 87' lang='lat' dir='ltr'><strong>non</strong></span> <span class='ocrx_word' id='word_1_144' title='bbox 3333 769 3431 823; x_wconf 84' lang='lat' dir='ltr'><strong>ho-</strong></span> 
     </span>
    </p>
   </div>
   <div class='ocr_carea' id='block_1_22' title="bbox 1851 860 3429 933">
    <p class='ocr_par' dir='ltr' id='par_1_22' title="bbox 1851 860 3429 933">
     <span class='ocr_line' id='line_1_22' title="bbox 1851 860 3429 933; baseline -0.004 -12"><span class='ocrx_word' id='word_1_145' title='bbox 1851 867 2081 933; x_wconf 89' lang='lat' dir='ltr'><strong>minum,</strong></span> <span class='ocrx_word' id='word_1_146' title='bbox 2130 865 2339 923; x_wconf 84' lang='lat' dir='ltr'><strong>crebris</strong></span> <span class='ocrx_word' id='word_1_147' title='bbox 2385 864 2671 923; x_wconf 85' lang='lat' dir='ltr'><strong>calumniis</strong></span> <span class='ocrx_word' id='word_1_148' title='bbox 2720 864 2938 921; x_wconf 87' lang='lat' dir='ltr'><strong>lacessit</strong></span> <span class='ocrx_word' id='word_1_149' title='bbox 2982 863 3178 919; x_wconf 87' lang='lat' dir='ltr'><strong>Filium</strong></span> <span class='ocrx_word' id='word_1_150' title='bbox 3227 860 3343 929; x_wconf 89' lang='lat' dir='ltr'><strong>Dei,</strong></span> <span class='ocrx_word' id='word_1_151' title='bbox 3373 864 3429 916; x_wconf 83' lang='lat' dir='ltr'><strong>e‘t</strong></span> 
     </span>
    </p>
   </div>
   <div class='ocr_carea' id='block_1_23' title="bbox 1853 952 3427 1029">
    <p class='ocr_par' dir='ltr' id='par_1_23' title="bbox 1853 952 3427 1029">
     <span class='ocr_line' id='line_1_23' title="bbox 1853 952 3427 1029; baseline -0.003 -18"><span class='ocrx_word' id='word_1_152' title='bbox 1853 956 2029 1013; x_wconf 89' lang='lat' dir='ltr'><strong>denuo</strong></span> <span class='ocrx_word' id='word_1_153' title='bbox 2052 952 2337 1029; x_wconf 82' lang='lat' dir='ltr'><strong>crucifigit,</strong></span> <span class='ocrx_word' id='word_1_154' title='bbox 2369 972 2476 1012; x_wconf 86' lang='lat' dir='ltr'><strong>non</strong></span> <span class='ocrx_word' id='word_1_155' title='bbox 2507 954 2815 1028; x_wconf 78' lang='lat' dir='ltr'><strong>intelligens</strong></span> <span class='ocrx_word' id='word_1_156' title='bbox 2843 955 3080 1025; x_wconf 88' lang='lat' dir='ltr'><strong>inquam</strong></span> <span class='ocrx_word' id='word_1_157' title='bbox 3106 952 3427 1025; x_wconf 77' lang='lat' dir='ltr'><strong>profundam</strong></span> 
     </span>
    </p>
   </div>
   <div class='ocr_carea' id='block_1_24' title="bbox 1853 1041 3438 1119">
    <p class='ocr_par' dir='ltr' id='par_1_24' title="bbox 1853 1041 3438 1119">
     <span class='ocr_line' id='line_1_24' title="bbox 1853 1041 3438 1119; baseline -0.005 -15"><span class='ocrx_word' id='word_1_158' title='bbox 1853 1056 1909 1104; x_wconf 89' lang='lat' dir='ltr'><strong>et</strong></span> <span class='ocrx_word' id='word_1_159' title='bbox 1929 1046 2240 1103; x_wconf 87' lang='lat' dir='ltr'><strong>horribilem</strong></span> <span class='ocrx_word' id='word_1_160' title='bbox 2271 1047 2564 1119; x_wconf 87' lang='lat' dir='ltr'><strong>impietatis</strong></span> <span class='ocrx_word' id='word_1_161' title='bbox 2579 1044 2889 1119; x_wconf 88' lang='lat' dir='ltr'><strong>voraginem</strong></span> <span class='ocrx_word' id='word_1_162' title='bbox 2919 1045 3253 1099; x_wconf 85' lang='lat' dir='ltr'><strong>detrahatur.</strong></span> <span class='ocrx_word' id='word_1_163' title='bbox 3293 1041 3438 1097; x_wconf 92' lang='lat' dir='ltr'><strong>Con-</strong></span> 
     </span>
    </p>
   </div>
   <div class='ocr_carea' id='block_1_25' title="bbox 1856 1134 3438 1215">
    <p class='ocr_par' dir='ltr' id='par_1_25' title="bbox 1856 1134 3438 1215">
     <span class='ocr_line' id='line_1_25' title="bbox 1856 1134 3438 1215; baseline -0.007 -16"><span class='ocrx_word' id='word_1_164' title='bbox 1856 1159 2085 1213; x_wconf 87' lang='lat' dir='ltr'><strong>sequens</strong></span> <span class='ocrx_word' id='word_1_165' title='bbox 2106 1145 2251 1199; x_wconf 90' lang='lat' dir='ltr'><strong>enim</strong></span> <span class='ocrx_word' id='word_1_166' title='bbox 2275 1153 2356 1199; x_wconf 91' lang='lat' dir='ltr'><strong>est</strong></span> <span class='ocrx_word' id='word_1_167' title='bbox 2380 1151 2437 1198; x_wconf 92' lang='lat' dir='ltr'><strong>ut</strong></span> <span class='ocrx_word' id='word_1_168' title='bbox 2458 1142 2549 1215; x_wconf 89' lang='lat' dir='ltr'><strong>qui</strong></span> <span class='ocrx_word' id='word_1_169' title='bbox 2577 1141 2761 1213; x_wconf 88' lang='lat' dir='ltr'><strong>priora</strong></span> <span class='ocrx_word' id='word_1_170' title='bbox 2812 1138 3134 1211; x_wconf 86' lang='lat' dir='ltr'><strong>susceperit,</strong></span> <span class='ocrx_word' id='word_1_171' title='bbox 3177 1134 3438 1206; x_wconf 81' lang='lat' dir='ltr'><strong>suscipiat</strong></span> 
     </span>
    </p>
   </div>
   <div class='ocr_carea' id='block_1_26' title="bbox 1855 1230 3442 1307">
    <p class='ocr_par' dir='ltr' id='par_1_26' title="bbox 1855 1230 3442 1307">
     <span class='ocr_line' id='line_1_26' title="bbox 1855 1230 3442 1307; baseline -0.006 -15"><span class='ocrx_word' id='word_1_172' title='bbox 1855 1245 1912 1292; x_wconf 90' lang='lat' dir='ltr'><strong>et</strong></span> <span class='ocrx_word' id='word_1_173' title='bbox 1939 1250 2059 1306; x_wconf 66' lang='lat' dir='ltr'><strong>qua:</strong></span> <span class='ocrx_word' id='word_1_174' title='bbox 2085 1246 2401 1307; x_wconf 86' lang='lat' dir='ltr'><strong>sequentur,</strong></span> <span class='ocrx_word' id='word_1_175' title='bbox 2442 1245 2503 1291; x_wconf 92' lang='lat' dir='ltr'><strong>ut</strong></span> <span class='ocrx_word' id='word_1_176' title='bbox 2530 1234 2622 1307; x_wconf 91' lang='lat' dir='ltr'><strong>qui</strong></span> <span class='ocrx_word' id='word_1_177' title='bbox 2672 1249 2770 1306; x_wconf 92' lang='lat' dir='ltr'><strong>pro</strong></span> <span class='ocrx_word' id='word_1_178' title='bbox 2792 1232 3129 1291; x_wconf 64' lang='lat' dir='ltr'><strong>daemonibus</strong></span> <span class='ocrx_word' id='word_1_179' title='bbox 3162 1230 3442 1288; x_wconf 82' lang='lat' dir='ltr'><strong>Christum</strong></span> 
     </span>
    </p>
   </div>
   <div class='ocr_carea' id='block_1_27' title="bbox 1857 1323 3447 1400">
    <p class='ocr_par' dir='ltr' id='par_1_27' title="bbox 1857 1323 3447 1400">
     <span class='ocr_line' id='line_1_27' title="bbox 1857 1323 3447 1400; baseline -0.006 -17"><span class='ocrx_word' id='word_1_180' title='bbox 1857 1327 2056 1384; x_wconf 83' lang='lat' dir='ltr'><strong>dixerit</strong></span> <span class='ocrx_word' id='word_1_181' title='bbox 2089 1327 2353 1400; x_wconf 88' lang='lat' dir='ltr'><strong>crucifigi,</strong></span> <span class='ocrx_word' id='word_1_182' title='bbox 2384 1329 2450 1384; x_wconf 89' lang='lat' dir='ltr'><strong>ad</strong></span> <span class='ocrx_word' id='word_1_183' title='bbox 2480 1329 2623 1399; x_wconf 91' lang='lat' dir='ltr'><strong>ipsos</strong></span> <span class='ocrx_word' id='word_1_184' title='bbox 2645 1342 2859 1399; x_wconf 87' lang='lat' dir='ltr'><strong>quoque</strong></span> <span class='ocrx_word' id='word_1_185' title='bbox 2879 1323 3168 1381; x_wconf 88' lang='lat' dir='ltr'><strong>dicendum</strong></span> <span class='ocrx_word' id='word_1_186' title='bbox 3208 1337 3327 1376; x_wconf 90' lang='lat' dir='ltr'><strong>esse</strong></span> <span class='ocrx_word' id='word_1_187' title='bbox 3356 1337 3447 1377; x_wconf 88' lang='lat' dir='ltr'><strong>su-</strong></span> 
     </span>
    </p>
   </div>
   <div class='ocr_carea' id='block_1_28' title="bbox 1859 1411 3442 1491">
    <p class='ocr_par' dir='ltr' id='par_1_28' title="bbox 1859 1411 3442 1491">
     <span class='ocr_line' id='line_1_28' title="bbox 1859 1411 3442 1491; baseline -0.007 -15"><span class='ocrx_word' id='word_1_188' title='bbox 1859 1421 2051 1491; x_wconf 89' lang='lat' dir='ltr'><strong>scipiat</strong></span> <span class='ocrx_word' id='word_1_189' title='bbox 2080 1438 2093 1474; x_wconf 91' lang='lat'>:</span> <span class='ocrx_word' id='word_1_190' title='bbox 2122 1419 2353 1491; x_wconf 81' lang='lat' dir='ltr'><strong>Accipite</strong></span> <span class='ocrx_word' id='word_1_191' title='bbox 2378 1429 2423 1475; x_wconf 91' lang='lat' dir='ltr'><strong>et</strong></span> <span class='ocrx_word' id='word_1_192' title='bbox 2463 1419 2617 1487; x_wconf 82' lang='lat' dir='ltr'><strong>edite,</strong></span> <span class='ocrx_word' id='word_1_193' title='bbox 2660 1419 2756 1473; x_wconf 85' lang='lat' dir='ltr'><strong>hoc</strong></span> <span class='ocrx_word' id='word_1_194' title='bbox 2787 1427 2860 1473; x_wconf 76' lang='lat' dir='ltr'><strong>est</strong></span> <span class='ocrx_word' id='word_1_195' title='bbox 2891 1433 3078 1488; x_wconf 86' lang='lat' dir='ltr'><strong>corpus</strong></span> <span class='ocrx_word' id='word_1_196' title='bbox 3112 1430 3303 1469; x_wconf 86' lang='lat' dir='ltr'><strong>meum.</strong></span> <span class='ocrx_word' id='word_1_197' title='bbox 3335 1411 3400 1467; x_wconf 87' lang='lat' dir='ltr'><strong>Et</strong></span> <span class='ocrx_word' id='word_1_198' title='bbox 3426 1424 3442 1466; x_wconf 90' lang='lat'><strong>:</strong></span> 
     </span>
    </p>
   </div>
   <div class='ocr_carea' id='block_1_29' title="bbox 1860 1507 3444 1583">
    <p class='ocr_par' dir='ltr' id='par_1_29' title="bbox 1860 1507 3444 1583">
     <span class='ocr_line' id='line_1_29' title="bbox 1860 1507 3444 1583; baseline -0.006 -15"><span class='ocrx_word' id='word_1_199' title='bbox 1860 1513 2087 1583; x_wconf 79' lang='lat' dir='ltr'><strong>Accipite</strong></span> <span class='ocrx_word' id='word_1_200' title='bbox 2113 1523 2159 1568; x_wconf 88' lang='lat' dir='ltr'><strong>et</strong></span> <span class='ocrx_word' id='word_1_201' title='bbox 2182 1513 2461 1579; x_wconf 79' lang='lat' dir='ltr'><strong>bibite,ltic</strong></span> <span class='ocrx_word' id='word_1_202' title='bbox 2501 1523 2575 1568; x_wconf 87' lang='lat' dir='ltr'><strong>est</strong></span> <span class='ocrx_word' id='word_1_203' title='bbox 2632 1513 2846 1582; x_wconf 78' lang='lat' dir='ltr'><strong>sanguis</strong></span> <span class='ocrx_word' id='word_1_204' title='bbox 2905 1528 3050 1565; x_wconf 82' lang='lat' dir='ltr'><strong>meus</strong></span> <span class='ocrx_word' id='word_1_205' title='bbox 3073 1507 3267 1577; x_wconf 82' lang='lat' dir='ltr'><strong>(Marc.</strong></span> <span class='ocrx_word' id='word_1_206' title='bbox 3293 1521 3444 1572; x_wconf 75' lang='lat' dir='ltr'><strong>xxvi,</strong></span> 
     </span>
    </p>
   </div>
   <div class='ocr_carea' id='block_1_30' title="bbox 1860 1603 3443 1677">
    <p class='ocr_par' dir='ltr' id='par_1_30' title="bbox 1860 1603 3443 1677">
     <span class='ocr_line' id='line_1_30' title="bbox 1860 1603 3443 1677; baseline -0.006 -17"><span class='ocrx_word' id='word_1_207' title='bbox 1860 1606 1974 1671; x_wconf 72' lang='lat'><strong>26).</strong></span> <span class='ocrx_word' id='word_1_208' title='bbox 2014 1606 2070 1663; x_wconf 89' lang='lat' dir='ltr'><strong>Si</strong></span> <span class='ocrx_word' id='word_1_209' title='bbox 2095 1607 2240 1663; x_wconf 90' lang='lat' dir='ltr'><strong>enim</strong></span> <span class='ocrx_word' id='word_1_210' title='bbox 2263 1616 2319 1662; x_wconf 91' lang='lat' dir='ltr'><strong>et</strong></span> <span class='ocrx_word' id='word_1_211' title='bbox 2344 1622 2442 1677; x_wconf 91' lang='lat' dir='ltr'><strong>pro</strong></span> <span class='ocrx_word' id='word_1_212' title='bbox 2472 1606 2805 1662; x_wconf 66' lang='lat' dir='ltr'><strong>dmmouibus</strong></span> <span class='ocrx_word' id='word_1_213' title='bbox 2849 1603 3211 1673; x_wconf 81' lang='lat' dir='ltr'><strong>crucifigetur,</strong></span> <span class='ocrx_word' id='word_1_214' title='bbox 3244 1608 3302 1653; x_wconf 93' lang='lat' dir='ltr'><strong>ut</strong></span> <span class='ocrx_word' id='word_1_215' title='bbox 3345 1613 3443 1653; x_wconf 83' lang='lat' dir='ltr'><strong>no-</strong></span> 
     </span>
    </p>
   </div>
   <div class='ocr_carea' id='block_1_31' title="bbox 1860 1674 3475 1770">
    <p class='ocr_par' dir='ltr' id='par_1_31' title="bbox 1860 1674 3475 1770">
     <span class='ocr_line' id='line_1_31' title="bbox 1860 1674 3475 1770; baseline -0.006 -19"><span class='ocrx_word' id='word_1_216' title='bbox 1860 1715 2052 1754; x_wconf 87' lang='lat' dir='ltr'><strong>vorum</strong></span> <span class='ocrx_word' id='word_1_217' title='bbox 2082 1700 2394 1770; x_wconf 82' lang='lat' dir='ltr'><strong>dogmatum</strong></span> <span class='ocrx_word' id='word_1_218' title='bbox 2425 1707 2662 1753; x_wconf 87' lang='lat' dir='ltr'><strong>assertor</strong></span> <span class='ocrx_word' id='word_1_219' title='bbox 2685 1694 2945 1762; x_wconf 81' lang='lat' dir='ltr'><strong>affirmat,</strong></span> <span class='ocrx_word' id='word_1_220' title='bbox 2986 1694 3127 1763; x_wconf 86' lang='lat' dir='ltr'><strong>quod</strong></span> <span class='ocrx_word' id='word_1_221' title='bbox 3154 1690 3256 1745; x_wconf 88' lang='lat' dir='ltr'><strong>erit</strong></span> <span class='ocrx_word' id='word_1_222' title='bbox 3289 1674 3475 1759; x_wconf 35' lang='lat' dir='ltr'><strong>pt&#39;ivi-&#39;</strong></span> 
     </span>
    </p>
   </div>
   <div class='ocr_carea' id='block_1_32' title="bbox 1864 1777 3446 1863">
    <p class='ocr_par' dir='ltr' id='par_1_32' title="bbox 1864 1777 3446 1863">
     <span class='ocr_line' id='line_1_32' title="bbox 1864 1777 3446 1863; baseline -0.006 -18"><span class='ocrx_word' id='word_1_223' title='bbox 1864 1790 2083 1863; x_wconf 85' lang='lat' dir='ltr'><strong>legium,</strong></span> <span class='ocrx_word' id='word_1_224' title='bbox 2118 1798 2212 1844; x_wconf 89' lang='lat' dir='ltr'><strong>aut</strong></span> <span class='ocrx_word' id='word_1_225' title='bbox 2242 1805 2362 1860; x_wconf 71' lang='lat' dir='ltr'><strong>qua:</strong></span> <span class='ocrx_word' id='word_1_226' title='bbox 2401 1784 2563 1853; x_wconf 85' lang='lat' dir='ltr'><strong>ratio,</strong></span> <span class='ocrx_word' id='word_1_227' title='bbox 2600 1794 2655 1842; x_wconf 85' lang='lat' dir='ltr'><strong>ut</strong></span> <span class='ocrx_word' id='word_1_228' title='bbox 2679 1786 2778 1844; x_wconf 91' lang='lat' dir='ltr'><strong>soli</strong></span> <span class='ocrx_word' id='word_1_229' title='bbox 2812 1784 3060 1843; x_wconf 82' lang='lat' dir='ltr'><strong>homines</strong></span> <span class='ocrx_word' id='word_1_230' title='bbox 3083 1780 3297 1851; x_wconf 89' lang='lat' dir='ltr'><strong>corpori</strong></span> <span class='ocrx_word' id='word_1_231' title='bbox 3328 1777 3446 1847; x_wconf 69' lang='lat' dir='ltr'><strong>ejus</strong></span> 
     </span>
    </p>
   </div>
   <div class='ocr_carea' id='block_1_33' title="bbox 238 1868 3446 1954">
    <p class='ocr_par' dir='ltr' id='par_1_33' title="bbox 238 1868 3446 1954">
     <span class='ocr_line' id='line_1_33' title="bbox 238 1868 3446 1954; baseline -0.004 -20"><span class='ocrx_word' id='word_1_232' title='bbox 238 1878 335 1934; x_wconf 80' lang='lat' dir='ltr'><strong>Est</strong></span> <span class='ocrx_word' id='word_1_233' title='bbox 364 1886 420 1934; x_wconf 89' lang='lat' dir='ltr'><strong>et</strong></span> <span class='ocrx_word' id='word_1_234' title='bbox 445 1877 550 1933; x_wconf 87' lang='lat' dir='ltr'><strong>alia</strong></span> <span class='ocrx_word' id='word_1_235' title='bbox 579 1893 742 1935; x_wconf 85' lang='lat' dir='ltr'><strong>causa</strong></span> <span class='ocrx_word' id='word_1_236' title='bbox 772 1895 877 1951; x_wconf 90' lang='lat' dir='ltr'><strong>qua</strong></span> <span class='ocrx_word' id='word_1_237' title='bbox 904 1881 1183 1951; x_wconf 87' lang='lat' dir='ltr'><strong>perierunt</strong></span> <span class='ocrx_word' id='word_1_238' title='bbox 1208 1876 1639 1949; x_wconf 88' lang='lat' dir='ltr'><strong>irreparabiliter</strong></span> <span class='ocrx_word' id='word_1_239' title='bbox 1676 1892 1761 1933; x_wconf 85' lang='lat' dir='ltr'><strong>re-</strong></span> <span class='ocrx_word' id='word_1_240' title='bbox 1790 1870 1837 1932; x_wconf 87' lang='lat' dir='ltr'><strong>B</strong></span> <span class='ocrx_word' id='word_1_241' title='bbox 1865 1868 2221 1954; x_wconf 28' lang='lat' dir='ltr'><strong>s’anguinique</strong></span> <span class='ocrx_word' id='word_1_242' title='bbox 2248 1882 2665 1944; x_wconf 86' lang='lat' dir='ltr'><strong>communicent,</strong></span> <span class='ocrx_word' id='word_1_243' title='bbox 2696 1888 2882 1933; x_wconf 89' lang='lat' dir='ltr'><strong>etnon</strong></span> <span class='ocrx_word' id='word_1_244' title='bbox 2908 1872 3181 1931; x_wconf 67' lang='lat' dir='ltr'><strong>daemones</strong></span> <span class='ocrx_word' id='word_1_245' title='bbox 3212 1885 3446 1941; x_wconf 86' lang='lat' dir='ltr'><strong>quoque,</strong></span> 
     </span>
    </p>
   </div>
   <div class='ocr_carea' id='block_1_34' title="bbox 172 1968 1763 2052">
    <p class='ocr_par' dir='ltr' id='par_1_34' title="bbox 172 1968 1763 2052">
     <span class='ocr_line' id='line_1_34' title="bbox 172 1968 1763 2052; baseline 0.002 -31"><span class='ocrx_word' id='word_1_246' title='bbox 172 1968 276 2039; x_wconf 83' lang='lat' dir='ltr'><strong>fugi</strong></span> <span class='ocrx_word' id='word_1_247' title='bbox 319 1970 584 2052; x_wconf 58' lang='lat' dir='ltr'><strong>spiritus,</strong></span> <span class='ocrx_word' id='word_1_248' title='bbox 613 1981 668 2028; x_wconf 87' lang='lat' dir='ltr'><strong>et</strong></span> <span class='ocrx_word' id='word_1_249' title='bbox 707 1973 869 2028; x_wconf 89' lang='lat' dir='ltr'><strong>homo</strong></span> <span class='ocrx_word' id='word_1_250' title='bbox 902 1970 1076 2042; x_wconf 84' lang='lat' dir='ltr'><strong>gratia</strong></span> <span class='ocrx_word' id='word_1_251' title='bbox 1108 1971 1307 2026; x_wconf 86' lang='lat' dir='ltr'><strong>meruit</strong></span> <span class='ocrx_word' id='word_1_252' title='bbox 1349 1970 1609 2040; x_wconf 88' lang='lat' dir='ltr'><strong>reparari.</strong></span> <span class='ocrx_word' id='word_1_253' title='bbox 1645 1968 1763 2024; x_wconf 90' lang='lat' dir='ltr'><strong>Sci-</strong></span> 
     </span>
    </p>
   </div>
   <div class='ocr_carea' id='block_1_35' title="bbox 172 2059 1763 2133">
    <p class='ocr_par' dir='ltr' id='par_1_35' title="bbox 172 2059 1763 2133">
     <span class='ocr_line' id='line_1_35' title="bbox 172 2059 1763 2133; baseline 0.003 -21"><span class='ocrx_word' id='word_1_254' title='bbox 172 2060 313 2124; x_wconf 86' lang='lat' dir='ltr'><strong>licet,</strong></span> <span class='ocrx_word' id='word_1_255' title='bbox 345 2063 476 2132; x_wconf 89' lang='lat' dir='ltr'><strong>quia</strong></span> <span class='ocrx_word' id='word_1_256' title='bbox 520 2063 769 2121; x_wconf 87' lang='lat' dir='ltr'><strong>diabolus</strong></span> <span class='ocrx_word' id='word_1_257' title='bbox 812 2062 1030 2133; x_wconf 90' lang='lat' dir='ltr'><strong>propria</strong></span> <span class='ocrx_word' id='word_1_258' title='bbox 1062 2062 1225 2133; x_wconf 84' lang='lat' dir='ltr'><strong>periit</strong></span> <span class='ocrx_word' id='word_1_259' title='bbox 1256 2059 1566 2131; x_wconf 89' lang='lat' dir='ltr'><strong>iniquitate,</strong></span> <span class='ocrx_word' id='word_1_260' title='bbox 1600 2060 1763 2117; x_wconf 92' lang='lat' dir='ltr'><strong>homo</strong></span> 
     </span>
    </p>
   </div>
   <div class='ocr_carea' id='block_1_36' title="bbox 174 2149 1762 2227">
    <p class='ocr_par' dir='ltr' id='par_1_36' title="bbox 174 2149 1762 2227">
     <span class='ocr_line' id='line_1_36' title="bbox 174 2149 1762 2227; baseline 0.003 -25"><span class='ocrx_word' id='word_1_261' title='bbox 174 2164 302 2206; x_wconf 84' lang='lat' dir='ltr'><strong>vero</strong></span> <span class='ocrx_word' id='word_1_262' title='bbox 332 2153 502 2208; x_wconf 80' lang='lat' dir='ltr'><strong>etiam</strong></span> <span class='ocrx_word' id='word_1_263' title='bbox 538 2153 802 2211; x_wconf 88' lang='lat' dir='ltr'><strong>diabolica</strong></span> <span class='ocrx_word' id='word_1_264' title='bbox 828 2153 1201 2227; x_wconf 87' lang='lat' dir='ltr'><strong>persuasione,</strong></span> <span class='ocrx_word' id='word_1_265' title='bbox 1233 2153 1374 2207; x_wconf 87' lang='lat' dir='ltr'><strong>sicut</strong></span> <span class='ocrx_word' id='word_1_266' title='bbox 1418 2151 1678 2207; x_wconf 81' lang='lat' dir='ltr'><strong>Alcuinus</strong></span> <span class='ocrx_word' id='word_1_267' title='bbox 1704 2149 1762 2206; x_wconf 90' lang='lat' dir='ltr'><strong>in</strong></span> 
     </span>
    </p>
   </div>
   <div class='ocr_carea' id='block_1_37' title="bbox 172 2238 1765 2319">
    <p class='ocr_par' dir='ltr' id='par_1_37' title="bbox 172 2238 1765 2319">
     <span class='ocr_line' id='line_1_37' title="bbox 172 2238 1765 2319; baseline 0.003 -20"><span class='ocrx_word' id='word_1_268' title='bbox 172 2242 309 2300; x_wconf 87' lang='lat' dir='ltr'><strong>libro</strong></span> <span class='ocrx_word' id='word_1_269' title='bbox 361 2248 775 2316; x_wconf 87' lang='lat' dir='ltr'><strong>responsionum</strong></span> <span class='ocrx_word' id='word_1_270' title='bbox 811 2246 1085 2305; x_wconf 89' lang='lat' dir='ltr'><strong>Geneseos</strong></span> <span class='ocrx_word' id='word_1_271' title='bbox 1127 2238 1494 2319; x_wconf 28' lang='lat' dir='ltr'><strong>ad‘Sigulfum</strong></span> <span class='ocrx_word' id='word_1_272' title='bbox 1539 2247 1765 2303; x_wconf 88' lang='lat' dir='ltr'><strong>demon-</strong></span> 
     </span>
    </p>
   </div>
   <div class='ocr_carea' id='block_1_38' title="bbox 176 2335 1765 2408">
    <p class='ocr_par' dir='ltr' id='par_1_38' title="bbox 176 2335 1765 2408">
     <span class='ocr_line' id='line_1_38' title="bbox 176 2335 1765 2408; baseline 0.003 -19"><span class='ocrx_word' id='word_1_273' title='bbox 176 2344 334 2391; x_wconf 85' lang='lat' dir='ltr'><strong>strat.</strong></span> <span class='ocrx_word' id='word_1_274' title='bbox 372 2335 531 2393; x_wconf 87' lang='lat' dir='ltr'><strong>Unde</strong></span> <span class='ocrx_word' id='word_1_275' title='bbox 558 2346 613 2392; x_wconf 90' lang='lat' dir='ltr'><strong>et</strong></span> <span class='ocrx_word' id='word_1_276' title='bbox 660 2346 881 2393; x_wconf 88' lang='lat' dir='ltr'><strong>sanctus</strong></span> <span class='ocrx_word' id='word_1_277' title='bbox 906 2336 1225 2393; x_wconf 83' lang='lat' dir='ltr'><strong>Ambrosius</strong></span> <span class='ocrx_word' id='word_1_278' title='bbox 1271 2337 1323 2392; x_wconf 94' lang='lat' dir='ltr'><strong>in</strong></span> <span class='ocrx_word' id='word_1_279' title='bbox 1351 2335 1559 2408; x_wconf 87' lang='lat' dir='ltr'><strong>psalmo</strong></span> <span class='ocrx_word' id='word_1_280' title='bbox 1596 2346 1765 2394; x_wconf 75' lang='lat' dir='ltr'><strong>emit</strong></span> 
     </span>
    </p>
   </div>
   <div class='ocr_carea' id='block_1_39' title="bbox 177 2428 1766 2503">
    <p class='ocr_par' dir='ltr' id='par_1_39' title="bbox 177 2428 1766 2503">
     <span class='ocr_line' id='line_1_39' title="bbox 177 2428 1766 2503; baseline 0.001 -19"><span class='ocrx_word' id='word_1_281' title='bbox 177 2428 302 2485; x_wconf 84' lang='lat' dir='ltr'><strong>dicit</strong></span> <span class='ocrx_word' id='word_1_282' title='bbox 338 2446 354 2483; x_wconf 89' lang='lat'><strong>:</strong></span> <span class='ocrx_word' id='word_1_283' title='bbox 405 2447 426 2481; x_wconf 75' lang='grc' dir='ltr'>ι</span> <span class='ocrx_word' id='word_1_284' title='bbox 470 2428 724 2486; x_wconf 83' lang='lat' dir='ltr'><strong>Fortasse</strong></span> <span class='ocrx_word' id='word_1_285' title='bbox 754 2430 903 2486; x_wconf 91' lang='lat' dir='ltr'><strong>dicas</strong></span> <span class='ocrx_word' id='word_1_286' title='bbox 935 2445 950 2484; x_wconf 90' lang='lat'><strong>:</strong></span> <span class='ocrx_word' id='word_1_287' title='bbox 979 2429 1094 2499; x_wconf 91' lang='lat' dir='ltr'><strong>Qua</strong></span> <span class='ocrx_word' id='word_1_288' title='bbox 1124 2431 1335 2485; x_wconf 87' lang='lat' dir='ltr'><strong>ratione</strong></span> <span class='ocrx_word' id='word_1_289' title='bbox 1361 2429 1522 2503; x_wconf 74' lang='lat'><strong>213</strong></span> <span class='ocrx_word' id='word_1_290' title='bbox 1546 2446 1655 2485; x_wconf 86' lang='lat' dir='ltr'><strong>non</strong></span> <span class='ocrx_word' id='word_1_291' title='bbox 1680 2429 1766 2486; x_wconf 87' lang='lat' dir='ltr'><strong>di-</strong></span> 
     </span>
    </p>
   </div>
   <div class='ocr_carea' id='block_1_40' title="bbox 179 2519 1767 2592">
    <p class='ocr_par' dir='ltr' id='par_1_40' title="bbox 179 2519 1767 2592">
     <span class='ocr_line' id='line_1_40' title="bbox 179 2519 1767 2592; baseline 0.001 -17"><span class='ocrx_word' id='word_1_292' title='bbox 179 2531 321 2576; x_wconf 90' lang='lat' dir='ltr'><strong>ctum</strong></span> <span class='ocrx_word' id='word_1_293' title='bbox 371 2522 468 2586; x_wconf 89' lang='lat' dir='ltr'><strong>sit,</strong></span> <span class='ocrx_word' id='word_1_294' title='bbox 494 2521 867 2581; x_wconf 83' lang='lat' dir='ltr'><strong>misericordia</strong></span> <span class='ocrx_word' id='word_1_295' title='bbox 913 2521 1123 2576; x_wconf 90' lang='lat' dir='ltr'><strong>Domini</strong></span> <span class='ocrx_word' id='word_1_296' title='bbox 1150 2520 1368 2592; x_wconf 90' lang='lat' dir='ltr'><strong>plenum</strong></span> <span class='ocrx_word' id='word_1_297' title='bbox 1418 2529 1503 2576; x_wconf 89' lang='lat' dir='ltr'><strong>est</strong></span> <span class='ocrx_word' id='word_1_298' title='bbox 1541 2519 1767 2589; x_wconf 57' lang='lat' dir='ltr'><strong>coelum,</strong></span> 
     </span>
    </p>
   </div>
   <div class='ocr_carea' id='block_1_41' title="bbox 179 2606 1763 2697">
    <p class='ocr_par' dir='ltr' id='par_1_41' title="bbox 179 2606 1763 2697">
     <span class='ocr_line' id='line_1_41' title="bbox 179 2606 1763 2697; baseline -0.001 -28"><span class='ocrx_word' id='word_1_299' title='bbox 179 2616 297 2697; x_wconf 82' lang='lat' dir='ltr'><strong>quia</strong></span> <span class='ocrx_word' id='word_1_300' title='bbox 332 2622 464 2670; x_wconf 90' lang='lat' dir='ltr'><strong>sunt</strong></span> <span class='ocrx_word' id='word_1_301' title='bbox 502 2615 673 2672; x_wconf 90' lang='lat' dir='ltr'><strong>etiam</strong></span> <span class='ocrx_word' id='word_1_302' title='bbox 702 2614 979 2689; x_wconf 82' lang='lat' dir='ltr'><strong>spiritales</strong></span> <span class='ocrx_word' id='word_1_303' title='bbox 1027 2614 1282 2685; x_wconf 68' lang='lat' dir='ltr'><strong>nequitiae</strong></span> <span class='ocrx_word' id='word_1_304' title='bbox 1328 2612 1383 2668; x_wconf 92' lang='lat' dir='ltr'><strong>in</strong></span> <span class='ocrx_word' id='word_1_305' title='bbox 1429 2606 1763 2670; x_wconf 74' lang='lat' dir='ltr'><strong>ctelestihus.</strong></span> 
     </span>
    </p>
   </div>
   <div class='ocr_carea' id='block_1_42' title="bbox 181 2703 1767 2776">
    <p class='ocr_par' dir='ltr' id='par_1_42' title="bbox 181 2703 1767 2776">
     <span class='ocr_line' id='line_1_42' title="bbox 181 2703 1767 2776; baseline -0.003 -13"><span class='ocrx_word' id='word_1_306' title='bbox 181 2705 281 2763; x_wconf 85' lang='lat' dir='ltr'><strong>Sed</strong></span> <span class='ocrx_word' id='word_1_307' title='bbox 307 2722 417 2763; x_wconf 91' lang='lat' dir='ltr'><strong>non</strong></span> <span class='ocrx_word' id='word_1_308' title='bbox 449 2706 552 2763; x_wconf 67' lang='lat' dir='ltr'><strong>illa:</strong></span> <span class='ocrx_word' id='word_1_309' title='bbox 582 2706 654 2762; x_wconf 91' lang='lat' dir='ltr'><strong>ad</strong></span> <span class='ocrx_word' id='word_1_310' title='bbox 688 2721 976 2767; x_wconf 82' lang='lat' dir='ltr'><strong>commune</strong></span> <span class='ocrx_word' id='word_1_311' title='bbox 1023 2703 1141 2776; x_wconf 73' lang='lat' dir='ltr'><strong>eius</strong></span> <span class='ocrx_word' id='word_1_312' title='bbox 1177 2703 1521 2776; x_wconf 55' lang='lat' dir='ltr'><strong>indulgentia</strong></span> <span class='ocrx_word' id='word_1_313' title='bbox 1564 2703 1767 2760; x_wconf 91' lang='lat' dir='ltr'><strong>donum</strong></span> 
     </span>
    </p>
   </div>
   <div class='ocr_carea' id='block_1_43' title="bbox 177 2790 1767 2870">
    <p class='ocr_par' dir='ltr' id='par_1_43' title="bbox 177 2790 1767 2870">
     <span class='ocr_line' id='line_1_43' title="bbox 177 2790 1767 2870; baseline -0.002 -15"><span class='ocrx_word' id='word_1_314' title='bbox 177 2798 668 2870; x_wconf 81' lang='lat' dir='ltr'><strong>remissionemque</strong></span> <span class='ocrx_word' id='word_1_315' title='bbox 690 2797 964 2870; x_wconf 85' lang='lat' dir='ltr'><strong>pertinent</strong></span> <span class='ocrx_word' id='word_1_316' title='bbox 990 2807 1365 2868; x_wconf 89' lang='lat' dir='ltr'><strong>peccatorum,</strong></span> <span class='ocrx_word' id='word_1_317' title='bbox 1396 2790 1593 2866; x_wconf 85' lang='lat' dir='ltr'><strong>quibus</strong></span> <span class='ocrx_word' id='word_1_318' title='bbox 1628 2792 1767 2865; x_wconf 86' lang='lat' dir='ltr'><strong>ignis</strong></span> 
     </span>
    </p>
   </div>
   <div class='ocr_carea' id='block_1_44' title="bbox 180 2886 1770 2959">
    <p class='ocr_par' dir='ltr' id='par_1_44' title="bbox 180 2886 1770 2959">
     <span class='ocr_line' id='line_1_44' title="bbox 180 2886 1770 2959; baseline -0.004 -10"><span class='ocrx_word' id='word_1_319' title='bbox 180 2899 435 2949; x_wconf 80' lang='lat' dir='ltr'><strong>servatur</strong></span> <span class='ocrx_word' id='word_1_320' title='bbox 458 2899 713 2947; x_wconf 74' lang='lat' dir='ltr'><strong>mternus.</strong></span> <span class='ocrx_word' id='word_1_321' title='bbox 749 2910 768 2943; x_wconf 75' lang='grc' dir='ltr'><strong><em>ι</em></strong></span> <span class='ocrx_word' id='word_1_322' title='bbox 805 2890 873 2945; x_wconf 89' lang='lat' dir='ltr'><strong>Et</strong></span> <span class='ocrx_word' id='word_1_323' title='bbox 902 2897 1122 2947; x_wconf 89' lang='lat' dir='ltr'><strong>sanctus</strong></span> <span class='ocrx_word' id='word_1_324' title='bbox 1161 2887 1495 2959; x_wconf 76' lang='lat' dir='ltr'><strong>Theophilus</strong></span> <span class='ocrx_word' id='word_1_325' title='bbox 1535 2886 1770 2942; x_wconf 86' lang='lat' dir='ltr'><strong>Alexan-</strong></span> 
     </span>
    </p>
   </div>
   <div class='ocr_carea' id='block_1_45' title="bbox 182 2972 1773 3055">
    <p class='ocr_par' dir='ltr' id='par_1_45' title="bbox 182 2972 1773 3055">
     <span class='ocr_line' id='line_1_45' title="bbox 182 2972 1773 3055; baseline -0.003 -14"><span class='ocrx_word' id='word_1_326' title='bbox 182 2984 373 3041; x_wconf 89' lang='lat' dir='ltr'><strong>drinus</strong></span> <span class='ocrx_word' id='word_1_327' title='bbox 407 2985 697 3055; x_wconf 82' lang='lat' dir='ltr'><strong>episcopus</strong></span> <span class='ocrx_word' id='word_1_328' title='bbox 717 2984 771 3041; x_wconf 92' lang='lat' dir='ltr'><strong>in</strong></span> <span class='ocrx_word' id='word_1_329' title='bbox 799 2985 1039 3045; x_wconf 75' lang='lat' dir='ltr'><strong>secunda</strong></span> <span class='ocrx_word' id='word_1_330' title='bbox 1075 2982 1321 3055; x_wconf 81' lang='lat' dir='ltr'><strong>synodali</strong></span> <span class='ocrx_word' id='word_1_331' title='bbox 1342 2976 1569 3055; x_wconf 90' lang='lat' dir='ltr'><strong>epistola</strong></span> <span class='ocrx_word' id='word_1_332' title='bbox 1593 2982 1725 3038; x_wconf 89' lang='lat' dir='ltr'><strong>dicit</strong></span> <span class='ocrx_word' id='word_1_333' title='bbox 1749 2972 1773 3037; x_wconf 65' lang='grc' dir='ltr'><strong>ε’</strong></span> 
     </span>
    </p>
   </div>
   <div class='ocr_carea' id='block_1_46' title="bbox 190 3074 1771 3147">
    <p class='ocr_par' dir='ltr' id='par_1_46' title="bbox 190 3074 1771 3147">
     <span class='ocr_line' id='line_1_46' title="bbox 190 3074 1771 3147; baseline 0 -18"><span class='ocrx_word' id='word_1_334' title='bbox 190 3094 208 3128; x_wconf 76' lang='grc' dir='ltr'><strong><em>ι</em></strong></span> <span class='ocrx_word' id='word_1_335' title='bbox 243 3074 446 3131; x_wconf 76' lang='lat' dir='ltr'><strong>Verum</strong></span> <span class='ocrx_word' id='word_1_336' title='bbox 472 3076 603 3147; x_wconf 89' lang='lat' dir='ltr'><strong>quid</strong></span> <span class='ocrx_word' id='word_1_337' title='bbox 634 3076 738 3133; x_wconf 88' lang='lat' dir='ltr'><strong>ista</strong></span> <span class='ocrx_word' id='word_1_338' title='bbox 760 3091 1144 3141; x_wconf 85' lang='lat' dir='ltr'><strong>memoramus,</strong></span> <span class='ocrx_word' id='word_1_339' title='bbox 1174 3089 1298 3133; x_wconf 91' lang='lat' dir='ltr'><strong>cum</strong></span> <span class='ocrx_word' id='word_1_340' title='bbox 1324 3074 1377 3130; x_wconf 91' lang='lat' dir='ltr'><strong>in</strong></span> <span class='ocrx_word' id='word_1_341' title='bbox 1413 3080 1620 3129; x_wconf 87' lang='lat' dir='ltr'><strong>tantam</strong></span> <span class='ocrx_word' id='word_1_342' title='bbox 1651 3089 1771 3129; x_wconf 85' lang='lat' dir='ltr'><strong>eru-</strong></span> 
     </span>
    </p>
   </div>
   <div class='ocr_carea' id='block_1_47' title="bbox 184 3164 1771 3241">
    <p class='ocr_par' dir='ltr' id='par_1_47' title="bbox 184 3164 1771 3241">
     <span class='ocr_line' id='line_1_47' title="bbox 184 3164 1771 3241; baseline -0.003 -17"><span class='ocrx_word' id='word_1_343' title='bbox 184 3170 323 3239; x_wconf 86' lang='lat' dir='ltr'><strong>perit</strong></span> <span class='ocrx_word' id='word_1_344' title='bbox 374 3168 639 3241; x_wconf 74' lang='lat' dir='ltr'><strong>Origenes</strong></span> <span class='ocrx_word' id='word_1_345' title='bbox 713 3164 1069 3233; x_wconf 80' lang='lat' dir='ltr'><strong>vecordiam,</strong></span> <span class='ocrx_word' id='word_1_346' title='bbox 1127 3169 1238 3223; x_wconf 91' lang='lat' dir='ltr'><strong>imo</strong></span> <span class='ocrx_word' id='word_1_347' title='bbox 1293 3165 1660 3233; x_wconf 88' lang='lat' dir='ltr'><strong>dementiam,</strong></span> <span class='ocrx_word' id='word_1_348' title='bbox 1710 3171 1771 3220; x_wconf 91' lang='lat' dir='ltr'><strong>ut</strong></span> 
     </span>
    </p>
   </div>
   <div class='ocr_carea' id='block_1_48' title="bbox 1861 1958 3452 2048">
    <p class='ocr_par' dir='ltr' id='par_1_48' title="bbox 1861 1958 3452 2048">
     <span class='ocr_line' id='line_1_48' title="bbox 1861 1958 3452 2048; baseline -0.009 -16"><span class='ocrx_word' id='word_1_349' title='bbox 1861 1991 1960 2048; x_wconf 89' lang='lat' dir='ltr'><strong>pro</strong></span> <span class='ocrx_word' id='word_1_350' title='bbox 1988 1976 2183 2046; x_wconf 88' lang='lat' dir='ltr'><strong>quibus</strong></span> <span class='ocrx_word' id='word_1_351' title='bbox 2209 1975 2260 2030; x_wconf 93' lang='lat' dir='ltr'><strong>in</strong></span> <span class='ocrx_word' id='word_1_352' title='bbox 2285 1972 2535 2044; x_wconf 86' lang='lat' dir='ltr'><strong>passione</strong></span> <span class='ocrx_word' id='word_1_353' title='bbox 2563 1972 2887 2043; x_wconf 86' lang='lat' dir='ltr'><strong>sanguinem</strong></span> <span class='ocrx_word' id='word_1_354' title='bbox 2923 1958 3157 2024; x_wconf 79' lang='lat' dir='ltr'><strong>fuderit?</strong></span> <span class='ocrx_word' id='word_1_355' title='bbox 3194 1964 3303 2021; x_wconf 88' lang='lat' dir='ltr'><strong>Sed</strong></span> <span class='ocrx_word' id='word_1_356' title='bbox 3351 1979 3452 2020; x_wconf 92' lang='lat' dir='ltr'><strong>nec</strong></span> 
     </span>
    </p>
   </div>
   <div class='ocr_carea' id='block_1_49' title="bbox 1864 2054 3453 2138">
    <p class='ocr_par' dir='ltr' id='par_1_49' title="bbox 1864 2054 3453 2138">
     <span class='ocr_line' id='line_1_49' title="bbox 1864 2054 3453 2138; baseline -0.011 -11"><span class='ocrx_word' id='word_1_357' title='bbox 1864 2069 2138 2127; x_wconf 64' lang='lat' dir='ltr'><strong>deamones</strong></span> <span class='ocrx_word' id='word_1_358' title='bbox 2165 2067 2429 2125; x_wconf 86' lang='lat' dir='ltr'><strong>audient:</strong></span> <span class='ocrx_word' id='word_1_359' title='bbox 2454 2065 2689 2138; x_wconf 80' lang='lat' dir='ltr'><strong>Accipite</strong></span> <span class='ocrx_word' id='word_1_360' title='bbox 2736 2075 2783 2120; x_wconf 88' lang='lat' dir='ltr'><strong>et</strong></span> <span class='ocrx_word' id='word_1_361' title='bbox 2819 2062 2975 2129; x_wconf 86' lang='lat' dir='ltr'><strong>edite,</strong></span> <span class='ocrx_word' id='word_1_362' title='bbox 3008 2070 3063 2115; x_wconf 89' lang='lat' dir='ltr'><strong>et</strong></span> <span class='ocrx_word' id='word_1_363' title='bbox 3101 2080 3113 2115; x_wconf 91' lang='lat'><strong>:</strong></span> <span class='ocrx_word' id='word_1_364' title='bbox 3145 2056 3373 2128; x_wconf 86' lang='lat' dir='ltr'><strong>Accipite</strong></span> <span class='ocrx_word' id='word_1_365' title='bbox 3402 2054 3453 2111; x_wconf 70' lang='lat' dir='ltr'><strong>ei</strong></span> 
     </span>
    </p>
   </div>
   <div class='ocr_carea' id='block_1_50' title="bbox 1865 2144 3449 2229">
    <p class='ocr_par' dir='ltr' id='par_1_50' title="bbox 1865 2144 3449 2229">
     <span class='ocr_line' id='line_1_50' title="bbox 1865 2144 3449 2229; baseline -0.009 -13"><span class='ocrx_word' id='word_1_366' title='bbox 1865 2161 2045 2225; x_wconf 66' lang='lat' dir='ltr'><strong>bibite,</strong></span> <span class='ocrx_word' id='word_1_367' title='bbox 2065 2175 2166 2219; x_wconf 87' lang='lat' dir='ltr'><strong>nec</strong></span> <span class='ocrx_word' id='word_1_368' title='bbox 2190 2160 2450 2217; x_wconf 77' lang='lat' dir='ltr'><strong>Dominus</strong></span> <span class='ocrx_word' id='word_1_369' title='bbox 2477 2174 2573 2215; x_wconf 89' lang='lat' dir='ltr'><strong>sua</strong></span> <span class='ocrx_word' id='word_1_370' title='bbox 2607 2162 2877 2229; x_wconf 65' lang='lat' dir='ltr'><strong>praecepta</strong></span> <span class='ocrx_word' id='word_1_371' title='bbox 2906 2152 3183 2219; x_wconf 83' lang='lat' dir='ltr'><strong>dissolvet,</strong></span> <span class='ocrx_word' id='word_1_372' title='bbox 3216 2150 3309 2221; x_wconf 91' lang='lat' dir='ltr'><strong>qui</strong></span> <span class='ocrx_word' id='word_1_373' title='bbox 3366 2144 3449 2203; x_wconf 84' lang='lat' dir='ltr'><strong>di-</strong></span> 
     </span>
    </p>
   </div>
   <div class='ocr_carea' id='block_1_51' title="bbox 1866 2238 3471 2323">
    <p class='ocr_par' dir='ltr' id='par_1_51' title="bbox 1866 2238 3471 2323">
     <span class='ocr_line' id='line_1_51' title="bbox 1866 2238 3471 2323; baseline -0.01 -15"><span class='ocrx_word' id='word_1_374' title='bbox 1866 2251 2088 2323; x_wconf 82' lang='lat' dir='ltr'><strong>scipulis</strong></span> <span class='ocrx_word' id='word_1_375' title='bbox 2113 2251 2231 2306; x_wconf 88' lang='lat' dir='ltr'><strong>ait:</strong></span> <span class='ocrx_word' id='word_1_376' title='bbox 2266 2248 2444 2305; x_wconf 82' lang='lat' dir='ltr'><strong>Nolite</strong></span> <span class='ocrx_word' id='word_1_377' title='bbox 2489 2250 2618 2303; x_wconf 88' lang='lat' dir='ltr'><strong>dare</strong></span> <span class='ocrx_word' id='word_1_378' title='bbox 2643 2257 2882 2303; x_wconf 83' lang='lat' dir='ltr'><strong>sanctum</strong></span> <span class='ocrx_word' id='word_1_379' title='bbox 2924 2243 3163 2309; x_wconf 74' lang='lat' dir='ltr'><strong>canibus,</strong></span> <span class='ocrx_word' id='word_1_380' title='bbox 3195 2258 3285 2296; x_wconf 90' lang='lat' dir='ltr'><strong>nec</strong></span> <span class='ocrx_word' id='word_1_381' title='bbox 3329 2238 3471 2317; x_wconf 27' lang='lat' dir='ltr'><strong>mil-I</strong></span> 
     </span>
    </p>
   </div>
   <div class='ocr_carea' id='block_1_52' title="bbox 1866 2328 3450 2416">
    <p class='ocr_par' dir='ltr' id='par_1_52' title="bbox 1866 2328 3450 2416">
     <span class='ocr_line' id='line_1_52' title="bbox 1866 2328 3450 2416; baseline -0.011 -16"><span class='ocrx_word' id='word_1_382' title='bbox 1866 2345 1991 2401; x_wconf 87' lang='lat' dir='ltr'><strong>tatis</strong></span> <span class='ocrx_word' id='word_1_383' title='bbox 2015 2344 2334 2416; x_wconf 74' lang='lat' dir='ltr'><strong>margaritas</strong></span> <span class='ocrx_word' id='word_1_384' title='bbox 2357 2351 2553 2397; x_wconf 76' lang='lat' dir='ltr'><strong>vestras</strong></span> <span class='ocrx_word' id='word_1_385' title='bbox 2573 2349 2694 2395; x_wconf 89' lang='lat' dir='ltr'><strong>ante</strong></span> <span class='ocrx_word' id='word_1_386' title='bbox 2729 2353 2936 2411; x_wconf 86' lang='lat' dir='ltr'><strong>porcos,</strong></span> <span class='ocrx_word' id='word_1_387' title='bbox 2960 2354 3026 2390; x_wconf 86' lang='lat' dir='ltr'><strong>ne</strong></span> <span class='ocrx_word' id='word_1_388' title='bbox 3059 2334 3195 2405; x_wconf 73' lang='lat' dir='ltr'><strong>forte</strong></span> <span class='ocrx_word' id='word_1_389' title='bbox 3239 2328 3450 2387; x_wconf 74' lang='lat' dir='ltr'><strong>concul-</strong></span> 
     </span>
    </p>
   </div>
   <div class='ocr_carea' id='block_1_53' title="bbox 1866 2427 3457 2508">
    <p class='ocr_par' dir='ltr' id='par_1_53' title="bbox 1866 2427 3457 2508">
     <span class='ocr_line' id='line_1_53' title="bbox 1866 2427 3457 2508; baseline -0.011 -13"><span class='ocrx_word' id='word_1_390' title='bbox 1866 2448 1983 2495; x_wconf 82' lang='lat' dir='ltr'><strong>cent</strong></span> <span class='ocrx_word' id='word_1_391' title='bbox 2030 2455 2119 2494; x_wconf 84' lang='lat' dir='ltr'><strong>eas</strong></span> <span class='ocrx_word' id='word_1_392' title='bbox 2164 2436 2380 2508; x_wconf 81' lang='lat' dir='ltr'><strong>pedibus</strong></span> <span class='ocrx_word' id='word_1_393' title='bbox 2422 2435 2557 2501; x_wconf 85' lang='lat' dir='ltr'><strong>suis,</strong></span> <span class='ocrx_word' id='word_1_394' title='bbox 2601 2442 2650 2489; x_wconf 87' lang='lat' dir='ltr'><strong>et</strong></span> <span class='ocrx_word' id='word_1_395' title='bbox 2698 2431 2933 2488; x_wconf 77' lang='lat' dir='ltr'><strong>conversi</strong></span> <span class='ocrx_word' id='word_1_396' title='bbox 2985 2427 3315 2498; x_wconf 78' lang='lat' dir='ltr'><strong>disrumpunt</strong></span> <span class='ocrx_word' id='word_1_397' title='bbox 3367 2439 3457 2478; x_wconf 77' lang='lat' dir='ltr'><strong>vos</strong></span> 
     </span>
    </p>
   </div>
   <div class='ocr_carea' id='block_1_54' title="bbox 1868 2515 3471 2606">
    <p class='ocr_par' dir='ltr' id='par_1_54' title="bbox 1868 2515 3471 2606">
     <span class='ocr_line' id='line_1_54' title="bbox 1868 2515 3471 2606; baseline -0.011 -19"><span class='ocrx_word' id='word_1_398' title='bbox 1868 2531 2082 2606; x_wconf 72' lang='lat' dir='ltr'><strong>(Matth.</strong></span> <span class='ocrx_word' id='word_1_399' title='bbox 2108 2546 2165 2597; x_wconf 84' lang='lat' dir='ltr'><strong>v,</strong></span> <span class='ocrx_word' id='word_1_400' title='bbox 2192 2531 2266 2601; x_wconf 83' lang='lat'><strong>6).</strong></span> <span class='ocrx_word' id='word_1_401' title='bbox 2301 2528 2435 2585; x_wconf 84' lang='lat' dir='ltr'><strong>Nam</strong></span> <span class='ocrx_word' id='word_1_402' title='bbox 2462 2536 2518 2584; x_wconf 91' lang='lat' dir='ltr'><strong>et</strong></span> <span class='ocrx_word' id='word_1_403' title='bbox 2544 2524 2837 2597; x_wconf 85' lang='lat' dir='ltr'><strong>Apostolus</strong></span> <span class='ocrx_word' id='word_1_404' title='bbox 2865 2522 3146 2579; x_wconf 87' lang='lat' dir='ltr'><strong>scribens:</strong></span> <span class='ocrx_word' id='word_1_405' title='bbox 3183 2515 3323 2585; x_wconf 80' lang='lat' dir='ltr'><strong>Nolo</strong></span> <span class='ocrx_word' id='word_1_406' title='bbox 3365 2530 3471 2606; x_wconf 82' lang='lat' dir='ltr'><strong>vos</strong></span> 
     </span>
    </p>
   </div>
   <div class='ocr_carea' id='block_1_55' title="bbox 1867 2605 3457 2694">
    <p class='ocr_par' dir='ltr' id='par_1_55' title="bbox 1867 2605 3457 2694">
     <span class='ocr_line' id='line_1_55' title="bbox 1867 2605 3457 2694; baseline -0.011 -16"><span class='ocrx_word' id='word_1_407' title='bbox 1867 2605 2144 2694; x_wconf 84' lang='lat' dir='ltr'><strong>participes</strong></span> <span class='ocrx_word' id='word_1_408' title='bbox 2166 2620 2464 2677; x_wconf 55' lang='lat' dir='ltr'><strong>dtemonu&#39;m</strong></span> <span class='ocrx_word' id='word_1_409' title='bbox 2485 2619 2602 2689; x_wconf 78' lang='lat' dir='ltr'><strong>ﬁeri</strong></span> <span class='ocrx_word' id='word_1_410' title='bbox 2631 2612 2685 2689; x_wconf 84' lang='grc'><strong>(1</strong></span> <span class='ocrx_word' id='word_1_411' title='bbox 2711 2615 2835 2672; x_wconf 87' lang='lat' dir='ltr'><strong>Cor.</strong></span> <span class='ocrx_word' id='word_1_412' title='bbox 2868 2632 2924 2670; x_wconf 87' lang='lat' dir='ltr'><strong>x.</strong></span> <span class='ocrx_word' id='word_1_413' title='bbox 2955 2614 3035 2687; x_wconf 77' lang='lat'><strong>2).</strong></span> <span class='ocrx_word' id='word_1_414' title='bbox 3074 2609 3199 2666; x_wconf 85' lang='lat' dir='ltr'><strong>Non</strong></span> <span class='ocrx_word' id='word_1_415' title='bbox 3239 2605 3457 2679; x_wconf 76' lang='lat' dir='ltr'><strong>potestis</strong></span> 
     </span>
    </p>
   </div>
   <div class='ocr_carea' id='block_1_56' title="bbox 1869 2701 3462 2790">
    <p class='ocr_par' dir='ltr' id='par_1_56' title="bbox 1869 2701 3462 2790">
     <span class='ocr_line' id='line_1_56' title="bbox 1869 2701 3462 2790; baseline -0.015 -16"><span class='ocrx_word' id='word_1_416' title='bbox 1869 2715 2035 2790; x_wconf 56' lang='grc' dir='ltr'><strong>’δή</strong></span> <span class='ocrx_word' id='word_1_417' title='bbox 2052 2715 2268 2775; x_wconf 74' lang='lat' dir='ltr'><strong>calicem</strong></span> <span class='ocrx_word' id='word_1_418' title='bbox 2306 2712 2517 2769; x_wconf 81' lang='lat' dir='ltr'><strong>Domini</strong></span> <span class='ocrx_word' id='word_1_419' title='bbox 2535 2706 2705 2769; x_wconf 78' lang='lat' dir='ltr'><strong>bibere</strong></span> <span class='ocrx_word' id='word_1_420' title='bbox 2742 2720 2791 2765; x_wconf 85' lang='lat' dir='ltr'><strong>et</strong></span> <span class='ocrx_word' id='word_1_421' title='bbox 2818 2705 3035 2763; x_wconf 85' lang='lat' dir='ltr'><strong>calicem</strong></span> <span class='ocrx_word' id='word_1_422' title='bbox 3057 2701 3462 2765; x_wconf 76' lang='lat' dir='ltr'><strong>dwmonorlunt,</strong></span> 
     </span>
    </p>
   </div>
   <div class='ocr_carea' id='block_1_57' title="bbox 1869 2795 3462 2878">
    <p class='ocr_par' dir='ltr' id='par_1_57' title="bbox 1869 2795 3462 2878">
     <span class='ocr_line' id='line_1_57' title="bbox 1869 2795 3462 2878; baseline -0.013 -12"><span class='ocrx_word' id='word_1_423' title='bbox 1869 2823 1979 2867; x_wconf 84' lang='lat' dir='ltr'><strong>non</strong></span> <span class='ocrx_word' id='word_1_424' title='bbox 2008 2805 2233 2878; x_wconf 84' lang='lat' dir='ltr'><strong>potestis</strong></span> <span class='ocrx_word' id='word_1_425' title='bbox 2270 2818 2471 2862; x_wconf 64' lang='lat' dir='ltr'><strong>mense</strong></span> <span class='ocrx_word' id='word_1_426' title='bbox 2516 2796 2726 2859; x_wconf 87' lang='lat' dir='ltr'><strong>Domini</strong></span> <span class='ocrx_word' id='word_1_427' title='bbox 2789 2795 3106 2871; x_wconf 81' lang='lat' dir='ltr'><strong>participari</strong></span> <span class='ocrx_word' id='word_1_428' title='bbox 3150 2802 3207 2850; x_wconf 89' lang='lat' dir='ltr'><strong>et</strong></span> <span class='ocrx_word' id='word_1_429' title='bbox 3259 2805 3462 2847; x_wconf 74' lang='lat' dir='ltr'><strong>mensa:</strong></span> 
     </span>
    </p>
   </div>
   <div class='ocr_carea' id='block_1_58' title="bbox 1871 2884 3463 2968">
    <p class='ocr_par' dir='ltr' id='par_1_58' title="bbox 1871 2884 3463 2968">
     <span class='ocr_line' id='line_1_58' title="bbox 1871 2884 3463 2968; baseline -0.013 -12"><span class='ocrx_word' id='word_1_430' title='bbox 1871 2897 2284 2963; x_wconf 70' lang='lat' dir='ltr'><strong>daemoniorum,</strong></span> <span class='ocrx_word' id='word_1_431' title='bbox 2313 2892 2645 2968; x_wconf 89' lang='lat' dir='ltr'><strong>impossibile</strong></span> <span class='ocrx_word' id='word_1_432' title='bbox 2668 2906 2791 2949; x_wconf 86' lang='lat' dir='ltr'><strong>esse</strong></span> <span class='ocrx_word' id='word_1_433' title='bbox 2809 2890 3165 2951; x_wconf 89' lang='lat' dir='ltr'><strong>demonstrat,</strong></span> <span class='ocrx_word' id='word_1_434' title='bbox 3187 2884 3463 2941; x_wconf 65' lang='lat' dir='ltr'><strong>daemones</strong></span> 
     </span>
    </p>
   </div>
   <div class='ocr_carea' id='block_1_59' title="bbox 1874 2974 3469 3052">
    <p class='ocr_par' dir='ltr' id='par_1_59' title="bbox 1874 2974 3469 3052">
     <span class='ocr_line' id='line_1_59' title="bbox 1874 2974 3469 3052; baseline -0.014 -3"><span class='ocrx_word' id='word_1_435' title='bbox 1874 2990 1939 3048; x_wconf 82' lang='lat' dir='ltr'><strong>de</strong></span> <span class='ocrx_word' id='word_1_436' title='bbox 1966 2990 2136 3047; x_wconf 87' lang='lat' dir='ltr'><strong>calice</strong></span> <span class='ocrx_word' id='word_1_437' title='bbox 2168 2978 2383 3043; x_wconf 87' lang='lat' dir='ltr'><strong>Domini</strong></span> <span class='ocrx_word' id='word_1_438' title='bbox 2418 2986 2627 3052; x_wconf 87' lang='lat' dir='ltr'><strong>bibere,</strong></span> <span class='ocrx_word' id='word_1_439' title='bbox 2654 2992 2710 3040; x_wconf 91' lang='lat' dir='ltr'><strong>et</strong></span> <span class='ocrx_word' id='word_1_440' title='bbox 2755 2984 2823 3041; x_wconf 91' lang='lat' dir='ltr'><strong>de</strong></span> <span class='ocrx_word' id='word_1_441' title='bbox 2865 2996 3053 3038; x_wconf 88' lang='lat' dir='ltr'><strong>mensa</strong></span> <span class='ocrx_word' id='word_1_442' title='bbox 3098 2978 3218 3050; x_wconf 84' lang='lat' dir='ltr'><strong>ejus</strong></span> <span class='ocrx_word' id='word_1_443' title='bbox 3241 2974 3469 3048; x_wconf 90' lang='lat' dir='ltr'><strong>partici-</strong></span> 
     </span>
    </p>
   </div>
   <div class='ocr_carea' id='block_1_60' title="bbox 1871 3060 3464 3157">
    <p class='ocr_par' dir='ltr' id='par_1_60' title="bbox 1871 3060 3464 3157">
     <span class='ocr_line' id='line_1_60' title="bbox 1871 3060 3464 3157; baseline -0.011 -17"><span class='ocrx_word' id='word_1_444' title='bbox 1871 3084 2009 3157; x_wconf 87' lang='lat' dir='ltr'><strong>pari.</strong></span> <span class='ocrx_word' id='word_1_445' title='bbox 2049 3082 2216 3139; x_wconf 85' lang='lat' dir='ltr'><strong>Cibus</strong></span> <span class='ocrx_word' id='word_1_446' title='bbox 2241 3079 2435 3138; x_wconf 89' lang='lat' dir='ltr'><strong>diaboli</strong></span> <span class='ocrx_word' id='word_1_447' title='bbox 2476 3088 2762 3153; x_wconf 89' lang='lat' dir='ltr'><strong>negatores</strong></span> <span class='ocrx_word' id='word_1_448' title='bbox 2800 3074 2897 3132; x_wconf 91' lang='lat' dir='ltr'><strong>Dei</strong></span> <span class='ocrx_word' id='word_1_449' title='bbox 2926 3081 3072 3139; x_wconf 89' lang='lat' dir='ltr'><strong>sunt,</strong></span> <span class='ocrx_word' id='word_1_450' title='bbox 3101 3071 3354 3127; x_wconf 82' lang='lat' dir='ltr'><strong>Habacuc</strong></span> <span class='ocrx_word' id='word_1_451' title='bbox 3377 3060 3464 3123; x_wconf 89' lang='lat' dir='ltr'><strong>io-</strong></span> 
     </span>
    </p>
   </div>
   <div class='ocr_carea' id='block_1_61' title="bbox 1874 3167 3469 3252">
    <p class='ocr_par' dir='ltr' id='par_1_61' title="bbox 1874 3167 3469 3252">
     <span class='ocr_line' id='line_1_61' title="bbox 1874 3167 3469 3252; baseline -0.014 -14"><span class='ocrx_word' id='word_1_452' title='bbox 1874 3189 2103 3252; x_wconf 84' lang='lat' dir='ltr'><strong>quente:</strong></span> <span class='ocrx_word' id='word_1_453' title='bbox 2128 3177 2280 3235; x_wconf 75' lang='lat' dir='ltr'><strong>Esca</strong></span> <span class='ocrx_word' id='word_1_454' title='bbox 2307 3177 2421 3249; x_wconf 80' lang='lat' dir='ltr'><strong>ejus</strong></span> <span class='ocrx_word' id='word_1_455' title='bbox 2442 3175 2619 3232; x_wconf 78' lang='lat' dir='ltr'><strong>electa:</strong></span> <span class='ocrx_word' id='word_1_456' title='bbox 2648 3172 2879 3246; x_wconf 79' lang='lat' dir='ltr'><strong>(Hebae.</strong></span> <span class='ocrx_word' id='word_1_457' title='bbox 2905 3168 3072 3241; x_wconf 72' lang='lat'><strong>1,16).</strong></span> <span class='ocrx_word' id='word_1_458' title='bbox 3101 3167 3265 3223; x_wconf 88' lang='lat' dir='ltr'><strong>Cibus</strong></span> <span class='ocrx_word' id='word_1_459' title='bbox 3286 3173 3469 3221; x_wconf 87' lang='lat' dir='ltr'><strong>autem</strong></span> 
     </span>
    </p>
   </div>
   <div class='ocr_carea' id='block_1_62' title="bbox 189 3232 3463 3344">
    <p class='ocr_par' dir='ltr' id='par_1_62' title="bbox 189 3232 3463 3344">
     <span class='ocr_line' id='line_1_62' title="bbox 189 3232 3463 3344; baseline -0.006 -29"><span class='ocrx_word' id='word_1_460' title='bbox 189 3232 327 3316; x_wconf 75' lang='lat' dir='ltr'><strong>aliud</strong></span> <span class='ocrx_word' id='word_1_461' title='bbox 360 3232 635 3317; x_wconf 58' lang='lat' dir='ltr'><strong>Salvatori</strong></span> <span class='ocrx_word' id='word_1_462' title='bbox 680 3259 885 3316; x_wconf 82' lang='lat' dir='ltr'><strong>crimen</strong></span> <span class='ocrx_word' id='word_1_463' title='bbox 914 3258 1199 3329; x_wconf 76' lang='lat' dir='ltr'><strong>impingat,</strong></span> <span class='ocrx_word' id='word_1_464' title='bbox 1232 3256 1420 3344; x_wconf 88' lang='lat' dir='ltr'><strong>dicens</strong></span> <span class='ocrx_word' id='word_1_465' title='bbox 1441 3271 1562 3312; x_wconf 89' lang='lat' dir='ltr'><strong>eum</strong></span> <span class='ocrx_word' id='word_1_466' title='bbox 1586 3232 1767 3326; x_wconf 87' lang='lat' dir='ltr'><strong>etpro</strong></span> <span class='ocrx_word' id='word_1_467' title='bbox 1794 3232 1842 3304; x_wconf 64' lang='grc' dir='ltr'><strong>(ἶ</strong></span> <span class='ocrx_word' id='word_1_468' title='bbox 2192 3232 2436 3329; x_wconf 35' lang='lat' dir='ltr'><strong>gmina,</strong></span> <span class='ocrx_word' id='word_1_469' title='bbox 2473 3232 2827 3327; x_wconf 56' lang='grc' dir='ltr'><strong>θιεεοέαωιίε</strong></span> <span class='ocrx_word' id='word_1_470' title='bbox 2868 3232 2985 3335; x_wconf 57' lang='grc' dir='ltr'><strong>ίρέθ</strong></span> <span class='ocrx_word' id='word_1_471' title='bbox 3030 3232 3297 3324; x_wconf 47' lang='lat' dir='ltr'><strong>diabolus,</strong></span> <span class='ocrx_word' id='word_1_472' title='bbox 3333 3272 3463 3328; x_wconf 67' lang='lat' dir='ltr'><strong>pro-</strong></span> 
     </span>
    </p>
   </div>
   <div class='ocr_carea' id='block_1_63' title="bbox 187 3340 1773 3424">
    <p class='ocr_par' dir='ltr' id='par_1_63' title="bbox 187 3340 1773 3424">
     <span class='ocr_line' id='line_1_63' title="bbox 187 3340 1773 3424; baseline -0.005 -15"><span class='ocrx_word' id='word_1_473' title='bbox 187 3353 525 3409; x_wconf 65' lang='lat' dir='ltr'><strong>damonibus</strong></span> <span class='ocrx_word' id='word_1_474' title='bbox 556 3367 623 3409; x_wconf 85' lang='lat' dir='ltr'><strong>ac</strong></span> <span class='ocrx_word' id='word_1_475' title='bbox 670 3352 1005 3424; x_wconf 87' lang='lat' dir='ltr'><strong>spiritalibus</strong></span> <span class='ocrx_word' id='word_1_476' title='bbox 1052 3340 1311 3420; x_wconf 89' lang='lat' dir='ltr'><strong>nequitiis</strong></span> <span class='ocrx_word' id='word_1_477' title='bbox 1358 3344 1501 3419; x_wconf 89' lang='lat' dir='ltr'><strong>apud</strong></span> <span class='ocrx_word' id='word_1_478' title='bbox 1546 3356 1773 3421; x_wconf 77' lang='lat' dir='ltr'><strong>superos</strong></span> 
     </span>
    </p>
   </div>
   <div class='ocr_carea' id='block_1_64' title="bbox 189 3436 1772 3520">
    <p class='ocr_par' dir='ltr' id='par_1_64' title="bbox 189 3436 1772 3520">
     <span class='ocr_line' id='line_1_64' title="bbox 189 3436 1772 3520; baseline -0.007 -16"><span class='ocrx_word' id='word_1_479' title='bbox 189 3446 513 3520; x_wconf 68' lang='lat' dir='ltr'><strong>aﬁgendum</strong></span> <span class='ocrx_word' id='word_1_480' title='bbox 534 3444 709 3511; x_wconf 87' lang='lat' dir='ltr'><strong>cruci,</strong></span> <span class='ocrx_word' id='word_1_481' title='bbox 741 3458 841 3499; x_wconf 89' lang='lat' dir='ltr'><strong>nec</strong></span> <span class='ocrx_word' id='word_1_482' title='bbox 872 3441 1124 3513; x_wconf 79' lang='lat' dir='ltr'><strong>intelligit</strong></span> <span class='ocrx_word' id='word_1_483' title='bbox 1154 3441 1208 3497; x_wconf 90' lang='lat' dir='ltr'><strong>in</strong></span> <span class='ocrx_word' id='word_1_484' title='bbox 1250 3448 1412 3510; x_wconf 80' lang='lat' dir='ltr'><strong>qnam</strong></span> <span class='ocrx_word' id='word_1_485' title='bbox 1448 3436 1772 3511; x_wconf 82' lang='lat' dir='ltr'><strong>profundunt</strong></span> 
     </span>
    </p>
   </div>
   <div class='ocr_carea' id='block_1_65' title="bbox 191 3524 1775 3608">
    <p class='ocr_par' dir='ltr' id='par_1_65' title="bbox 191 3524 1775 3608">
     <span class='ocr_line' id='line_1_65' title="bbox 191 3524 1775 3608; baseline -0.007 -13"><span class='ocrx_word' id='word_1_486' title='bbox 191 3536 488 3608; x_wconf 79' lang='lat' dir='ltr'><strong>impietatis</strong></span> <span class='ocrx_word' id='word_1_487' title='bbox 536 3545 757 3594; x_wconf 83' lang='lat' dir='ltr'><strong>corruat</strong></span> <span class='ocrx_word' id='word_1_488' title='bbox 822 3529 1182 3589; x_wconf 79' lang='lat' dir='ltr'><strong>barathrum?</strong></span> <span class='ocrx_word' id='word_1_489' title='bbox 1220 3528 1278 3586; x_wconf 87' lang='lat' dir='ltr'><strong>Si</strong></span> <span class='ocrx_word' id='word_1_490' title='bbox 1330 3530 1474 3587; x_wconf 91' lang='lat' dir='ltr'><strong>enim</strong></span> <span class='ocrx_word' id='word_1_491' title='bbox 1522 3524 1775 3585; x_wconf 80' lang='lat' dir='ltr'><strong>Christus</strong></span> 
     </span>
    </p>
   </div>
   <div class='ocr_carea' id='block_1_66' title="bbox 192 3614 1775 3709">
    <p class='ocr_par' dir='ltr' id='par_1_66' title="bbox 192 3614 1775 3709">
     <span class='ocr_line' id='line_1_66' title="bbox 192 3614 1775 3709; baseline -0.009 -20"><span class='ocrx_word' id='word_1_492' title='bbox 192 3647 282 3709; x_wconf 79' lang='lat' dir='ltr'><strong>pro</strong></span> <span class='ocrx_word' id='word_1_493' title='bbox 309 3626 630 3687; x_wconf 83' lang='lat' dir='ltr'><strong>hominibus</strong></span> <span class='ocrx_word' id='word_1_494' title='bbox 678 3643 872 3700; x_wconf 89' lang='lat' dir='ltr'><strong>passus</strong></span> <span class='ocrx_word' id='word_1_495' title='bbox 894 3628 1056 3683; x_wconf 91' lang='lat' dir='ltr'><strong>homo</strong></span> <span class='ocrx_word' id='word_1_496' title='bbox 1091 3624 1264 3682; x_wconf 90' lang='lat' dir='ltr'><strong>factus</strong></span> <span class='ocrx_word' id='word_1_497' title='bbox 1287 3632 1393 3691; x_wconf 91' lang='lat' dir='ltr'><strong>est,</strong></span> <span class='ocrx_word' id='word_1_498' title='bbox 1418 3631 1477 3678; x_wconf 94' lang='lat' dir='ltr'><strong>ut</strong></span> <span class='ocrx_word' id='word_1_499' title='bbox 1523 3614 1775 3709; x_wconf 41' lang='lat' dir='ltr'><strong>Scriptttf</strong></span> 
     </span>
    </p>
   </div>
   <div class='ocr_carea' id='block_1_67' title="bbox 194 3708 1777 3793">
    <p class='ocr_par' dir='ltr' id='par_1_67' title="bbox 194 3708 1777 3793">
     <span class='ocr_line' id='line_1_67' title="bbox 194 3708 1777 3793; baseline -0.006 -13"><span class='ocrx_word' id='word_1_500' title='bbox 194 3740 379 3787; x_wconf 87' lang='lat' dir='ltr'><strong>rarum</strong></span> <span class='ocrx_word' id='word_1_501' title='bbox 403 3731 686 3779; x_wconf 78' lang='lat' dir='ltr'><strong>testantur</strong></span> <span class='ocrx_word' id='word_1_502' title='bbox 725 3720 961 3793; x_wconf 77' lang='lat' dir='ltr'><strong>eloquia,</strong></span> <span class='ocrx_word' id='word_1_503' title='bbox 985 3731 1326 3789; x_wconf 82' lang='lat' dir='ltr'><strong>consequens</strong></span> <span class='ocrx_word' id='word_1_504' title='bbox 1359 3715 1466 3773; x_wconf 91' lang='lat' dir='ltr'><strong>erit</strong></span> <span class='ocrx_word' id='word_1_505' title='bbox 1514 3722 1576 3770; x_wconf 88' lang='lat' dir='ltr'><strong>ut</strong></span> <span class='ocrx_word' id='word_1_506' title='bbox 1632 3708 1777 3771; x_wconf 79' lang='lat' dir='ltr'><strong>dicat</strong></span> 
     </span>
    </p>
   </div>
   <div class='ocr_carea' id='block_1_68' title="bbox 194 3802 1778 3886">
    <p class='ocr_par' dir='ltr' id='par_1_68' title="bbox 194 3802 1778 3886">
     <span class='ocr_line' id='line_1_68' title="bbox 194 3802 1778 3886; baseline -0.006 -14"><span class='ocrx_word' id='word_1_507' title='bbox 194 3813 453 3886; x_wconf 70' lang='lat' dir='ltr'><strong>Origenes</strong></span> <span class='ocrx_word' id='word_1_508' title='bbox 482 3828 501 3868; x_wconf 88' lang='lat'><strong>:</strong></span> <span class='ocrx_word' id='word_1_509' title='bbox 527 3814 596 3869; x_wconf 83' lang='lat' dir='ltr'><strong>Et</strong></span> <span class='ocrx_word' id='word_1_510' title='bbox 632 3827 729 3885; x_wconf 90' lang='lat' dir='ltr'><strong>pro</strong></span> <span class='ocrx_word' id='word_1_511' title='bbox 778 3811 1113 3869; x_wconf 66' lang='lat' dir='ltr'><strong>daemonibus</strong></span> <span class='ocrx_word' id='word_1_512' title='bbox 1142 3822 1401 3880; x_wconf 89' lang='lat' dir='ltr'><strong>passurus</strong></span> <span class='ocrx_word' id='word_1_513' title='bbox 1442 3807 1651 3863; x_wconf 74' lang='lat' dir='ltr'><strong>daemon</strong></span> <span class='ocrx_word' id='word_1_514' title='bbox 1697 3802 1778 3863; x_wconf 79' lang='lat' dir='ltr'><strong>fu-</strong></span> 
     </span>
    </p>
   </div>
   <div class='ocr_carea' id='block_1_69' title="bbox 195 3888 1773 3979">
    <p class='ocr_par' dir='ltr' id='par_1_69' title="bbox 195 3888 1773 3979">
     <span class='ocr_line' id='line_1_69' title="bbox 195 3888 1773 3979; baseline -0.007 -17"><span class='ocrx_word' id='word_1_515' title='bbox 195 3915 343 3963; x_wconf 84' lang='lat' dir='ltr'><strong>turus</strong></span> <span class='ocrx_word' id='word_1_516' title='bbox 371 3913 480 3963; x_wconf 83' lang='lat' dir='ltr'><strong>est.</strong></span> <span class='ocrx_word' id='word_1_517' title='bbox 509 3904 624 3961; x_wconf 86' lang='lat' dir='ltr'><strong>Hoc</strong></span> <span class='ocrx_word' id='word_1_518' title='bbox 643 3904 788 3963; x_wconf 82' lang='lat' dir='ltr'><strong>enim</strong></span> <span class='ocrx_word' id='word_1_519' title='bbox 816 3903 1147 3979; x_wconf 72' lang='lat' dir='ltr'><strong>necessitate</strong></span> <span class='ocrx_word' id='word_1_520' title='bbox 1186 3908 1410 3972; x_wconf 84' lang='lat' dir='ltr'><strong>cogetur</strong></span> <span class='ocrx_word' id='word_1_521' title='bbox 1456 3907 1517 3955; x_wconf 90' lang='lat' dir='ltr'><strong>ut</strong></span> <span class='ocrx_word' id='word_1_522' title='bbox 1549 3888 1773 3965; x_wconf 82' lang='lat' dir='ltr'><strong>inferat,</strong></span> 
     </span>
    </p>
   </div>
   <div class='ocr_carea' id='block_1_70' title="bbox 192 3990 1774 4069">
    <p class='ocr_par' dir='ltr' id='par_1_70' title="bbox 192 3990 1774 4069">
     <span class='ocr_line' id='line_1_70' title="bbox 192 3990 1774 4069; baseline -0.008 -12"><span class='ocrx_word' id='word_1_523' title='bbox 192 4015 256 4057; x_wconf 79' lang='lat' dir='ltr'><strong>ne</strong></span> <span class='ocrx_word' id='word_1_524' title='bbox 284 3998 363 4054; x_wconf 84' lang='lat' dir='ltr'><strong>ab</strong></span> <span class='ocrx_word' id='word_1_525' title='bbox 389 4013 457 4055; x_wconf 81' lang='lat' dir='ltr'><strong>eo</strong></span> <span class='ocrx_word' id='word_1_526' title='bbox 494 3996 640 4068; x_wconf 86' lang='lat' dir='ltr'><strong>quod</strong></span> <span class='ocrx_word' id='word_1_527' title='bbox 673 3995 840 4069; x_wconf 66' lang='lat' dir='ltr'><strong>etrapit</strong></span> <span class='ocrx_word' id='word_1_528' title='bbox 866 3995 1177 4066; x_wconf 84' lang='lat' dir='ltr'><strong>discrepare</strong></span> <span class='ocrx_word' id='word_1_529' title='bbox 1216 3992 1463 4049; x_wconf 89' lang='lat' dir='ltr'><strong>videatur</strong></span> <span class='ocrx_word' id='word_1_530' title='bbox 1512 3990 1774 4057; x_wconf 83' lang='lat' dir='ltr'><strong>imitator,</strong></span> 
     </span>
    </p>
   </div>
   <div class='ocr_carea' id='block_1_71' title="bbox 191 4078 1781 4155">
    <p class='ocr_par' dir='ltr' id='par_1_71' title="bbox 191 4078 1781 4155">
     <span class='ocr_line' id='line_1_71' title="bbox 191 4078 1781 4155; baseline -0.009 -4"><span class='ocrx_word' id='word_1_531' title='bbox 191 4090 256 4151; x_wconf 74' lang='lat' dir='ltr'><strong>Et</strong></span> <span class='ocrx_word' id='word_1_532' title='bbox 286 4091 371 4148; x_wconf 76' lang='lat' dir='ltr'><strong>illi</strong></span> <span class='ocrx_word' id='word_1_533' title='bbox 409 4090 557 4147; x_wconf 84' lang='lat' dir='ltr'><strong>enim</strong></span> <span class='ocrx_word' id='word_1_534' title='bbox 593 4088 813 4146; x_wconf 79' lang='lat' dir='ltr'><strong>Christo</strong></span> <span class='ocrx_word' id='word_1_535' title='bbox 857 4086 1111 4145; x_wconf 81' lang='lat' dir='ltr'><strong>similiter</strong></span> <span class='ocrx_word' id='word_1_536' title='bbox 1141 4078 1535 4155; x_wconf 88' lang='lat' dir='ltr'><strong>loquebantur:</strong></span> <span class='ocrx_word' id='word_1_537' title='bbox 1568 4081 1781 4138; x_wconf 78' lang='lat' dir='ltr'><strong>Damm-</strong></span> 
     </span>
    </p>
   </div>
   <div class='ocr_carea' id='block_1_72' title="bbox 193 4173 1779 4253">
    <p class='ocr_par' dir='ltr' id='par_1_72' title="bbox 193 4173 1779 4253">
     <span class='ocr_line' id='line_1_72' title="bbox 193 4173 1779 4253; baseline -0.008 -12"><span class='ocrx_word' id='word_1_538' title='bbox 193 4185 338 4241; x_wconf 68' lang='lat' dir='ltr'><strong>niem</strong></span> <span class='ocrx_word' id='word_1_539' title='bbox 387 4183 547 4239; x_wconf 73' lang='lat' dir='ltr'><strong>habes</strong></span> <span class='ocrx_word' id='word_1_540' title='bbox 584 4180 803 4252; x_wconf 71' lang='lat' dir='ltr'><strong>(Matth.</strong></span> <span class='ocrx_word' id='word_1_541' title='bbox 832 4196 913 4249; x_wconf 76' lang='grc' dir='ltr'><strong>ιι,</strong></span> <span class='ocrx_word' id='word_1_542' title='bbox 938 4179 1048 4253; x_wconf 87' lang='lat' dir='ltr'><strong>l8).</strong></span> <span class='ocrx_word' id='word_1_543' title='bbox 1075 4178 1146 4234; x_wconf 88' lang='lat' dir='ltr'><strong>Et</strong></span> <span class='ocrx_word' id='word_1_544' title='bbox 1177 4196 1191 4232; x_wconf 89' lang='lat'><strong>:</strong></span> <span class='ocrx_word' id='word_1_545' title='bbox 1218 4176 1284 4232; x_wconf 88' lang='lat' dir='ltr'><strong>In</strong></span> <span class='ocrx_word' id='word_1_546' title='bbox 1313 4173 1599 4231; x_wconf 79' lang='lat' dir='ltr'><strong>Beelzebub</strong></span> <span class='ocrx_word' id='word_1_547' title='bbox 1628 4173 1779 4245; x_wconf 83' lang='lat' dir='ltr'><strong>prin-</strong></span> 
     </span>
    </p>
   </div>
   <div class='ocr_carea' id='block_1_73' title="bbox 194 4266 1776 4350">
    <p class='ocr_par' dir='ltr' id='par_1_73' title="bbox 194 4266 1776 4350">
     <span class='ocr_line' id='line_1_73' title="bbox 194 4266 1776 4350; baseline -0.009 -14"><span class='ocrx_word' id='word_1_548' title='bbox 194 4281 301 4350; x_wconf 69' lang='lat' dir='ltr'><strong>cipe</strong></span> <span class='ocrx_word' id='word_1_549' title='bbox 326 4278 718 4339; x_wconf 67' lang='lat' dir='ltr'><strong>similiorem</strong></span> <span class='ocrx_word' id='word_1_550' title='bbox 748 4274 897 4347; x_wconf 71' lang='lat' dir='ltr'><strong>ejicis</strong></span> <span class='ocrx_word' id='word_1_551' title='bbox 952 4272 1213 4331; x_wconf 68' lang='lat' dir='ltr'><strong>damouia</strong></span> <span class='ocrx_word' id='word_1_552' title='bbox 1266 4268 1485 4343; x_wconf 77' lang='lat' dir='ltr'><strong>(Matth.</strong></span> <span class='ocrx_word' id='word_1_553' title='bbox 1530 4284 1629 4334; x_wconf 75' lang='lat' dir='ltr'><strong>stt,</strong></span> <span class='ocrx_word' id='word_1_554' title='bbox 1661 4266 1776 4339; x_wconf 73' lang='grc'><strong>24).</strong></span> 
     </span>
    </p>
   </div>
   <div class='ocr_carea' id='block_1_74' title="bbox 194 4358 1781 4439">
    <p class='ocr_par' dir='ltr' id='par_1_74' title="bbox 194 4358 1781 4439">
     <span class='ocr_line' id='line_1_74' title="bbox 194 4358 1781 4439; baseline -0.006 -11"><span class='ocrx_word' id='word_1_555' title='bbox 194 4369 300 4428; x_wconf 73' lang='lat' dir='ltr'><strong>Sed</strong></span> <span class='ocrx_word' id='word_1_556' title='bbox 328 4369 480 4426; x_wconf 81' lang='lat' dir='ltr'><strong>absit</strong></span> <span class='ocrx_word' id='word_1_557' title='bbox 499 4377 560 4424; x_wconf 93' lang='lat' dir='ltr'><strong>ut</strong></span> <span class='ocrx_word' id='word_1_558' title='bbox 584 4382 685 4439; x_wconf 83' lang='lat' dir='ltr'><strong>pro</strong></span> <span class='ocrx_word' id='word_1_559' title='bbox 713 4366 1051 4427; x_wconf 65' lang='lat' dir='ltr'><strong>dmmonibus</strong></span> <span class='ocrx_word' id='word_1_560' title='bbox 1079 4362 1333 4420; x_wconf 84' lang='lat' dir='ltr'><strong>Christus</strong></span> <span class='ocrx_word' id='word_1_561' title='bbox 1360 4376 1555 4434; x_wconf 89' lang='lat' dir='ltr'><strong>passus</strong></span> <span class='ocrx_word' id='word_1_562' title='bbox 1588 4360 1683 4428; x_wconf 89' lang='lat' dir='ltr'><strong>sit,</strong></span> <span class='ocrx_word' id='word_1_563' title='bbox 1710 4358 1781 4418; x_wconf 74' lang='lat' dir='ltr'><strong>ne</strong></span> 
     </span>
    </p>
   </div>
   <div class='ocr_carea' id='block_1_75' title="bbox 195 4448 1781 4535">
    <p class='ocr_par' dir='ltr' id='par_1_75' title="bbox 195 4448 1781 4535">
     <span class='ocr_line' id='line_1_75' title="bbox 195 4448 1781 4535; baseline -0.007 -14"><span class='ocrx_word' id='word_1_564' title='bbox 195 4473 248 4521; x_wconf 86' lang='lat' dir='ltr'><strong>et</strong></span> <span class='ocrx_word' id='word_1_565' title='bbox 269 4466 394 4535; x_wconf 75' lang='lat' dir='ltr'><strong>ipse</strong></span> <span class='ocrx_word' id='word_1_566' title='bbox 422 4464 632 4521; x_wconf 80' lang='lat' dir='ltr'><strong>dtemon</strong></span> <span class='ocrx_word' id='word_1_567' title='bbox 656 4461 772 4518; x_wconf 73' lang='lat' dir='ltr'><strong>ﬁat.</strong></span> <span class='ocrx_word' id='word_1_568' title='bbox 797 4461 865 4521; x_wconf 85' lang='lat' dir='ltr'><strong>Et</strong></span> <span class='ocrx_word' id='word_1_569' title='bbox 884 4460 978 4533; x_wconf 87' lang='lat' dir='ltr'><strong>qui</strong></span> <span class='ocrx_word' id='word_1_570' title='bbox 1008 4448 1115 4519; x_wconf 78' lang='lat' dir='ltr'><strong>hoc</strong></span> <span class='ocrx_word' id='word_1_571' title='bbox 1134 4458 1382 4520; x_wconf 86' lang='lat' dir='ltr'><strong>credunt,</strong></span> <span class='ocrx_word' id='word_1_572' title='bbox 1412 4470 1628 4512; x_wconf 85' lang='lat' dir='ltr'><strong>rursum</strong></span> <span class='ocrx_word' id='word_1_573' title='bbox 1652 4468 1781 4510; x_wconf 88' lang='lat' dir='ltr'><strong>cru-</strong></span> 
     </span>
    </p>
   </div>
   <div class='ocr_carea' id='block_1_76' title="bbox 1873 3358 3465 3439">
    <p class='ocr_par' dir='ltr' id='par_1_76' title="bbox 1873 3358 3465 3439">
     <span class='ocr_line' id='line_1_76' title="bbox 1873 3358 3465 3439; baseline -0.012 -16"><span class='ocrx_word' id='word_1_574' title='bbox 1873 3368 2053 3439; x_wconf 65' lang='lat' dir='ltr'><strong>phete</strong></span> <span class='ocrx_word' id='word_1_575' title='bbox 2078 3364 2336 3429; x_wconf 75' lang='lat' dir='ltr'><strong>vaticinia</strong></span> <span class='ocrx_word' id='word_1_576' title='bbox 2358 3369 2721 3433; x_wconf 87' lang='lat' dir='ltr'><strong>concrepante</strong></span> <span class='ocrx_word' id='word_1_577' title='bbox 2746 3378 2762 3416; x_wconf 87' lang='lat'><strong>:</strong></span> <span class='ocrx_word' id='word_1_578' title='bbox 2794 3358 2998 3415; x_wconf 84' lang='lat' dir='ltr'><strong>Dedisti</strong></span> <span class='ocrx_word' id='word_1_579' title='bbox 3018 3372 3137 3412; x_wconf 88' lang='lat' dir='ltr'><strong>eum</strong></span> <span class='ocrx_word' id='word_1_580' title='bbox 3175 3369 3346 3410; x_wconf 80' lang='lat' dir='ltr'><strong>escam</strong></span> <span class='ocrx_word' id='word_1_581' title='bbox 3369 3366 3465 3420; x_wconf 89' lang='lat' dir='ltr'><strong>po-</strong></span> 
     </span>
    </p>
   </div>
   <div class='ocr_carea' id='block_1_77' title="bbox 1875 3442 3465 3530">
    <p class='ocr_par' dir='ltr' id='par_1_77' title="bbox 1875 3442 3465 3530">
     <span class='ocr_line' id='line_1_77' title="bbox 1875 3442 3465 3530; baseline -0.011 -14"><span class='ocrx_word' id='word_1_582' title='bbox 1875 3459 2015 3530; x_wconf 76' lang='lat' dir='ltr'><strong>pulis</strong></span> <span class='ocrx_word' id='word_1_583' title='bbox 2051 3458 2390 3529; x_wconf 62' lang='lat' dir='ltr'><strong>Ethiopibus</strong></span> <span class='ocrx_word' id='word_1_584' title='bbox 2413 3455 2585 3528; x_wconf 85' lang='lat' dir='ltr'><strong>(Psal.</strong></span> <span class='ocrx_word' id='word_1_585' title='bbox 2612 3470 2763 3520; x_wconf 77' lang='lat' dir='ltr'><strong>txxt,</strong></span> <span class='ocrx_word' id='word_1_586' title='bbox 2792 3451 2902 3523; x_wconf 71' lang='grc'><strong>14).</strong></span> <span class='ocrx_word' id='word_1_587' title='bbox 2942 3450 3020 3505; x_wconf 85' lang='lat' dir='ltr'><strong>Ex</strong></span> <span class='ocrx_word' id='word_1_588' title='bbox 3058 3448 3257 3519; x_wconf 89' lang='lat' dir='ltr'><strong>quibus</strong></span> <span class='ocrx_word' id='word_1_589' title='bbox 3281 3442 3465 3500; x_wconf 87' lang='lat' dir='ltr'><strong>omni-</strong></span> 
     </span>
    </p>
   </div>
   <div class='ocr_carea' id='block_1_78' title="bbox 1875 3538 3472 3619">
    <p class='ocr_par' dir='ltr' id='par_1_78' title="bbox 1875 3538 3472 3619">
     <span class='ocr_line' id='line_1_78' title="bbox 1875 3538 3472 3619; baseline -0.013 -10"><span class='ocrx_word' id='word_1_590' title='bbox 1875 3549 1980 3609; x_wconf 68' lang='lat' dir='ltr'><strong>bus</strong></span> <span class='ocrx_word' id='word_1_591' title='bbox 2003 3549 2360 3619; x_wconf 80' lang='lat' dir='ltr'><strong>approbatur,</strong></span> <span class='ocrx_word' id='word_1_592' title='bbox 2385 3546 2666 3605; x_wconf 83' lang='lat' dir='ltr'><strong>Christum</strong></span> <span class='ocrx_word' id='word_1_593' title='bbox 2687 3558 2788 3615; x_wconf 91' lang='lat' dir='ltr'><strong>pro</strong></span> <span class='ocrx_word' id='word_1_594' title='bbox 2818 3538 3153 3599; x_wconf 61' lang='lat' dir='ltr'><strong>daemonibus</strong></span> <span class='ocrx_word' id='word_1_595' title='bbox 3176 3552 3283 3593; x_wconf 93' lang='lat' dir='ltr'><strong>non</strong></span> <span class='ocrx_word' id='word_1_596' title='bbox 3310 3547 3472 3607; x_wconf 81' lang='lat' dir='ltr'><strong>posse</strong></span> 
     </span>
    </p>
   </div>
   <div class='ocr_carea' id='block_1_79' title="bbox 1879 3628 3472 3711">
    <p class='ocr_par' dir='ltr' id='par_1_79' title="bbox 1879 3628 3472 3711">
     <span class='ocr_line' id='line_1_79' title="bbox 1879 3628 3472 3711; baseline -0.009 -15"><span class='ocrx_word' id='word_1_597' title='bbox 1879 3640 2145 3711; x_wconf 80' lang='lat' dir='ltr'><strong>cruciﬁgi,</strong></span> <span class='ocrx_word' id='word_1_598' title='bbox 2170 3639 2523 3697; x_wconf 70' lang='lat' dir='ltr'><strong>nedaemones</strong></span> <span class='ocrx_word' id='word_1_599' title='bbox 2537 3634 2784 3707; x_wconf 85' lang='lat' dir='ltr'><strong>corporis</strong></span> <span class='ocrx_word' id='word_1_600' title='bbox 2808 3642 2865 3690; x_wconf 93' lang='lat' dir='ltr'><strong>et</strong></span> <span class='ocrx_word' id='word_1_601' title='bbox 2891 3630 3171 3704; x_wconf 78' lang='lat' dir='ltr'><strong>sanguinis</strong></span> <span class='ocrx_word' id='word_1_602' title='bbox 3202 3628 3319 3700; x_wconf 84' lang='lat' dir='ltr'><strong>ejus</strong></span> <span class='ocrx_word' id='word_1_603' title='bbox 3342 3641 3472 3697; x_wconf 81' lang='lat' dir='ltr'><strong>par-</strong></span> 
     </span>
    </p>
   </div>
   <div class='ocr_carea' id='block_1_80' title="bbox 1878 3719 3475 3801">
    <p class='ocr_par' dir='ltr' id='par_1_80' title="bbox 1878 3719 3475 3801">
     <span class='ocr_line' id='line_1_80' title="bbox 1878 3719 3475 3801; baseline -0.009 -11"><span class='ocrx_word' id='word_1_604' title='bbox 1878 3731 2073 3801; x_wconf 83' lang='lat' dir='ltr'><strong>ticipes</strong></span> <span class='ocrx_word' id='word_1_605' title='bbox 2119 3730 2269 3787; x_wconf 76' lang='lat' dir='ltr'><strong>ﬁant.</strong></span> <span class='ocrx_word' id='word_1_606' title='bbox 2296 3730 2432 3786; x_wconf 87' lang='lat' dir='ltr'><strong>Cum</strong></span> <span class='ocrx_word' id='word_1_607' title='bbox 2459 3742 2593 3800; x_wconf 86' lang='lat' dir='ltr'><strong>ergo</strong></span> <span class='ocrx_word' id='word_1_608' title='bbox 2647 3734 2704 3782; x_wconf 87' lang='lat' dir='ltr'><strong>et</strong></span> <span class='ocrx_word' id='word_1_609' title='bbox 2742 3724 3035 3797; x_wconf 82' lang='lat' dir='ltr'><strong>Apostolus</strong></span> <span class='ocrx_word' id='word_1_610' title='bbox 3079 3722 3146 3778; x_wconf 90' lang='lat' dir='ltr'><strong>de</strong></span> <span class='ocrx_word' id='word_1_611' title='bbox 3190 3719 3475 3778; x_wconf 81' lang='lat' dir='ltr'><strong>Salvatorc</strong></span> 
     </span>
    </p>
   </div>
   <div class='ocr_carea' id='block_1_81' title="bbox 1879 3804 3473 3894">
    <p class='ocr_par' dir='ltr' id='par_1_81' title="bbox 1879 3804 3473 3894">
     <span class='ocr_line' id='line_1_81' title="bbox 1879 3804 3473 3894; baseline -0.008 -15"><span class='ocrx_word' id='word_1_612' title='bbox 1879 3821 2150 3894; x_wconf 70' lang='lat' dir='ltr'><strong>signiﬁcet</strong></span> <span class='ocrx_word' id='word_1_613' title='bbox 2195 3839 2211 3877; x_wconf 87' lang='lat'><strong>:</strong></span> <span class='ocrx_word' id='word_1_614' title='bbox 2273 3819 2390 3879; x_wconf 82' lang='lat' dir='ltr'><strong>Hoc</strong></span> <span class='ocrx_word' id='word_1_615' title='bbox 2430 3821 2571 3876; x_wconf 73' lang='lat' dir='ltr'><strong>enim</strong></span> <span class='ocrx_word' id='word_1_616' title='bbox 2615 3816 2736 3888; x_wconf 81' lang='lat' dir='ltr'><strong>fecit</strong></span> <span class='ocrx_word' id='word_1_617' title='bbox 2791 3814 2950 3872; x_wconf 86' lang='lat' dir='ltr'><strong>semel</strong></span> <span class='ocrx_word' id='word_1_618' title='bbox 2976 3814 3206 3886; x_wconf 75' lang='lat' dir='ltr'><strong>seipsum</strong></span> <span class='ocrx_word' id='word_1_619' title='bbox 3248 3804 3473 3882; x_wconf 65' lang='lat' dir='ltr'><strong>oﬂ&#39;erenb</strong></span> 
     </span>
    </p>
   </div>
   <div class='ocr_carea' id='block_1_82' title="bbox 1880 3905 3475 3985">
    <p class='ocr_par' dir='ltr' id='par_1_82' title="bbox 1880 3905 3475 3985">
     <span class='ocr_line' id='line_1_82' title="bbox 1880 3905 3475 3985; baseline -0.012 -9"><span class='ocrx_word' id='word_1_620' title='bbox 1880 3913 2069 3985; x_wconf 69' lang='lat' dir='ltr'><strong>(Hebr.</strong></span> <span class='ocrx_word' id='word_1_621' title='bbox 2096 3930 2197 3980; x_wconf 85' lang='lat' dir='ltr'><strong>vn,</strong></span> <span class='ocrx_word' id='word_1_622' title='bbox 2226 3912 2342 3985; x_wconf 76' lang='lat'><strong>2&#39;1),</strong></span> <span class='ocrx_word' id='word_1_623' title='bbox 2368 3920 2425 3969; x_wconf 85' lang='lat' dir='ltr'><strong>et</strong></span> <span class='ocrx_word' id='word_1_624' title='bbox 2448 3911 2708 3983; x_wconf 72' lang='lat' dir='ltr'><strong>Origenes</strong></span> <span class='ocrx_word' id='word_1_625' title='bbox 2728 3917 2841 3965; x_wconf 89' lang='lat' dir='ltr'><strong>tam</strong></span> <span class='ocrx_word' id='word_1_626' title='bbox 2868 3907 3149 3965; x_wconf 84' lang='lat' dir='ltr'><strong>audaciter</strong></span> <span class='ocrx_word' id='word_1_627' title='bbox 3172 3905 3315 3962; x_wconf 90' lang='lat' dir='ltr'><strong>illius</strong></span> <span class='ocrx_word' id='word_1_628' title='bbox 3348 3918 3475 3959; x_wconf 89' lang='lat' dir='ltr'><strong>sen-</strong></span> 
     </span>
    </p>
   </div>
   <div class='ocr_carea' id='block_1_83' title="bbox 1882 3992 3469 4070">
    <p class='ocr_par' dir='ltr' id='par_1_83' title="bbox 1882 3992 3469 4070">
     <span class='ocr_line' id='line_1_83' title="bbox 1882 3992 3469 4070; baseline -0.007 -12"><span class='ocrx_word' id='word_1_629' title='bbox 1882 4003 2067 4058; x_wconf 70' lang='lat' dir='ltr'><strong>tentiae</strong></span> <span class='ocrx_word' id='word_1_630' title='bbox 2092 3999 2455 4069; x_wconf 68' lang='lat' dir='ltr'><strong>contradicat;</strong></span> <span class='ocrx_word' id='word_1_631' title='bbox 2495 4010 2709 4070; x_wconf 82' lang='lat' dir='ltr'><strong>tempus</strong></span> <span class='ocrx_word' id='word_1_632' title='bbox 2736 4007 2820 4055; x_wconf 80' lang='lat' dir='ltr'><strong>est</strong></span> <span class='ocrx_word' id='word_1_633' title='bbox 2850 3998 2981 4054; x_wconf 86' lang='lat' dir='ltr'><strong>illud</strong></span> <span class='ocrx_word' id='word_1_634' title='bbox 3000 3994 3204 4053; x_wconf 87' lang='lat' dir='ltr'><strong>inferre</strong></span> <span class='ocrx_word' id='word_1_635' title='bbox 3231 4010 3247 4051; x_wconf 90' lang='lat'><strong>:</strong></span> <span class='ocrx_word' id='word_1_636' title='bbox 3278 3992 3469 4069; x_wconf 71' lang='lat' dir='ltr'><strong>Terra,</strong></span> 
     </span>
    </p>
   </div>
   <div class='ocr_carea' id='block_1_84' title="bbox 1877 4087 3475 4163">
    <p class='ocr_par' dir='ltr' id='par_1_84' title="bbox 1877 4087 3475 4163">
     <span class='ocr_line' id='line_1_84' title="bbox 1877 4087 3475 4163; baseline -0.007 -12"><span class='ocrx_word' id='word_1_637' title='bbox 1877 4102 2044 4163; x_wconf 67' lang='lat' dir='ltr'><strong>terra,</strong></span> <span class='ocrx_word' id='word_1_638' title='bbox 2072 4105 2239 4162; x_wconf 82' lang='lat' dir='ltr'><strong>terra,</strong></span> <span class='ocrx_word' id='word_1_639' title='bbox 2267 4095 2396 4153; x_wconf 74' lang='lat' dir='ltr'><strong>audi</strong></span> <span class='ocrx_word' id='word_1_640' title='bbox 2422 4093 2632 4150; x_wconf 71' lang='lat' dir='ltr'><strong>verbum</strong></span> <span class='ocrx_word' id='word_1_641' title='bbox 2671 4091 2907 4157; x_wconf 79' lang='lat' dir='ltr'><strong>Domini,</strong></span> <span class='ocrx_word' id='word_1_642' title='bbox 2928 4090 3096 4146; x_wconf 88' lang='lat' dir='ltr'><strong>scribe</strong></span> <span class='ocrx_word' id='word_1_643' title='bbox 3115 4090 3287 4145; x_wconf 73' lang='lat' dir='ltr'><strong>virum</strong></span> <span class='ocrx_word' id='word_1_644' title='bbox 3308 4087 3475 4142; x_wconf 79' lang='lat' dir='ltr'><strong>istum</strong></span> 
     </span>
    </p>
   </div>
   <div class='ocr_carea' id='block_1_85' title="bbox 1882 4175 3480 4257">
    <p class='ocr_par' dir='ltr' id='par_1_85' title="bbox 1882 4175 3480 4257">
     <span class='ocr_line' id='line_1_85' title="bbox 1882 4175 3480 4257; baseline -0.006 -16"><span class='ocrx_word' id='word_1_645' title='bbox 1882 4185 2186 4249; x_wconf 75' lang='lat' dir='ltr'><strong>abdicatum</strong></span> <span class='ocrx_word' id='word_1_646' title='bbox 2229 4184 2364 4256; x_wconf 84' lang='lat' dir='ltr'><strong>(Jer.</strong></span> <span class='ocrx_word' id='word_1_647' title='bbox 2405 4184 2565 4257; x_wconf 69' lang='grc' dir='ltr'><strong>χιιι).</strong></span> <span class='ocrx_word' id='word_1_648' title='bbox 2610 4182 2744 4253; x_wconf 84' lang='lat' dir='ltr'><strong>Quis</strong></span> <span class='ocrx_word' id='word_1_649' title='bbox 2772 4179 3315 4237; x_wconf 79' lang='lat' dir='ltr'><strong>eniminl‘ernushaec</strong></span> <span class='ocrx_word' id='word_1_650' title='bbox 3336 4175 3480 4232; x_wconf 82' lang='lat' dir='ltr'><strong>mala</strong></span> 
     </span>
    </p>
   </div>
   <div class='ocr_carea' id='block_1_86' title="bbox 1880 4268 3481 4351">
    <p class='ocr_par' dir='ltr' id='par_1_86' title="bbox 1880 4268 3481 4351">
     <span class='ocr_line' id='line_1_86' title="bbox 1880 4268 3481 4351; baseline -0.007 -15"><span class='ocrx_word' id='word_1_651' title='bbox 1880 4280 2162 4350; x_wconf 78' lang='lat' dir='ltr'><strong>suscipere</strong></span> <span class='ocrx_word' id='word_1_652' title='bbox 2191 4279 2404 4351; x_wconf 76' lang='lat' dir='ltr'><strong>potest?</strong></span> <span class='ocrx_word' id='word_1_653' title='bbox 2426 4277 2520 4348; x_wconf 85' lang='lat' dir='ltr'><strong>qui</strong></span> <span class='ocrx_word' id='word_1_654' title='bbox 2556 4275 2825 4332; x_wconf 84' lang='lat' dir='ltr'><strong>Tartarus</strong></span> <span class='ocrx_word' id='word_1_655' title='bbox 2850 4275 2920 4331; x_wconf 91' lang='lat' dir='ltr'><strong>de</strong></span> <span class='ocrx_word' id='word_1_656' title='bbox 2956 4273 3121 4329; x_wconf 87' lang='lat' dir='ltr'><strong>rebus</strong></span> <span class='ocrx_word' id='word_1_657' title='bbox 3169 4268 3481 4326; x_wconf 85' lang='lat' dir='ltr'><strong>istiusmodi</strong></span> 
     </span>
    </p>
   </div>
   <div class='ocr_carea' id='block_1_87' title="bbox 1883 4357 3476 4442">
    <p class='ocr_par' dir='ltr' id='par_1_87' title="bbox 1883 4357 3476 4442">
     <span class='ocr_line' id='line_1_87' title="bbox 1883 4357 3476 4442; baseline -0.011 -13"><span class='ocrx_word' id='word_1_658' title='bbox 1883 4370 2161 4441; x_wconf 81' lang='lat' dir='ltr'><strong>cogitare?</strong></span> <span class='ocrx_word' id='word_1_659' title='bbox 2184 4384 2305 4442; x_wconf 61' lang='lat' dir='ltr'><strong>quas</strong></span> <span class='ocrx_word' id='word_1_660' title='bbox 2330 4369 2605 4442; x_wconf 72' lang='lat' dir='ltr'><strong>gigantum</strong></span> <span class='ocrx_word' id='word_1_661' title='bbox 2627 4366 2839 4423; x_wconf 87' lang='lat' dir='ltr'><strong>insania</strong></span> <span class='ocrx_word' id='word_1_662' title='bbox 2865 4372 2976 4421; x_wconf 88' lang='lat' dir='ltr'><strong>tam</strong></span> <span class='ocrx_word' id='word_1_663' title='bbox 2995 4360 3213 4418; x_wconf 87' lang='lat' dir='ltr'><strong>rebellis</strong></span> <span class='ocrx_word' id='word_1_664' title='bbox 3241 4357 3476 4425; x_wconf 80' lang='lat' dir='ltr'><strong>exstitit,</strong></span> 
     </span>
    </p>
   </div>
   <div class='ocr_carea' id='block_1_88' title="bbox 1881 4450 3528 4532">
    <p class='ocr_par' dir='ltr' id='par_1_88' title="bbox 1881 4450 3528 4532">
     <span class='ocr_line' id='line_1_88' title="bbox 1881 4450 3528 4532; baseline -0.01 -13"><span class='ocrx_word' id='word_1_665' title='bbox 1881 4469 1941 4519; x_wconf 82' lang='lat' dir='ltr'><strong>et</strong></span> <span class='ocrx_word' id='word_1_666' title='bbox 1961 4470 2170 4519; x_wconf 83' lang='lat' dir='ltr'><strong>turrem</strong></span> <span class='ocrx_word' id='word_1_667' title='bbox 2200 4459 2495 4532; x_wconf 88' lang='lat' dir='ltr'><strong>impietatis</strong></span> <span class='ocrx_word' id='word_1_668' title='bbox 2512 4456 2819 4515; x_wconf 75' lang='lat' dir='ltr'><strong>exstruxit?</strong></span> <span class='ocrx_word' id='word_1_669' title='bbox 2837 4470 2959 4528; x_wconf 77' lang='lat' dir='ltr'><strong>quae</strong></span> <span class='ocrx_word' id='word_1_670' title='bbox 2982 4451 3149 4510; x_wconf 87' lang='lat' dir='ltr'><strong>libido</strong></span> <span class='ocrx_word' id='word_1_671' title='bbox 3167 4450 3482 4516; x_wconf 82' lang='lat' dir='ltr'><strong>lasciviens,</strong></span> <span class='ocrx_word' id='word_1_672' title='bbox 3521 4509 3528 4516; x_wconf 88' lang='lat'><em>_</em></span> 
     </span>
    </p>
   </div>
   <div class='ocr_carea' id='block_1_89' title="bbox 197 4539 1773 4664">
    <p class='ocr_par' dir='ltr' id='par_1_89' title="bbox 197 4547 1773 4630">
     <span class='ocr_line' id='line_1_89' title="bbox 197 4547 1773 4630; baseline -0.008 -17"><span class='ocrx_word' id='word_1_673' title='bbox 197 4557 508 4629; x_wconf 71' lang='lat' dir='ltr'><strong>ciﬁguntet</strong></span> <span class='ocrx_word' id='word_1_674' title='bbox 546 4554 785 4619; x_wconf 56' lang='lat' dir='ltr'><strong>«totum</strong></span> <span class='ocrx_word' id='word_1_675' title='bbox 831 4552 1032 4608; x_wconf 79' lang='lat' dir='ltr'><strong>habent</strong></span> <span class='ocrx_word' id='word_1_676' title='bbox 1079 4549 1272 4607; x_wconf 85' lang='lat' dir='ltr'><strong>Filium</strong></span> <span class='ocrx_word' id='word_1_677' title='bbox 1299 4548 1417 4615; x_wconf 88' lang='lat' dir='ltr'><strong>Dei,</strong></span> <span class='ocrx_word' id='word_1_678' title='bbox 1445 4547 1537 4630; x_wconf 84' lang='lat' dir='ltr'><strong>qui</strong></span> <span class='ocrx_word' id='word_1_679' title='bbox 1577 4561 1773 4617; x_wconf 54' lang='lat' dir='ltr'><strong>nequa.</strong></span> 
     </span>
    </p>
   </div>
   <div class='ocr_carea' id='block_1_90' title="bbox 1875 4539 3481 4664">
    <p class='ocr_par' dir='ltr' id='par_1_90' title="bbox 1890 4539 3481 4664">
     <span class='ocr_line' id='line_1_90' title="bbox 1890 4539 3481 4623; baseline -0.011 -11"><span class='ocrx_word' id='word_1_680' title='bbox 1890 4563 1948 4612; x_wconf 86' lang='lat' dir='ltr'><strong>et</strong></span> <span class='ocrx_word' id='word_1_681' title='bbox 1964 4554 2269 4611; x_wconf 55' lang='lat' dir='ltr'><strong>daemonum</strong></span> <span class='ocrx_word' id='word_1_682' title='bbox 2298 4567 2487 4611; x_wconf 87' lang='lat' dir='ltr'><strong>amore</strong></span> <span class='ocrx_word' id='word_1_683' title='bbox 2511 4550 2817 4623; x_wconf 85' lang='lat' dir='ltr'><strong>deperiens,</strong></span> <span class='ocrx_word' id='word_1_684' title='bbox 2843 4547 2923 4605; x_wconf 85' lang='lat' dir='ltr'><strong>sic</strong></span> <span class='ocrx_word' id='word_1_685' title='bbox 2951 4545 3207 4602; x_wconf 87' lang='lat' dir='ltr'><strong>universo</strong></span> <span class='ocrx_word' id='word_1_686' title='bbox 3236 4539 3481 4615; x_wconf 84' lang='lat' dir='ltr'><strong>dogmati</strong></span> 
     </span>
     <span class='ocr_line' id='line_1_91' title="bbox 1898 4632 3481 4664; baseline 0 0"><span class='ocrx_word' id='word_1_687' title='bbox 1898 4644 2199 4664; x_wconf 33' lang='lat' dir='ltr'><strong>.x_____-‘.2</strong></span> <span class='ocrx_word' id='word_1_688' title='bbox 2256 4634 2619 4664; x_wconf 66' lang='lat' dir='ltr'><strong>1:_-_é-__.-_:.</strong></span> <span class='ocrx_word' id='word_1_689' title='bbox 2654 4655 2807 4664; x_wconf 61' lang='grc' dir='ltr'><strong>-..η-,ι</strong></span> <span class='ocrx_word' id='word_1_690' title='bbox 2836 4638 3033 4664; x_wconf 66' lang='grc' dir='ltr'><strong>...Αηιεη</strong></span> <span class='ocrx_word' id='word_1_691' title='bbox 3074 4635 3218 4664; x_wconf 66' lang='grc' dir='ltr'><strong>...ι-ιο</strong></span> <span class='ocrx_word' id='word_1_692' title='bbox 3241 4633 3370 4664; x_wconf 55' lang='lat' dir='ltr'><strong>nus,</strong></span> <span class='ocrx_word' id='word_1_693' title='bbox 3395 4632 3481 4664; x_wconf 65' lang='grc' dir='ltr'><strong>δη-</strong></span> 
     </span>
    </p>
   </div>
   <div class='ocr_carea' id='block_1_91' title="bbox 198 4640 1788 4719">
    <p class='ocr_par' dir='ltr' id='par_1_91' title="bbox 198 4640 1788 4719">
     <span class='ocr_line' id='line_1_92' title="bbox 198 4640 1788 4719; baseline -0.006 -15"><span class='ocrx_word' id='word_1_694' title='bbox 198 4662 369 4719; x_wconf 76' lang='lat' dir='ltr'><strong>quam</strong></span> <span class='ocrx_word' id='word_1_695' title='bbox 412 4655 477 4703; x_wconf 89' lang='lat' dir='ltr'><strong>ut</strong></span> <span class='ocrx_word' id='word_1_696' title='bbox 509 4660 699 4703; x_wconf 82' lang='lat' dir='ltr'><strong>semen</strong></span> <span class='ocrx_word' id='word_1_697' title='bbox 725 4645 959 4702; x_wconf 68' lang='lat' dir='ltr'><strong>Abraha</strong></span> <span class='ocrx_word' id='word_1_698' title='bbox 1001 4640 1383 4713; x_wconf 85' lang='lat' dir='ltr'><strong>apprehendit,</strong></span> <span class='ocrx_word' id='word_1_699' title='bbox 1417 4641 1492 4696; x_wconf 90' lang='lat' dir='ltr'><strong>ita</strong></span> <span class='ocrx_word' id='word_1_700' title='bbox 1545 4645 1788 4696; x_wconf 75' lang='lat' dir='ltr'><strong>assumat</strong></span> 
     </span>
    </p>
   </div>
   <div class='ocr_carea' id='block_1_92' title="bbox 201 4730 1790 4815">
    <p class='ocr_par' dir='ltr' id='par_1_92' title="bbox 201 4730 1790 4815">
     <span class='ocr_line' id='line_1_93' title="bbox 201 4730 1790 4815; baseline -0.006 -20"><span class='ocrx_word' id='word_1_701' title='bbox 201 4751 255 4795; x_wconf 84' lang='lat' dir='ltr'><strong>et</strong></span> <span class='ocrx_word' id='word_1_702' title='bbox 280 4741 621 4805; x_wconf 63' lang='lat' dir='ltr'><strong>damnum,</strong></span> <span class='ocrx_word' id='word_1_703' title='bbox 646 4744 708 4794; x_wconf 88' lang='lat' dir='ltr'><strong>ut</strong></span> <span class='ocrx_word' id='word_1_704' title='bbox 731 4751 831 4809; x_wconf 91' lang='lat' dir='ltr'><strong>pro</strong></span> <span class='ocrx_word' id='word_1_705' title='bbox 875 4735 985 4799; x_wconf 81' lang='lat' dir='ltr'><strong>illis</strong></span> <span class='ocrx_word' id='word_1_706' title='bbox 1021 4749 1239 4807; x_wconf 87' lang='lat' dir='ltr'><strong>quoque</strong></span> <span class='ocrx_word' id='word_1_707' title='bbox 1277 4731 1651 4815; x_wconf 85' lang='lat' dir='ltr'><strong>cruciligatur.</strong></span> <span class='ocrx_word' id='word_1_708' title='bbox 1675 4730 1790 4793; x_wconf 78' lang='lat' dir='ltr'><strong>Nec</strong></span> 
     </span>
    </p>
   </div>
   <div class='ocr_carea' id='block_1_93' title="bbox 200 4825 1790 4902">
    <p class='ocr_par' dir='ltr' id='par_1_93' title="bbox 200 4825 1790 4902">
     <span class='ocr_line' id='line_1_94' title="bbox 200 4825 1790 4902; baseline -0.004 -13"><span class='ocrx_word' id='word_1_709' title='bbox 200 4831 482 4889; x_wconf 63' lang='lat' dir='ltr'><strong>dementes</strong></span> <span class='ocrx_word' id='word_1_710' title='bbox 502 4842 602 4902; x_wconf 78' lang='lat' dir='ltr'><strong>pro</strong></span> <span class='ocrx_word' id='word_1_711' title='bbox 630 4844 713 4895; x_wconf 85' lang='lat' dir='ltr'><strong>se,</strong></span> <span class='ocrx_word' id='word_1_712' title='bbox 736 4827 909 4887; x_wconf 77' lang='lat' dir='ltr'><strong>Deum</strong></span> <span class='ocrx_word' id='word_1_713' title='bbox 939 4827 995 4882; x_wconf 91' lang='lat' dir='ltr'><strong>in</strong></span> <span class='ocrx_word' id='word_1_714' title='bbox 1018 4825 1280 4897; x_wconf 82' lang='lat' dir='ltr'><strong>passione</strong></span> <span class='ocrx_word' id='word_1_715' title='bbox 1322 4832 1633 4890; x_wconf 86' lang='lat' dir='ltr'><strong>cernentes,</strong></span> <span class='ocrx_word' id='word_1_716' title='bbox 1662 4837 1790 4883; x_wconf 82' lang='lat' dir='ltr'><strong>cum</strong></span> 
     </span>
    </p>
   </div>
   <div class='ocr_carea' id='block_1_94' title="bbox 202 4915 1791 4995">
    <p class='ocr_par' dir='ltr' id='par_1_94' title="bbox 202 4915 1791 4995">
     <span class='ocr_line' id='line_1_95' title="bbox 202 4915 1791 4995; baseline -0.008 -12"><span class='ocrx_word' id='word_1_717' title='bbox 202 4924 470 4995; x_wconf 67' lang='lat' dir='ltr'><strong>propheta</strong></span> <span class='ocrx_word' id='word_1_718' title='bbox 495 4922 849 4983; x_wconf 75' lang='lat' dir='ltr'><strong>clamabunt:</strong></span> <span class='ocrx_word' id='word_1_719' title='bbox 883 4918 987 4983; x_wconf 79' lang='lat' dir='ltr'><strong>His</strong></span> <span class='ocrx_word' id='word_1_720' title='bbox 1011 4927 1227 4990; x_wconf 77' lang='lat' dir='ltr'><strong>peccata</strong></span> <span class='ocrx_word' id='word_1_721' title='bbox 1256 4926 1436 4973; x_wconf 80' lang='lat' dir='ltr'><strong>nostra</strong></span> <span class='ocrx_word' id='word_1_722' title='bbox 1463 4915 1710 4988; x_wconf 81' lang='lat' dir='ltr'><strong>portavit,</strong></span> <span class='ocrx_word' id='word_1_723' title='bbox 1737 4922 1791 4971; x_wconf 77' lang='lat' dir='ltr'><strong>et</strong></span> 
     </span>
    </p>
   </div>
   <div class='ocr_carea' id='block_1_95' title="bbox 204 5005 1793 5086">
    <p class='ocr_par' dir='ltr' id='par_1_95' title="bbox 204 5005 1793 5086">
     <span class='ocr_line' id='line_1_96' title="bbox 204 5005 1793 5086; baseline -0.007 -14"><span class='ocrx_word' id='word_1_724' title='bbox 204 5033 307 5086; x_wconf 69' lang='lat' dir='ltr'><strong>pro.</strong></span> <span class='ocrx_word' id='word_1_725' title='bbox 332 5016 483 5075; x_wconf 75' lang='lat' dir='ltr'><strong>nobis</strong></span> <span class='ocrx_word' id='word_1_726' title='bbox 503 5013 675 5080; x_wconf 75' lang='lat' dir='ltr'><strong>dolet;</strong></span> <span class='ocrx_word' id='word_1_727' title='bbox 702 5028 880 5084; x_wconf 77' lang='lat' dir='ltr'><strong>neque</strong></span> <span class='ocrx_word' id='word_1_728' title='bbox 906 5026 1030 5073; x_wconf 76' lang='lat' dir='ltr'><strong>eum</strong></span> <span class='ocrx_word' id='word_1_729' title='bbox 1050 5009 1189 5066; x_wconf 84' lang='lat' dir='ltr'><strong>lsaia</strong></span> <span class='ocrx_word' id='word_1_730' title='bbox 1216 5010 1400 5065; x_wconf 85' lang='lat' dir='ltr'><strong>dicent</strong></span> <span class='ocrx_word' id='word_1_731' title='bbox 1426 5022 1442 5062; x_wconf 89' lang='lat'><strong>:</strong></span> <span class='ocrx_word' id='word_1_732' title='bbox 1465 5005 1654 5062; x_wconf 84' lang='lat' dir='ltr'><strong>Livore</strong></span> <span class='ocrx_word' id='word_1_733' title='bbox 1675 5006 1793 5077; x_wconf 74' lang='lat' dir='ltr'><strong>ejus</strong></span> 
     </span>
    </p>
   </div>
   <div class='ocr_carea' id='block_1_96' title="bbox 208 5098 1799 5175">
    <p class='ocr_par' dir='ltr' id='par_1_96' title="bbox 208 5098 1799 5175">
     <span class='ocr_line' id='line_1_97' title="bbox 208 5098 1799 5175; baseline -0.004 -14"><span class='ocrx_word' id='word_1_734' title='bbox 208 5109 381 5161; x_wconf 85' lang='lat' dir='ltr'><strong>sanati</strong></span> <span class='ocrx_word' id='word_1_735' title='bbox 401 5124 585 5162; x_wconf 85' lang='lat' dir='ltr'><strong>sumus</strong></span> <span class='ocrx_word' id='word_1_736' title='bbox 625 5105 757 5175; x_wconf 82' lang='lat' dir='ltr'><strong>(lsa.</strong></span> <span class='ocrx_word' id='word_1_737' title='bbox 784 5120 903 5169; x_wconf 84' lang='lat' dir='ltr'><strong>LIII,</strong></span> <span class='ocrx_word' id='word_1_738' title='bbox 927 5103 1006 5175; x_wconf 84' lang='lat'><strong>5);</strong></span> <span class='ocrx_word' id='word_1_739' title='bbox 1033 5117 1135 5157; x_wconf 90' lang='lat' dir='ltr'><strong>nec</strong></span> <span class='ocrx_word' id='word_1_740' title='bbox 1155 5117 1255 5173; x_wconf 91' lang='lat' dir='ltr'><strong>pro</strong></span> <span class='ocrx_word' id='word_1_741' title='bbox 1269 5098 1628 5163; x_wconf 58' lang='lat' dir='ltr'><strong>daemonibus,</strong></span> <span class='ocrx_word' id='word_1_742' title='bbox 1654 5099 1799 5163; x_wconf 80' lang='lat' dir='ltr'><strong>sicut</strong></span> 
     </span>
    </p>
   </div>
   <div class='ocr_carea' id='block_1_97' title="bbox 210 5187 1798 5269">
    <p class='ocr_par' dir='ltr' id='par_1_97' title="bbox 210 5187 1798 5269">
     <span class='ocr_line' id='line_1_98' title="bbox 210 5187 1798 5269; baseline -0.006 -17"><span class='ocrx_word' id='word_1_743' title='bbox 210 5197 609 5269; x_wconf 66' lang='lat' dir='ltr'><strong>probominnm</strong></span> <span class='ocrx_word' id='word_1_744' title='bbox 622 5210 842 5268; x_wconf 65' lang='lat' dir='ltr'><strong>genere,</strong></span> <span class='ocrx_word' id='word_1_745' title='bbox 868 5193 1149 5265; x_wconf 62' lang='lat' dir='ltr'><strong>euasionis</strong></span> <span class='ocrx_word' id='word_1_746' title='bbox 1193 5191 1431 5251; x_wconf 71' lang='lat' dir='ltr'><strong>Christus</strong></span> <span class='ocrx_word' id='word_1_747' title='bbox 1473 5190 1695 5245; x_wconf 81' lang='lat' dir='ltr'><strong>ducetur</strong></span> <span class='ocrx_word' id='word_1_748' title='bbox 1726 5187 1798 5242; x_wconf 87' lang='lat' dir='ltr'><strong>ad</strong></span> 
     </span>
    </p>
   </div>
   <div class='ocr_carea' id='block_1_98' title="bbox 212 5282 1795 5360">
    <p class='ocr_par' dir='ltr' id='par_1_98' title="bbox 212 5282 1795 5360">
     <span class='ocr_line' id='line_1_99' title="bbox 212 5282 1795 5360; baseline -0.004 -15"><span class='ocrx_word' id='word_1_749' title='bbox 212 5291 512 5357; x_wconf 70' lang='lat' dir='ltr'><strong>sietimant;</strong></span> <span class='ocrx_word' id='word_1_750' title='bbox 542 5303 646 5349; x_wconf 88' lang='lat' dir='ltr'><strong>nec</strong></span> <span class='ocrx_word' id='word_1_751' title='bbox 687 5302 789 5360; x_wconf 79' lang='lat' dir='ltr'><strong>pro</strong></span> <span class='ocrx_word' id='word_1_752' title='bbox 839 5302 1030 5345; x_wconf 74' lang='lat' dir='ltr'><strong>eorum</strong></span> <span class='ocrx_word' id='word_1_753' title='bbox 1079 5285 1255 5343; x_wconf 75' lang='lat' dir='ltr'><strong>salute</strong></span> <span class='ocrx_word' id='word_1_754' title='bbox 1322 5285 1557 5349; x_wconf 82' lang='lat' dir='ltr'><strong>dicetur,</strong></span> <span class='ocrx_word' id='word_1_755' title='bbox 1579 5282 1795 5355; x_wconf 85' lang='lat' dir='ltr'><strong>proprio</strong></span> 
     </span>
    </p>
   </div>
   <div class='ocr_carea' id='block_1_99' title="bbox 212 5374 1792 5451">
    <p class='ocr_par' dir='ltr' id='par_1_99' title="bbox 212 5374 1792 5451">
     <span class='ocr_line' id='line_1_100' title="bbox 212 5374 1792 5451; baseline -0.003 -18"><span class='ocrx_word' id='word_1_756' title='bbox 212 5377 361 5435; x_wconf 71' lang='lat' dir='ltr'><strong>Filio</strong></span> <span class='ocrx_word' id='word_1_757' title='bbox 384 5392 490 5436; x_wconf 72' lang='lat' dir='ltr'><strong>non</strong></span> <span class='ocrx_word' id='word_1_758' title='bbox 512 5380 770 5451; x_wconf 77' lang='lat' dir='ltr'><strong>pepercit;</strong></span> <span class='ocrx_word' id='word_1_759' title='bbox 804 5379 930 5450; x_wconf 79' lang='lat' dir='ltr'><strong>quia</strong></span> <span class='ocrx_word' id='word_1_760' title='bbox 975 5392 1078 5437; x_wconf 78' lang='lat' dir='ltr'><strong>nec</strong></span> <span class='ocrx_word' id='word_1_761' title='bbox 1110 5376 1384 5433; x_wconf 70' lang='lat' dir='ltr'><strong>daamones</strong></span> <span class='ocrx_word' id='word_1_762' title='bbox 1430 5374 1792 5432; x_wconf 86' lang='lat' dir='ltr'><strong>clamabunt:</strong></span> 
     </span>
    </p>
   </div>
   <div class='ocr_carea' id='block_1_100' title="bbox 219 5465 1797 5541">
    <p class='ocr_par' dir='ltr' id='par_1_100' title="bbox 219 5465 1797 5541">
     <span class='ocr_line' id='line_1_101' title="bbox 219 5465 1797 5541; baseline -0.003 -16"><span class='ocrx_word' id='word_1_763' title='bbox 219 5469 470 5527; x_wconf 71' lang='lat' dir='ltr'><strong>Traditus</strong></span> <span class='ocrx_word' id='word_1_764' title='bbox 496 5480 573 5527; x_wconf 85' lang='lat' dir='ltr'><strong>est</strong></span> <span class='ocrx_word' id='word_1_765' title='bbox 620 5486 714 5541; x_wconf 85' lang='lat' dir='ltr'><strong>pro</strong></span> <span class='ocrx_word' id='word_1_766' title='bbox 741 5470 966 5541; x_wconf 79' lang='lat' dir='ltr'><strong>peccatis</strong></span> <span class='ocrx_word' id='word_1_767' title='bbox 1017 5468 1234 5534; x_wconf 87' lang='lat' dir='ltr'><strong>nostris,</strong></span> <span class='ocrx_word' id='word_1_768' title='bbox 1277 5478 1327 5521; x_wconf 89' lang='lat' dir='ltr'><strong>et</strong></span> <span class='ocrx_word' id='word_1_769' title='bbox 1370 5465 1657 5522; x_wconf 70' lang='lat' dir='ltr'><strong>resurrexit</strong></span> <span class='ocrx_word' id='word_1_770' title='bbox 1701 5479 1797 5535; x_wconf 85' lang='lat' dir='ltr'><strong>pro</strong></span> 
     </span>
    </p>
   </div>
   <div class='ocr_carea' id='block_1_101' title="bbox 212 5556 1797 5634">
    <p class='ocr_par' dir='ltr' id='par_1_101' title="bbox 212 5556 1797 5634">
     <span class='ocr_line' id='line_1_102' title="bbox 212 5556 1797 5634; baseline -0.003 -17"><span class='ocrx_word' id='word_1_771' title='bbox 212 5561 590 5634; x_wconf 69' lang='lat' dir='ltr'><strong>itstiﬁcatiou</strong></span> <span class='ocrx_word' id='word_1_772' title='bbox 619 5571 820 5617; x_wconf 83' lang='lat' dir='ltr'><strong>nostra.</strong></span> <span class='ocrx_word' id='word_1_773' title='bbox 868 5558 1067 5615; x_wconf 85' lang='lat' dir='ltr'><strong>Paulus</strong></span> <span class='ocrx_word' id='word_1_774' title='bbox 1087 5558 1304 5629; x_wconf 87' lang='lat' dir='ltr'><strong>quidem</strong></span> <span class='ocrx_word' id='word_1_775' title='bbox 1328 5557 1614 5627; x_wconf 88' lang='lat' dir='ltr'><strong>perspicue</strong></span> <span class='ocrx_word' id='word_1_776' title='bbox 1654 5556 1797 5613; x_wconf 85' lang='lat' dir='ltr'><strong>scri-</strong></span> 
     </span>
    </p>
   </div>
   <div class='ocr_carea' id='block_1_102' title="bbox 216 5651 1799 5725">
    <p class='ocr_par' dir='ltr' id='par_1_102' title="bbox 216 5651 1799 5725">
     <span class='ocr_line' id='line_1_103' title="bbox 216 5651 1799 5725; baseline -0.002 -15"><span class='ocrx_word' id='word_1_777' title='bbox 216 5654 340 5711; x_wconf 60' lang='lat' dir='ltr'><strong>Ht:</strong></span> <span class='ocrx_word' id='word_1_778' title='bbox 374 5655 592 5713; x_wconf 76' lang='lat' dir='ltr'><strong>Tradidi</strong></span> <span class='ocrx_word' id='word_1_779' title='bbox 621 5658 759 5713; x_wconf 75' lang='lat' dir='ltr'><strong>enim</strong></span> <span class='ocrx_word' id='word_1_780' title='bbox 784 5655 927 5711; x_wconf 86' lang='lat' dir='ltr'><strong>vobis</strong></span> <span class='ocrx_word' id='word_1_781' title='bbox 949 5655 1006 5708; x_wconf 85' lang='lat' dir='ltr'><strong>in</strong></span> <span class='ocrx_word' id='word_1_782' title='bbox 1047 5654 1232 5724; x_wconf 87' lang='lat' dir='ltr'><strong>primis</strong></span> <span class='ocrx_word' id='word_1_783' title='bbox 1261 5652 1402 5724; x_wconf 80' lang='lat' dir='ltr'><strong>quod</strong></span> <span class='ocrx_word' id='word_1_784' title='bbox 1449 5653 1647 5723; x_wconf 81' lang='lat' dir='ltr'><strong>accepi,</strong></span> <span class='ocrx_word' id='word_1_785' title='bbox 1672 5651 1799 5725; x_wconf 69' lang='lat' dir='ltr'><strong>quia</strong></span> 
     </span>
    </p>
   </div>
   <div class='ocr_carea' id='block_1_103' title="bbox 222 5742 1802 5819">
    <p class='ocr_par' dir='ltr' id='par_1_103' title="bbox 222 5742 1802 5819">
     <span class='ocr_line' id='line_1_104' title="bbox 222 5742 1802 5819; baseline 0 -18"><span class='ocrx_word' id='word_1_786' title='bbox 222 5742 462 5817; x_wconf 68' lang='lat' dir='ltr'><strong>Christus</strong></span> <span class='ocrx_word' id='word_1_787' title='bbox 494 5758 831 5809; x_wconf 69' lang='lat' dir='ltr'><strong>mrtuusat</strong></span> <span class='ocrx_word' id='word_1_788' title='bbox 873 5763 968 5819; x_wconf 81' lang='lat' dir='ltr'><strong>pro</strong></span> <span class='ocrx_word' id='word_1_789' title='bbox 1018 5747 1243 5816; x_wconf 88' lang='lat' dir='ltr'><strong>peccatis</strong></span> <span class='ocrx_word' id='word_1_790' title='bbox 1273 5745 1468 5800; x_wconf 86' lang='lat' dir='ltr'><strong>nostris</strong></span> <span class='ocrx_word' id='word_1_791' title='bbox 1512 5745 1802 5801; x_wconf 81' lang='lat' dir='ltr'><strong>secundum</strong></span> 
     </span>
    </p>
   </div>
   <div class='ocr_carea' id='block_1_104' title="bbox 229 5835 1797 5917">
    <p class='ocr_par' dir='ltr' id='par_1_104' title="bbox 229 5835 1797 5917">
     <span class='ocr_line' id='line_1_105' title="bbox 229 5835 1797 5917; baseline 0 -22"><span class='ocrx_word' id='word_1_792' title='bbox 229 5835 525 5913; x_wconf 80' lang='lat' dir='ltr'><strong>Scripturas</strong></span> <span class='ocrx_word' id='word_1_793' title='bbox 553 5841 605 5914; x_wconf 84' lang='grc' dir='ltr'><strong>(Ι</strong></span> <span class='ocrx_word' id='word_1_794' title='bbox 626 5838 751 5899; x_wconf 88' lang='lat' dir='ltr'><strong>Cor.</strong></span> <span class='ocrx_word' id='word_1_795' title='bbox 782 5840 896 5917; x_wconf 87' lang='lat' dir='ltr'><strong>xv).</strong></span> <span class='ocrx_word' id='word_1_796' title='bbox 940 5838 1066 5895; x_wconf 87' lang='lat' dir='ltr'><strong>lllas</strong></span> <span class='ocrx_word' id='word_1_797' title='bbox 1089 5838 1145 5894; x_wconf 92' lang='lat' dir='ltr'><strong>in</strong></span> <span class='ocrx_word' id='word_1_798' title='bbox 1177 5837 1548 5895; x_wconf 89' lang='lat' dir='ltr'><strong>testimonium</strong></span> <span class='ocrx_word' id='word_1_799' title='bbox 1576 5853 1797 5909; x_wconf 89' lang='lat' dir='ltr'><strong>vocans,</strong></span> 
     </span>
    </p>
   </div>
   <div class='ocr_carea' id='block_1_105' title="bbox 1897 4632 3483 4703">
    <p class='ocr_par' dir='ltr' id='par_1_105' title="bbox 1897 4632 3483 4703">
     <span class='ocr_line' id='line_1_106' title="bbox 1897 4632 3483 4703; baseline -0.009 -1"><span class='ocrx_word' id='word_1_800' title='bbox 1897 4644 2203 4702; x_wconf 81' lang='lat' dir='ltr'><strong>transeunti</strong></span> <span class='ocrx_word' id='word_1_801' title='bbox 2242 4634 2623 4702; x_wconf 85' lang='lat' dir='ltr'><strong>divaricaverit</strong></span> <span class='ocrx_word' id='word_1_802' title='bbox 2651 4655 2812 4697; x_wconf 91' lang='lat' dir='ltr'><strong>crura</strong></span> <span class='ocrx_word' id='word_1_803' title='bbox 2836 4638 3036 4696; x_wconf 88' lang='lat' dir='ltr'><strong>mentis</strong></span> <span class='ocrx_word' id='word_1_804' title='bbox 3073 4635 3218 4693; x_wconf 69' lang='lat' dir='ltr'><strong>sum?</strong></span> <span class='ocrx_word' id='word_1_805' title='bbox 3241 4633 3373 4703; x_wconf 83' lang='lat' dir='ltr'><strong>Quis</strong></span> <span class='ocrx_word' id='word_1_806' title='bbox 3394 4632 3483 4688; x_wconf 85' lang='lat' dir='ltr'><strong>in-</strong></span> 
     </span>
    </p>
   </div>
   <div class='ocr_carea' id='block_1_106' title="bbox 1898 4723 3482 4811">
    <p class='ocr_par' dir='ltr' id='par_1_106' title="bbox 1898 4723 3482 4811">
     <span class='ocr_line' id='line_1_107' title="bbox 1898 4723 3482 4811; baseline -0.009 -16"><span class='ocrx_word' id='word_1_807' title='bbox 1898 4744 2111 4795; x_wconf 73' lang='lat' dir='ltr'><strong>tactum</strong></span> <span class='ocrx_word' id='word_1_808' title='bbox 2135 4728 2202 4792; x_wconf 83' lang='lat' dir='ltr'><strong>de</strong></span> <span class='ocrx_word' id='word_1_809' title='bbox 2229 4733 2560 4811; x_wconf 81' lang='lat' dir='ltr'><strong>Sodomitica</strong></span> <span class='ocrx_word' id='word_1_810' title='bbox 2580 4731 2739 4791; x_wconf 85' lang='lat' dir='ltr'><strong>vinea</strong></span> <span class='ocrx_word' id='word_1_811' title='bbox 2766 4729 2923 4807; x_wconf 82' lang='lat' dir='ltr'><strong>bibit,</strong></span> <span class='ocrx_word' id='word_1_812' title='bbox 2945 4737 3007 4785; x_wconf 91' lang='lat' dir='ltr'><strong>ut</strong></span> <span class='ocrx_word' id='word_1_813' title='bbox 3025 4726 3327 4783; x_wconf 87' lang='lat' dir='ltr'><strong>inebriatus</strong></span> <span class='ocrx_word' id='word_1_814' title='bbox 3353 4723 3482 4811; x_wconf 81' lang='lat' dir='ltr'><strong>vino</strong></span> 
     </span>
    </p>
   </div>
   <div class='ocr_carea' id='block_1_107' title="bbox 1895 4810 3482 4895">
    <p class='ocr_par' dir='ltr' id='par_1_107' title="bbox 1895 4810 3482 4895">
     <span class='ocr_line' id='line_1_108' title="bbox 1895 4810 3482 4895; baseline -0.011 -12"><span class='ocrx_word' id='word_1_815' title='bbox 1895 4823 2100 4883; x_wconf 84' lang='lat' dir='ltr'><strong>furoris</strong></span> <span class='ocrx_word' id='word_1_816' title='bbox 2120 4823 2237 4895; x_wconf 77' lang='lat' dir='ltr'><strong>ejus</strong></span> <span class='ocrx_word' id='word_1_817' title='bbox 2268 4830 2384 4879; x_wconf 86' lang='lat' dir='ltr'><strong>toto</strong></span> <span class='ocrx_word' id='word_1_818' title='bbox 2412 4822 2576 4878; x_wconf 86' lang='lat' dir='ltr'><strong>corde</strong></span> <span class='ocrx_word' id='word_1_819' title='bbox 2622 4817 2964 4876; x_wconf 84' lang='lat' dir='ltr'><strong>conciderit?</strong></span> <span class='ocrx_word' id='word_1_820' title='bbox 2997 4816 3132 4885; x_wconf 89' lang='lat' dir='ltr'><strong>Quis</strong></span> <span class='ocrx_word' id='word_1_821' title='bbox 3155 4810 3482 4895; x_wconf 37' lang='lat' dir='ltr'><strong>Babylonios</strong></span> 
     </span>
    </p>
   </div>
   <div class='ocr_carea' id='block_1_108' title="bbox 1899 4894 3485 4997">
    <p class='ocr_par' dir='ltr' id='par_1_108' title="bbox 1899 4894 3485 4997">
     <span class='ocr_line' id='line_1_109' title="bbox 1899 4894 3485 4997; baseline -0.009 -22"><span class='ocrx_word' id='word_1_822' title='bbox 1899 4934 2020 4997; x_wconf 74' lang='lat' dir='ltr'><strong>rum</strong></span> <span class='ocrx_word' id='word_1_823' title='bbox 2047 4917 2124 4975; x_wconf 86' lang='lat' dir='ltr'><strong>ita</strong></span> <span class='ocrx_word' id='word_1_824' title='bbox 2144 4915 2424 4997; x_wconf 78' lang='lat' dir='ltr'><strong>ﬂuminum</strong></span> <span class='ocrx_word' id='word_1_825' title='bbox 2458 4912 2769 4997; x_wconf 21' lang='lat' dir='ltr'><strong>gurgitibus,</strong></span> <span class='ocrx_word' id='word_1_826' title='bbox 2809 4909 3063 4982; x_wconf 83' lang='lat' dir='ltr'><strong>irrigatus</strong></span> <span class='ocrx_word' id='word_1_827' title='bbox 3112 4905 3266 4961; x_wconf 88' lang='lat' dir='ltr'><strong>vivos</strong></span> <span class='ocrx_word' id='word_1_828' title='bbox 3313 4894 3485 4991; x_wconf 78' lang='lat' dir='ltr'><strong>lsrael</strong></span> 
     </span>
    </p>
   </div>
   <div class='ocr_carea' id='block_1_109' title="bbox 1890 4986 3486 5077">
    <p class='ocr_par' dir='ltr' id='par_1_109' title="bbox 1890 4986 3486 5077">
     <span class='ocr_line' id='line_1_110' title="bbox 1890 4986 3486 5077; baseline -0.01 -13"><span class='ocrx_word' id='word_1_829' title='bbox 1890 4988 2078 5077; x_wconf 78' lang='lat' dir='ltr'><strong>fontes</strong></span> <span class='ocrx_word' id='word_1_830' title='bbox 2121 4992 2377 5075; x_wconf 62' lang='lat' dir='ltr'><strong>reliquit?</strong></span> <span class='ocrx_word' id='word_1_831' title='bbox 2440 4986 2579 5075; x_wconf 84' lang='lat' dir='ltr'><strong>quis</strong></span> <span class='ocrx_word' id='word_1_832' title='bbox 2610 4990 2898 5073; x_wconf 86' lang='lat' dir='ltr'><strong>egrediens</strong></span> <span class='ocrx_word' id='word_1_833' title='bbox 2943 4999 3010 5055; x_wconf 88' lang='lat' dir='ltr'><strong>de</strong></span> <span class='ocrx_word' id='word_1_834' title='bbox 3055 4993 3379 5059; x_wconf 78' lang='lat' dir='ltr'><strong>Jerusalem,</strong></span> <span class='ocrx_word' id='word_1_835' title='bbox 3428 4986 3486 5048; x_wconf 79' lang='lat' dir='ltr'><strong>et</strong></span> 
     </span>
    </p>
   </div>
   <div class='ocr_carea' id='block_1_110' title="bbox 1897 5076 3483 5156">
    <p class='ocr_par' dir='ltr' id='par_1_110' title="bbox 1897 5076 3483 5156">
     <span class='ocr_line' id='line_1_111' title="bbox 1897 5076 3483 5156; baseline -0.011 -1"><span class='ocrx_word' id='word_1_836' title='bbox 1897 5076 2187 5156; x_wconf 62' lang='lat' dir='ltr'><strong>beroboam</strong></span> <span class='ocrx_word' id='word_1_837' title='bbox 2215 5084 2305 5149; x_wconf 83' lang='lat' dir='ltr'><strong>lilii</strong></span> <span class='ocrx_word' id='word_1_838' title='bbox 2349 5084 2557 5147; x_wconf 84' lang='lat' dir='ltr'><strong>Nabath</strong></span> <span class='ocrx_word' id='word_1_839' title='bbox 2603 5090 2846 5146; x_wconf 90' lang='lat' dir='ltr'><strong>imitator</strong></span> <span class='ocrx_word' id='word_1_840' title='bbox 2884 5088 3147 5151; x_wconf 88' lang='lat' dir='ltr'><strong>existens,</strong></span> <span class='ocrx_word' id='word_1_841' title='bbox 3204 5092 3284 5141; x_wconf 88' lang='lat' dir='ltr'><strong>tot</strong></span> <span class='ocrx_word' id='word_1_842' title='bbox 3329 5096 3483 5139; x_wconf 86' lang='lat' dir='ltr'><strong>erro-</strong></span> 
     </span>
    </p>
   </div>
   <div class='ocr_carea' id='block_1_111' title="bbox 1900 5166 3489 5253">
    <p class='ocr_par' dir='ltr' id='par_1_111' title="bbox 1900 5166 3489 5253">
     <span class='ocr_line' id='line_1_112' title="bbox 1900 5166 3489 5253; baseline -0.011 -8"><span class='ocrx_word' id='word_1_843' title='bbox 1900 5205 2023 5247; x_wconf 88' lang='lat' dir='ltr'><strong>rum</strong></span> <span class='ocrx_word' id='word_1_844' title='bbox 2046 5178 2344 5245; x_wconf 82' lang='lat' dir='ltr'><strong>labricatus</strong></span> <span class='ocrx_word' id='word_1_845' title='bbox 2372 5178 2565 5241; x_wconf 90' lang='lat' dir='ltr'><strong>altaria</strong></span> <span class='ocrx_word' id='word_1_846' title='bbox 2590 5194 2692 5253; x_wconf 87' lang='lat' dir='ltr'><strong>est,</strong></span> <span class='ocrx_word' id='word_1_847' title='bbox 2719 5193 2774 5240; x_wconf 90' lang='lat' dir='ltr'><strong>et</strong></span> <span class='ocrx_word' id='word_1_848' title='bbox 2803 5192 3022 5239; x_wconf 88' lang='lat' dir='ltr'><strong>ararum</strong></span> <span class='ocrx_word' id='word_1_849' title='bbox 3055 5166 3283 5252; x_wconf 76' lang='lat' dir='ltr'><strong>profana</strong></span> <span class='ocrx_word' id='word_1_850' title='bbox 3328 5172 3489 5230; x_wconf 85' lang='lat' dir='ltr'><strong>thura</strong></span> 
     </span>
    </p>
   </div>
   <div class='ocr_carea' id='block_1_112' title="bbox 1905 5271 3489 5345">
    <p class='ocr_par' dir='ltr' id='par_1_112' title="bbox 1905 5271 3489 5345">
     <span class='ocr_line' id='line_1_113' title="bbox 1905 5271 3489 5345; baseline -0.011 -5"><span class='ocrx_word' id='word_1_851' title='bbox 1905 5280 2226 5341; x_wconf 80' lang='lat' dir='ltr'><strong>succendit?</strong></span> <span class='ocrx_word' id='word_1_852' title='bbox 2247 5280 2355 5336; x_wconf 91' lang='lat' dir='ltr'><strong>Cur</strong></span> <span class='ocrx_word' id='word_1_853' title='bbox 2384 5278 2593 5336; x_wconf 85' lang='lat' dir='ltr'><strong>Dathan</strong></span> <span class='ocrx_word' id='word_1_854' title='bbox 2616 5286 2673 5345; x_wconf 73' lang='lat' dir='ltr'><strong>et</strong></span> <span class='ocrx_word' id='word_1_855' title='bbox 2696 5277 2923 5340; x_wconf 86' lang='lat' dir='ltr'><strong>Ahiron,</strong></span> <span class='ocrx_word' id='word_1_856' title='bbox 2942 5272 3034 5344; x_wconf 91' lang='lat' dir='ltr'><strong>qui</strong></span> <span class='ocrx_word' id='word_1_857' title='bbox 3063 5271 3270 5327; x_wconf 90' lang='lat' dir='ltr'><strong>minora</strong></span> <span class='ocrx_word' id='word_1_858' title='bbox 3296 5282 3489 5339; x_wconf 86' lang='lat' dir='ltr'><strong>pecca-</strong></span> 
     </span>
    </p>
   </div>
   <div class='ocr_carea' id='block_1_113' title="bbox 1904 5358 3490 5439">
    <p class='ocr_par' dir='ltr' id='par_1_113' title="bbox 1904 5358 3490 5439">
     <span class='ocr_line' id='line_1_114' title="bbox 1904 5358 3490 5439; baseline -0.013 -8"><span class='ocrx_word' id='word_1_859' title='bbox 1904 5381 2056 5439; x_wconf 88' lang='lat' dir='ltr'><strong>runt,</strong></span> <span class='ocrx_word' id='word_1_860' title='bbox 2088 5387 2196 5428; x_wconf 89' lang='lat' dir='ltr'><strong>nou</strong></span> <span class='ocrx_word' id='word_1_861' title='bbox 2222 5371 2442 5427; x_wconf 89' lang='lat' dir='ltr'><strong>venient</strong></span> <span class='ocrx_word' id='word_1_862' title='bbox 2483 5378 2611 5427; x_wconf 89' lang='lat' dir='ltr'><strong>ante</strong></span> <span class='ocrx_word' id='word_1_863' title='bbox 2640 5358 2875 5424; x_wconf 88' lang='lat' dir='ltr'><strong>tribunal</strong></span> <span class='ocrx_word' id='word_1_864' title='bbox 2899 5362 3125 5428; x_wconf 82' lang='lat' dir='ltr'><strong>Christi,</strong></span> <span class='ocrx_word' id='word_1_865' title='bbox 3167 5369 3224 5416; x_wconf 91' lang='lat' dir='ltr'><strong>ut</strong></span> <span class='ocrx_word' id='word_1_866' title='bbox 3255 5360 3338 5415; x_wconf 90' lang='lat' dir='ltr'><strong>sui</strong></span> <span class='ocrx_word' id='word_1_867' title='bbox 3362 5372 3490 5433; x_wconf 81' lang='lat' dir='ltr'><strong>eum</strong></span> 
     </span>
    </p>
   </div>
   <div class='ocr_carea' id='block_1_114' title="bbox 1909 5442 3493 5540">
    <p class='ocr_par' dir='ltr' id='par_1_114' title="bbox 1909 5442 3493 5540">
     <span class='ocr_line' id='line_1_115' title="bbox 1909 5442 3493 5540; baseline -0.013 -14"><span class='ocrx_word' id='word_1_868' title='bbox 1909 5466 2317 5540; x_wconf 84' lang='lat' dir='ltr'><strong>comparatione</strong></span> <span class='ocrx_word' id='word_1_869' title='bbox 2346 5463 2728 5525; x_wconf 88' lang='lat' dir='ltr'><strong>condemnent,</strong></span> <span class='ocrx_word' id='word_1_870' title='bbox 2748 5460 2840 5531; x_wconf 88' lang='lat' dir='ltr'><strong>qui</strong></span> <span class='ocrx_word' id='word_1_871' title='bbox 2877 5466 3032 5513; x_wconf 88' lang='lat' dir='ltr'><strong>extra</strong></span> <span class='ocrx_word' id='word_1_872' title='bbox 3053 5446 3349 5511; x_wconf 82' lang='lat' dir='ltr'><strong>Ecclesiam</strong></span> <span class='ocrx_word' id='word_1_873' title='bbox 3376 5442 3493 5507; x_wconf 84' lang='lat' dir='ltr'><strong>Sal-</strong></span> 
     </span>
    </p>
   </div>
   <div class='ocr_carea' id='block_1_115' title="bbox 1907 5544 3491 5617">
    <p class='ocr_par' dir='ltr' id='par_1_115' title="bbox 1907 5544 3491 5617">
     <span class='ocr_line' id='line_1_116' title="bbox 1907 5544 3491 5617; baseline -0.011 0"><span class='ocrx_word' id='word_1_874' title='bbox 1907 5560 2115 5617; x_wconf 83' lang='lat' dir='ltr'><strong>vatoris</strong></span> <span class='ocrx_word' id='word_1_875' title='bbox 2160 5558 2436 5613; x_wconf 87' lang='lat' dir='ltr'><strong>variarum</strong></span> <span class='ocrx_word' id='word_1_876' title='bbox 2481 5553 2853 5609; x_wconf 87' lang='lat' dir='ltr'><strong>doctrinarum</strong></span> <span class='ocrx_word' id='word_1_877' title='bbox 2900 5547 3173 5604; x_wconf 90' lang='lat' dir='ltr'><strong>thuribula</strong></span> <span class='ocrx_word' id='word_1_878' title='bbox 3223 5544 3491 5600; x_wconf 79' lang='lat' dir='ltr'><strong>diabolica</strong></span> 
     </span>
    </p>
   </div>
   <div class='ocr_carea' id='block_1_116' title="bbox 1900 5637 3491 5729">
    <p class='ocr_par' dir='ltr' id='par_1_116' title="bbox 1900 5637 3491 5729">
     <span class='ocr_line' id='line_1_117' title="bbox 1900 5637 3491 5729; baseline -0.01 -21"><span class='ocrx_word' id='word_1_879' title='bbox 1900 5653 2032 5729; x_wconf 76' lang='lat' dir='ltr'><strong>igne</strong></span> <span class='ocrx_word' id='word_1_880' title='bbox 2060 5648 2381 5719; x_wconf 81' lang='lat' dir='ltr'><strong>complevit?</strong></span> <span class='ocrx_word' id='word_1_881' title='bbox 2410 5645 2598 5716; x_wconf 79' lang='lat' dir='ltr'><strong>Neque</strong></span> <span class='ocrx_word' id='word_1_882' title='bbox 2622 5644 2770 5699; x_wconf 87' lang='lat' dir='ltr'><strong>enim</strong></span> <span class='ocrx_word' id='word_1_883' title='bbox 2818 5641 3081 5697; x_wconf 91' lang='lat' dir='ltr'><strong>Dominus</strong></span> <span class='ocrx_word' id='word_1_884' title='bbox 3120 5638 3213 5711; x_wconf 90' lang='lat' dir='ltr'><strong>qui</strong></span> <span class='ocrx_word' id='word_1_885' title='bbox 3248 5637 3491 5709; x_wconf 88' lang='lat' dir='ltr'><strong>loquitur</strong></span> 
     </span>
    </p>
   </div>
   <div class='ocr_carea' id='block_1_117' title="bbox 1906 5729 3488 5818">
    <p class='ocr_par' dir='ltr' id='par_1_117' title="bbox 1906 5729 3488 5818">
     <span class='ocr_line' id='line_1_118' title="bbox 1906 5729 3488 5818; baseline -0.02 -10"><span class='ocrx_word' id='word_1_886' title='bbox 1906 5761 2005 5818; x_wconf 76' lang='lat' dir='ltr'><strong>per</strong></span> <span class='ocrx_word' id='word_1_887' title='bbox 2022 5744 2368 5816; x_wconf 86' lang='lat' dir='ltr'><strong>prophetam:</strong></span> <span class='ocrx_word' id='word_1_888' title='bbox 2408 5737 2522 5810; x_wconf 83' lang='lat' dir='ltr'><strong>Ego</strong></span> <span class='ocrx_word' id='word_1_889' title='bbox 2557 5737 2781 5793; x_wconf 84' lang='lat' dir='ltr'><strong>uisiones</strong></span> <span class='ocrx_word' id='word_1_890' title='bbox 2806 5730 3169 5804; x_wconf 73' lang='lat' dir='ltr'><strong>multiplicari,</strong></span> <span class='ocrx_word' id='word_1_891' title='bbox 3192 5739 3239 5785; x_wconf 90' lang='lat' dir='ltr'><strong>et</strong></span> <span class='ocrx_word' id='word_1_892' title='bbox 3284 5729 3341 5783; x_wconf 87' lang='lat' dir='ltr'><strong>in</strong></span> <span class='ocrx_word' id='word_1_893' title='bbox 3367 5734 3488 5818; x_wconf 53' lang='lat' dir='ltr'><strong>ma;</strong></span> 
     </span>
    </p>
   </div>
   <div class='ocr_carea' id='block_1_118' title="bbox 1910 5806 3491 5914">
    <p class='ocr_par' dir='ltr' id='par_1_118' title="bbox 1910 5806 3491 5914">
     <span class='ocr_line' id='line_1_119' title="bbox 1910 5806 3491 5914; baseline -0.015 -21"><span class='ocrx_word' id='word_1_894' title='bbox 1910 5806 2063 5893; x_wconf 64' lang='lat' dir='ltr'><strong>nibus</strong></span> <span class='ocrx_word' id='word_1_895' title='bbox 2106 5806 2476 5908; x_wconf 68' lang='lat' dir='ltr'><strong>prophetarum</strong></span> <span class='ocrx_word' id='word_1_896' title='bbox 2517 5827 2840 5887; x_wconf 73' lang='lat' dir='ltr'><strong>assimilatas</strong></span> <span class='ocrx_word' id='word_1_897' title='bbox 2883 5842 3000 5883; x_wconf 84' lang='lat' dir='ltr'><strong>sum</strong></span> <span class='ocrx_word' id='word_1_898' title='bbox 3044 5821 3191 5901; x_wconf 85' lang='lat' dir='ltr'><strong>(Ose.</strong></span> <span class='ocrx_word' id='word_1_899' title='bbox 3237 5806 3491 5914; x_wconf 32' lang='lat' dir='ltr'><strong>x510),</strong></span> 
     </span>
    </p>
   </div>
  </div>
