3992 6336
570 323 679 382 279

1551 320 1886 380 illNCMARl
1926 321 2319 392 RHEMENSIS
2351 323 2868 384 ARCHIEPISCOPI

3719 332 3806 390 280

572 439 907 495 adulterinas
932 451 1059 492 eum
1111 438 1305 493 docuit'
1323 435 1568 508 proferre
1617 435 1915 502 doctrinas,
1939 450 2044 491 nec
2067 429 2162 506 qui
2188 437 2244 498 Α
2267 452 2373 492 non
2403 437 2637 508 perdidit
2667 439 2749 494 vel
2799 436 3056 505 dejectus.
3117 455 3135 489 ι
3191 435 3257 492 Et
3303 435 3433 493 item
3463 434 3516 492 in
3542 437 3714 497 Edicto
3745 446 3808 500 ci-

572 544 602 583 a
639 528 904 600 principio
941 527 1043 597 ipsi
1073 526 1346 592 viderunt,
1377 534 1433 580 et
1458 525 1695 580 miniStri
1741 524 1962 580 fuerunt
2008 525 2159 580 verbi

575 620 689 674 Dei.
725 619 834 674 Nec
859 620 1246 688 prophetarum
1291 617 1511 684 chorus,
1540 616 1635 686 qui
1665 615 1795 671 olim
1827 614 2161 670 vocabantur
2197 608 2199 610 ’

575 707 856 782 videntes,
892 710 1010 765 haec
1036 725 1160 764 eum
1183 709 1459 764 instituit:
1493 709 1589 764 sed
1642 709 1756 780 ipse
1808 724 1919 764 suae
1960 709 2160 765 mentis

573 800 800 856 arbitrio
826 800 998 857 furori
1025 801 1329 857 daemonum
1359 802 1626 867 serviens,
1657 811 1712 858 et
1732 801 1928 858 blando
1955 802 2160 873 cogita-

568 894 779 947 tionum
810 907 999 949 errore
1048 893 1328 964 deceptus,
1357 909 1601 965 gregem,
1633 900 1712 959 et,
1743 899 1804 947 ut
1830 892 1905 947 ita
1958 892 2157 958 dicam,

568 997 799 1038 examen
837 987 1147 1053 dogmatum
1187 997 1566 1053 perversorum
1609 998 1706 1052 per
1754 990 1926 1037 totum
1971 982 2160 1037 orbem

567 1071 800 1128 immisit
834 1073 1106 1128 mentibus
1133 1073 1494 1130 indoctorum.
1527 1073 1632 1128 Iste
1666 1082 1751 1129 est
1785 1073 1879 1144 qui
1917 1072 2161 1144 Assyriis

570 1161 990 1235 Babyloniisque
1019 1163 1331 1220 fluminibus
1357 1165 1567 1236 aperuit
1607 1180 1669 1220 os
1715 1163 1896 1230 suuui,
1929 1163 2022 1235 qui
2064 1180 2161 1219 na-

569 1270 694 1310 vem
752 1255 1027 1320 Ecclesiae,
1080 1272 1347 1312 nonarum
1391 1257 1654 1312 mercium
1709 1257 1922 1328 plenam
1972 1256 2160 1313 salutis

568 1345 849 1409 doctrinae,
902 1345 1154 1401 ﬂuctibus
1199 1347 1414 1417 operire
1445 1356 1672 1402 conatus
1702 1355 1805 1412 est,
1833 1347 1959 1402 dum
1986 1346 2162 1417 impe-

557 1436 802 1494 ritorum
833 1437 995 1493 laude
1024 1437 1356 1502 sustollitur,
1395 1446 1450 1494 et
1477 1437 1887 1508 Scripturarum
1940 1452 2158 1492 sensum

570 1527 732 1582 aliter
757 1545 918 1598 quam
948 1544 1006 1584 se
1031 1530 1195 1586 habet
1220 1531 1422 1586 veritas
1447 1532 1772 1593 edisserens,
1793 1515 2062 1600 gloriatur
2104 1529 2159 1584 in

568 1621 907 1678 confusione.
958 1622 1090 1691 Quis
1116 1625 1261 1679 enim
1286 1633 1396 1679 tam
1423 1625 1851 1681 innumerabiles
1892 1633 1946 1680 et
1968 1640 2161 1695 garru-

567 1711 653 1768 los
678 1722 732 1768 et
754 1715 1099 1771 verbositatis
1130 1725 1292 1786 atque
1319 1717 1604 1788 imperitiae
1626 1718 1815 1790 plenos
1837 1719 2162 1788 conscripsit

2265 527 2424 583 vibus
2458 527 2720 584 Romanis
2759 528 3036 600 proposito
3063 527 3217 600 (libro
3255 545 3334 595 XI,
3364 530 3513 599 epist.
3535 530 3621 601 '5):
3655 551 3671 583 ι
3699 533 3808 590 Per-

2261 619 2435 684 venit,
2480 620 2675 690 inquit,
2713 619 2780 674 ad
2814 635 2900 674 me
2929 619 3190 691 quosdam
3222 619 3568 691 presbyteros
3596 625 3808 692 perversi

2261 712 2486 782 spiritus
2512 711 2780 777 homines,
2810 727 2977 783 prava
3023 713 3165 767 inter
3193 727 3291 766 vos
3338 711 3540 781 aliqua,
3567 720 3619 768 et
3639 724 3810 770 sancta:

2261 805 2384 860 ﬁdei
2415 804 2642 860 adversa
2694 804 3011 869 seminasse,
3041 804 3113 859 ita
3156 812 3216 859 ut
3254 803 3343 858 die
3375 802 3597 859 Sabbati
3639 805 3810 876 aliquid

2259 895 2473 966 operari
2502 896 2875 966 prohiberent.
2911 894 3058 962 Quos
3087 894 3216 964 quid
3245 893 3392 948 aliud
3437 894 3537 949 nisi
3569 893 3810 951 Antichri-

2261 986 2331 1042 sti
2360 987 2745 1056 przedicatores
2773 987 3028 1050 dixerim,
3074 986 3165 1056 qui
3207 985 3435 1041 veniens
3464 985 3599 1039 diem
3629 984 3809 1041 Sabba-

2261 1085 2374 1132 tum
2404 1086 2566 1147 atque
2595 1078 2934 1133 Dominicum
2956 1077 3024 1132 ab
3047 1077 3194 1132 omni
3220 1075 3386 1131 faciet
3409 1091 3568 1147 opere
3606 1078 3812 1132 custodi-

2259 1168 2352 1222 ri?
2380 1167 2514 1236 Quia
2550 1169 2694 1224 enim
2725 1147 2864 1224 mori
2895 1184 2954 1224 se
3001 1178 3056 1225 et
3090 1183 3380 1237 resurgere
3429 1168 3706 1233 simulabit,
3727 1170 3809 1224 ha-

2259 1259 2378 1315 beri
2410 1261 2461 1314 in
2491 1261 2841 1316 veneratione
2863 1260 2982 1315 vult
3026 1261 3168 1316 diem
3212 1259 3551 1315 Dominicum
3585 1279 3597 1314 :
3627 1269 3676 1315 et
3705 1263 3810 1330 quia

2259 1348 2544 1406 Judaizare
2574 1351 2827 1421 populum
2874 1337 3181 1421 compellet,
3221 1357 3283 1404 ut
3320 1350 3640 1417 exteriorem
3672 1349 3810 1405 ritum

2259 1441 2393 1513 legis
2442 1451 2680 1506 revocet,
2731 1451 2787 1499 et
2832 1442 2935 1498 sibi
2972 1441 3279 1498 Judaeorum
3324 1439 3601 1512 perﬁdiam
3626 1441 3808 1507 subdat,

2261 1533 2362 1588 coli
2397 1533 2508 1588 vult
2546 1532 2863 1589 Sabbatum.
2910 1554 2929 1587 ι
2964 1533 3033 1589 Ει
3084 1533 3226 1588 Beda
3284 1532 3340 1588 in
3389 1531 3648 1588 Chronica
3689 1546 3804 1587 sua:

2266 1644 2285 1676 ‹
2323 1625 2390 1679 Ει
2419 1625 2548 1690 vidi,
2581 1626 2775 1696 inquit,
2804 1625 2871 1682 de
2904 1628 3040 1683 mari
3078 1628 3313 1684 bestiam
3343 1629 3730 1693 ascendentem,
3763 1636 3810 1685 et

2261 1715 2408 1770 dedit
2460 1714 2534 1770 illi
2583 1717 2746 1772 draco
2787 1718 3046 1774 virtutem
3091 1735 3246 1776 suam
3283 1730 3338 1776 et
3376 1729 3682 1791 potestatem
3713 1736 3808 1776 ma~

565 1804 758 1872 libros,
782 1817 837 1862 et
859 1807 1373 1879 infatigabilistudio
1393 1809 1508 1866 dies
1539 1819 1832 1880 noctesque
1857 1808 2157 1878 conjunxit,
2190 1800 2237 1859 Β
2265 1819 2446 1874 gnam.
2483 1805 2534 1859 Id
2566 1815 2670 1871 est,
2721 1806 2829 1861 vidi
2877 1807 3154 1864 hominem
3192 1811 3482 1866 saevissimi
3535 1811 3735 1880 ingenii,
3759 1811 3810 1867 de

563 1909 626 1953 ut
655 1915 906 1955 errorum
935 1912 1286 1957 monumenta
1302 1903 1583 1959 dimittens
1609 1912 1913 1959 mereretur
1935 1902 2153 1957 audire:

566 1989 756 2045 Multis
800 1992 1072 2047 itineribus
1112 1994 1216 2047 tuis
1270 1994 1516 2064 deceptus
1567 2012 1641 2050 es.
1698 1994 1841 2051 Usus
1895 2001 1978 2049 est
2011 1992 2158 2047 enim

565 2083 704 2138 duce
727 2084 963 2154 pessimo
984 2100 1116 2139 aura
1142 2084 1406 2156 populari,
1432 2095 1486 2142 et
1523 2085 1775 2157 plurimis
1813 2085 1964 2140 falsae
1985 2083 2163 2140 scien-

565 2174 657 2230 tiae
708 2175 1073 2231 voluminibus
1121 2177 1382 2243 exaratis,
1431 2193 1495 2232 ac
1516 2177 1708 2233 rebelli
1745 2184 1937 2233 contra
1984 2175 2160 2231 Deum

563 2274 748 2320 mente
772 2283 1035 2336 pugnans,
1054 2277 1331 2339 unguento
1348 2269 1654 2324 caelestium
1683 2269 2053 2324 doctrinarum
2072 2281 2160 2322 sa-

564 2354 708 2409 niem
724 2357 1009 2425 quamdam
1024 2365 1080 2412 et
1090 2367 1339 2428 putorem
1356 2360 1437 2414 sui
1456 2359 1642 2414 fetoris
1660 2359 2033 2423 immiscuit,ut
2047 2372 2172 2417 rur-_

565 2461 683 2500 sum
701 2447 766 2501 ad
782 2463 935 2502 suam
963 2449 1198 2503 animam
1226 2449 1529 2506 diceretur:
1558 2449 1839 2506 Immunda
1871 2458 1926 2506 et
1955 2449 2160 2504 famosa

566 2547 621 2593 et
638 2539 803 2592 nimia
830 2539 1230 2608 iniquitatibus.
1252 2539 1440 2612 Neque
1458 2542 1600 2597 enim
1623 2543 1943 2613 prophetam
1968 2540 2162 2597 audire

566 2630 729 2702 215
760 2631 923 2686 voluit
949 2641 1424 2689 commonentem:
1470 2633 1647 2700 Quare
1696 2633 1915 2705 diligitis
1955 2632 2163 2687 uanita-

565 2731 689 2788 tem,
719 2733 764 2778 et
800 2725 1036 2795 quaeritis
1077 2726 1452 2781 mendacium?
1493 2724 1665 2797 (Psal.
1712 2740 1788 2792 Iv,
1811 2724 1870 2797 5)
1929 2723 2030 2792 Qui
2059 2738 2160 2795 pro

566 2814 903 2872 daemonibus
954 2816 1235 2874 Christum
1288 2818 1463 2891 afﬁgit
1491 2819 1664 2883 cruci,
1716 2827 1777 2874 ut
1826 2832 1934 2873 non
1982 2817 2158 2873 solum

565 2903 663 2959 Dei
713 2914 768 2959 et
811 2906 1119 2973 hominum,
1165 2908 1260 2963 sed
1290 2909 1597 2964 daemonum
1638 2923 1855 2978 quoque
1891 2907 2162 2963 mediator

567 2995 683 3052 ﬁat.
713 2997 916 3052 Verum
949 2998 1096 3054 absit
1145 3009 1257 3054 tam
1287 2999 1526 3055 immane
1572 2999 1727 3054 nefas
1772 3000 1840 3054 de
1875 2998 2160 3053 Salvatore

567 3088 822 3156 credere,
862 3098 923 3144 ut
952 3089 1214 3161 templum
1262 3091 1508 3161 corporis
1539 3092 1646 3158 sui,
1695 3089 1838 3159 quod
1858 3103 1959 3159 pro
2002 3089 2158 3144 nobis

2264 1897 2592 1952 tumultuosa
2634 1899 2923 1970 impiorum
2973 1902 3142 1972 stirpe
3184 1903 3557 1974 progenitum.
3583 1902 3673 1958 Cui
3709 1918 3809 1958 mox

2264 1999 2418 2054 nato,
2443 1999 2498 2045 et
2536 2004 2634 2060 per
2682 1992 2922 2063 magicas
2951 2001 3097 2050 artes
3127 2010 3157 2050 a
3188 1995 3445 2066 pessimis
3484 1995 3678 2050 imbuto
3719 2009 3809 2049 ma-

2263 2082 2466 2152 gistris,
2495 2082 2797 2155 adjungens
2848 2099 2905 2140 se
2957 2084 3225 2152 diabolus,
3274 2096 3444 2142 totam
3479 2087 3684 2141 virtutis
3719 2100 3809 2140 suae

2261 2176 2584 2244 potentiam,
2614 2190 2712 2245 per
2742 2192 2904 2246 quam
2954 2177 3162 2249 magica
3194 2179 3413 2234 caeteris
3440 2177 3675 2234 omnibus
3714 2191 3808 2231 ma-

2258 2270 2378 2340 jora
2426 2280 2688 2342 patraret,
2722 2273 3032 2327 individuus
3059 2287 3243 2328 comes
3274 2273 3476 2327 attulit.
3502 2271 3566 2326 Et
3612 2273 3721 2325 data
3743 2277 3809 2323 est

2262 2373 2526 2435 potestas,
2557 2365 2749 2434 inquit,
2801 2363 2878 2419 illi
2925 2363 3105 2419 facere
3138 2379 3360 2420 menses
3387 2363 3481 2429 42,
3512 2363 3563 2417 id
3600 2370 3691 2429 est,
3720 2369 3808 2415 tres

2265 2473 2436 2514 annos
2461 2467 2515 2513 et
2546 2457 2848 2512 dimidium.
2881 2456 3148 2512 Percusso
3177 2465 3368 2512 autem
3411 2455 3500 2510 illo
3535 2452 3806 2525 perditionis

2263 2548 2408 2617 ﬁlio,
2441 2549 2555 2604 sive
2586 2546 2654 2602 ab
2681 2547 2797 2618 ipso
2828 2547 3074 2610 Domino,
3124 2547 3236 2602 sive
3270 2563 3303 2602 a
3332 2545 3584 2602 Michaele
3614 2543 3806 2598 archan-

2262 2638 2404 2708 gelo,
2436 2647 2496 2692 ut
2523 2637 2738 2708 quidam
2760 2637 2973 2702 docent,
3006 2646 3062 2692 et
3097 2645 3304 2692 aeterna
3333 2636 3535 2692 ultione
3570 2634 3804 2697 damnato,

2262 2745 2371 2784 non
2396 2730 2653 2786 continuo
2682 2729 2846 2802 216
2876 2729 2992 2784 dies
3026 2726 3216 2797 judicii
3247 2737 3538 2785 secuturus
3581 2741 3688 2782 esse
3710 2739 3804 2780 cre-

2263 2822 2470 2878 dendus
2518 2832 2620 2878 est.
2669 2821 2884 2892 Alioqui
2935 2822 3077 2876 scire
3121 2829 3350 2892 possent
3409 2820 3642 2876 homines
3687 2815 3802 2871 illius

2261 2916 2362 2971 aevi
2390 2923 2598 2985 tempus
2620 2914 2832 2984 judicii,
2866 2914 2911 2969 si
2931 2922 3055 2990 post
3083 2921 3195 2968 tres
3222 2913 3395 2969 semis
3433 2927 3596 2967 annos
3621 2909 3804 2964 inchoa-

2261 3015 2330 3063 ta:
2350 3008 2744 3078 persecutionis
2771 3004 3095 3061 Antichristi
3122 3003 3416 3061 confestim
3457 3009 3759 3072 sequeretur.
3783 3015 3798 3047 ι

2262 3099 2330 3155 Et
2374 3109 2594 3156 sanctus
2640 3099 3026 3169 Hieronymus,
3063 3112 3345 3168 exponens
3375 3095 3680 3152 sententiam
3714 3090 3799 3144 Da-

567 3181 835 3236 suscitare
862 3180 1115 3253 dignatus
1145 3189 1252 3248 est,
1299 3183 1622 3247 amissurus,
1672 3180 1817 3235 aliud
1863 3179 1965 3233 sibi
2011 3185 2154 3234 tem-
2184 3167 2230 3231 C
2262 3190 2421 3246 nielis
2457 3210 2471 3245 ε
2504 3209 2523 3242 ι
2584 3191 2756 3255 Beati,
2805 3167 3001 3259 inquit,
3044 3167 3147 3259 qui
3183 3187 3474 3245 interfecto
3512 3183 3801 3242 Antichrislo

568 3273 716 3342 plum
751 3275 1064 3330 daemonicae
1092 3274 1419 3330 conditionis
1459 3274 1667 3346 afﬁgat,
1699 3281 1756 3326 ut
1780 3271 1994 3327 illorum
2022 3287 2158 3343 quo-

565 3378 672 3432 que
708 3374 926 3436 recepta
951 3365 1308 3421 similitudine
1336 3382 1434 3436 pro
1467 3364 1597 3433 ipsis
1612 3364 1908 3434 patibulum
1939 3365 2153 3420 subeat.

565 3451 825 3520 Obsecro,
885 3456 1086 3511 fratres
1132 3455 1494 3519 dilectissimi,
1550 3463 1608 3508 ut
1651 3455 1949 3525 ignoscatis
1983 3454 2156 3512 dolori

567 3561 690 3602 nico
731 3549 996 3604 doctrinis
1039 3548 1219 3618 impiis
1270 3547 1566 3602 resistenti.
1612 3546 1751 3602 Dum
1792 3539 1952 3603 enim.
1979 3548 2157 3620 impu-

566 3637 804 3692 dentiam
839 3646 1171 3692 scctatorum
1213 3635 1330 3705 ejus
1354 3644 1699 3706 repercutere
1727 3637 1970 3703 nitimur,
2001 3652 2152 3693 com-

565 3745 758 3801 pagem
794 3728 980 3785 lorica:
1009 3728 1178 3799 ipsius
1203 3737 1259 3783 et
1286 3729 1536 3783 venenati
1575 3729 1812 3798 pectoris
1854 3728 2159 3784 fraudulen-

569 3822 672 3876 tias
703 3823 756 3875 iu
786 3822 1020 3876 medium
1047 3820 1391 3892 protulimus,
1422 3831 1479 3877 ut
1506 3822 1636 3878 illud
1662 3837 1879 3893 quoque
1916 3822 2155 3894 comple-

565 3919 717 3964 retur
743 3912 796 3964 in
819 3927 913 3965 eo:
945 3910 1576 3990 Revelabojgnominiam
1607 3922 1777 3980 tuam,
1805 3924 1851 3968 et
1885 3913 2154 3969 ostendam

562 4018 678 4056 eam
706 4003 1028 4058 amatoribus
1059 4004 1162 4058 tuis
1192 4003 1409 4074 (Ezech.
1435 4019 1544 4066 xvr,
1577 4003 1690 4076 '57).
1728 4025 1748 4058 ι

638 4091 713 4147 De
732 4093 1067 4148 Antichristo
1087 4102 1263 4149 autem
1279 4093 1802 4164 sanctusGregorius
1817 4093 2022 4150 inlibro
2042 4093 2156 4150 Mo-

562 4183 756 4239 ralium
777 4200 908 4240 xxxi
953 4184 1092 4258 (cap.
1125 4185 1181 4258 2)
1211 4185 1342 4242 dicit
1379 4204 1393 4240 :
1430 4205 1448 4237 ‹
1479 4185 1613 4253 Quia
1639 4201 1767 4256 ergo
1792 4201 1889 4256 per
1914 4188 2153 4264 undena-

561 4279 703 4333 rium
736 4295 1018 4336 numerum
1046 4281 1405 4351 transgressio
1423 4281 1764 4351 exprimitur,
1790 4283 1949 4353 hujus
1967 4284 2155 4342 bestiae

557 4387 726 4426 cornu
747 4373 1029 4428 undecimo
1051 4373 1167 4442 ipse
1189 4380 1381 4428 auctor
1400 4375 1844 4444 transgressionis
1857 4375 2150 4444 judicatur,

563 4464 708 4534 quod
761 4463 1012 4519 videlicet
1039 4463 1323 4535 parvulum
1379 4465 1574 4532 oritur,
1624 4469 1749 4537 quia
1779 4484 1948 4538 purus
1984 4473 2148 4528 homo

2259 3299 2424 3354 supra
2453 3299 2629 3338 uccxx
2651 3282 2788 3348 dies,
2822 3283 2872 3336 id
2904 3292 2988 3338 est
3015 3291 3128 3338 tres
3171 3281 3342 3338 semis
3366 3295 3533 3337 annos
3576 3277 3680 3334 dies
3725 3273 3797 3337 45.

2257 3374 2663 3446 praestolamur,
2714 3374 2910 3444 quibus
2960 3381 3044 3428 est
3091 3372 3357 3429 Dominus
3410 3380 3567 3442 atque
3605 3367 3801 3424 salvator

2259 3466 2315 3522 in
2364 3469 2480 3521 sua'
2515 3467 2799 3535 majestate
2843 3472 3124 3520 venturus.
3169 3484 3187 3516 ι
3217 3465 3289 3520 Et
3314 3466 3442 3521 item
3468 3462 3733 3535 Gregorius
3757 3457 3800 3511 in

2257 3573 2410 3613 xxxn
2443 3557 2726 3612 Moralium
2772 3556 2912 3612 libro
2952 3556 3089 3629 (cap.
3119 3557 3242 3630 12):
3281 3578 3300 3611 ‹
3338 3557 3489 3626 Quod
3513 3571 3606 3628 per
3634 3551 3798 3609 Danie-

2258 3649 2364 3706 lem
2413 3650 2756 3719 subjungitur
2805 3667 2819 3703 :
2855 3647 2983 3704 Sine
3012 3666 3174 3704 manu
3206 3658 3504 3704 conteretur
3527 3645 3674 3718 (Dan.
3702 3653 3796 3703 vut,

2179 3797 2182 3800 .
2259 3740 2370 3813 15),
2421 3741 2526 3796 hoc
2573 3756 2671 3811 per
2715 3739 2943 3794 Paulum
2985 3739 3356 3810 exprimitur:
3389 3738 3550 3804 Quem
3581 3732 3798 3790 Dominus

2263 3833 2421 3888 Iesus
2448 3832 2725 3901 interﬁciat
2753 3833 2941 3902 spiritu
2970 3832 3078 3886 oris
3101 3831 3204 3897 sui,
3231 3841 3286 3886 et
3332 3831 3555 3886 destruet
3598 3824 3798 3880 illustra-

2258 3923 2399 3978 tione
2445 3922 2696 3978 adventus
2749 3923 2832 3976 sui
2872 3920 2974 3997 ,(11
3027 3919 3210 3976 Thess.
3264 3938 3304 3987 ι,
3363 3921 3440 3990 8).
3504 3919 3624 3975 Sine
3663 3924 3797 3969 manu

2258 4012 2467 4069 scilicet
2490 4021 2822 4076 conteretur,
2861 4012 2988 4082 quia
3026 4026 3134 4066 non
3180 4013 3493 4084 angelorum
3534 4006 3679 4071 bello,
3711 4015 3796 4057 non

2261 4112 2574 4159 sanctorum
2626 4101 2927 4158 certamine
2957 4142 2971 4166 ,
3023 4103 3116 4157 sed
3158 4117 3261 4172 per
3321 4103 3600 4157 adventum
3634 4090 3797 4184 iudicis

2261 4194 2376 4250 solo
2421 4195 2535 4250 oris
2583 4193 2777 4263 spiritu
2826 4201 3031 4248 aeterna
3077 4201 3254 4248 morte
3279 4193 3517 4247 ferietur.
3551 4181 3658 4242 {Et
3692 4181 3794 4238 item

2263 4285 2571 4358 (cap.15):
2610 4304 2630 4336 ε
2667 4283 2774 4340 Sed
2822 4284 2948 4354 quia
2994 4282 3153 4353 quale
3193 4283 3266 4339 sit
3319 4284 3615 4353 iniquorum
3663 4278 3795 4342 caput

2261 4376 2587 4440 audivimus,
2615 4391 2760 4432 nunc
2790 4375 2917 4431 huic
2943 4375 3106 4446 capiti
3126 4391 3248 4447 quaz
3271 4376 3511 4432 membra
3526 4369 3795 4426 adhaereant

2258 4482 2637 4540 agnoscamus.
2666 4465 2923 4537 Quisquis
2965 4481 3198 4537 namque
3245 4466 3300 4521 in
3341 4463 3585 4535 superbia
3611 4453 3791 4516 extolli-

561 4563 876 4624 gcneratur,
908 4555 1004 4610 sed
1030 4555 1339 4610 immaniter
1359 4558 1578 4623 crescit,
1601 4559 1694 4628 qui
1723 4575 1893 4631 usque
1917 4561 1984 4615 ad
2019 4576 2148 4616 con-
2173 4532 2226 4593 D
2257 4569 2366 4627 tur,
2389 4561 2637 4649 quisquis
2662 4560 2904 4614 avaritia:
2932 4559 3218 4617 desideriis
3241 4560 3529 4622 cruciatur,
3579 4546 3790 4622 (ιιιίείιιιίε

553 4643 802 4709 junctam
856 4647 959 4701 sibi
1012 4647 1122 4702 vim
1165 4649 1420 4720 angelicae
1468 4649 1800 4708 fortitudinis
1856 4652 2090 4722 proﬁcit.
2120 4673 2140 4707 ι

559 4733 627 4788 Ει
654 4735 781 4790 item
807 4738 944 4808 (cap.
978 4739 1069 4812 18)
1104 4757 1116 4794 :
1155 4758 1174 4793 ι
1220 4740 1555 4812 Principium
1592 4745 1802 4798 viarum
1835 4744 1929 4800 Dei
1968 4743 2142 4801 Vehe-

556 4835 711 4888 moth
757 4835 1004 4890 dicitur:
1046 4838 1172 4907 quia
1225 4839 1484 4895 nimirum
1537 4853 1659 4896 cum
1711 4849 1907 4896 cuncta
1950 4855 2142 4898 creans

555 4934 762 4994 ageret,
792 4927 936 4983 hunc
961 4929 1194 4998 primum
1225 4926 1661 5002 condidit,quem
1683 4931 1908 5003 reliquis
1935 4933 2143 5005 angelis

556 5017 971 5075 eminentiorem
1011 5022 1158 5077 fecit.
1202 5041 1222 5075 ›
1256 5022 1468 5078 Etitem
1499 5023 1636 5094 (cap.
1668 5024 1793 5094 l2):
1822 5041 1841 5075 ‹
1878 5019 2018 5092 Quid
2047 5041 2144 5081 au-

551 5114 662 5161 tem
685 5111 857 5164 cauda
886 5109 1188 5180 Vehemoth
1237 5113 1413 5179 istius,
1455 5114 1559 5168 nisi
1606 5113 1694 5168 illa
1725 5115 1932 5186 antiqui
1963 5115 2140 5173 hostis

553 5201 871 5255 extremitas
899 5202 1116 5268 dicitur,
1161 5219 1285 5258 cum
1336 5219 1432 5258 vas
1467 5206 1745 5276 pr0prium
1782 5207 1932 5260 illum
1959 5208 2142 5276 perdi-

551 5297 662 5342 tum
704 5289 978 5346 hominem
1026 5293 1348 5365 ingreditur,
1387 5294 1480 5363 qui
1515 5295 1825 5364 specialiter
1867 5296 2140 5352 Antichri-

552 5386 670 5435 stus
697 5386 1083 5454 nunmpatur?
1116 5405 1133 5437 ι
1170 5384 1238 5439 Et
1275 5384 1404 5440 item
1454 5385 1592 5457 (cap.
1643 5386 1848 5457 eodem)
1886 5406 1898 5441 :
1934 5408 1952 5439 ι
1983 5389 2137 5443 Tunc

548 5465 918 5527 Antichristus
965 5473 1150 5528 mundi
1190 5474 1414 5553 gloriam
1457 5475 1826 5546 temporaliter
1859 5464 2132 5545 obtinens,

549 5575 832 5620 mensuras
861 5567 1142 5622 hominum
1177 5576 1232 5623 et
1261 5568 1484 5624 honoris
1505 5569 1743 5624 culmine
1771 5577 1826 5625 et
1855 5571 2130 5641 signorum

546 5663 814 5724 potestate
859 5660 1215 5715 transcendit.
1269 5660 1503 5732 Spiritus
1548 5663 1744 5732 quippe
1795 5662 1848 5717 in
1889 5661 1981 5718 illo
2026 5671 2132 5731 est,

547 5747 642 5818 qui
673 5747 726 5802 in
754 5749 1076 5808 sublimibus
1119 5754 1391 5820 conditus,
1435 5755 1737 5824 potentiam
1778 5761 1986 5809 natura:
2022 5769 2133 5811 suae

2253 4644 2480 4707 luxuriae
2508 4650 2873 4721 voluptatibus
2913 4650 3161 4717 solvitur,
3214 4649 3460 4728 quisquis
3507 4644 3700 4712 iniusta:
3738 4648 3790 4689 ac

2253 4747 2626 4802 immoderata:
2674 4744 2768 4798 ira:
2811 4743 2993 4815 flagris
3038 4743 3259 4814 ignitur,
3308 4743 3435 4812 quid
3474 4737 3611 4794 aliud
3652 4742 3786 4803 quam

2249 4837 2572 4893 Antichristi
2620 4836 2775 4891 testis
2822 4836 2948 4890 est?
2980 4834 3048 4889 Et
3073 4835 3126 4890 in
3151 4833 3377 4905 epistola
3423 4827 3636 4886 Joannis
3676 4832 3789 4889 apo-

2249 4928 2373 4983 stoli
2399 4927 2657 4997 scriptum
2686 4933 2768 4981 est
2798 4943 2811 4980 :
2838 4923 2904 4979 Et
2923 4924 3058 4978 sicut
3084 4925 3310 4979 audistis
3334 4923 3454 4992 quia
3476 4913 3788 4974 Antirhristus

2249 5020 2438 5085 ueniet,
2493 5027 2544 5073 et
2597 5034 2734 5072 nunc
2802 5015 3113 5071 Antichristi
3165 5016 3316 5070 multi
3361 5021 3481 5068 sunt
3539 5006 3602 5081 (I
3647 5003 3783 5060 10M.

2247 5127 2350 5177 xu,
2378 5110 2490 5184 18).
2525 5131 2544 5164 ι
3666 5183 3678 5194 Δ
3732 5179 3758 5194 Α

2319 5201 2458 5257 Hinc
2511 5201 2837 5258 venerabilis
2877 5201 3161 5273 presbyter
3205 5199 3350 5256 Beda
3389 5195 3561 5254 dicit:
3597 5209 3613 5242 ι
3653 5183 3782 5240 Anti-

2247 5293 2482 5349 christos
2509 5292 2639 5348 dicit
2667 5294 2972 5359 haereticos,
3002 5295 3098 5350 sed
3127 5301 3184 5348 et
3221 5291 3342 5346 illos
3372 5287 3482 5360 qui,
3529 5282 3674 5338 ﬁdem
3705 5285 3780 5329 c8-

2243 5385 2503 5441 tholicam
2533 5401 2694 5455 quam
2747 5385 3097 5450 conﬁtentur,
3144 5379 3436 5455 perversis]
3460 5375 3654 5431 actibus

2242 5486 2478 5532 struunt.
2516 5477 2670 5533 Unde
2710 5487 2923 5534 constat
2960 5477 3086 5547 quia
3107 5475 3468 5531 Autichristus
3509 5465 3777 5556 contrarius

2243 5567 2458 5623 Christo
2484 5578 2726 5624 vocatur.
2759 5569 2961 5624 Omnes
2990 5568 3061 5622 illi
3104 5568 3340 5621 maximo
3386 5555 3694 5649 Antichristo
3728 5555 3774 5649 Ill

2244 5660 2352 5716 ﬁne
2407 5661 2590 5717 saeculi
2627 5671 2855 5718 venturo
2905 5661 3060 5732 quasi
3110 5673 3208 5714 suo
3244 5654 3405 5726 capiti
3449 5645 3770 5739 testimonium

2243 5753 2495 5809 reddunt.
2529 5753 2680 5810 Sicut
2708 5763 2762 5810 et
2788 5753 2988 5808 Paulus
3020 5751 3152 5808 dicit
3187 5749 3313 5821 quia
3356 5740 3639 5816 mysterium
3673 5737 3770 5798 jam
