3992 6336
226 316 327 377 281

999 316 1089 376 DE
1126 312 1794 377 PRIEDESTINATIONE
1831 315 2289 377 DISSERTATIO
2321 319 2735 379 POSTERIOR.

3377 328 3484 381 28':

226 441 483 506 operatur
509 432 801 506 ntiquitatis
827 427 914 507 (II
932 429 1190 501 Thess.u,
1213 436 1290 508 7).
1309 434 1385 491 De
1398 430 1819 504 cujusprzeconi-
1844 430 1897 491 A
1922 431 2053 486 suis.
2094 432 2150 487 Si
2177 448 2398 501 omnes,
2431 445 2488 491 et
2515 436 2603 492 ille
2635 436 2800 493 homo
2832 435 2900 491 de
2927 450 3036 507 quo
3064 436 3261 506 agitur,
3289 439 3405 509 qui,
3433 447 3495 496 ut

222 527 323 581 bus
350 527 555 583 iterum
584 528 843 598 scriptum
873 537 957 584 est
985 547 998 583 :
1028 528 1116 583 Ex
1144 529 1288 583 nobis
1315 527 1571 591 exierunt,
1598 524 1688 579 sed
1713 539 1817 577 non

219 630 482 673 erant‘ea:
509 619 655 674 nobis
696 618 746 693 (Ι
789 619 949 674 Joan.
990 635 1053 685 ιι,
1097 620 1208 691 l9).
1251 617 1367 674 Non
1421 618 1564 673 enim
1613 621 1816 670 exeunt

220 709 379 766 foras
430 698 539 765 nisi
580 711 928 766 Antichristi.
972 709 1123 766 Unde
1146 719 1201 766 et
1228 711 1293 765 de
1345 710 1500 773 Juda,
1543 708 1814 779 prmcipuo

215 805 592 869 Antichristo,
631 806 797 861 totius
825 805 1086 876 temporis
1110 819 1390 874 usquequo
1430 803 1518 857 ille
1546 800 1813 874 maximus

216 895 413 949 veniat
463 894 833 949 Antichristus
855 937 870 961 ,
906 894 1168 963 scriptum
1197 901 1281 948 est
1309 892 1435 963 quia
1462 890 1604 945 misit
1630 889 1814 943 diabo-

212 983 301 1038 lus
332 986 393 1039 in
420 1002 516 1039 cor
532 985 691 1041 Iuda:
720 996 776 1039 ut
798 987 1025 1041 traderet
1051 1002 1191 1053 eum,
1220 993 1275 1040 et
1318 993 1439 1055 post
1489 981 1808 1047 buccellam,

186 1070 457 1131 introivit
510 1077 565 1130 in
614 1092 733 1131 eum
768 1074 1029 1143 Satanas,
1077 1086 1127 1131 et
1168 1077 1323 1131 exivit
1364 1073 1611 1130 continuo
1655 1072 1807 1145 (Luc.

208 1164 355 1231 xm,
387 1166 466 1237 5).
494 1165 594 1233 Qui
634 1166 934 1238 appellatus
956 1176 1042 1223 est
1067 1167 1207 1222 ﬁlius
1228 1166 1567 1238 perditionis,
1590 1166 1733 1220 sicut
1754 1172 1811 1220 et

213 1256 908 1315 maximus’Antichristus.
941 1281 960 1313 ι
996 1261 1062 1315 Et
1082 1261 1212 1315 item
1246 1277 1260 1315 ε
1297 1280 1315 1313 ι
1348 1260 1517 1315 Judas
1542 1260 1806 1315 antichri-

1915 523 2175 593 scriptum
2202 533 2304 589 est,
2333 528 2386 580 in
2415 541 2513 581 suo
2541 526 2759 581 nomine
2794 527 2975 582 veniet
2993 525 3384 582 Antichristus.
3422 527 3494 585 Et

1915 616 1960 670 si
1998 615 2200 686 aliquid
2240 616 2361 673 aliis
2409 619 2685 688 reprobis,
2734 620 2902 690 ipsius
2944 618 3151 675 scilicet
3198 620 3489 690 membris,

1913 708 2097 779 passio
2133 709 2333 765 Christi
2364 712 2621 778 contulit,
2649 727 2750 767 nec
2788 714 2948 784 capiti
2996 713 3316 784 denegavit,
3351 714 3493 770 sicut

1913 803 2304 859 catholicorum
2352 805 2637 861 sententiis
2680 806 3044 861 ostendemus.
3085 805 3270 862 Primo
3307 813 3488 863 tamen

1910 907 2103 954 contra
2129 900 2544 970 compositorem
2571 899 2951 971 capitulorum,
2976 900 3046 955 de
3067 898 3266 969 quibus
3286 900 3487 971 agitur,

1912 988 1979 1043 de
2010 998 2164 1058 parte
2192 987 2351 1045 istius
2380 989 2600 1060 capituli
2623 989 2766 1059 quod
2793 990 2937 1046 Deus
2962 988 3171 1043 dederit
3198 988 3491 1059 responde-

1911 1078 2110 1148 bimus,
2133 1090 2187 1136 et
2215 1090 2340 1137 tunc
2362 1096 2429 1137 ex
2457 1081 2651 1137 ordine
2678 1082 2745 1137 ad
2774 1079 3211 1152 respondendum
3242 1079 3327 1136 his
3365 1095 3487 1151 quas

1909 1184 2229 1243 sequuntur,
2262 1174 2378 1245 ipso
2410 1171 2643 1241 favente,
2672 1173 3105 1245 progrediemur.

1982 1264 2097 1322 Non
2127 1266 2203 1321 ita
2233 1265 2572 1336 scripsimus,
2600 1265 2744 1320 sicut
2778 1259 3100 1333 compilator
3139 1264 3242 1320 iste
3279 1279 3491 1335 compo-

210 1356 337 1404 stus
370 1349 602 1404 tradidit
639 1364 763 1405 eum
802 1351 895 1421 qui
922 1350 1193 1406 veraciter
1224 1350 1424 1405 dicitur
1453 1350 1722 1416 Christus,
1752 1357 1810 1405 et
1908 1359 2036 1424 suit,
2071 1366 2130 1413 et
2153 1373 2321 1428 quare
2347 1357 2583 1429 capitula
2606 1372 2636 1411 a
2663 1357 2821 1412 nobis
2841 1365 3099 1427 excerpta
3124 1371 3328 1426 ponere
3348 1355 3491 1411 sicut

202 1439 419 1496 colitur
446 1441 608 1505 Deus,
631 1442 723 1513 qui
747 1451 832 1498 est
863 1458 1026 1514 super
1052 1443 1235 1499 omnia
1261 1443 1574 1499 benedictus
1615 1443 1669 1496 in
1712 1457 1811 1497 sae-
1907 1460 2035 1505 sunt
2060 1450 2262 1520 scripta
2294 1450 2550 1513 noluerit,
2585 1450 2699 1520 ipse
2727 1450 2945 1506 viderit.
2979 1448 3265 1505 Credimus
3307 1458 3488 1504 tamen

204 1535 356 1589 cuia.
407 1535 506 1589 Ille
528 1546 707 1591 autem
731 1536 785 1590 in
825 1544 1067 1608 tempore
1105 1552 1202 1592 suo
1242 1534 1614 1591 adversabitur
1637 1543 1694 1589 et
1715 1549 1808 1589 ex-
1907 1544 2033 1614 quia
2073 1541 2189 1611 jam
2216 1543 2349 1599 vidit
2398 1558 2431 1599 a
2472 1538 2772 1613 pictoribus
2816 1543 3035 1614 nigrum
3079 1542 3317 1598 colorem
3364 1542 3487 1598 albo

199 1625 435 1681 tolletur
461 1642 626 1698 super
667 1642 830 1683 omne
878 1630 1021 1698 quod
1063 1628 1263 1684 dicitur
1308 1628 1470 1695 Deus,
1520 1638 1613 1683 aut
1658 1625 1795 1698 quod

1907 1635 2259 1701 substratum,
2282 1644 2342 1690 ut
2363 1635 2506 1706 quod
2533 1643 2651 1691 erat
2677 1634 2913 1691 lucidum
2941 1650 3009 1689 ex
3038 1634 3313 1690 tenebrosi
3340 1649 3488 1689 com-

200 1716 430 1783 colitur,
491 1717 565 1771 ita
616 1727 676 1771 ut
722 1718 775 1772 in
848 1718 1049 1789 templo
1104 1719 1198 1774 Dei
1260 1720 1466 1784 sedeat,
1519 1727 1795 1774 ostentans

1905 1729 2187 1798 paratione
2205 1727 2402 1784 clarius
2422 1728 2695 1783 videretur
2716 1742 2731 1781 :
2756 1735 2811 1782 et
2831 1726 2954 1782 ideo
2978 1726 3152 1781 noluit
3177 1727 3482 1793 veritatem,

199 1811 450 1879 ωἰρειιηι
480 1811 637 1881 quasi
667 1811 782 1881 ipse
807 1811 1058 1868 silDeuS-
1102 1831 1120 1864 ι
1155 1814 1229 1869 De
1256 1813 1358 1869 isto
1382 1822 1587 1878 autem.
1634 1813 1687 1867 id
1715 1821 1799 1868 εει
1824 1811 1876 1849 ⁵
1907 1838 1938 1877 a
1978 1822 2135 1878 nobis
2165 1822 2233 1878 de
2259 1821 2512 1877 veridicis
2551 1820 2863 1876 auctoribus
2905 1828 3175 1888 sumptam
3195 1859 3210 1883 ,
3250 1817 3488 1874 tenebris

200 1896 370 1965 Iuda:
393 1909 523 1987 P05}
549 1902 718 1956 multa
763 1903 816 1956 ίη
856 1902 996 1959 “bro
1042 1903 1498 1976 Βιροηιηθειίοοη
1529 1904 1587 1960 S-
1619 1905 1804 1974 Αυϐιι·
1906 1918 2172 1974 mendacii
2207 1919 2288 1973 sui
2322 1931 2679 1987 componere,
2710 1931 2779 1971 ne
2808 1916 2985 1971 minus
3023 1915 3269 1970 incautos
3300 1912 3486 1969 fallere

199 1991 389 2046 stinus
407 1974 545 2047 (ἥδε
570 2009 583 2046 :
620 2011 641 2044 r
677 1992 826 2049 Talis
848 2003 931 2048 est
956 1974 1320 2063 periturorum
1343 1996 1585 2050 omnium
1614 2009 1795 2080 causa,

1903 2012 2240 2082 praevaleret,
2256 2019 2310 2066 et
2332 1974 2545 2066 facilius
2569 2009 2800 2067 mendax
2826 2007 3076 2063 ﬁdelibus
3100 2007 3484 2061 innot‘esceret.

198 2080 332 2137 “cel
356 2081 518 2152 οωνὲ
542 2083 615 2137 δίε
642 2099 672 2137 ³
704 2084 861 2154 ου¹Ρ³
886 2085 1188 2141 dissimilis.
1225 2104 1244 2137 ³
1272 2086 1340 2141 El
1369 2085 1546 2143 ἀθίιιο
1579 2084 1803 2156 ejusque
1905 2080 2234 2173 Scripsimus
2275 2117 2508 2173 namque
2539 2102 2604 2158 de
2638 2100 2892 2171 Prosperi
2916 2098 3119 2164 verbis,
3144 2106 3200 2153 et
3228 2097 3394 2167 ipsius
3422 2110 3487 2152 ac

197 2172 439 2244 corpore
491 2174 550 2229 S.
610 2174 905 2249 Gregorius
952 2178 1007 2233 in
1070 2178 1210 2235 libro
1278 2195 1451 2235 XXXIII
1516 2180 1652 2251 (cap.
1710 2180 1795 2253 l9)

1901 2172 2129 2253 aliorum
2160 2172 2585 2253 orthodoiorum
2613 2194 2888 2259 sensibus,
2921 2207 3038 2262 cap.
3070 2190 3105 2245 4
3131 2206 3146 2245 :
3181 2210 3200 2242 1
3238 2190 3489 2245 Christus

197 2264 498 2321 Moralium
525 2266 657 2323 dicit
685 2285 699 2322 :
730 2286 750 2321 ι
780 2268 849 2323 Et
879 2271 1171 2326 videntibus
1220 2273 1419 2327 cunctis
1459 2273 1795 2345 pra’cipitabi-

1900 2286 2059 2343 Jesus
2102 2286 2365 2343 Dominus
2409 2294 2595 2340 noster
2633 2284 2774 2338 sicut
2805 2281 2983 2337 nullus
3027 2280 3188 2336 homo
3218 2288 3321 2342 est,
3352 2277 3485 2344 fuit,

196 2367 307 2411 tur.
349 2357 581 2447 Cunctis
634 2359 780 2415 enim
823 2362 1131 2421 videntibus
1173 2365 1621 2434 praecipitabitur,
1671 2366 1795 2435 quia

1900 2378 1983 2435 vel
2009 2378 2134 2443 erit,
2159 2378 2313 2449 cujus
2338 2384 2528 2432 natura
2561 2375 2613 2430 in
2650 2374 2741 2429 illo
2767 2382 3043 2443 assumpta
3068 2387 3177 2426 non
3202 2369 3385 2435 fuerit,
3410 2368 3489 2424 ita

201 2460 423 2508 aterno
456 2460 587 2509 tunc
622 2452 805 2522 judice
852 2455 1167 2512 terribiliter
1206 2465 1523 2528 apparente,
1576 2458 1801 2513 astanti-
1897 2471 2077 2526 nullus
2100 2478 2214 2533 est,
2244 2468 2378 2535 fuit,
2405 2467 2492 2524 vel
2528 2468 2631 2523 erit
2657 2468 2849 2532 homo,
2892 2480 2993 2535 pro
3019 2479 3128 2534 quo
3156 2476 3351 2533 passus
3379 2475 3488 2515 non

196 2543 300 2601 bus
337 2544 648 2616 legionibus
674 2548 1014 2617 angelorum,
1046 2549 1338 2605 assistente
1384 2558 1512 2605 tunc
1555 2550 1798 2606 ministe-

194 2638 279 2694 rio
309 2639 622 2695 cmlcstium
651 2648 1005 2710 potestatum,
1037 2650 1199 2710 atque
1229 2641 1418 2697 electis
1456 2641 1708 2696 omnibus
1729 2641 1797 2697 ad

195 2730 304 2788 hoc
339 2732 713 2802 spectaculum
727 2733 993 2799 deductis,
1011 2732 1113 2788 ista
1126 2733 1302 2789 bellua
1317 2733 1551 2789 crudelis
1563 2742 1620 2790 et
1637 2734 1795 2789 fortis

194 2825 246 2880 in
260 2826 515 2881 medium
551 2826 764 2896 captiva
798 2826 1118 2895 deducetur,
1144 2836 1336 2883 etcum
1366 2842 1722 2899 suocorpore,
1741 2828 1796 2883 id

192 2926 277 2972 est
302 2931 438 2971 cum
464 2917 712 2987 reprobis
728 2917 1000 2984 omnibus,
1021 2919 1238 2975 aeternis
1256 2920 1516 2991 gehennae
1530 2919 1795 2976 incendiis

190 3010 607 3079 mancipabitur
627 3024 749 3066 cum
775 3010 986 3065 dicetur
1011 3011 1304 3065 :Discedite
1326 3028 1359 3065 a
1381 3027 1482 3075 me,
1504 3010 1791 3077 maledicti,

192 3105 245 3157 in
269 3104 452 3173 ignem
465 3103 628 3174 217
643 3114 914 3169 teternum,
930 3103 1022 3175 qui
1033 3114 1251 3174 paratus
1264 3115 1337 3159 est
1353 3104 1564 3159 diabolo
1576 3115 1624 3160 et
1639 3121 1794 3177 ange-

194 3196 254 3249 lis
269 3196 397 3265 ejus
420 3195 636 3267 (llatth.
655 3211 783 3263 xxv,
800 3194 943 3269 45).»
964 3195 1117 3252 Unde
1141 3198 1267 3267 quia
1289 3198 1452 3252 homo
1470 3197 1578 3253 erit
1604 3212 1794 3268 repro-

193 3284 297 3341 bus
322 3295 380 3341 et
409 3295 573 3357 caput
619 3286 991 3357 reproborum,
1023 3302 1210 3344 eorum
1246 3288 1452 3344 scilicet
1480 3297 1539 3344 et
1566 3288 1795 3345 aliorum

195 3377 658 3447 omnium,quiab
678 3376 832 3434 initio
856 3378 1043 3433 mundi
1079 3395 1249 3450 usque
1272 3380 1339 3435 ad
1368 3379 1655 3436 adventum
1687 3380 1795 3436 Do-

196 3470 357 3533 mini,
374 3486 517 3541 quos
530 3471 756 3527 istorum
779 3473 1107 3542 compositor
1119 3472 1500 3545 capitulorum,
1516 3473 1568 3527 in
1597 3472 1796 3544 suggil-

198 3562 459 3617 lationem
481 3573 744 3631 nostram,
764 3566 991 3621 aeternis
1009 3565 1188 3635 poenis
1212 3566 1439 3621 traditos
1469 3565 1523 3621 in
1551 3566 1795 3622 testimo-

188 3655 346 3709 nium
366 3654 616 3719 deduxit,
632 3656 727 3711 sed
738 3665 790 3711 et
814 3671 1003 3712 eorum
1024 3656 1114 3726 qui
1128 3666 1249 3727 post
1270 3657 1561 3712 adventum
1579 3657 1792 3712 Domini

195 3758 370 3815 usque
396 3746 466 3799 ad
494 3744 656 3801 ﬁnem
691 3746 873 3803 mundi
913 3748 966 3801 in
1008 3748 1323 3803 inﬁdelitate
1343 3757 1400 3804 et
1422 3749 1794 3820 perseveranti

198 3837 491 3908 iniquitate
508 3839 573 3891 ad
592 3839 707 3909 ejus
718 3840 1069 3909 pertinebunt
1088 3840 1442 3903 consortium,
1455 3856 1578 3895 cum
1595 3840 1646 3895 in
1663 3855 1790 3911 pro-

198 3930 347 3985 ximo
363 3932 434 3986 de
468 3931 674 3986 eisdem
703 3931 951 4002 reprobis
976 3931 1102 4001 quid
1131 3931 1384 3987 catholici
1408 3933 1655 3987 doctores
1673 3950 1795 3989 sen-

196 4019 329 4076 tiant
371 4022 709 4086 scribemus,
749 4023 1084 4094 quiscunque
1127 4023 1483 4079 calumniator
1513 4036 1697 4080 noster
1733 4039 1794 4080 se

196 4122 320 4167 ante
341 4127 406 4167 se
439 4120 645 4183 ponat,
670 4121 726 4168 et
756 4122 938 4168 utrum
974 4129 1075 4169 nos
1102 4129 1200 4186 per
1235 4114 1629 4169 Antichristum
1658 4114 1791 4172 falsa

195 4198 488 4274 scripsisse
501 4205 669 4274 possit
683 4205 957 4262 revincere
968 4206 1166 4274 videat,
1180 4214 1234 4263 et
1247 4207 1292 4264 si
1308 4206 1617 4264 defensores
1632 4218 1793 4278 atque

202 4294 491 4366 adjutores
514 4294 813 4353 catholicos
842 4301 1132 4370 magistros
1157 4308 1348 4356 contra
1371 4299 1522 4355 illum
1548 4300 1793 4358 invenire

197 4398 302 4438 non
338 4386 709 4454 potuerimus,
752 4402 875 4443 cum
920 4380 1157 4460 tripudio
1181 4391 1248 4445 de
1284 4390 1441 4447 nobis
1474 4392 1788 4462 triumphet.

200 4473 493 4532 Hominem
515 4478 736 4549 quippe,
767 4488 827 4534 ut
845 4482 1225 4550 praemisimus,
1258 4492 1313 4537 et
1341 4492 1565 4539 sanctus
1590 4483 1789 4540 Paulus

200 4577 251 4621 et
274 4576 505 4624 sanctus
523 4566 816 4641 Gregorius
844 4580 899 4627 et
924 4574 1107 4628 cmteri
1135 4575 1334 4645 quique
1362 4576 1614 4631 doctores
1637 4576 1786 4632 illum

200 4656 443 4715 futurum
457 4661 644 4716 dicunt
666 4671 721 4719 et
740 4678 838 4720 nos
858 4666 1150 4731 credimus,
1167 4675 1223 4722 et
1242 4668 1470 4737 quilibet
1494 4669 1790 4739 reprehen-

200 4763 289 4805 sor
316 4760 506 4807 noster
535 4754 801 4825 denegare
823 4772 927 4812 non
952 4757 1112 4813 volet.
1140 4757 1206 4812 Et
1233 4759 1276 4813 si
1306 4760 1470 4815 homo
1510 4761 1634 4826 erit,
1663 4761 1790 4817 licet

201 4843 416 4899 diabolo
438 4846 639 4901 comite
664 4847 884 4919 plenus,
918 4850 971 4905 in
1001 4866 1261 4921 quantum
1284 4852 1447 4908 homo
1474 4868 1787 4923 quanquam

202 4935 467 5003 reprobus
495 4937 780 4993 morietur.
810 4939 982 5008 Quem
1004 4941 1268 4997 Dominus
1288 4940 1463 5009 Jesus,
1488 4946 1632 5000 sicut
1652 4945 1786 5001 scri-

202 5033 352 5097 ptum
399 5037 508 5095 est,
558 5030 850 5099 interﬁciet
896 5022 1088 5105 spiritu
1127 5035 1240 5091 oris
1276 5036 1393 5102 sui,
1443 5047 1496 5092 et
1548 5039 1790 5095 destruet

204 5113 569 5175 illustratione
594 5122 858 5179 adventus
879 5125 963 5180 sui
989 5144 1003 5179 :
1028 5127 1243 5196 quando
1266 5127 1408 5182 sicut
1426 5126 1625 5200 fulgur,
1648 5129 1791 5200 quod

202 5209 315 5264 exit
339 5210 412 5266 ab
434 5212 649 5268 oriente
677 5222 733 5268 et
758 5224 911 5285 paret
941 5217 995 5270 in
1025 5216 1335 5279 occidente,
1382 5218 1488 5273 erit
1528 5218 1791 5274 adventus

208 5302 374 5373 ipsius
395 5304 494 5360 Dei
522 5315 576 5361 et
601 5307 838 5362 hominis
866 5307 982 5364 ﬁlii.
998 5308 1065 5364 Et
1089 5310 1213 5379 quia
1236 5311 1497 5366 morietur
1514 5321 1785 5384 resurget,

209 5392 351 5450 sicut
377 5397 507 5452 item
538 5399 802 5469 scriptum
851 5410 935 5457 est
969 5419 982 5456 :
1016 5402 1099 5456 Ad
1140 5414 1189 5458 te
1236 5404 1405 5458 omnis
1456 5421 1580 5460 caro
1624 5406 1790 5461 veniet

210 5484 384 5557 (Psal.
410 5507 557 5557 utv,
580 5491 673 5562 '5),
701 5503 755 5548 et
776 5495 968 5549 videbit
995 5497 1165 5549 omnis
1193 5512 1341 5561 caro,
1366 5498 1508 5567 quod
1536 5513 1642 5553 non
1672 5498 1790 5554 sine

212 5579 388 5637 anima
412 5584 466 5638 in
488 5588 890 5643 resurrectione
914 5589 1023 5653 ﬁet,
1044 5589 1279 5644 salutare
1300 5590 1398 5644 Dei
1423 5590 1573 5661 (Luc.
1598 5607 1683 5657 ιιι,
1705 5592 1784 5663 6).

211 5668 293 5724 Ad
340 5675 490 5744 cujus
532 5680 858 5747 adventum,
889 5681 1183 5736 secundum
1234 5682 1391 5738 fidem
1431 5685 1782 5759 catholicam,

210 5774 399 5822 omnes
445 5769 696 5826 homines
738 5788 1024 5844 resurgere
1072 5773 1272 5829 habent
1307 5789 1428 5831 cum
1470 5777 1788 5846 corporibus

1896 2563 2087 2629 fuerit,
2115 2562 2242 2617 licet
2272 2576 2378 2617 non
2406 2574 2596 2615 omnes
2619 2557 2886 2629 passionis
2912 2556 3032 2626 ejus
3058 2553 3317 2625 mysterio
3343 2550 3487 2606 redi-

1899 2663 2136 2709 mantur.
2168 2650 2307 2718 Quia
2349 2663 2479 2705 vero
2511 2663 2701 2705 omnes
2744 2646 3015 2717 passionis
3060 2642 3177 2712 ejus
3228 2639 3487 2712 mysterio

1895 2763 2004 2803 non
2047 2746 2406 2809 redimuntur,
2440 2759 2548 2799 non
2601 2741 2823 2811 respicit
2862 2737 2935 2793 ad
2972 2735 3403 2807 magnitudinem
3431 2740 3490 2788 et

1894 2837 2058 2909 pretii
2083 2835 2479 2906 copiositatem,
2508 2833 2602 2888 sed
2638 2832 2706 2888 ad
2729 2829 3026 2886 inﬁdelium
3056 2836 3111 2882 et
3137 2827 3203 2881 ad
3231 2841 3338 2880 non
3369 2840 3489 2880 cre-

1895 2929 2136 2987 dentium
2167 2942 2229 2983 ea
2258 2926 2363 2981 ﬁde
2387 2940 2508 2995 quae
2526 2940 2623 2995 per
2645 2922 2988 2978 dilectionem
3012 2930 3289 2990 operatur,
3318 2916 3490 2988 respi-

1895 3020 1971 3076 cit
2013 3026 2220 3090 partem
2244 3058 2260 3082 ,
2312 3016 2436 3085 quia
2468 3016 2640 3087 218
2674 3013 2924 3085 poculum
2969 3013 3219 3066 humana:
3257 3007 3486 3074 salutis,

1898 3110 2043 3181 quod
2066 3108 2371 3166 confectum
2400 3115 2486 3163 est
2515 3107 2581 3161 de
2612 3105 2926 3159 inﬁrmitate
2958 3111 3145 3158 nostra
3185 3110 3242 3156 et
3283 3100 3485 3154 virtute

1901 3205 2102 3267 divina,
2133 3202 2290 3257 habet
2328 3200 2546 3271 quidem
2572 3199 2625 3254 in
2656 3213 2715 3253 se
2740 3206 2800 3253 ut
2823 3197 3078 3252 omnibus
3101 3193 3293 3265 prosit,
3320 3192 3415 3249 sed
3439 3191 3487 3248 si

1899 3310 2007 3350 non
2058 3293 2261 3349 bibitur
2301 3307 2411 3347 non
2460 3290 2725 3346 medetur.
2763 3309 2780 3342 ι
2811 3287 2976 3342 Paret
3011 3287 3138 3357 quia
3172 3285 3313 3340 sicut
3351 3283 3490 3340 dixit

1898 3401 2006 3442 non
2038 3384 2353 3455 scripsimus
2381 3391 2572 3438 contra
2604 3380 2731 3436 illud
2761 3379 3142 3450 prOpheticum
3163 3418 3177 3441 ,
3208 3376 3318 3430 Ero
3343 3391 3486 3429 mors

1898 3489 2008 3542 tua,
2034 3496 2064 3533 ο
2090 3495 2229 3532 mors
2251 3496 2269 3544 ;
2295 3494 2383 3533 ero
2404 3493 2609 3530 morsus
2639 3485 2780 3539 tuus,
2813 3474 3017 3544 inferne
3048 3470 3194 3544 (Ose.
3220 3486 3345 3535 xm,
3369 3468 3485 3540 14),

1897 3570 2167 3637 dicentes,
2193 3571 2317 3642 quia
2357 3585 2488 3626 vero
2516 3584 2707 3624 omnes
2747 3568 3017 3638 passionis
3067 3566 3185 3637 ejus
3228 3562 3489 3636 mysterio

1895 3680 2004 3720 non
2050 3663 2405 3725 redimuntur,
2454 3678 2560 3717 non
2609 3660 2833 3731 respicit
2872 3661 2939 3715 ad
2978 3657 3404 3731 magnitudinem
3431 3661 3488 3711 et

1896 3756 2054 3825 pretii
2091 3755 2485 3826 copiositatem,
2518 3755 2611 3809 sed
2640 3753 2707 3808 ad
2742 3752 3037 3808 inﬁdelium
3060 3760 3116 3807 et
3136 3752 3203 3805 ad
3233 3766 3338 3805 non
3360 3761 3483 3805 cre-

1896 3846 2139 3902 dentium
2174 3861 2236 3901 ea
2268 3845 2371 3899 ﬁde
2400 3861 2520 3916 qua:
2566 3860 2662 3915 per
2699 3844 3041 3899 dilectionem
3086 3850 3365 3913 operatur,
3395 3854 3484 3896 re-

1895 3936 2057 4006 spicit
2098 3945 2329 4005 partem.
2371 3933 2557 4004 Neque
2599 3935 2744 3989 enim
2794 3945 3041 3989 sanctum
3082 3931 3400 4003 Gregorium
3430 3930 3486 3985 in

1894 4025 2119 4080 humilia
2145 4025 2227 4081 22.
2265 4026 2479 4094 quando
2507 4026 2623 4078 haec
2648 4024 2966 4093 scripsimus
2985 4063 3000 4086 ,
3027 4021 3229 4076 dixisse
3252 4018 3486 4075 nescivi-

1895 4133 2017 4174 mus
2044 4136 2058 4173 :
2094 4136 2111 4167 ι
2142 4116 2247 4171 Per
2275 4117 2414 4171 hanc
2438 4114 2618 4181 electi,
2648 4113 2738 4184 qui
2770 4112 3019 4183 quamvis
3044 4113 3099 4166 in
3130 4109 3486 4181 tranquillita-

1898 4207 1967 4262 tis
1994 4207 2133 4271 sinu,
2175 4215 2354 4261 tamen
2387 4206 2528 4276 apud
2556 4203 2753 4259 inferni
2780 4202 3015 4259 claustra
3047 4201 3392 4265 tenebantur,
3416 4196 3487 4253 ad

1895 4296 2131 4368 paradisi
2159 4310 2375 4352 ammna
2408 4295 2613 4351 reducti
2650 4303 2797 4350 sunt.
2827 4290 2982 4360 Quod
3016 4298 3140 4345 ante
3177 4288 3487 4359 passionem

1896 4391 2052 4457 dixit,
2081 4392 2133 4445 in
2162 4389 2562 4446 resurrectione
2579 4403 2674 4443 sua
2701 4385 2952 4442 Christus
2970 4383 3233 4455 implevit,
3252 4380 3313 4439 Si
3336 4377 3488 4435 exal-

1895 4492 2037 4537 tatus
2064 4482 2213 4552 fuero
2242 4500 2275 4536 a
2302 4491 2463 4548 terra,
2491 4481 2667 4534 omnia
2696 4479 2904 4534 traham
2941 4476 3011 4532 ad
3041 4492 3123 4531 me
3165 4475 3346 4546 (Joan.
3380 4487 3483 4540 xtl,

1893 4574 2009 4645 52).
2033 4573 2225 4628 Omnia
2254 4558 2453 4628 etenim
2487 4572 2683 4637 traxit,
2725 4570 2815 4640 qui
2844 4569 2911 4624 de
2951 4566 3139 4624 electis
3186 4566 3301 4620 suis
3344 4562 3487 4634 apud

1894 4658 2098 4722 inferos
2134 4664 2340 4720 nullum
2380 4662 2618 4732 reliquit.
2645 4661 2839 4717 Omnia
2868 4658 3125 4722 abstulit,
3157 4656 3342 4726 utique
3371 4654 3486 4711 ele—

1893 4770 2001 4817 cta.
2033 4758 2217 4830 Neque
2246 4759 2447 4813 etenim
2480 4756 2727 4812 inﬁdeles
2746 4769 3007 4826 quosque,
3035 4762 3090 4808 et
3110 4767 3208 4823 pro
3231 4749 3344 4805 suis
3371 4746 3484 4805 cri-

1893 4851 2129 4909 minibus
2153 4850 2372 4905 tcternis
2398 4847 2675 4920 suppliciis
2702 4846 2934 4911 deditos,
2964 4844 3035 4899 ad
3062 4843 3275 4898 veniam
3302 4838 3485 4895 Domi-

1896 4963 1998 5001 nus
2014 4943 2348 5015 resurgendo
2365 4943 2665 5015 reparavit:
2692 4943 2786 4997 sed
2804 4941 2924 4996 illos
2939 4954 3006 4994 ex
3029 4937 3227 4992 inferni
3244 4936 3485 4992 claustro

1896 5028 2097 5110 rapuit,
2131 5052 2266 5107 quos
2289 5051 2417 5091 suos
2448 5036 2500 5089 in
2532 5035 2636 5089 ﬁde
2675 5046 2728 5088 et
2757 5033 2969 5088 actibus
3007 5029 3337 5100 recognovit.
3370 5047 3388 5079 ι
3417 5025 3483 5082 Et

1895 5131 2024 5187 hinc
2053 5130 2306 5191 diximus,
2332 5128 2456 5200 quia
2482 5127 2571 5199 qui
2600 5143 2703 5181 non
2736 5125 3084 5189 redimuntur,
3108 5139 3212 5176 non
3235 5121 3305 5175 ad
3329 5118 3484 5190 pretii

1894 5225 2270 5297 copiositatem,
2292 5223 2382 5277 sed
2410 5223 2479 5276 ad
2504 5219 2793 5291 inﬁdelium
2833 5218 3039 5290 respicit
3085 5225 3307 5294 partem.
3342 5211 3484 5267 Sub-

1894 5317 2141 5386 sequitur
2163 5325 2385 5373 sanclus
2414 5313 2707 5387 Gregorius
2731 5331 2744 5383 ;
2779 5331 2798 5364 ι
2836 5311 2988 5368 Unde
3022 5316 3168 5364 recte
3190 5306 3356 5363 etiam
3383 5319 3484 5376 per

1893 5406 2033 5464 Osee
2066 5407 2234 5464 dicit:
2260 5406 2368 5461 Ero
2398 5423 2536 5461 mors
2566 5416 2675 5468 tua,
2700 5420 2731 5458 ο
2758 5419 2916 5457 mors.
2949 5422 2966 5453 ι
2998 5402 3076 5457 Ac
3101 5399 3146 5456 si
3184 5406 3371 5468 aperte
3402 5396 3483 5452 di-

1892 5509 2019 5555 cat:
2053 5498 2188 5566 Quia
2231 5498 2284 5552 in
2324 5497 2511 5553 electis
2541 5495 2676 5551 meis
2720 5504 2773 5550 te
2826 5493 3067 5548 funditus
3103 5489 3344 5562 perimo,
3390 5503 3479 5543 ero

1893 5609 2099 5647 morsus
2128 5602 2249 5646 tuus
2270 5631 2285 5656 ,
2316 5590 2518 5660 inferne
2540 5629 2554 5652 ,
2589 5588 2713 5656 quia
2762 5586 2988 5641 sublatis
3029 5585 3111 5639 eis
3143 5592 3195 5639 te
3229 5599 3294 5638 ex
3327 5589 3482 5652 parte

1897 5684 2173 5752 transﬁgo.
2198 5682 2265 5736 Et
2295 5681 2423 5735 hinc
2445 5681 2680 5735 diximus
2703 5694 2716 5733 :
2754 5677 2951 5732 Nullus
2977 5678 3134 5732 homo
3155 5685 3230 5731 est
3260 5691 3354 5745 pro
3377 5688 3480 5745 quo

1894 5776 2134 5833 Christus
2159 5790 2345 5846 passus
2375 5789 2479 5827 non
2508 5772 2683 5844 fuerit,
2727 5772 2845 5827 licet
2877 5788 2981 5827 non
3019 5786 3195 5826 omnes
3219 5765 3480 5840 passionis
