  <div class='ocr_page' id='page_1' title='image "/cluster/home/n/w/nwhite01/storage/ocr_20150623/125/hvd.32044015471667/148.png"; bbox 0 0 3992 6336; ppageno 0'>
   <div class='ocr_carea' id='block_1_1' title="bbox 184 354 303 419">
    <p class='ocr_par' dir='ltr' id='par_1_1' title="bbox 184 354 303 419">
     <span class='ocr_line' id='line_1_1' title="bbox 184 354 303 419; baseline 0 -4"><span class='ocrx_word' id='word_1_1' title='bbox 184 354 303 419; x_wconf 67' lang='grc' dir='ltr'><strong>2ιὸ</strong></span> 
     </span>
    </p>
   </div>
   <div class='ocr_carea' id='block_1_2' title="bbox 952 337 2717 415">
    <p class='ocr_par' dir='ltr' id='par_1_2' title="bbox 952 337 2717 415">
     <span class='ocr_line' id='line_1_2' title="bbox 952 337 2717 415; baseline -0.008 -6"><span class='ocrx_word' id='word_1_2' title='bbox 952 353 1040 409; x_wconf 88' lang='lat' dir='ltr'><strong>DE</strong></span> <span class='ocrx_word' id='word_1_3' title='bbox 1077 343 1744 413; x_wconf 67' lang='lat' dir='ltr'><strong>PREDESTINATIONE</strong></span> <span class='ocrx_word' id='word_1_4' title='bbox 1779 338 2263 415; x_wconf 78' lang='lat' dir='ltr'><strong>lDiSSERTATIO</strong></span> <span class='ocrx_word' id='word_1_5' title='bbox 2300 337 2717 401; x_wconf 79' lang='lat' dir='ltr'><strong>POSTERIOR.</strong></span> 
     </span>
    </p>
   </div>
   <div class='ocr_carea' id='block_1_3' title="bbox 3355 322 3468 389">
    <p class='ocr_par' dir='ltr' id='par_1_3' title="bbox 3355 322 3468 389">
     <span class='ocr_line' id='line_1_3' title="bbox 3355 322 3468 389; baseline 0 -2"><span class='ocrx_word' id='word_1_6' title='bbox 3355 322 3468 389; x_wconf 64' lang='lat'><strong>985</strong></span> 
     </span>
    </p>
   </div>
   <div class='ocr_carea' id='block_1_4' title="bbox 187 444 3469 567">
    <p class='ocr_par' dir='ltr' id='par_1_4' title="bbox 187 444 3469 567">
     <span class='ocr_line' id='line_1_4' title="bbox 187 444 3469 567; baseline -0.007 -41"><span class='ocrx_word' id='word_1_7' title='bbox 187 486 326 529; x_wconf 82' lang='lat' dir='ltr'><strong>vere</strong></span> <span class='ocrx_word' id='word_1_8' title='bbox 343 511 360 537; x_wconf 88' lang='lat'><strong>,</strong></span> <span class='ocrx_word' id='word_1_9' title='bbox 404 469 476 527; x_wconf 78' lang='lat' dir='ltr'><strong>ad</strong></span> <span class='ocrx_word' id='word_1_10' title='bbox 521 469 686 535; x_wconf 67' lang='lat' dir='ltr'><strong>vitam</strong></span> <span class='ocrx_word' id='word_1_11' title='bbox 731 469 949 540; x_wconf 81' lang='lat' dir='ltr'><strong>pietatis</strong></span> <span class='ocrx_word' id='word_1_12' title='bbox 976 485 1042 525; x_wconf 87' lang='lat' dir='ltr'><strong>ex</strong></span> <span class='ocrx_word' id='word_1_13' title='bbox 1060 469 1381 567; x_wconf 55' lang='lat' dir='ltr'><strong>Jmpietatis</strong></span> <span class='ocrx_word' id='word_1_14' title='bbox 1408 472 1580 523; x_wconf 86' lang='lat' dir='ltr'><strong>morte</strong></span> <span class='ocrx_word' id='word_1_15' title='bbox 1608 473 1784 520; x_wconf 86' lang='lat' dir='ltr'><strong>trans-</strong></span> <span class='ocrx_word' id='word_1_16' title='bbox 1809 456 1865 527; x_wconf 68' lang='grc' dir='ltr'><strong>Δ</strong></span> <span class='ocrx_word' id='word_1_17' title='bbox 1887 469 2049 511; x_wconf 86' lang='lat' dir='ltr'><strong>cruce</strong></span> <span class='ocrx_word' id='word_1_18' title='bbox 2084 456 2378 525; x_wconf 78' lang='lat' dir='ltr'><strong>exaltatus,</strong></span> <span class='ocrx_word' id='word_1_19' title='bbox 2401 465 2459 513; x_wconf 89' lang='lat' dir='ltr'><strong>et</strong></span> <span class='ocrx_word' id='word_1_20' title='bbox 2490 455 2803 526; x_wconf 83' lang='lat' dir='ltr'><strong>unigenitus</strong></span> <span class='ocrx_word' id='word_1_21' title='bbox 2822 453 2919 510; x_wconf 86' lang='lat' dir='ltr'><strong>Dei</strong></span> <span class='ocrx_word' id='word_1_22' title='bbox 2937 450 3109 556; x_wconf 74' lang='lat' dir='ltr'><strong>Filius</strong></span> <span class='ocrx_word' id='word_1_23' title='bbox 3138 461 3241 567; x_wconf 72' lang='lat' dir='ltr'><strong>prq</strong></span> <span class='ocrx_word' id='word_1_24' title='bbox 3266 444 3469 567; x_wconf 56' lang='lat' dir='ltr'><strong>mund:</strong></span> 
     </span>
    </p>
   </div>
   <div class='ocr_carea' id='block_1_5' title="bbox 188 554 1784 633">
    <p class='ocr_par' dir='ltr' id='par_1_5' title="bbox 188 554 1784 633">
     <span class='ocr_line' id='line_1_5' title="bbox 188 554 1784 633; baseline -0.009 -11"><span class='ocrx_word' id='word_1_25' title='bbox 188 562 396 621; x_wconf 79' lang='lat' dir='ltr'><strong>eundo.</strong></span> <span class='ocrx_word' id='word_1_26' title='bbox 456 560 533 616; x_wconf 91' lang='lat' dir='ltr'><strong>De</strong></span> <span class='ocrx_word' id='word_1_27' title='bbox 582 575 690 633; x_wconf 83' lang='lat' dir='ltr'><strong>qua</strong></span> <span class='ocrx_word' id='word_1_28' title='bbox 731 569 905 619; x_wconf 87' lang='lat' dir='ltr'><strong>morte</strong></span> <span class='ocrx_word' id='word_1_29' title='bbox 933 560 1010 617; x_wconf 89' lang='lat' dir='ltr'><strong>ait</strong></span> <span class='ocrx_word' id='word_1_30' title='bbox 1053 554 1326 631; x_wconf 68' lang='lat' dir='ltr'><strong>a&#39;postolus</strong></span> <span class='ocrx_word' id='word_1_31' title='bbox 1353 558 1552 615; x_wconf 85' lang='lat' dir='ltr'><strong>Paulus</strong></span> <span class='ocrx_word' id='word_1_32' title='bbox 1593 574 1605 610; x_wconf 89' lang='lat'><strong>:</strong></span> <span class='ocrx_word' id='word_1_33' title='bbox 1642 554 1784 625; x_wconf 82' lang='lat' dir='ltr'><strong>Ergo</strong></span> 
     </span>
    </p>
   </div>
   <div class='ocr_carea' id='block_1_6' title="bbox 196 652 1784 723">
    <p class='ocr_par' dir='ltr' id='par_1_6' title="bbox 196 652 1784 723">
     <span class='ocr_line' id='line_1_6' title="bbox 196 652 1784 723; baseline -0.005 -15"><span class='ocrx_word' id='word_1_34' title='bbox 196 670 378 711; x_wconf 76' lang='lat' dir='ltr'><strong>omnes</strong></span> <span class='ocrx_word' id='word_1_35' title='bbox 427 653 624 709; x_wconf 75' lang='lat' dir='ltr'><strong>mortui</strong></span> <span class='ocrx_word' id='word_1_36' title='bbox 657 661 814 719; x_wconf 84' lang='lat' dir='ltr'><strong>sunt,</strong></span> <span class='ocrx_word' id='word_1_37' title='bbox 843 663 890 709; x_wconf 85' lang='lat' dir='ltr'><strong>et</strong></span> <span class='ocrx_word' id='word_1_38' title='bbox 926 668 1019 723; x_wconf 89' lang='lat' dir='ltr'><strong>pro</strong></span> <span class='ocrx_word' id='word_1_39' title='bbox 1053 652 1294 709; x_wconf 81' lang='lat' dir='ltr'><strong>omnibus</strong></span> <span class='ocrx_word' id='word_1_40' title='bbox 1329 663 1566 706; x_wconf 78' lang='lat' dir='ltr'><strong>mortuus</strong></span> <span class='ocrx_word' id='word_1_41' title='bbox 1590 658 1697 710; x_wconf 81' lang='lat' dir='ltr'><strong>est,</strong></span> <span class='ocrx_word' id='word_1_42' title='bbox 1728 652 1784 701; x_wconf 80' lang='lat' dir='ltr'><strong>ut</strong></span> 
     </span>
    </p>
   </div>
   <div class='ocr_carea' id='block_1_7' title="bbox 197 738 1785 817">
    <p class='ocr_par' dir='ltr' id='par_1_7' title="bbox 197 738 1785 817">
     <span class='ocr_line' id='line_1_7' title="bbox 197 738 1785 817; baseline -0.001 -19"><span class='ocrx_word' id='word_1_43' title='bbox 197 744 288 817; x_wconf 75' lang='lat' dir='ltr'><strong>qui</strong></span> <span class='ocrx_word' id='word_1_44' title='bbox 332 745 502 801; x_wconf 70' lang='lat' dir='ltr'><strong>vivunt</strong></span> <span class='ocrx_word' id='word_1_45' title='bbox 552 744 660 809; x_wconf 85' lang='lat' dir='ltr'><strong>iam</strong></span> <span class='ocrx_word' id='word_1_46' title='bbox 690 761 796 798; x_wconf 85' lang='lat' dir='ltr'><strong>non</strong></span> <span class='ocrx_word' id='word_1_47' title='bbox 845 744 945 798; x_wconf 85' lang='lat' dir='ltr'><strong>sibi</strong></span> <span class='ocrx_word' id='word_1_48' title='bbox 986 746 1194 808; x_wconf 77' lang='lat' dir='ltr'><strong>uiuant,</strong></span> <span class='ocrx_word' id='word_1_49' title='bbox 1217 745 1309 799; x_wconf 84' lang='lat' dir='ltr'><strong>sed</strong></span> <span class='ocrx_word' id='word_1_50' title='bbox 1328 744 1378 799; x_wconf 86' lang='lat' dir='ltr'><strong>ei</strong></span> <span class='ocrx_word' id='word_1_51' title='bbox 1405 744 1494 814; x_wconf 85' lang='lat' dir='ltr'><strong>qui</strong></span> <span class='ocrx_word' id='word_1_52' title='bbox 1532 755 1626 810; x_wconf 89' lang='lat' dir='ltr'><strong>pro</strong></span> <span class='ocrx_word' id='word_1_53' title='bbox 1659 738 1785 805; x_wconf 66' lang='lat' dir='ltr'><strong>ipsis</strong></span> 
     </span>
    </p>
   </div>
   <div class='ocr_carea' id='block_1_8' title="bbox 200 831 1786 906">
    <p class='ocr_par' dir='ltr' id='par_1_8' title="bbox 200 831 1786 906">
     <span class='ocr_line' id='line_1_8' title="bbox 200 831 1786 906; baseline -0.001 -16"><span class='ocrx_word' id='word_1_54' title='bbox 200 844 437 891; x_wconf 72' lang='lat' dir='ltr'><strong>mortuus</strong></span> <span class='ocrx_word' id='word_1_55' title='bbox 464 844 537 889; x_wconf 85' lang='lat' dir='ltr'><strong>est</strong></span> <span class='ocrx_word' id='word_1_56' title='bbox 557 874 573 901; x_wconf 91' lang='lat'><strong>,</strong></span> <span class='ocrx_word' id='word_1_57' title='bbox 603 845 654 889; x_wconf 72' lang='lat' dir='ltr'><strong>et</strong></span> <span class='ocrx_word' id='word_1_58' title='bbox 700 836 980 891; x_wconf 72' lang='lat' dir='ltr'><strong>resurrexit</strong></span> <span class='ocrx_word' id='word_1_59' title='bbox 1005 835 1023 906; x_wconf 93' lang='lat'><strong>(</strong></span> <span class='ocrx_word' id='word_1_60' title='bbox 1050 835 1117 893; x_wconf 84' lang='grc' dir='ltr'><em>ΙΙ</em></span> <span class='ocrx_word' id='word_1_61' title='bbox 1155 834 1281 893; x_wconf 77' lang='lat' dir='ltr'><strong>Cor.</strong></span> <span class='ocrx_word' id='word_1_62' title='bbox 1308 851 1369 892; x_wconf 92' lang='grc' dir='ltr'><strong>ιιι</strong></span> <span class='ocrx_word' id='word_1_63' title='bbox 1395 874 1412 901; x_wconf 92' lang='grc'><strong>,</strong></span> <span class='ocrx_word' id='word_1_64' title='bbox 1444 833 1554 903; x_wconf 73' lang='grc' dir='ltr'>Η),</span> <span class='ocrx_word' id='word_1_65' title='bbox 1585 831 1786 889; x_wconf 74' lang='lat' dir='ltr'><strong>Omnes</strong></span> 
     </span>
    </p>
   </div>
   <div class='ocr_carea' id='block_1_9' title="bbox 203 926 1787 1000">
    <p class='ocr_par' dir='ltr' id='par_1_9' title="bbox 203 926 1787 1000">
     <span class='ocr_line' id='line_1_9' title="bbox 203 926 1787 1000; baseline -0.003 -18"><span class='ocrx_word' id='word_1_66' title='bbox 203 926 386 996; x_wconf 80' lang='lat' dir='ltr'><strong>itaque</strong></span> <span class='ocrx_word' id='word_1_67' title='bbox 411 927 608 983; x_wconf 92' lang='lat' dir='ltr'><strong>mortui</strong></span> <span class='ocrx_word' id='word_1_68' title='bbox 653 936 780 987; x_wconf 89' lang='lat' dir='ltr'><strong>sunt</strong></span> <span class='ocrx_word' id='word_1_69' title='bbox 814 927 868 985; x_wconf 90' lang='lat' dir='ltr'><strong>in</strong></span> <span class='ocrx_word' id='word_1_70' title='bbox 894 928 1167 1000; x_wconf 88' lang='lat' dir='ltr'><strong>peccatis,</strong></span> <span class='ocrx_word' id='word_1_71' title='bbox 1197 928 1414 983; x_wconf 80' lang='lat' dir='ltr'><strong>nemine</strong></span> <span class='ocrx_word' id='word_1_72' title='bbox 1442 940 1665 996; x_wconf 83' lang='lat' dir='ltr'><strong>prorsus</strong></span> <span class='ocrx_word' id='word_1_73' title='bbox 1691 938 1787 977; x_wconf 87' lang='lat' dir='ltr'><strong>ex-</strong></span> 
     </span>
    </p>
   </div>
   <div class='ocr_carea' id='block_1_10' title="bbox 205 1018 1787 1094">
    <p class='ocr_par' dir='ltr' id='par_1_10' title="bbox 205 1018 1787 1094">
     <span class='ocr_line' id='line_1_10' title="bbox 205 1018 1787 1094; baseline -0.001 -18"><span class='ocrx_word' id='word_1_74' title='bbox 205 1033 395 1094; x_wconf 77' lang='lat' dir='ltr'><strong>cepto,</strong></span> <span class='ocrx_word' id='word_1_75' title='bbox 422 1023 536 1079; x_wconf 83' lang='lat' dir='ltr'><strong>sive</strong></span> <span class='ocrx_word' id='word_1_76' title='bbox 575 1023 934 1094; x_wconf 81' lang='lat' dir='ltr'><strong>originalibus</strong></span> <span class='ocrx_word' id='word_1_77' title='bbox 951 1065 967 1091; x_wconf 93' lang='lat'><strong>,</strong></span> <span class='ocrx_word' id='word_1_78' title='bbox 1000 1025 1116 1081; x_wconf 89' lang='lat' dir='ltr'><strong>sive</strong></span> <span class='ocrx_word' id='word_1_79' title='bbox 1140 1024 1305 1079; x_wconf 84' lang='lat' dir='ltr'><strong>etiam</strong></span> <span class='ocrx_word' id='word_1_80' title='bbox 1334 1021 1610 1077; x_wconf 88' lang='lat' dir='ltr'><strong>voluntate</strong></span> <span class='ocrx_word' id='word_1_81' title='bbox 1633 1018 1787 1079; x_wconf 83' lang='lat' dir='ltr'><strong>addi-</strong></span> 
     </span>
    </p>
   </div>
   <div class='ocr_carea' id='block_1_11' title="bbox 211 1111 1787 1188">
    <p class='ocr_par' dir='ltr' id='par_1_11' title="bbox 211 1111 1787 1188">
     <span class='ocr_line' id='line_1_11' title="bbox 211 1111 1787 1188; baseline -0.004 -15"><span class='ocrx_word' id='word_1_82' title='bbox 211 1116 308 1183; x_wconf 83' lang='lat' dir='ltr'><strong>tis,</strong></span> <span class='ocrx_word' id='word_1_83' title='bbox 337 1116 418 1171; x_wconf 79' lang='lat' dir='ltr'><strong>vel</strong></span> <span class='ocrx_word' id='word_1_84' title='bbox 465 1117 797 1188; x_wconf 75' lang='lat' dir='ltr'><strong>ignorando,</strong></span> <span class='ocrx_word' id='word_1_85' title='bbox 840 1116 926 1174; x_wconf 87' lang='lat' dir='ltr'><strong>vel</strong></span> <span class='ocrx_word' id='word_1_86' title='bbox 970 1117 1193 1175; x_wconf 88' lang='lat' dir='ltr'><strong>sciendo</strong></span> <span class='ocrx_word' id='word_1_87' title='bbox 1225 1114 1599 1172; x_wconf 80' lang='lat' dir='ltr'><strong>necfaciendo</strong></span> <span class='ocrx_word' id='word_1_88' title='bbox 1642 1111 1787 1183; x_wconf 78' lang='lat' dir='ltr'><strong>quod</strong></span> 
     </span>
    </p>
   </div>
   <div class='ocr_carea' id='block_1_12' title="bbox 207 1205 1790 1279">
    <p class='ocr_par' dir='ltr' id='par_1_12' title="bbox 207 1205 1790 1279">
     <span class='ocr_line' id='line_1_12' title="bbox 207 1205 1790 1279; baseline -0.001 -15"><span class='ocrx_word' id='word_1_89' title='bbox 207 1205 404 1278; x_wconf 75' lang='lat' dir='ltr'><strong>justum</strong></span> <span class='ocrx_word' id='word_1_90' title='bbox 433 1215 519 1263; x_wconf 88' lang='lat' dir='ltr'><strong>est</strong></span> <span class='ocrx_word' id='word_1_91' title='bbox 550 1225 565 1261; x_wconf 86' lang='lat'><strong>:</strong></span> <span class='ocrx_word' id='word_1_92' title='bbox 594 1215 650 1263; x_wconf 89' lang='lat' dir='ltr'><strong>et</strong></span> <span class='ocrx_word' id='word_1_93' title='bbox 672 1223 773 1279; x_wconf 87' lang='lat' dir='ltr'><strong>pro</strong></span> <span class='ocrx_word' id='word_1_94' title='bbox 815 1208 1071 1263; x_wconf 85' lang='lat' dir='ltr'><strong>omnibus</strong></span> <span class='ocrx_word' id='word_1_95' title='bbox 1094 1207 1325 1265; x_wconf 83' lang='lat' dir='ltr'><strong>mortuis</strong></span> <span class='ocrx_word' id='word_1_96' title='bbox 1352 1207 1504 1262; x_wconf 86' lang='lat' dir='ltr'><strong>vivus</strong></span> <span class='ocrx_word' id='word_1_97' title='bbox 1542 1214 1790 1263; x_wconf 67' lang='lat' dir='ltr'><strong>mortuus</strong></span> 
     </span>
    </p>
   </div>
   <div class='ocr_carea' id='block_1_13' title="bbox 213 1300 1783 1368">
    <p class='ocr_par' dir='ltr' id='par_1_13' title="bbox 213 1300 1783 1368">
     <span class='ocr_line' id='line_1_13' title="bbox 213 1300 1783 1368; baseline -0.005 -12"><span class='ocrx_word' id='word_1_98' title='bbox 213 1310 460 1366; x_wconf 73' lang='lat' dir='ltr'><strong>astantis,</strong></span> <span class='ocrx_word' id='word_1_99' title='bbox 493 1300 546 1355; x_wconf 92' lang='lat' dir='ltr'><strong>id</strong></span> <span class='ocrx_word' id='word_1_100' title='bbox 568 1310 674 1366; x_wconf 85' lang='lat' dir='ltr'><strong>est,</strong></span> <span class='ocrx_word' id='word_1_101' title='bbox 700 1301 904 1357; x_wconf 89' lang='lat' dir='ltr'><strong>nullum</strong></span> <span class='ocrx_word' id='word_1_102' title='bbox 932 1301 1139 1356; x_wconf 81' lang='lat' dir='ltr'><strong>habens</strong></span> <span class='ocrx_word' id='word_1_103' title='bbox 1158 1300 1380 1355; x_wconf 85' lang='lat' dir='ltr'><strong>omnino</strong></span> <span class='ocrx_word' id='word_1_104' title='bbox 1404 1307 1783 1368; x_wconf 87' lang='lat' dir='ltr'><strong>peccatorum:</strong></span> 
     </span>
    </p>
   </div>
   <div class='ocr_carea' id='block_1_14' title="bbox 217 1388 1786 1464">
    <p class='ocr_par' dir='ltr' id='par_1_14' title="bbox 217 1388 1786 1464">
     <span class='ocr_line' id='line_1_14' title="bbox 217 1388 1786 1464; baseline -0.002 -18"><span class='ocrx_word' id='word_1_105' title='bbox 217 1403 272 1449; x_wconf 88' lang='lat' dir='ltr'><strong>ut</strong></span> <span class='ocrx_word' id='word_1_106' title='bbox 301 1392 389 1462; x_wconf 91' lang='lat' dir='ltr'><strong>qui</strong></span> <span class='ocrx_word' id='word_1_107' title='bbox 415 1407 510 1464; x_wconf 86' lang='lat' dir='ltr'><strong>per</strong></span> <span class='ocrx_word' id='word_1_108' title='bbox 536 1392 909 1447; x_wconf 81' lang='lat' dir='ltr'><strong>remissionem</strong></span> <span class='ocrx_word' id='word_1_109' title='bbox 925 1402 1272 1462; x_wconf 73' lang='lat' dir='ltr'><strong>peccatorum</strong></span> <span class='ocrx_word' id='word_1_110' title='bbox 1303 1391 1519 1453; x_wconf 89' lang='lat' dir='ltr'><strong>vivunt,</strong></span> <span class='ocrx_word' id='word_1_111' title='bbox 1546 1388 1655 1459; x_wconf 87' lang='lat' dir='ltr'><strong>jam</strong></span> <span class='ocrx_word' id='word_1_112' title='bbox 1679 1402 1786 1443; x_wconf 89' lang='lat' dir='ltr'><strong>non</strong></span> 
     </span>
    </p>
   </div>
   <div class='ocr_carea' id='block_1_15' title="bbox 218 1481 1790 1552">
    <p class='ocr_par' dir='ltr' id='par_1_15' title="bbox 218 1481 1790 1552">
     <span class='ocr_line' id='line_1_15' title="bbox 218 1481 1790 1552; baseline -0.003 -16"><span class='ocrx_word' id='word_1_113' title='bbox 218 1483 312 1537; x_wconf 82' lang='lat' dir='ltr'><strong>sibi</strong></span> <span class='ocrx_word' id='word_1_114' title='bbox 360 1483 575 1545; x_wconf 83' lang='lat' dir='ltr'><strong>vivant,</strong></span> <span class='ocrx_word' id='word_1_115' title='bbox 627 1483 721 1539; x_wconf 87' lang='lat' dir='ltr'><strong>sed</strong></span> <span class='ocrx_word' id='word_1_116' title='bbox 750 1481 801 1537; x_wconf 91' lang='lat' dir='ltr'><strong>ei</strong></span> <span class='ocrx_word' id='word_1_117' title='bbox 834 1483 923 1551; x_wconf 86' lang='lat' dir='ltr'><strong>qui</strong></span> <span class='ocrx_word' id='word_1_118' title='bbox 979 1497 1080 1552; x_wconf 90' lang='lat' dir='ltr'><strong>pro</strong></span> <span class='ocrx_word' id='word_1_119' title='bbox 1123 1481 1378 1537; x_wconf 91' lang='lat' dir='ltr'><strong>omnibus</strong></span> <span class='ocrx_word' id='word_1_120' title='bbox 1419 1488 1664 1535; x_wconf 89' lang='lat' dir='ltr'><strong>mortuus</strong></span> <span class='ocrx_word' id='word_1_121' title='bbox 1706 1484 1790 1533; x_wconf 87' lang='lat' dir='ltr'><strong>est</strong></span> 
     </span>
    </p>
   </div>
   <div class='ocr_carea' id='block_1_16' title="bbox 221 1566 1789 1642">
    <p class='ocr_par' dir='ltr' id='par_1_16' title="bbox 221 1566 1789 1642">
     <span class='ocr_line' id='line_1_16' title="bbox 221 1566 1789 1642; baseline -0.002 -16"><span class='ocrx_word' id='word_1_122' title='bbox 221 1581 424 1642; x_wconf 84' lang='lat' dir='ltr'><strong>propter</strong></span> <span class='ocrx_word' id='word_1_123' title='bbox 454 1582 680 1641; x_wconf 87' lang='lat' dir='ltr'><strong>peccata</strong></span> <span class='ocrx_word' id='word_1_124' title='bbox 716 1580 899 1626; x_wconf 84' lang='lat' dir='ltr'><strong>nostra</strong></span> <span class='ocrx_word' id='word_1_125' title='bbox 921 1612 936 1637; x_wconf 92' lang='lat'><strong>,</strong></span> <span class='ocrx_word' id='word_1_126' title='bbox 970 1582 1027 1626; x_wconf 89' lang='lat' dir='ltr'><strong>et</strong></span> <span class='ocrx_word' id='word_1_127' title='bbox 1065 1571 1361 1627; x_wconf 80' lang='lat' dir='ltr'><strong>resurrexit</strong></span> <span class='ocrx_word' id='word_1_128' title='bbox 1388 1578 1607 1641; x_wconf 86' lang='lat' dir='ltr'><strong>propter</strong></span> <span class='ocrx_word' id='word_1_129' title='bbox 1626 1566 1789 1636; x_wconf 86' lang='lat' dir='ltr'><strong>justi-</strong></span> 
     </span>
    </p>
   </div>
   <div class='ocr_carea' id='block_1_17' title="bbox 225 1658 1790 1730">
    <p class='ocr_par' dir='ltr' id='par_1_17' title="bbox 225 1658 1790 1730">
     <span class='ocr_line' id='line_1_17' title="bbox 225 1658 1790 1730; baseline -0.004 -13"><span class='ocrx_word' id='word_1_130' title='bbox 225 1660 511 1719; x_wconf 77' lang='lat' dir='ltr'><strong>ﬁcationem</strong></span> <span class='ocrx_word' id='word_1_131' title='bbox 537 1673 784 1718; x_wconf 87' lang='lat' dir='ltr'><strong>nostram</strong></span> <span class='ocrx_word' id='word_1_132' title='bbox 816 1680 829 1715; x_wconf 91' lang='lat'><strong>:</strong></span> <span class='ocrx_word' id='word_1_133' title='bbox 866 1669 929 1716; x_wconf 91' lang='lat' dir='ltr'><strong>ut</strong></span> <span class='ocrx_word' id='word_1_134' title='bbox 958 1662 1242 1718; x_wconf 79' lang='lat' dir='ltr'><strong>credentes</strong></span> <span class='ocrx_word' id='word_1_135' title='bbox 1265 1663 1318 1716; x_wconf 92' lang='lat' dir='ltr'><strong>in</strong></span> <span class='ocrx_word' id='word_1_136' title='bbox 1358 1676 1483 1716; x_wconf 84' lang='lat' dir='ltr'><strong>eum</strong></span> <span class='ocrx_word' id='word_1_137' title='bbox 1514 1661 1605 1730; x_wconf 87' lang='lat' dir='ltr'><strong>qui</strong></span> <span class='ocrx_word' id='word_1_138' title='bbox 1627 1658 1790 1730; x_wconf 91' lang='lat' dir='ltr'><strong>justi-</strong></span> 
     </span>
    </p>
   </div>
   <div class='ocr_carea' id='block_1_18' title="bbox 222 1753 1784 1825">
    <p class='ocr_par' dir='ltr' id='par_1_18' title="bbox 222 1753 1784 1825">
     <span class='ocr_line' id='line_1_18' title="bbox 222 1753 1784 1825; baseline -0.004 -12"><span class='ocrx_word' id='word_1_139' title='bbox 222 1753 331 1813; x_wconf 81' lang='lat' dir='ltr'><strong>ﬁcat</strong></span> <span class='ocrx_word' id='word_1_140' title='bbox 358 1755 612 1825; x_wconf 85' lang='lat' dir='ltr'><strong>impium,</strong></span> <span class='ocrx_word' id='word_1_141' title='bbox 648 1770 715 1815; x_wconf 76' lang='lat' dir='ltr'><strong>ex</strong></span> <span class='ocrx_word' id='word_1_142' title='bbox 761 1756 1043 1825; x_wconf 79' lang='lat' dir='ltr'><strong>impietate</strong></span> <span class='ocrx_word' id='word_1_143' title='bbox 1072 1754 1359 1825; x_wconf 71' lang='lat' dir='ltr'><strong>iustificati</strong></span> <span class='ocrx_word' id='word_1_144' title='bbox 1386 1796 1402 1822; x_wconf 89' lang='lat'><strong>,</strong></span> <span class='ocrx_word' id='word_1_145' title='bbox 1434 1765 1689 1825; x_wconf 77' lang='lat' dir='ltr'><strong>tanquam</strong></span> <span class='ocrx_word' id='word_1_146' title='bbox 1715 1767 1784 1807; x_wconf 75' lang='lat' dir='ltr'><strong>ex</strong></span> 
     </span>
    </p>
   </div>
   <div class='ocr_carea' id='block_1_19' title="bbox 1890 536 3470 618">
    <p class='ocr_par' dir='ltr' id='par_1_19' title="bbox 1890 536 3470 618">
     <span class='ocr_line' id='line_1_19' title="bbox 1890 536 3470 618; baseline -0.008 -10"><span class='ocrx_word' id='word_1_147' title='bbox 1890 552 1961 608; x_wconf 85' lang='lat' dir='ltr'><strong>sit</strong></span> <span class='ocrx_word' id='word_1_148' title='bbox 2011 553 2191 617; x_wconf 87' lang='lat' dir='ltr'><strong>datus,</strong></span> <span class='ocrx_word' id='word_1_149' title='bbox 2230 559 2292 606; x_wconf 88' lang='lat' dir='ltr'><strong>ut</strong></span> <span class='ocrx_word' id='word_1_150' title='bbox 2329 553 2384 607; x_wconf 88' lang='lat' dir='ltr'><strong>in</strong></span> <span class='ocrx_word' id='word_1_151' title='bbox 2428 566 2493 607; x_wconf 90' lang='lat' dir='ltr'><strong>eo</strong></span> <span class='ocrx_word' id='word_1_152' title='bbox 2538 550 2789 605; x_wconf 83' lang='lat' dir='ltr'><strong>omnibus</strong></span> <span class='ocrx_word' id='word_1_153' title='bbox 2816 555 3006 618; x_wconf 77' lang='lat' dir='ltr'><strong>parata</strong></span> <span class='ocrx_word' id='word_1_154' title='bbox 3052 544 3123 600; x_wconf 90' lang='lat' dir='ltr'><strong>sit</strong></span> <span class='ocrx_word' id='word_1_155' title='bbox 3163 541 3327 606; x_wconf 88' lang='lat' dir='ltr'><strong>salus,</strong></span> <span class='ocrx_word' id='word_1_156' title='bbox 3370 536 3470 603; x_wconf 74' lang='lat' dir='ltr'><strong>sed</strong></span> 
     </span>
    </p>
   </div>
   <div class='ocr_carea' id='block_1_20' title="bbox 1887 634 3473 712">
    <p class='ocr_par' dir='ltr' id='par_1_20' title="bbox 1887 634 3473 712">
     <span class='ocr_line' id='line_1_20' title="bbox 1887 634 3473 712; baseline -0.009 -13"><span class='ocrx_word' id='word_1_157' title='bbox 1887 642 2064 699; x_wconf 86' lang='lat' dir='ltr'><strong>omnis</strong></span> <span class='ocrx_word' id='word_1_158' title='bbox 2088 643 2178 712; x_wconf 91' lang='lat' dir='ltr'><strong>qui</strong></span> <span class='ocrx_word' id='word_1_159' title='bbox 2207 641 2381 698; x_wconf 85' lang='lat' dir='ltr'><strong>credit</strong></span> <span class='ocrx_word' id='word_1_160' title='bbox 2400 641 2455 695; x_wconf 93' lang='lat' dir='ltr'><strong>in</strong></span> <span class='ocrx_word' id='word_1_161' title='bbox 2478 656 2600 696; x_wconf 91' lang='lat' dir='ltr'><strong>eum</strong></span> <span class='ocrx_word' id='word_1_162' title='bbox 2624 655 2731 695; x_wconf 90' lang='lat' dir='ltr'><strong>non</strong></span> <span class='ocrx_word' id='word_1_163' title='bbox 2759 645 2964 709; x_wconf 88' lang='lat' dir='ltr'><strong>pereat.</strong></span> <span class='ocrx_word' id='word_1_164' title='bbox 2997 655 3013 687; x_wconf 80' lang='grc' dir='ltr'><strong>ι</strong></span> <span class='ocrx_word' id='word_1_165' title='bbox 3044 634 3247 690; x_wconf 84' lang='lat' dir='ltr'><strong>Tamen</strong></span> <span class='ocrx_word' id='word_1_166' title='bbox 3274 638 3329 687; x_wconf 86' lang='lat' dir='ltr'><strong>et</strong></span> <span class='ocrx_word' id='word_1_167' title='bbox 3349 643 3473 686; x_wconf 79' lang='lat' dir='ltr'><strong>san-</strong></span> 
     </span>
    </p>
   </div>
   <div class='ocr_carea' id='block_1_21' title="bbox 1889 725 3473 806">
    <p class='ocr_par' dir='ltr' id='par_1_21' title="bbox 1889 725 3473 806">
     <span class='ocr_line' id='line_1_21' title="bbox 1889 725 3473 806; baseline -0.006 -15"><span class='ocrx_word' id='word_1_168' title='bbox 1889 745 2006 793; x_wconf 89' lang='lat' dir='ltr'><strong>ctus</strong></span> <span class='ocrx_word' id='word_1_169' title='bbox 2036 750 2174 806; x_wconf 84' lang='lat' dir='ltr'><strong>papa</strong></span> <span class='ocrx_word' id='word_1_170' title='bbox 2216 734 2346 800; x_wconf 87' lang='lat' dir='ltr'><strong>Leo,</strong></span> <span class='ocrx_word' id='word_1_171' title='bbox 2389 734 2444 788; x_wconf 91' lang='lat' dir='ltr'><strong>in</strong></span> <span class='ocrx_word' id='word_1_172' title='bbox 2490 733 2717 803; x_wconf 85' lang='lat' dir='ltr'><strong>epistola</strong></span> <span class='ocrx_word' id='word_1_173' title='bbox 2768 732 2833 787; x_wconf 87' lang='lat' dir='ltr'><strong>ad</strong></span> <span class='ocrx_word' id='word_1_174' title='bbox 2884 730 3123 789; x_wconf 81' lang='lat' dir='ltr'><strong>Leonem</strong></span> <span class='ocrx_word' id='word_1_175' title='bbox 3166 725 3473 793; x_wconf 77' lang='lat' dir='ltr'><strong>Augustum</strong></span> 
     </span>
    </p>
   </div>
   <div class='ocr_carea' id='block_1_22' title="bbox 1890 818 3471 902">
    <p class='ocr_par' dir='ltr' id='par_1_22' title="bbox 1890 818 3471 902">
     <span class='ocr_line' id='line_1_22' title="bbox 1890 818 3471 902; baseline -0.01 -18"><span class='ocrx_word' id='word_1_176' title='bbox 1890 830 2063 902; x_wconf 79' lang='lat' dir='ltr'><strong>(epist.</strong></span> <span class='ocrx_word' id='word_1_177' title='bbox 2089 828 2180 893; x_wconf 89' lang='lat'><strong>97,</strong></span> <span class='ocrx_word' id='word_1_178' title='bbox 2207 845 2322 897; x_wconf 88' lang='lat' dir='ltr'><strong>cap.</strong></span> <span class='ocrx_word' id='word_1_179' title='bbox 2355 826 2435 897; x_wconf 72' lang='lat'><strong>2),</strong></span> <span class='ocrx_word' id='word_1_180' title='bbox 2462 826 2700 881; x_wconf 84' lang='lat' dir='ltr'><strong>breviter</strong></span> <span class='ocrx_word' id='word_1_181' title='bbox 2722 831 2778 880; x_wconf 92' lang='lat' dir='ltr'><strong>et</strong></span> <span class='ocrx_word' id='word_1_182' title='bbox 2796 821 3099 881; x_wconf 81' lang='lat' dir='ltr'><strong>luculenter</strong></span> <span class='ocrx_word' id='word_1_183' title='bbox 3130 818 3322 877; x_wconf 84' lang='lat' dir='ltr'><strong>horum</strong></span> <span class='ocrx_word' id='word_1_184' title='bbox 3347 826 3471 877; x_wconf 80' lang='lat' dir='ltr'><strong>sen-</strong></span> 
     </span>
    </p>
   </div>
   <div class='ocr_carea' id='block_1_23' title="bbox 1890 906 3469 988">
    <p class='ocr_par' dir='ltr' id='par_1_23' title="bbox 1890 906 3469 988">
     <span class='ocr_line' id='line_1_23' title="bbox 1890 906 3469 988; baseline -0.009 -7"><span class='ocrx_word' id='word_1_185' title='bbox 1890 938 2007 981; x_wconf 87' lang='lat' dir='ltr'><strong>sum</strong></span> <span class='ocrx_word' id='word_1_186' title='bbox 2032 921 2467 978; x_wconf 85' lang='lat' dir='ltr'><strong>testimoniorum</strong></span> <span class='ocrx_word' id='word_1_187' title='bbox 2494 935 2557 975; x_wconf 83' lang='lat' dir='ltr'><strong>ex</strong></span> <span class='ocrx_word' id='word_1_188' title='bbox 2590 926 2777 975; x_wconf 87' lang='lat' dir='ltr'><strong>sancto</strong></span> <span class='ocrx_word' id='word_1_189' title='bbox 2806 914 3095 988; x_wconf 79' lang='lat' dir='ltr'><strong>Evangelio</strong></span> <span class='ocrx_word' id='word_1_190' title='bbox 3122 910 3345 983; x_wconf 76' lang='lat' dir='ltr'><strong>exponit</strong></span> <span class='ocrx_word' id='word_1_191' title='bbox 3376 906 3469 967; x_wconf 78' lang='lat' dir='ltr'><strong>di-</strong></span> 
     </span>
    </p>
   </div>
   <div class='ocr_carea' id='block_1_24' title="bbox 1890 997 3473 1082">
    <p class='ocr_par' dir='ltr' id='par_1_24' title="bbox 1890 997 3473 1082">
     <span class='ocr_line' id='line_1_24' title="bbox 1890 997 3473 1082; baseline -0.01 -9"><span class='ocrx_word' id='word_1_192' title='bbox 1890 1030 2060 1073; x_wconf 85' lang='lat' dir='ltr'><strong>cens:</strong></span> <span class='ocrx_word' id='word_1_193' title='bbox 2093 1036 2112 1068; x_wconf 78' lang='grc' dir='ltr'><strong>ι</strong></span> <span class='ocrx_word' id='word_1_194' title='bbox 2143 1012 2369 1078; x_wconf 84' lang='lat' dir='ltr'><strong>Etfusio,</strong></span> <span class='ocrx_word' id='word_1_195' title='bbox 2409 1011 2606 1082; x_wconf 85' lang='lat' dir='ltr'><strong>inquit,</strong></span> <span class='ocrx_word' id='word_1_196' title='bbox 2650 1010 2782 1082; x_wconf 84' lang='lat' dir='ltr'><strong>justi</strong></span> <span class='ocrx_word' id='word_1_197' title='bbox 2813 1023 2912 1079; x_wconf 91' lang='lat' dir='ltr'><strong>pro</strong></span> <span class='ocrx_word' id='word_1_198' title='bbox 2942 1004 3155 1075; x_wconf 67' lang='lat' dir='ltr'><strong>iniustis</strong></span> <span class='ocrx_word' id='word_1_199' title='bbox 3195 997 3473 1072; x_wconf 75' lang='lat' dir='ltr'><strong>sanguinis</strong></span> 
     </span>
    </p>
   </div>
   <div class='ocr_carea' id='block_1_25' title="bbox 1893 1093 3472 1174">
    <p class='ocr_par' dir='ltr' id='par_1_25' title="bbox 1893 1093 3472 1174">
     <span class='ocr_line' id='line_1_25' title="bbox 1893 1093 3472 1174; baseline -0.007 -10"><span class='ocrx_word' id='word_1_200' title='bbox 1893 1105 2092 1165; x_wconf 79' lang='lat' dir='ltr'><strong>Christi</strong></span> <span class='ocrx_word' id='word_1_201' title='bbox 2119 1116 2230 1163; x_wconf 86' lang='lat' dir='ltr'><strong>tam</strong></span> <span class='ocrx_word' id='word_1_202' title='bbox 2263 1107 2366 1162; x_wconf 85' lang='lat' dir='ltr'><strong>fuit</strong></span> <span class='ocrx_word' id='word_1_203' title='bbox 2394 1106 2545 1163; x_wconf 82' lang='lat' dir='ltr'><strong>dives</strong></span> <span class='ocrx_word' id='word_1_204' title='bbox 2579 1104 2647 1159; x_wconf 88' lang='lat' dir='ltr'><strong>ad</strong></span> <span class='ocrx_word' id='word_1_205' title='bbox 2688 1103 2942 1174; x_wconf 87' lang='lat' dir='ltr'><strong>pretium,</strong></span> <span class='ocrx_word' id='word_1_206' title='bbox 2978 1108 3038 1155; x_wconf 92' lang='lat' dir='ltr'><strong>ut</strong></span> <span class='ocrx_word' id='word_1_207' title='bbox 3066 1098 3112 1153; x_wconf 90' lang='lat' dir='ltr'><strong>si</strong></span> <span class='ocrx_word' id='word_1_208' title='bbox 3143 1093 3472 1153; x_wconf 70' lang='lat' dir='ltr'><strong>universitas</strong></span> 
     </span>
    </p>
   </div>
   <div class='ocr_carea' id='block_1_26' title="bbox 1892 1183 3472 1267">
    <p class='ocr_par' dir='ltr' id='par_1_26' title="bbox 1892 1183 3472 1267">
     <span class='ocr_line' id='line_1_26' title="bbox 1892 1183 3472 1267; baseline -0.008 -15"><span class='ocrx_word' id='word_1_209' title='bbox 1892 1197 2229 1267; x_wconf 86' lang='lat' dir='ltr'><strong>captivorum</strong></span> <span class='ocrx_word' id='word_1_210' title='bbox 2266 1198 2320 1251; x_wconf 89' lang='lat' dir='ltr'><strong>in</strong></span> <span class='ocrx_word' id='word_1_211' title='bbox 2349 1197 2751 1266; x_wconf 86' lang='lat' dir='ltr'><strong>redemptorem</strong></span> <span class='ocrx_word' id='word_1_212' title='bbox 2777 1208 2933 1249; x_wconf 88' lang='lat' dir='ltr'><strong>suum</strong></span> <span class='ocrx_word' id='word_1_213' title='bbox 2962 1190 3227 1249; x_wconf 85' lang='lat' dir='ltr'><strong>crederet,</strong></span> <span class='ocrx_word' id='word_1_214' title='bbox 3263 1183 3472 1241; x_wconf 86' lang='lat' dir='ltr'><strong>nullum</strong></span> 
     </span>
    </p>
   </div>
   <div class='ocr_carea' id='block_1_27' title="bbox 1893 1277 3474 1353">
    <p class='ocr_par' dir='ltr' id='par_1_27' title="bbox 1893 1277 3474 1353">
     <span class='ocr_line' id='line_1_27' title="bbox 1893 1277 3474 1353; baseline -0.012 -6"><span class='ocrx_word' id='word_1_215' title='bbox 1893 1290 2091 1347; x_wconf 85' lang='lat' dir='ltr'><strong>diaboli</strong></span> <span class='ocrx_word' id='word_1_216' title='bbox 2127 1289 2340 1346; x_wconf 89' lang='lat' dir='ltr'><strong>vincula</strong></span> <span class='ocrx_word' id='word_1_217' title='bbox 2366 1289 2682 1345; x_wconf 88' lang='lat' dir='ltr'><strong>retinerent.</strong></span> <span class='ocrx_word' id='word_1_218' title='bbox 2719 1307 2738 1340; x_wconf 78' lang='grc' dir='ltr'><strong>ι</strong></span> <span class='ocrx_word' id='word_1_219' title='bbox 2778 1286 2908 1353; x_wconf 67' lang='lat' dir='ltr'><strong>Quae</strong></span> <span class='ocrx_word' id='word_1_220' title='bbox 2936 1284 3010 1343; x_wconf 87' lang='lat' dir='ltr'><strong>sit</strong></span> <span class='ocrx_word' id='word_1_221' title='bbox 3046 1288 3223 1339; x_wconf 78' lang='lat' dir='ltr'><strong>autem</strong></span> <span class='ocrx_word' id='word_1_222' title='bbox 3254 1277 3474 1341; x_wconf 54' lang='lat' dir='ltr'><strong>univer-</strong></span> 
     </span>
    </p>
   </div>
   <div class='ocr_carea' id='block_1_28' title="bbox 1894 1364 3479 1452">
    <p class='ocr_par' dir='ltr' id='par_1_28' title="bbox 1894 1364 3479 1452">
     <span class='ocr_line' id='line_1_28' title="bbox 1894 1364 3479 1452; baseline -0.008 -14"><span class='ocrx_word' id='word_1_223' title='bbox 1894 1382 2028 1439; x_wconf 82' lang='lat' dir='ltr'><strong>sitas</strong></span> <span class='ocrx_word' id='word_1_224' title='bbox 2058 1383 2419 1452; x_wconf 88' lang='lat' dir='ltr'><strong>captivorum,</strong></span> <span class='ocrx_word' id='word_1_225' title='bbox 2458 1379 2746 1451; x_wconf 80' lang='lat' dir='ltr'><strong>Apostolus</strong></span> <span class='ocrx_word' id='word_1_226' title='bbox 2772 1379 3109 1434; x_wconf 83' lang='lat' dir='ltr'><strong>demonstrat</strong></span> <span class='ocrx_word' id='word_1_227' title='bbox 3139 1372 3361 1428; x_wconf 87' lang='lat' dir='ltr'><strong>dicens:</strong></span> <span class='ocrx_word' id='word_1_228' title='bbox 3392 1364 3479 1425; x_wconf 68' lang='lat' dir='ltr'><strong>Et:</strong></span> 
     </span>
    </p>
   </div>
   <div class='ocr_carea' id='block_1_29' title="bbox 1896 1464 3480 1533">
    <p class='ocr_par' dir='ltr' id='par_1_29' title="bbox 1896 1464 3480 1533">
     <span class='ocr_line' id='line_1_29' title="bbox 1896 1464 3480 1533; baseline -0.006 -6"><span class='ocrx_word' id='word_1_229' title='bbox 1896 1488 2000 1528; x_wconf 83' lang='lat' dir='ltr'><strong>uno</strong></span> <span class='ocrx_word' id='word_1_230' title='bbox 2044 1473 2146 1526; x_wconf 85' lang='lat' dir='ltr'><strong>isse</strong></span> <span class='ocrx_word' id='word_1_231' title='bbox 2195 1488 2370 1527; x_wconf 78' lang='lat' dir='ltr'><strong>omnes</strong></span> <span class='ocrx_word' id='word_1_232' title='bbox 2419 1470 2477 1525; x_wconf 89' lang='lat' dir='ltr'><strong>in</strong></span> <span class='ocrx_word' id='word_1_233' title='bbox 2519 1468 3025 1529; x_wconf 79' lang='lat' dir='ltr'><strong>condemnationem,</strong></span> <span class='ocrx_word' id='word_1_234' title='bbox 3059 1464 3117 1517; x_wconf 89' lang='lat' dir='ltr'><strong>in</strong></span> <span class='ocrx_word' id='word_1_235' title='bbox 3165 1477 3267 1533; x_wconf 77' lang='lat' dir='ltr'><strong>quo</strong></span> <span class='ocrx_word' id='word_1_236' title='bbox 3301 1471 3480 1517; x_wconf 61' lang='lat' dir='ltr'><strong>omne!</strong></span> 
     </span>
    </p>
   </div>
   <div class='ocr_carea' id='block_1_30' title="bbox 1896 1553 3484 1633">
    <p class='ocr_par' dir='ltr' id='par_1_30' title="bbox 1896 1553 3484 1633">
     <span class='ocr_line' id='line_1_30' title="bbox 1896 1553 3484 1633; baseline -0.008 -17"><span class='ocrx_word' id='word_1_237' title='bbox 1896 1573 2235 1632; x_wconf 83' lang='lat' dir='ltr'><strong>peccaverunt</strong></span> <span class='ocrx_word' id='word_1_238' title='bbox 2280 1561 2457 1633; x_wconf 82' lang='lat' dir='ltr'><strong>(Rom.</strong></span> <span class='ocrx_word' id='word_1_239' title='bbox 2505 1559 2697 1628; x_wconf 71' lang='lat' dir='ltr'><strong>v.16).</strong></span> <span class='ocrx_word' id='word_1_240' title='bbox 2742 1556 2873 1625; x_wconf 73' lang='lat' dir='ltr'><strong>Qua:</strong></span> <span class='ocrx_word' id='word_1_241' title='bbox 2907 1556 3051 1611; x_wconf 88' lang='lat' dir='ltr'><strong>enim</strong></span> <span class='ocrx_word' id='word_1_242' title='bbox 3081 1553 3258 1623; x_wconf 79' lang='lat' dir='ltr'><strong>major</strong></span> <span class='ocrx_word' id='word_1_243' title='bbox 3303 1554 3484 1619; x_wconf 64' lang='lat' dir='ltr'><strong>potest</strong></span> 
     </span>
    </p>
   </div>
   <div class='ocr_carea' id='block_1_31' title="bbox 1897 1643 3483 1725">
    <p class='ocr_par' dir='ltr' id='par_1_31' title="bbox 1897 1643 3483 1725">
     <span class='ocr_line' id='line_1_31' title="bbox 1897 1643 3483 1725; baseline -0.008 -14"><span class='ocrx_word' id='word_1_244' title='bbox 1897 1670 2015 1711; x_wconf 82' lang='lat' dir='ltr'><strong>esse</strong></span> <span class='ocrx_word' id='word_1_245' title='bbox 2046 1655 2351 1724; x_wconf 82' lang='lat' dir='ltr'><strong>captivitas,</strong></span> <span class='ocrx_word' id='word_1_246' title='bbox 2384 1668 2547 1725; x_wconf 88' lang='lat' dir='ltr'><strong>quam</strong></span> <span class='ocrx_word' id='word_1_247' title='bbox 2594 1652 2661 1707; x_wconf 90' lang='lat' dir='ltr'><strong>de</strong></span> <span class='ocrx_word' id='word_1_248' title='bbox 2693 1650 2785 1706; x_wconf 90' lang='lat' dir='ltr'><strong>Dei</strong></span> <span class='ocrx_word' id='word_1_249' title='bbox 2826 1649 2951 1706; x_wconf 82' lang='lat' dir='ltr'><strong>ﬁliis</strong></span> <span class='ocrx_word' id='word_1_250' title='bbox 2997 1645 3196 1703; x_wconf 88' lang='lat' dir='ltr'><strong>diaboli</strong></span> <span class='ocrx_word' id='word_1_251' title='bbox 3229 1643 3391 1706; x_wconf 78' lang='lat' dir='ltr'><strong>illius,</strong></span> <span class='ocrx_word' id='word_1_252' title='bbox 3424 1645 3483 1705; x_wconf 68' lang='lat' dir='ltr'><strong>et</strong></span> 
     </span>
    </p>
   </div>
   <div class='ocr_carea' id='block_1_32' title="bbox 1901 1730 3484 1817">
    <p class='ocr_par' dir='ltr' id='par_1_32' title="bbox 1901 1730 3484 1817">
     <span class='ocr_line' id='line_1_32' title="bbox 1901 1730 3484 1817; baseline -0.008 -13"><span class='ocrx_word' id='word_1_253' title='bbox 1901 1749 1966 1804; x_wconf 89' lang='lat' dir='ltr'><strong>de</strong></span> <span class='ocrx_word' id='word_1_254' title='bbox 1992 1734 2228 1817; x_wconf 85' lang='lat' dir='ltr'><strong>paradisi</strong></span> <span class='ocrx_word' id='word_1_255' title='bbox 2254 1747 2446 1803; x_wconf 86' lang='lat' dir='ltr'><strong>incolis</strong></span> <span class='ocrx_word' id='word_1_256' title='bbox 2480 1746 2595 1801; x_wconf 82' lang='lat' dir='ltr'><strong>ﬁeri</strong></span> <span class='ocrx_word' id='word_1_257' title='bbox 2619 1754 2837 1800; x_wconf 64' lang='lat' dir='ltr'><strong>internae</strong></span> <span class='ocrx_word' id='word_1_258' title='bbox 2866 1737 3155 1812; x_wconf 86' lang='lat' dir='ltr'><strong>perditioni</strong></span> <span class='ocrx_word' id='word_1_259' title='bbox 3185 1730 3484 1792; x_wconf 67' lang='lat' dir='ltr'><strong>obnoxios?</strong></span> 
     </span>
    </p>
   </div>
   <div class='ocr_carea' id='block_1_33' title="bbox 222 1813 3484 1917">
    <p class='ocr_par' dir='ltr' id='par_1_33' title="bbox 222 1813 3484 1917">
     <span class='ocr_line' id='line_1_33' title="bbox 222 1813 3484 1917; baseline -0.004 -18"><span class='ocrx_word' id='word_1_260' title='bbox 222 1852 378 1899; x_wconf 87' lang='lat' dir='ltr'><strong>morte</strong></span> <span class='ocrx_word' id='word_1_261' title='bbox 408 1813 663 1903; x_wconf 76' lang='lat' dir='ltr'><strong>viviﬁcati</strong></span> <span class='ocrx_word' id='word_1_262' title='bbox 688 1813 706 1911; x_wconf 12' lang='grc' dir='ltr'>ν,</span> <span class='ocrx_word' id='word_1_263' title='bbox 754 1813 1101 1917; x_wconf 44' lang='lat' dir='ltr'><strong>ad.primam</strong></span> <span class='ocrx_word' id='word_1_264' title='bbox 1162 1813 1615 1901; x_wconf 74' lang='lat' dir='ltr'><strong>resurrectionem</strong></span> <span class='ocrx_word' id='word_1_265' title='bbox 1668 1858 1791 1915; x_wconf 68' lang='lat' dir='ltr'><strong>qua:</strong></span> <span class='ocrx_word' id='word_1_266' title='bbox 1820 1813 1871 1879; x_wconf 73' lang='grc' dir='ltr'><strong>Β</strong></span> <span class='ocrx_word' id='word_1_267' title='bbox 1972 1841 2364 1897; x_wconf 88' lang='lat' dir='ltr'><strong>Testimonium</strong></span> <span class='ocrx_word' id='word_1_268' title='bbox 2393 1847 2578 1895; x_wconf 89' lang='lat' dir='ltr'><strong>autem</strong></span> <span class='ocrx_word' id='word_1_269' title='bbox 2618 1833 2994 1906; x_wconf 87' lang='lat' dir='ltr'><strong>apostolicum,</strong></span> <span class='ocrx_word' id='word_1_270' title='bbox 3034 1828 3176 1901; x_wconf 88' lang='lat' dir='ltr'><strong>quod</strong></span> <span class='ocrx_word' id='word_1_271' title='bbox 3204 1823 3484 1894; x_wconf 60' lang='lat' dir='ltr'><strong>sulijunsil</strong></span> 
     </span>
    </p>
   </div>
   <div class='ocr_carea' id='block_1_34' title="bbox 220 1935 1792 2007">
    <p class='ocr_par' dir='ltr' id='par_1_34' title="bbox 220 1935 1792 2007">
     <span class='ocr_line' id='line_1_34' title="bbox 220 1935 1792 2007; baseline 0.001 -19"><span class='ocrx_word' id='word_1_272' title='bbox 220 1950 345 1989; x_wconf 85' lang='lat' dir='ltr'><strong>nunc</strong></span> <span class='ocrx_word' id='word_1_273' title='bbox 371 1945 453 1990; x_wconf 45' lang='lat' dir='ltr'><strong>est</strong></span> <span class='ocrx_word' id='word_1_274' title='bbox 474 1935 746 2007; x_wconf 76' lang='lat' dir='ltr'><strong>pertinere</strong></span> <span class='ocrx_word' id='word_1_275' title='bbox 780 1936 1070 2007; x_wconf 87' lang='lat' dir='ltr'><strong>possimus.</strong></span> <span class='ocrx_word' id='word_1_276' title='bbox 1103 1936 1186 1993; x_wconf 83' lang='lat' dir='ltr'><strong>Ad</strong></span> <span class='ocrx_word' id='word_1_277' title='bbox 1227 1937 1368 1993; x_wconf 87' lang='lat' dir='ltr'><strong>hanc</strong></span> <span class='ocrx_word' id='word_1_278' title='bbox 1388 1937 1534 1993; x_wconf 90' lang='lat' dir='ltr'><strong>enim</strong></span> <span class='ocrx_word' id='word_1_279' title='bbox 1560 1936 1792 2007; x_wconf 85' lang='lat' dir='ltr'><strong>primam</strong></span> 
     </span>
    </p>
   </div>
   <div class='ocr_carea' id='block_1_35' title="bbox 219 2026 1790 2096">
    <p class='ocr_par' dir='ltr' id='par_1_35' title="bbox 219 2026 1790 2096">
     <span class='ocr_line' id='line_1_35' title="bbox 219 2026 1790 2096; baseline 0.003 -17"><span class='ocrx_word' id='word_1_280' title='bbox 219 2026 470 2094; x_wconf 85' lang='lat' dir='ltr'><strong>pertinent</strong></span> <span class='ocrx_word' id='word_1_281' title='bbox 496 2027 586 2096; x_wconf 92' lang='lat' dir='ltr'><strong>qui</strong></span> <span class='ocrx_word' id='word_1_282' title='bbox 619 2028 760 2085; x_wconf 87' lang='lat' dir='ltr'><strong>beati</strong></span> <span class='ocrx_word' id='word_1_283' title='bbox 787 2038 947 2084; x_wconf 90' lang='lat' dir='ltr'><strong>erunt</strong></span> <span class='ocrx_word' id='word_1_284' title='bbox 974 2030 1026 2084; x_wconf 87' lang='lat' dir='ltr'><strong>in</strong></span> <span class='ocrx_word' id='word_1_285' title='bbox 1056 2038 1318 2085; x_wconf 60' lang='lat' dir='ltr'><strong>aeternum</strong></span> <span class='ocrx_word' id='word_1_286' title='bbox 1353 2048 1366 2084; x_wconf 89' lang='lat'><strong>:</strong></span> <span class='ocrx_word' id='word_1_287' title='bbox 1403 2030 1468 2084; x_wconf 91' lang='lat' dir='ltr'><strong>ad</strong></span> <span class='ocrx_word' id='word_1_288' title='bbox 1496 2030 1790 2086; x_wconf 88' lang='lat' dir='ltr'><strong>secundam</strong></span> 
     </span>
    </p>
   </div>
   <div class='ocr_carea' id='block_1_36' title="bbox 223 2120 1795 2192">
    <p class='ocr_par' dir='ltr' id='par_1_36' title="bbox 223 2120 1795 2192">
     <span class='ocr_line' id='line_1_36' title="bbox 223 2120 1795 2192; baseline 0.004 -22"><span class='ocrx_word' id='word_1_289' title='bbox 223 2131 336 2171; x_wconf 79' lang='lat' dir='ltr'><strong>vero</strong></span> <span class='ocrx_word' id='word_1_290' title='bbox 356 2159 370 2181; x_wconf 93' lang='lat'><strong>,</strong></span> <span class='ocrx_word' id='word_1_291' title='bbox 403 2120 468 2172; x_wconf 89' lang='lat' dir='ltr'><strong>de</strong></span> <span class='ocrx_word' id='word_1_292' title='bbox 496 2135 602 2188; x_wconf 87' lang='lat' dir='ltr'><strong>qua</strong></span> <span class='ocrx_word' id='word_1_293' title='bbox 644 2135 771 2177; x_wconf 87' lang='lat' dir='ltr'><strong>mox</strong></span> <span class='ocrx_word' id='word_1_294' title='bbox 803 2120 1013 2176; x_wconf 89' lang='lat' dir='ltr'><strong>locutus</strong></span> <span class='ocrx_word' id='word_1_295' title='bbox 1033 2131 1119 2178; x_wconf 88' lang='lat' dir='ltr'><strong>est</strong></span> <span class='ocrx_word' id='word_1_296' title='bbox 1139 2162 1155 2187; x_wconf 92' lang='lat'><strong>,</strong></span> <span class='ocrx_word' id='word_1_297' title='bbox 1187 2130 1243 2176; x_wconf 89' lang='lat' dir='ltr'><strong>et</strong></span> <span class='ocrx_word' id='word_1_298' title='bbox 1287 2121 1472 2176; x_wconf 88' lang='lat' dir='ltr'><strong>beatos</strong></span> <span class='ocrx_word' id='word_1_299' title='bbox 1521 2121 1795 2192; x_wconf 84' lang='lat' dir='ltr'><strong>pertinere</strong></span> 
     </span>
    </p>
   </div>
   <div class='ocr_carea' id='block_1_37' title="bbox 221 2207 1793 2284">
    <p class='ocr_par' dir='ltr' id='par_1_37' title="bbox 221 2207 1793 2284">
     <span class='ocr_line' id='line_1_37' title="bbox 221 2207 1793 2284; baseline 0.006 -22"><span class='ocrx_word' id='word_1_300' title='bbox 221 2207 419 2264; x_wconf 85' lang='lat' dir='ltr'><strong>docebit</strong></span> <span class='ocrx_word' id='word_1_301' title='bbox 447 2219 505 2265; x_wconf 87' lang='lat' dir='ltr'><strong>et</strong></span> <span class='ocrx_word' id='word_1_302' title='bbox 531 2211 785 2269; x_wconf 88' lang='lat' dir='ltr'><strong>miseros.</strong></span> <span class='ocrx_word' id='word_1_303' title='bbox 822 2213 928 2283; x_wconf 86' lang='lat' dir='ltr'><strong>Ista</strong></span> <span class='ocrx_word' id='word_1_304' title='bbox 961 2222 1046 2269; x_wconf 88' lang='lat' dir='ltr'><strong>est</strong></span> <span class='ocrx_word' id='word_1_305' title='bbox 1092 2214 1496 2279; x_wconf 83' lang='lat' dir='ltr'><strong>misericordia,</strong></span> <span class='ocrx_word' id='word_1_306' title='bbox 1528 2214 1613 2268; x_wconf 78' lang='lat' dir='ltr'><strong>illa</strong></span> <span class='ocrx_word' id='word_1_307' title='bbox 1648 2213 1793 2284; x_wconf 89' lang='lat' dir='ltr'><strong>judi-</strong></span> 
     </span>
    </p>
   </div>
   <div class='ocr_carea' id='block_1_38' title="bbox 222 2298 1794 2379">
    <p class='ocr_par' dir='ltr' id='par_1_38' title="bbox 222 2298 1794 2379">
     <span class='ocr_line' id='line_1_38' title="bbox 222 2298 1794 2379; baseline 0.002 -22"><span class='ocrx_word' id='word_1_308' title='bbox 222 2299 301 2357; x_wconf 80' lang='lat' dir='ltr'><strong>cii.</strong></span> <span class='ocrx_word' id='word_1_309' title='bbox 336 2298 568 2372; x_wconf 88' lang='lat' dir='ltr'><strong>Propter</strong></span> <span class='ocrx_word' id='word_1_310' title='bbox 613 2304 756 2379; x_wconf 89' lang='lat' dir='ltr'><strong>quod</strong></span> <span class='ocrx_word' id='word_1_311' title='bbox 785 2304 841 2359; x_wconf 90' lang='lat' dir='ltr'><strong>in</strong></span> <span class='ocrx_word' id='word_1_312' title='bbox 882 2305 1093 2378; x_wconf 71' lang='lat' dir='ltr'><strong>psalmo</strong></span> <span class='ocrx_word' id='word_1_313' title='bbox 1142 2306 1405 2378; x_wconf 86' lang='lat' dir='ltr'><strong>scriptum</strong></span> <span class='ocrx_word' id='word_1_314' title='bbox 1431 2316 1548 2363; x_wconf 89' lang='lat' dir='ltr'><strong>est:</strong></span> <span class='ocrx_word' id='word_1_315' title='bbox 1585 2306 1794 2360; x_wconf 78' lang='lat' dir='ltr'><strong>Miseri-</strong></span> 
     </span>
    </p>
   </div>
   <div class='ocr_carea' id='block_1_39' title="bbox 219 2392 1787 2470">
    <p class='ocr_par' dir='ltr' id='par_1_39' title="bbox 219 2392 1787 2470">
     <span class='ocr_line' id='line_1_39' title="bbox 219 2392 1787 2470; baseline 0.004 -24"><span class='ocrx_word' id='word_1_316' title='bbox 219 2392 495 2448; x_wconf 78' lang='lat' dir='ltr'><strong>tordiamet</strong></span> <span class='ocrx_word' id='word_1_317' title='bbox 501 2395 765 2465; x_wconf 86' lang='lat' dir='ltr'><strong>judicium</strong></span> <span class='ocrx_word' id='word_1_318' title='bbox 786 2398 1009 2453; x_wconf 82' lang='lat' dir='ltr'><strong>cantabo</strong></span> <span class='ocrx_word' id='word_1_319' title='bbox 1029 2399 1145 2464; x_wconf 82' lang='lat' dir='ltr'><strong>tibi,</strong></span> <span class='ocrx_word' id='word_1_320' title='bbox 1170 2398 1576 2470; x_wconf 82' lang='lat' dir='ltr'><strong>Domine(Psal.</strong></span> <span class='ocrx_word' id='word_1_321' title='bbox 1593 2416 1644 2465; x_wconf 90' lang='lat' dir='ltr'><strong>c,</strong></span> <span class='ocrx_word' id='word_1_322' title='bbox 1663 2399 1735 2470; x_wconf 80' lang='lat' dir='ltr'><strong>l).</strong></span> <span class='ocrx_word' id='word_1_323' title='bbox 1766 2420 1787 2452; x_wconf 81' lang='grc' dir='ltr'><strong>ι</strong></span> 
     </span>
    </p>
   </div>
   <div class='ocr_carea' id='block_1_40' title="bbox 277 2483 1796 2563">
    <p class='ocr_par' dir='ltr' id='par_1_40' title="bbox 277 2483 1796 2563">
     <span class='ocr_line' id='line_1_40' title="bbox 277 2483 1796 2563; baseline 0.004 -22"><span class='ocrx_word' id='word_1_324' title='bbox 277 2483 349 2541; x_wconf 89' lang='lat' dir='ltr'><strong>De</strong></span> <span class='ocrx_word' id='word_1_325' title='bbox 367 2485 489 2540; x_wconf 90' lang='lat' dir='ltr'><strong>istis</strong></span> <span class='ocrx_word' id='word_1_326' title='bbox 525 2488 798 2555; x_wconf 88' lang='lat' dir='ltr'><strong>omnibus,</strong></span> <span class='ocrx_word' id='word_1_327' title='bbox 842 2489 931 2563; x_wconf 88' lang='lat' dir='ltr'><strong>qui</strong></span> <span class='ocrx_word' id='word_1_328' title='bbox 973 2500 1067 2546; x_wconf 91' lang='lat' dir='ltr'><strong>aut</strong></span> <span class='ocrx_word' id='word_1_329' title='bbox 1104 2492 1172 2547; x_wconf 88' lang='lat' dir='ltr'><strong>ad</strong></span> <span class='ocrx_word' id='word_1_330' title='bbox 1216 2492 1674 2555; x_wconf 85' lang='lat' dir='ltr'><strong>misericordiam,</strong></span> <span class='ocrx_word' id='word_1_331' title='bbox 1702 2500 1796 2547; x_wconf 89' lang='lat' dir='ltr'><strong>aut</strong></span> 
     </span>
    </p>
   </div>
   <div class='ocr_carea' id='block_1_41' title="bbox 217 2573 1789 2659">
    <p class='ocr_par' dir='ltr' id='par_1_41' title="bbox 217 2573 1789 2659">
     <span class='ocr_line' id='line_1_41' title="bbox 217 2573 1789 2659; baseline 0.006 -32"><span class='ocrx_word' id='word_1_332' title='bbox 217 2573 553 2642; x_wconf 84' lang='lat' dir='ltr'><strong>adjudicium</strong></span> <span class='ocrx_word' id='word_1_333' title='bbox 582 2580 955 2648; x_wconf 85' lang='lat' dir='ltr'><strong>pertinebunt,</strong></span> <span class='ocrx_word' id='word_1_334' title='bbox 1001 2582 1308 2652; x_wconf 84' lang='lat' dir='ltr'><strong>quicunque</strong></span> <span class='ocrx_word' id='word_1_335' title='bbox 1336 2582 1789 2659; x_wconf 86' lang='lat' dir='ltr'><strong>calumniatorum</strong></span> 
     </span>
    </p>
   </div>
   <div class='ocr_carea' id='block_1_42' title="bbox 215 2668 1794 2741">
    <p class='ocr_par' dir='ltr' id='par_1_42' title="bbox 215 2668 1794 2741">
     <span class='ocr_line' id='line_1_42' title="bbox 215 2668 1794 2741; baseline 0.001 -18"><span class='ocrx_word' id='word_1_336' title='bbox 215 2674 515 2723; x_wconf 86' lang='lat' dir='ltr'><strong>nostrorum</strong></span> <span class='ocrx_word' id='word_1_337' title='bbox 569 2668 834 2737; x_wconf 86' lang='lat' dir='ltr'><strong>voluerit,</strong></span> <span class='ocrx_word' id='word_1_338' title='bbox 889 2671 1126 2741; x_wconf 80' lang='lat' dir='ltr'><strong>excipiat</strong></span> <span class='ocrx_word' id='word_1_339' title='bbox 1161 2673 1204 2729; x_wconf 92' lang='lat' dir='ltr'><strong>si</strong></span> <span class='ocrx_word' id='word_1_340' title='bbox 1255 2673 1525 2741; x_wconf 89' lang='lat' dir='ltr'><strong>potuerit,</strong></span> <span class='ocrx_word' id='word_1_341' title='bbox 1571 2672 1637 2727; x_wconf 89' lang='lat' dir='ltr'><strong>de</strong></span> <span class='ocrx_word' id='word_1_342' title='bbox 1685 2687 1794 2741; x_wconf 91' lang='lat' dir='ltr'><strong>quo</strong></span> 
     </span>
    </p>
   </div>
   <div class='ocr_carea' id='block_1_43' title="bbox 212 2758 1795 2833">
    <p class='ocr_par' dir='ltr' id='par_1_43' title="bbox 212 2758 1795 2833">
     <span class='ocr_line' id='line_1_43' title="bbox 212 2758 1795 2833; baseline 0.007 -25"><span class='ocrx_word' id='word_1_343' title='bbox 212 2769 363 2824; x_wconf 87' lang='lat' dir='ltr'><strong>supra</strong></span> <span class='ocrx_word' id='word_1_344' title='bbox 394 2758 747 2829; x_wconf 83' lang='lat' dir='ltr'><strong>scripsimus,</strong></span> <span class='ocrx_word' id='word_1_345' title='bbox 791 2760 1202 2819; x_wconf 86' lang='lat' dir='ltr'><strong>Antichristum.</strong></span> <span class='ocrx_word' id='word_1_346' title='bbox 1249 2761 1541 2833; x_wconf 83' lang='lat' dir='ltr'><strong>Propterea</strong></span> <span class='ocrx_word' id='word_1_347' title='bbox 1596 2770 1651 2817; x_wconf 81' lang='lat' dir='ltr'><strong>ct</strong></span> <span class='ocrx_word' id='word_1_348' title='bbox 1694 2778 1795 2819; x_wconf 85' lang='lat' dir='ltr'><strong>nos</strong></span> 
     </span>
    </p>
   </div>
   <div class='ocr_carea' id='block_1_44' title="bbox 210 2844 1794 2927">
    <p class='ocr_par' dir='ltr' id='par_1_44' title="bbox 210 2844 1794 2927">
     <span class='ocr_line' id='line_1_44' title="bbox 210 2844 1794 2927; baseline 0.006 -27"><span class='ocrx_word' id='word_1_349' title='bbox 210 2844 361 2924; x_wconf 72' lang='lat'><strong>221</strong></span> <span class='ocrx_word' id='word_1_350' title='bbox 400 2862 469 2901; x_wconf 79' lang='lat' dir='ltr'><strong>ex</strong></span> <span class='ocrx_word' id='word_1_351' title='bbox 517 2848 695 2905; x_wconf 85' lang='lat' dir='ltr'><strong>verbis</strong></span> <span class='ocrx_word' id='word_1_352' title='bbox 740 2848 993 2921; x_wconf 85' lang='lat' dir='ltr'><strong>Prosperi</strong></span> <span class='ocrx_word' id='word_1_353' title='bbox 1032 2852 1372 2927; x_wconf 87' lang='lat' dir='ltr'><strong>scripsimus,</strong></span> <span class='ocrx_word' id='word_1_354' title='bbox 1421 2856 1547 2925; x_wconf 88' lang='lat' dir='ltr'><strong>quia</strong></span> <span class='ocrx_word' id='word_1_355' title='bbox 1596 2873 1614 2904; x_wconf 80' lang='grc' dir='ltr'><strong>ι</strong></span> <span class='ocrx_word' id='word_1_356' title='bbox 1640 2853 1794 2909; x_wconf 87' lang='lat' dir='ltr'><strong>Chri-</strong></span> 
     </span>
    </p>
   </div>
   <div class='ocr_carea' id='block_1_45' title="bbox 209 2939 1796 3015">
    <p class='ocr_par' dir='ltr' id='par_1_45' title="bbox 209 2939 1796 3015">
     <span class='ocr_line' id='line_1_45' title="bbox 209 2939 1796 3015; baseline 0.008 -26"><span class='ocrx_word' id='word_1_357' title='bbox 209 2944 318 2990; x_wconf 90' lang='lat' dir='ltr'><strong>stus</strong></span> <span class='ocrx_word' id='word_1_358' title='bbox 348 2952 449 3006; x_wconf 88' lang='lat' dir='ltr'><strong>pro</strong></span> <span class='ocrx_word' id='word_1_359' title='bbox 476 2939 729 2996; x_wconf 89' lang='lat' dir='ltr'><strong>omnibus</strong></span> <span class='ocrx_word' id='word_1_360' title='bbox 766 2957 956 3014; x_wconf 88' lang='lat' dir='ltr'><strong>passus</strong></span> <span class='ocrx_word' id='word_1_361' title='bbox 997 2952 1103 3009; x_wconf 89' lang='lat' dir='ltr'><strong>est,</strong></span> <span class='ocrx_word' id='word_1_362' title='bbox 1135 2943 1265 3000; x_wconf 91' lang='lat' dir='ltr'><strong>licet</strong></span> <span class='ocrx_word' id='word_1_363' title='bbox 1291 2960 1395 3000; x_wconf 89' lang='lat' dir='ltr'><strong>non</strong></span> <span class='ocrx_word' id='word_1_364' title='bbox 1441 2960 1628 3001; x_wconf 89' lang='lat' dir='ltr'><strong>omnes</strong></span> <span class='ocrx_word' id='word_1_365' title='bbox 1669 2960 1796 3015; x_wconf 89' lang='lat' dir='ltr'><strong>pas-</strong></span> 
     </span>
    </p>
   </div>
   <div class='ocr_carea' id='block_1_46' title="bbox 211 3029 1796 3108">
    <p class='ocr_par' dir='ltr' id='par_1_46' title="bbox 211 3029 1796 3108">
     <span class='ocr_line' id='line_1_46' title="bbox 211 3029 1796 3108; baseline 0.007 -23"><span class='ocrx_word' id='word_1_366' title='bbox 211 3030 372 3086; x_wconf 90' lang='lat' dir='ltr'><strong>sionis</strong></span> <span class='ocrx_word' id='word_1_367' title='bbox 408 3029 528 3102; x_wconf 86' lang='lat' dir='ltr'><strong>ejus</strong></span> <span class='ocrx_word' id='word_1_368' title='bbox 561 3035 819 3107; x_wconf 83' lang='lat' dir='ltr'><strong>mysterio</strong></span> <span class='ocrx_word' id='word_1_369' title='bbox 865 3036 1240 3095; x_wconf 89' lang='lat' dir='ltr'><strong>redimantur:</strong></span> <span class='ocrx_word' id='word_1_370' title='bbox 1270 3039 1397 3108; x_wconf 89' lang='lat' dir='ltr'><strong>quia</strong></span> <span class='ocrx_word' id='word_1_371' title='bbox 1444 3054 1575 3094; x_wconf 88' lang='lat' dir='ltr'><strong>vero</strong></span> <span class='ocrx_word' id='word_1_372' title='bbox 1603 3053 1796 3096; x_wconf 81' lang='lat' dir='ltr'><strong>omnes</strong></span> 
     </span>
    </p>
   </div>
   <div class='ocr_carea' id='block_1_47' title="bbox 1893 1916 3479 2004">
    <p class='ocr_par' dir='ltr' id='par_1_47' title="bbox 1893 1916 3479 2004">
     <span class='ocr_line' id='line_1_47' title="bbox 1893 1916 3479 2004; baseline -0.011 -15"><span class='ocrx_word' id='word_1_373' title='bbox 1893 1933 2252 2004; x_wconf 85' lang='lat' dir='ltr'><strong>capitulorum</strong></span> <span class='ocrx_word' id='word_1_374' title='bbox 2311 1930 2642 2000; x_wconf 88' lang='lat' dir='ltr'><strong>compositor</strong></span> <span class='ocrx_word' id='word_1_375' title='bbox 2706 1927 2774 1985; x_wconf 89' lang='lat' dir='ltr'><strong>ad</strong></span> <span class='ocrx_word' id='word_1_376' title='bbox 2841 1939 2995 1980; x_wconf 89' lang='lat' dir='ltr'><strong>suam</strong></span> <span class='ocrx_word' id='word_1_377' title='bbox 3049 1916 3479 1981; x_wconf 79' lang='lat' dir='ltr'><strong>conﬁrmandam</strong></span> 
     </span>
    </p>
   </div>
   <div class='ocr_carea' id='block_1_48' title="bbox 1894 2010 3481 2094">
    <p class='ocr_par' dir='ltr' id='par_1_48' title="bbox 1894 2010 3481 2094">
     <span class='ocr_line' id='line_1_48' title="bbox 1894 2010 3481 2094; baseline -0.013 -12"><span class='ocrx_word' id='word_1_378' title='bbox 1894 2026 2242 2089; x_wconf 84' lang='lat' dir='ltr'><strong>sententiam,</strong></span> <span class='ocrx_word' id='word_1_379' title='bbox 2267 2018 2409 2094; x_wconf 88' lang='lat' dir='ltr'><strong>quod</strong></span> <span class='ocrx_word' id='word_1_380' title='bbox 2447 2020 2696 2077; x_wconf 86' lang='lat' dir='ltr'><strong>Christus</strong></span> <span class='ocrx_word' id='word_1_381' title='bbox 2724 2033 2830 2074; x_wconf 89' lang='lat' dir='ltr'><strong>non</strong></span> <span class='ocrx_word' id='word_1_382' title='bbox 2856 2016 2933 2073; x_wconf 89' lang='lat' dir='ltr'><strong>sit</strong></span> <span class='ocrx_word' id='word_1_383' title='bbox 2957 2028 3057 2088; x_wconf 84' lang='lat' dir='ltr'><strong>pro</strong></span> <span class='ocrx_word' id='word_1_384' title='bbox 3079 2010 3331 2068; x_wconf 90' lang='lat' dir='ltr'><strong>omnibus</strong></span> <span class='ocrx_word' id='word_1_385' title='bbox 3350 2020 3481 2079; x_wconf 81' lang='lat' dir='ltr'><strong>pas-</strong></span> 
     </span>
    </p>
   </div>
   <div class='ocr_carea' id='block_1_49' title="bbox 1894 2097 3478 2183">
    <p class='ocr_par' dir='ltr' id='par_1_49' title="bbox 1894 2097 3478 2183">
     <span class='ocr_line' id='line_1_49' title="bbox 1894 2097 3478 2183; baseline -0.014 -9"><span class='ocrx_word' id='word_1_386' title='bbox 1894 2134 2007 2182; x_wconf 89' lang='lat' dir='ltr'><strong>sus,</strong></span> <span class='ocrx_word' id='word_1_387' title='bbox 2040 2117 2164 2172; x_wconf 89' lang='lat' dir='ltr'><strong>licet</strong></span> <span class='ocrx_word' id='word_1_388' title='bbox 2213 2133 2318 2173; x_wconf 85' lang='lat' dir='ltr'><strong>non</strong></span> <span class='ocrx_word' id='word_1_389' title='bbox 2353 2129 2543 2171; x_wconf 86' lang='lat' dir='ltr'><strong>omnes</strong></span> <span class='ocrx_word' id='word_1_390' title='bbox 2590 2109 2859 2183; x_wconf 82' lang='lat' dir='ltr'><strong>passionis</strong></span> <span class='ocrx_word' id='word_1_391' title='bbox 2890 2104 3010 2179; x_wconf 86' lang='lat' dir='ltr'><strong>ejus</strong></span> <span class='ocrx_word' id='word_1_392' title='bbox 3047 2102 3306 2178; x_wconf 79' lang='lat' dir='ltr'><strong>mysterio</strong></span> <span class='ocrx_word' id='word_1_393' title='bbox 3334 2097 3478 2154; x_wconf 57' lang='lat' dir='ltr'><strong>redi.</strong></span> 
     </span>
    </p>
   </div>
   <div class='ocr_carea' id='block_1_50' title="bbox 1896 2192 3481 2275">
    <p class='ocr_par' dir='ltr' id='par_1_50' title="bbox 1896 2192 3481 2275">
     <span class='ocr_line' id='line_1_50' title="bbox 1896 2192 3481 2275; baseline -0.013 -10"><span class='ocrx_word' id='word_1_394' title='bbox 1896 2220 2133 2275; x_wconf 90' lang='lat' dir='ltr'><strong>mantur,</strong></span> <span class='ocrx_word' id='word_1_395' title='bbox 2157 2208 2290 2265; x_wconf 88' lang='lat' dir='ltr'><strong>nihil</strong></span> <span class='ocrx_word' id='word_1_396' title='bbox 2319 2223 2441 2264; x_wconf 88' lang='lat' dir='ltr'><strong>eum</strong></span> <span class='ocrx_word' id='word_1_397' title='bbox 2458 2206 2632 2275; x_wconf 85' lang='lat' dir='ltr'><strong>juvat,</strong></span> <span class='ocrx_word' id='word_1_398' title='bbox 2650 2204 2755 2260; x_wconf 87' lang='lat' dir='ltr'><strong>nisi</strong></span> <span class='ocrx_word' id='word_1_399' title='bbox 2793 2211 2855 2259; x_wconf 92' lang='lat' dir='ltr'><strong>ut</strong></span> <span class='ocrx_word' id='word_1_400' title='bbox 2876 2201 3137 2270; x_wconf 80' lang='lat' dir='ltr'><strong>scriptum</strong></span> <span class='ocrx_word' id='word_1_401' title='bbox 3164 2204 3253 2253; x_wconf 87' lang='lat' dir='ltr'><strong>est</strong></span> <span class='ocrx_word' id='word_1_402' title='bbox 3281 2209 3296 2249; x_wconf 90' lang='lat'><strong>:</strong></span> <span class='ocrx_word' id='word_1_403' title='bbox 3328 2192 3481 2251; x_wconf 70' lang='lat' dir='ltr'><strong>Sicut</strong></span> 
     </span>
    </p>
   </div>
   <div class='ocr_carea' id='block_1_51' title="bbox 1895 2281 3483 2374">
    <p class='ocr_par' dir='ltr' id='par_1_51' title="bbox 1895 2281 3483 2374">
     <span class='ocr_line' id='line_1_51' title="bbox 1895 2281 3483 2374; baseline -0.01 -15"><span class='ocrx_word' id='word_1_404' title='bbox 1895 2304 2047 2374; x_wconf 85' lang='lat' dir='ltr'><strong>spina</strong></span> <span class='ocrx_word' id='word_1_405' title='bbox 2091 2303 2146 2358; x_wconf 89' lang='lat' dir='ltr'><strong>in</strong></span> <span class='ocrx_word' id='word_1_406' title='bbox 2173 2318 2336 2357; x_wconf 85' lang='lat' dir='ltr'><strong>manu</strong></span> <span class='ocrx_word' id='word_1_407' title='bbox 2381 2299 2671 2364; x_wconf 81' lang='lat' dir='ltr'><strong>temulenti,</strong></span> <span class='ocrx_word' id='word_1_408' title='bbox 2713 2298 2790 2353; x_wconf 81' lang='lat' dir='ltr'><strong>sic</strong></span> <span class='ocrx_word' id='word_1_409' title='bbox 2826 2296 2885 2353; x_wconf 76' lang='lat' dir='ltr'><strong>in</strong></span> <span class='ocrx_word' id='word_1_410' title='bbox 2924 2310 3014 2350; x_wconf 79' lang='lat' dir='ltr'><strong>ore</strong></span> <span class='ocrx_word' id='word_1_411' title='bbox 3040 2289 3192 2349; x_wconf 71' lang='lat' dir='ltr'><strong>stulti</strong></span> <span class='ocrx_word' id='word_1_412' title='bbox 3227 2281 3483 2360; x_wconf 59' lang='lat' dir='ltr'><strong>parabo“</strong></span> 
     </span>
    </p>
   </div>
   <div class='ocr_carea' id='block_1_52' title="bbox 1898 2381 3483 2468">
    <p class='ocr_par' dir='ltr' id='par_1_52' title="bbox 1898 2381 3483 2468">
     <span class='ocr_line' id='line_1_52' title="bbox 1898 2381 3483 2468; baseline -0.011 -17"><span class='ocrx_word' id='word_1_413' title='bbox 1898 2394 2080 2466; x_wconf 83' lang='lat' dir='ltr'><strong>(Prov.</strong></span> <span class='ocrx_word' id='word_1_414' title='bbox 2098 2413 2248 2458; x_wconf 63' lang='grc' dir='ltr'>χχιιι.</span> <span class='ocrx_word' id='word_1_415' title='bbox 2261 2395 2339 2468; x_wconf 89' lang='lat'><strong>9).</strong></span> <span class='ocrx_word' id='word_1_416' title='bbox 2356 2394 2595 2451; x_wconf 86' lang='lat' dir='ltr'><strong>Primum</strong></span> <span class='ocrx_word' id='word_1_417' title='bbox 2613 2392 2759 2447; x_wconf 80' lang='lat' dir='ltr'><strong>enim</strong></span> <span class='ocrx_word' id='word_1_418' title='bbox 2773 2391 2947 2459; x_wconf 86' lang='lat' dir='ltr'><strong>ipsum</strong></span> <span class='ocrx_word' id='word_1_419' title='bbox 2960 2381 3483 2468; x_wconf 57' lang='lat' dir='ltr'><strong>assoletvulnerale.</strong></span> 
     </span>
    </p>
   </div>
   <div class='ocr_carea' id='block_1_53' title="bbox 1899 2467 3486 2552">
    <p class='ocr_par' dir='ltr' id='par_1_53' title="bbox 1899 2467 3486 2552">
     <span class='ocr_line' id='line_1_53' title="bbox 1899 2467 3486 2552; baseline -0.015 -6"><span class='ocrx_word' id='word_1_420' title='bbox 1899 2489 1958 2546; x_wconf 90' lang='lat' dir='ltr'><strong>Si</strong></span> <span class='ocrx_word' id='word_1_421' title='bbox 1991 2488 2258 2543; x_wconf 77' lang='lat' dir='ltr'><strong>veraciter</strong></span> <span class='ocrx_word' id='word_1_422' title='bbox 2280 2467 2465 2542; x_wconf 83' lang='lat' dir='ltr'><strong>veram</strong></span> <span class='ocrx_word' id='word_1_423' title='bbox 2499 2482 2907 2552; x_wconf 77' lang='lat' dir='ltr'><strong>intelligentiam</strong></span> <span class='ocrx_word' id='word_1_424' title='bbox 2933 2490 3236 2551; x_wconf 86' lang='lat' dir='ltr'><strong>proponere</strong></span> <span class='ocrx_word' id='word_1_425' title='bbox 3270 2467 3486 2529; x_wconf 77' lang='lat' dir='ltr'><strong>lectori-</strong></span> 
     </span>
    </p>
   </div>
   <div class='ocr_carea' id='block_1_54' title="bbox 1894 2559 3487 2645">
    <p class='ocr_par' dir='ltr' id='par_1_54' title="bbox 1894 2559 3487 2645">
     <span class='ocr_line' id='line_1_54' title="bbox 1894 2559 3487 2645; baseline -0.011 -8"><span class='ocrx_word' id='word_1_426' title='bbox 1894 2582 1998 2637; x_wconf 89' lang='lat' dir='ltr'><strong>bus</strong></span> <span class='ocrx_word' id='word_1_427' title='bbox 2023 2580 2301 2645; x_wconf 83' lang='lat' dir='ltr'><strong>voluisset,</strong></span> <span class='ocrx_word' id='word_1_428' title='bbox 2346 2575 2760 2634; x_wconf 87' lang='lat' dir='ltr'><strong>convenientius</strong></span> <span class='ocrx_word' id='word_1_429' title='bbox 2790 2572 2887 2627; x_wconf 86' lang='lat' dir='ltr'><strong>bas</strong></span> <span class='ocrx_word' id='word_1_430' title='bbox 2912 2571 3048 2627; x_wconf 84' lang='lat' dir='ltr'><strong>duas</strong></span> <span class='ocrx_word' id='word_1_431' title='bbox 3086 2563 3384 2622; x_wconf 83' lang='lat' dir='ltr'><strong>sententias</strong></span> <span class='ocrx_word' id='word_1_432' title='bbox 3417 2559 3487 2619; x_wconf 69' lang='lat' dir='ltr'><strong>de</strong></span> 
     </span>
    </p>
   </div>
   <div class='ocr_carea' id='block_1_55' title="bbox 1895 2647 3485 2743">
    <p class='ocr_par' dir='ltr' id='par_1_55' title="bbox 1895 2647 3485 2743">
     <span class='ocr_line' id='line_1_55' title="bbox 1895 2647 3485 2743; baseline -0.015 -16"><span class='ocrx_word' id='word_1_433' title='bbox 1895 2671 2134 2743; x_wconf 90' lang='lat' dir='ltr'><strong>Epistula</strong></span> <span class='ocrx_word' id='word_1_434' title='bbox 2172 2669 2325 2725; x_wconf 87' lang='lat' dir='ltr'><strong>Pauli</strong></span> <span class='ocrx_word' id='word_1_435' title='bbox 2372 2668 2439 2722; x_wconf 90' lang='lat' dir='ltr'><strong>ad</strong></span> <span class='ocrx_word' id='word_1_436' title='bbox 2478 2666 2756 2727; x_wconf 64' lang='lat' dir='ltr'><strong>Hebraeos,</strong></span> <span class='ocrx_word' id='word_1_437' title='bbox 2805 2657 3101 2719; x_wconf 87' lang='lat' dir='ltr'><strong>secundum</strong></span> <span class='ocrx_word' id='word_1_438' title='bbox 3147 2667 3306 2711; x_wconf 86' lang='lat' dir='ltr'><strong>suum</strong></span> <span class='ocrx_word' id='word_1_439' title='bbox 3339 2647 3485 2706; x_wconf 90' lang='lat' dir='ltr'><strong>ordi-</strong></span> 
     </span>
    </p>
   </div>
   <div class='ocr_carea' id='block_1_56' title="bbox 1897 2747 3485 2834">
    <p class='ocr_par' dir='ltr' id='par_1_56' title="bbox 1897 2747 3485 2834">
     <span class='ocr_line' id='line_1_56' title="bbox 1897 2747 3485 2834; baseline -0.014 -14"><span class='ocrx_word' id='word_1_440' title='bbox 1897 2781 2021 2820; x_wconf 89' lang='lat' dir='ltr'><strong>nem</strong></span> <span class='ocrx_word' id='word_1_441' title='bbox 2068 2769 2314 2834; x_wconf 87' lang='lat' dir='ltr'><strong>poneret,</strong></span> <span class='ocrx_word' id='word_1_442' title='bbox 2362 2760 2506 2815; x_wconf 87' lang='lat' dir='ltr'><strong>sicut</strong></span> <span class='ocrx_word' id='word_1_443' title='bbox 2562 2754 2876 2813; x_wconf 87' lang='lat' dir='ltr'><strong>testimonia</strong></span> <span class='ocrx_word' id='word_1_444' title='bbox 2929 2747 3241 2817; x_wconf 75' lang='lat' dir='ltr'><strong>evangelica</strong></span> <span class='ocrx_word' id='word_1_445' title='bbox 3289 2758 3356 2801; x_wconf 84' lang='lat' dir='ltr'><strong>eo</strong></span> <span class='ocrx_word' id='word_1_446' title='bbox 3391 2756 3485 2798; x_wconf 68' lang='lat' dir='ltr'><strong>or-</strong></span> 
     </span>
    </p>
   </div>
   <div class='ocr_carea' id='block_1_57' title="bbox 1897 2843 3488 2925">
    <p class='ocr_par' dir='ltr' id='par_1_57' title="bbox 1897 2843 3488 2925">
     <span class='ocr_line' id='line_1_57' title="bbox 1897 2843 3488 2925; baseline -0.014 -13"><span class='ocrx_word' id='word_1_447' title='bbox 1897 2857 2025 2912; x_wconf 88' lang='lat' dir='ltr'><strong>dine</strong></span> <span class='ocrx_word' id='word_1_448' title='bbox 2055 2870 2161 2925; x_wconf 89' lang='lat' dir='ltr'><strong>quo</strong></span> <span class='ocrx_word' id='word_1_449' title='bbox 2205 2854 2273 2908; x_wconf 87' lang='lat' dir='ltr'><strong>ab</strong></span> <span class='ocrx_word' id='word_1_450' title='bbox 2322 2850 2663 2921; x_wconf 81' lang='lat' dir='ltr'><strong>Evangelista</strong></span> <span class='ocrx_word' id='word_1_451' title='bbox 2701 2856 2830 2904; x_wconf 89' lang='lat' dir='ltr'><strong>sunt</strong></span> <span class='ocrx_word' id='word_1_452' title='bbox 2875 2843 3071 2915; x_wconf 88' lang='lat' dir='ltr'><strong>posita,</strong></span> <span class='ocrx_word' id='word_1_453' title='bbox 3124 2852 3328 2911; x_wconf 80' lang='lat' dir='ltr'><strong>ponere</strong></span> <span class='ocrx_word' id='word_1_454' title='bbox 3366 2843 3488 2892; x_wconf 84' lang='lat' dir='ltr'><strong>stu-</strong></span> 
     </span>
    </p>
   </div>
   <div class='ocr_carea' id='block_1_58' title="bbox 1898 2928 3484 3015">
    <p class='ocr_par' dir='ltr' id='par_1_58' title="bbox 1898 2928 3484 3015">
     <span class='ocr_line' id='line_1_58' title="bbox 1898 2928 3484 3015; baseline -0.013 -12"><span class='ocrx_word' id='word_1_455' title='bbox 1898 2950 2032 3005; x_wconf 87' lang='lat' dir='ltr'><strong>duit.</strong></span> <span class='ocrx_word' id='word_1_456' title='bbox 2058 2948 2149 3003; x_wconf 88' lang='lat' dir='ltr'><strong>Ait</strong></span> <span class='ocrx_word' id='word_1_457' title='bbox 2179 2947 2323 3003; x_wconf 91' lang='lat' dir='ltr'><strong>enim</strong></span> <span class='ocrx_word' id='word_1_458' title='bbox 2352 2943 2641 3015; x_wconf 80' lang='lat' dir='ltr'><strong>Aposmlus</strong></span> <span class='ocrx_word' id='word_1_459' title='bbox 2665 2941 2826 3012; x_wconf 71' lang='lat' dir='ltr'><strong>m</strong></span> <span class='ocrx_word' id='word_1_460' title='bbox 2858 2938 2926 2997; x_wconf 87' lang='lat' dir='ltr'><strong>ad</strong></span> <span class='ocrx_word' id='word_1_461' title='bbox 2967 2936 3224 2993; x_wconf 83' lang='lat' dir='ltr'><strong>Hebraeos</strong></span> <span class='ocrx_word' id='word_1_462' title='bbox 3249 2951 3263 2987; x_wconf 87' lang='lat'>:</span> <span class='ocrx_word' id='word_1_463' title='bbox 3293 2928 3484 2987; x_wconf 84' lang='lat' dir='ltr'><strong>Gratia</strong></span> 
     </span>
    </p>
   </div>
   <div class='ocr_carea' id='block_1_59' title="bbox 1897 3016 3490 3110">
    <p class='ocr_par' dir='ltr' id='par_1_59' title="bbox 1897 3016 3490 3110">
     <span class='ocr_line' id='line_1_59' title="bbox 1897 3016 3490 3110; baseline -0.014 -14"><span class='ocrx_word' id='word_1_464' title='bbox 1897 3040 1996 3096; x_wconf 88' lang='lat' dir='ltr'><strong>Dei</strong></span> <span class='ocrx_word' id='word_1_465' title='bbox 2037 3056 2132 3110; x_wconf 84' lang='lat' dir='ltr'><strong>pro</strong></span> <span class='ocrx_word' id='word_1_466' title='bbox 2176 3036 2418 3093; x_wconf 77' lang='lat' dir='ltr'><strong>omnibus</strong></span> <span class='ocrx_word' id='word_1_467' title='bbox 2456 3033 2683 3106; x_wconf 79' lang='lat' dir='ltr'><strong>gustavit</strong></span> <span class='ocrx_word' id='word_1_468' title='bbox 2734 3041 2951 3087; x_wconf 79' lang='lat' dir='ltr'><strong>mortem</strong></span> <span class='ocrx_word' id='word_1_469' title='bbox 2978 3024 3166 3099; x_wconf 82' lang='lat' dir='ltr'><strong>(Hebr.</strong></span> <span class='ocrx_word' id='word_1_470' title='bbox 3202 3039 3266 3089; x_wconf 89' lang='grc' dir='ltr'><strong>ιι,</strong></span> <span class='ocrx_word' id='word_1_471' title='bbox 3308 3019 3385 3093; x_wconf 86' lang='grc'><strong>9).</strong></span> <span class='ocrx_word' id='word_1_472' title='bbox 3419 3016 3490 3075; x_wconf 66' lang='grc' dir='ltr'><strong><em>Β</em></strong></span> 
     </span>
    </p>
   </div>
   <div class='ocr_carea' id='block_1_60' title="bbox 210 3113 3491 3202">
    <p class='ocr_par' dir='ltr' id='par_1_60' title="bbox 210 3113 3491 3202">
     <span class='ocr_line' id='line_1_60' title="bbox 210 3113 3491 3202; baseline -0.003 -25"><span class='ocrx_word' id='word_1_473' title='bbox 210 3124 471 3193; x_wconf 86' lang='lat' dir='ltr'><strong>passionis</strong></span> <span class='ocrx_word' id='word_1_474' title='bbox 493 3124 608 3194; x_wconf 74' lang='lat' dir='ltr'><strong>eius</strong></span> <span class='ocrx_word' id='word_1_475' title='bbox 634 3129 896 3199; x_wconf 79' lang='lat' dir='ltr'><strong>mysterio</strong></span> <span class='ocrx_word' id='word_1_476' title='bbox 920 3145 1027 3185; x_wconf 89' lang='lat' dir='ltr'><strong>non</strong></span> <span class='ocrx_word' id='word_1_477' title='bbox 1057 3130 1417 3197; x_wconf 90' lang='lat' dir='ltr'><strong>redimuntur,</strong></span> <span class='ocrx_word' id='word_1_478' title='bbox 1449 3147 1555 3187; x_wconf 90' lang='lat' dir='ltr'><strong>non</strong></span> <span class='ocrx_word' id='word_1_479' title='bbox 1581 3131 1648 3185; x_wconf 89' lang='lat' dir='ltr'><strong>ad</strong></span> <span class='ocrx_word' id='word_1_480' title='bbox 1676 3146 1795 3201; x_wconf 83' lang='lat' dir='ltr'><strong>pre-</strong></span> <span class='ocrx_word' id='word_1_481' title='bbox 1821 3172 1867 3202; x_wconf 52' lang='lat'><strong>...</strong></span> <span class='ocrx_word' id='word_1_482' title='bbox 1898 3139 2021 3202; x_wconf 88' lang='lat' dir='ltr'><strong>post</strong></span> <span class='ocrx_word' id='word_1_483' title='bbox 2052 3128 2205 3199; x_wconf 89' lang='lat' dir='ltr'><strong>plura</strong></span> <span class='ocrx_word' id='word_1_484' title='bbox 2236 3143 2251 3183; x_wconf 91' lang='lat'><strong>:</strong></span> <span class='ocrx_word' id='word_1_485' title='bbox 2276 3126 2472 3192; x_wconf 82' lang='lat' dir='ltr'><strong>Semel,</strong></span> <span class='ocrx_word' id='word_1_486' title='bbox 2502 3125 2697 3196; x_wconf 89' lang='lat' dir='ltr'><strong>inquit,</strong></span> <span class='ocrx_word' id='word_1_487' title='bbox 2725 3123 2934 3179; x_wconf 77' lang='lat' dir='ltr'><strong>oblatus</strong></span> <span class='ocrx_word' id='word_1_488' title='bbox 2980 3128 3055 3176; x_wconf 86' lang='lat' dir='ltr'><strong>est</strong></span> <span class='ocrx_word' id='word_1_489' title='bbox 3096 3117 3166 3175; x_wconf 83' lang='lat' dir='ltr'><strong>ad</strong></span> <span class='ocrx_word' id='word_1_490' title='bbox 3199 3113 3491 3169; x_wconf 76' lang='lat' dir='ltr'><strong>multarunt</strong></span> 
     </span>
    </p>
   </div>
   <div class='ocr_carea' id='block_1_61' title="bbox 215 3218 1794 3295">
    <p class='ocr_par' dir='ltr' id='par_1_61' title="bbox 215 3218 1794 3295">
     <span class='ocr_line' id='line_1_61' title="bbox 215 3218 1794 3295; baseline 0.006 -25"><span class='ocrx_word' id='word_1_491' title='bbox 215 3218 268 3275; x_wconf 88' lang='lat' dir='ltr'><strong>tii</strong></span> <span class='ocrx_word' id='word_1_492' title='bbox 304 3220 750 3291; x_wconf 80' lang='lat' dir='ltr'><strong>magnitudinem,</strong></span> <span class='ocrx_word' id='word_1_493' title='bbox 796 3224 890 3278; x_wconf 89' lang='lat' dir='ltr'><strong>sed</strong></span> <span class='ocrx_word' id='word_1_494' title='bbox 928 3224 994 3278; x_wconf 84' lang='lat' dir='ltr'><strong>ad</strong></span> <span class='ocrx_word' id='word_1_495' title='bbox 1035 3240 1142 3279; x_wconf 91' lang='lat' dir='ltr'><strong>non</strong></span> <span class='ocrx_word' id='word_1_496' title='bbox 1186 3226 1524 3281; x_wconf 86' lang='lat' dir='ltr'><strong>credentium</strong></span> <span class='ocrx_word' id='word_1_497' title='bbox 1572 3225 1794 3295; x_wconf 88' lang='lat' dir='ltr'><strong>respicit</strong></span> 
     </span>
    </p>
   </div>
   <div class='ocr_carea' id='block_1_62' title="bbox 214 3310 1796 3387">
    <p class='ocr_par' dir='ltr' id='par_1_62' title="bbox 214 3310 1796 3387">
     <span class='ocr_line' id='line_1_62' title="bbox 214 3310 1796 3387; baseline 0.006 -24"><span class='ocrx_word' id='word_1_498' title='bbox 214 3319 441 3379; x_wconf 88' lang='lat' dir='ltr'><strong>partem.</strong></span> <span class='ocrx_word' id='word_1_499' title='bbox 470 3331 489 3363; x_wconf 79' lang='grc' dir='ltr'><strong>ι</strong></span> <span class='ocrx_word' id='word_1_500' title='bbox 522 3310 676 3370; x_wconf 90' lang='lat' dir='ltr'><strong>Unde</strong></span> <span class='ocrx_word' id='word_1_501' title='bbox 706 3323 761 3368; x_wconf 86' lang='lat' dir='ltr'><strong>et</strong></span> <span class='ocrx_word' id='word_1_502' title='bbox 809 3324 1029 3370; x_wconf 89' lang='lat' dir='ltr'><strong>sanctus</strong></span> <span class='ocrx_word' id='word_1_503' title='bbox 1068 3315 1366 3387; x_wconf 79' lang='lat' dir='ltr'><strong>Gregorius</strong></span> <span class='ocrx_word' id='word_1_504' title='bbox 1415 3317 1468 3371; x_wconf 90' lang='lat' dir='ltr'><strong>in</strong></span> <span class='ocrx_word' id='word_1_505' title='bbox 1516 3315 1735 3373; x_wconf 87' lang='lat' dir='ltr'><strong>humilia</strong></span> <span class='ocrx_word' id='word_1_506' title='bbox 1760 3316 1796 3372; x_wconf 91' lang='lat'><strong>9</strong></span> 
     </span>
    </p>
   </div>
   <div class='ocr_carea' id='block_1_63' title="bbox 216 3397 1793 3477">
    <p class='ocr_par' dir='ltr' id='par_1_63' title="bbox 216 3397 1793 3477">
     <span class='ocr_line' id='line_1_63' title="bbox 216 3397 1793 3477; baseline 0.004 -24"><span class='ocrx_word' id='word_1_507' title='bbox 216 3397 509 3457; x_wconf 77' lang='lat' dir='ltr'><strong>Ezechielis</strong></span> <span class='ocrx_word' id='word_1_508' title='bbox 555 3402 685 3458; x_wconf 91' lang='lat' dir='ltr'><strong>dicit</strong></span> <span class='ocrx_word' id='word_1_509' title='bbox 710 3418 726 3458; x_wconf 90' lang='lat'><strong>:</strong></span> <span class='ocrx_word' id='word_1_510' title='bbox 756 3422 774 3455; x_wconf 82' lang='grc' dir='ltr'><strong>ι</strong></span> <span class='ocrx_word' id='word_1_511' title='bbox 806 3402 1112 3461; x_wconf 84' lang='lat' dir='ltr'><strong>Notandum</strong></span> <span class='ocrx_word' id='word_1_512' title='bbox 1152 3407 1276 3476; x_wconf 88' lang='lat' dir='ltr'><strong>quia</strong></span> <span class='ocrx_word' id='word_1_513' title='bbox 1327 3418 1614 3477; x_wconf 87' lang='lat' dir='ltr'><strong>postquam</strong></span> <span class='ocrx_word' id='word_1_514' title='bbox 1650 3405 1793 3469; x_wconf 88' lang='lat' dir='ltr'><strong>mala</strong></span> 
     </span>
    </p>
   </div>
   <div class='ocr_carea' id='block_1_64' title="bbox 217 3494 1795 3570">
    <p class='ocr_par' dir='ltr' id='par_1_64' title="bbox 217 3494 1795 3570">
     <span class='ocr_line' id='line_1_64' title="bbox 217 3494 1795 3570; baseline 0.005 -23"><span class='ocrx_word' id='word_1_515' title='bbox 217 3502 491 3562; x_wconf 87' lang='lat' dir='ltr'><strong>parentum</strong></span> <span class='ocrx_word' id='word_1_516' title='bbox 530 3494 902 3552; x_wconf 85' lang='lat' dir='ltr'><strong>defunctorum</strong></span> <span class='ocrx_word' id='word_1_517' title='bbox 948 3496 1183 3565; x_wconf 79' lang='lat' dir='ltr'><strong>dixerat,</strong></span> <span class='ocrx_word' id='word_1_518' title='bbox 1229 3499 1450 3554; x_wconf 88' lang='lat' dir='ltr'><strong>mittens</strong></span> <span class='ocrx_word' id='word_1_519' title='bbox 1476 3499 1795 3570; x_wconf 86' lang='lat' dir='ltr'><strong>prophetam</strong></span> 
     </span>
    </p>
   </div>
   <div class='ocr_carea' id='block_1_65' title="bbox 218 3584 1793 3663">
    <p class='ocr_par' dir='ltr' id='par_1_65' title="bbox 218 3584 1793 3663">
     <span class='ocr_line' id='line_1_65' title="bbox 218 3584 1793 3663; baseline 0.006 -25"><span class='ocrx_word' id='word_1_520' title='bbox 218 3585 278 3640; x_wconf 85' lang='lat' dir='ltr'><strong>ad</strong></span> <span class='ocrx_word' id='word_1_521' title='bbox 302 3584 440 3641; x_wconf 89' lang='lat' dir='ltr'><strong>lilios</strong></span> <span class='ocrx_word' id='word_1_522' title='bbox 469 3586 638 3642; x_wconf 86' lang='lat' dir='ltr'><strong>dicit:</strong></span> <span class='ocrx_word' id='word_1_523' title='bbox 665 3587 727 3644; x_wconf 84' lang='lat' dir='ltr'><strong>Si</strong></span> <span class='ocrx_word' id='word_1_524' title='bbox 763 3589 897 3660; x_wconf 73' lang='lat' dir='ltr'><strong>forte</strong></span> <span class='ocrx_word' id='word_1_525' title='bbox 930 3588 1007 3645; x_wconf 81' lang='lat' dir='ltr'><strong>vel</strong></span> <span class='ocrx_word' id='word_1_526' title='bbox 1046 3590 1145 3660; x_wconf 84' lang='lat' dir='ltr'><strong>ipsi</strong></span> <span class='ocrx_word' id='word_1_527' title='bbox 1174 3591 1395 3646; x_wconf 82' lang='lat' dir='ltr'><strong>audiant</strong></span> <span class='ocrx_word' id='word_1_528' title='bbox 1421 3601 1468 3644; x_wconf 86' lang='lat' dir='ltr'><strong>et</strong></span> <span class='ocrx_word' id='word_1_529' title='bbox 1491 3591 1626 3661; x_wconf 80' lang='lat' dir='ltr'><strong>forte</strong></span> <span class='ocrx_word' id='word_1_530' title='bbox 1650 3593 1793 3663; x_wconf 82' lang='lat' dir='ltr'><strong>quie-</strong></span> 
     </span>
    </p>
   </div>
   <div class='ocr_carea' id='block_1_66' title="bbox 219 3675 1795 3752">
    <p class='ocr_par' dir='ltr' id='par_1_66' title="bbox 219 3675 1795 3752">
     <span class='ocr_line' id='line_1_66' title="bbox 219 3675 1795 3752; baseline 0.008 -25"><span class='ocrx_word' id='word_1_531' title='bbox 219 3684 353 3728; x_wconf 81' lang='lat' dir='ltr'><strong>scant</strong></span> <span class='ocrx_word' id='word_1_532' title='bbox 383 3675 601 3746; x_wconf 76' lang='lat' dir='ltr'><strong>(Ezech.</strong></span> <span class='ocrx_word' id='word_1_533' title='bbox 643 3692 725 3744; x_wconf 81' lang='grc' dir='ltr'>ιιι,</span> <span class='ocrx_word' id='word_1_534' title='bbox 778 3678 890 3751; x_wconf 88' lang='lat' dir='ltr'><strong>ll).</strong></span> <span class='ocrx_word' id='word_1_535' title='bbox 917 3679 1057 3748; x_wconf 86' lang='lat' dir='ltr'><strong>Quid</strong></span> <span class='ocrx_word' id='word_1_536' title='bbox 1097 3692 1179 3736; x_wconf 89' lang='lat' dir='ltr'><strong>est</strong></span> <span class='ocrx_word' id='word_1_537' title='bbox 1206 3681 1388 3738; x_wconf 89' lang='lat' dir='ltr'><strong>dicere</strong></span> <span class='ocrx_word' id='word_1_538' title='bbox 1416 3682 1492 3737; x_wconf 82' lang='lat' dir='ltr'><strong>uel</strong></span> <span class='ocrx_word' id='word_1_539' title='bbox 1534 3683 1656 3752; x_wconf 83' lang='lat' dir='ltr'><strong>ipsi,</strong></span> <span class='ocrx_word' id='word_1_540' title='bbox 1691 3683 1795 3739; x_wconf 87' lang='lat' dir='ltr'><strong>nisi</strong></span> 
     </span>
    </p>
   </div>
   <div class='ocr_carea' id='block_1_67' title="bbox 219 3766 1798 3846">
    <p class='ocr_par' dir='ltr' id='par_1_67' title="bbox 219 3766 1798 3846">
     <span class='ocr_line' id='line_1_67' title="bbox 219 3766 1798 3846; baseline 0.008 -25"><span class='ocrx_word' id='word_1_541' title='bbox 219 3766 335 3836; x_wconf 84' lang='lat' dir='ltr'><strong>quia</strong></span> <span class='ocrx_word' id='word_1_542' title='bbox 358 3783 544 3825; x_wconf 87' lang='lat' dir='ltr'><strong>eorum</strong></span> <span class='ocrx_word' id='word_1_543' title='bbox 569 3779 754 3843; x_wconf 85' lang='lat' dir='ltr'><strong>patres</strong></span> <span class='ocrx_word' id='word_1_544' title='bbox 778 3774 870 3845; x_wconf 90' lang='lat' dir='ltr'><strong>qui</strong></span> <span class='ocrx_word' id='word_1_545' title='bbox 894 3773 947 3829; x_wconf 90' lang='lat' dir='ltr'><strong>in</strong></span> <span class='ocrx_word' id='word_1_546' title='bbox 976 3773 1132 3846; x_wconf 87' lang='lat' dir='ltr'><strong>culpa</strong></span> <span class='ocrx_word' id='word_1_547' title='bbox 1163 3774 1402 3831; x_wconf 79' lang='lat' dir='ltr'><strong>defuncti</strong></span> <span class='ocrx_word' id='word_1_548' title='bbox 1428 3784 1576 3843; x_wconf 90' lang='lat' dir='ltr'><strong>sunt,</strong></span> <span class='ocrx_word' id='word_1_549' title='bbox 1603 3777 1798 3833; x_wconf 88' lang='lat' dir='ltr'><strong>audire</strong></span> 
     </span>
    </p>
   </div>
   <div class='ocr_carea' id='block_1_68' title="bbox 150 3863 1795 3940">
    <p class='ocr_par' dir='ltr' id='par_1_68' title="bbox 150 3863 1795 3940">
     <span class='ocr_line' id='line_1_68' title="bbox 150 3863 1795 3940; baseline 0.007 -23"><span class='ocrx_word' id='word_1_550' title='bbox 150 3924 157 3931; x_wconf 91' lang='lat'><em>_</em></span> <span class='ocrx_word' id='word_1_551' title='bbox 218 3863 535 3921; x_wconf 87' lang='lat' dir='ltr'><strong>noluerunt?</strong></span> <span class='ocrx_word' id='word_1_552' title='bbox 560 3885 580 3918; x_wconf 80' lang='grc' dir='ltr'><strong>ι</strong></span> <span class='ocrx_word' id='word_1_553' title='bbox 615 3866 681 3921; x_wconf 84' lang='grc' dir='ltr'><strong>Εῑ</strong></span> <span class='ocrx_word' id='word_1_554' title='bbox 706 3865 943 3940; x_wconf 62' lang='lat' dir='ltr'><strong>Prosper</strong></span> <span class='ocrx_word' id='word_1_555' title='bbox 969 3877 1163 3924; x_wconf 87' lang='lat' dir='ltr'><strong>contra</strong></span> <span class='ocrx_word' id='word_1_556' title='bbox 1202 3869 1387 3926; x_wconf 87' lang='lat' dir='ltr'><strong>Gallos</strong></span> <span class='ocrx_word' id='word_1_557' title='bbox 1408 3872 1623 3927; x_wconf 88' lang='lat' dir='ltr'><strong>actione</strong></span> <span class='ocrx_word' id='word_1_558' title='bbox 1657 3872 1690 3927; x_wconf 90' lang='lat'><strong>9</strong></span> <span class='ocrx_word' id='word_1_559' title='bbox 1712 3872 1795 3928; x_wconf 86' lang='lat' dir='ltr'><strong>di-</strong></span> 
     </span>
    </p>
   </div>
   <div class='ocr_carea' id='block_1_69' title="bbox 216 3956 1793 4036">
    <p class='ocr_par' dir='ltr' id='par_1_69' title="bbox 216 3956 1793 4036">
     <span class='ocr_line' id='line_1_69' title="bbox 216 3956 1793 4036; baseline 0.006 -22"><span class='ocrx_word' id='word_1_560' title='bbox 216 3956 323 4033; x_wconf 85' lang='lat' dir='ltr'><strong>cit:</strong></span> <span class='ocrx_word' id='word_1_561' title='bbox 356 3979 377 4011; x_wconf 81' lang='grc' dir='ltr'><strong>ι</strong></span> <span class='ocrx_word' id='word_1_562' title='bbox 408 3956 738 4031; x_wconf 78' lang='lat' dir='ltr'><strong>Redemptor</strong></span> <span class='ocrx_word' id='word_1_563' title='bbox 777 3962 959 4019; x_wconf 91' lang='lat' dir='ltr'><strong>mundi</strong></span> <span class='ocrx_word' id='word_1_564' title='bbox 1010 3963 1155 4019; x_wconf 85' lang='lat' dir='ltr'><strong>dedit</strong></span> <span class='ocrx_word' id='word_1_565' title='bbox 1193 3961 1293 4034; x_wconf 90' lang='lat' dir='ltr'><strong>pro</strong></span> <span class='ocrx_word' id='word_1_566' title='bbox 1339 3965 1540 4021; x_wconf 89' lang='lat' dir='ltr'><strong>mundo</strong></span> <span class='ocrx_word' id='word_1_567' title='bbox 1579 3964 1793 4036; x_wconf 36' lang='lat' dir='ltr'><strong>sanguis</strong></span> 
     </span>
    </p>
   </div>
   <div class='ocr_carea' id='block_1_70' title="bbox 213 4054 1800 4128">
    <p class='ocr_par' dir='ltr' id='par_1_70' title="bbox 213 4054 1800 4128">
     <span class='ocr_line' id='line_1_70' title="bbox 213 4054 1800 4128; baseline 0.006 -21"><span class='ocrx_word' id='word_1_568' title='bbox 213 4064 330 4109; x_wconf 84' lang='lat' dir='ltr'><strong>nem</strong></span> <span class='ocrx_word' id='word_1_569' title='bbox 356 4065 544 4117; x_wconf 83' lang='lat' dir='ltr'><strong>suum,</strong></span> <span class='ocrx_word' id='word_1_570' title='bbox 580 4062 637 4109; x_wconf 85' lang='lat' dir='ltr'><strong>et</strong></span> <span class='ocrx_word' id='word_1_571' title='bbox 656 4054 889 4111; x_wconf 77' lang='lat' dir='ltr'><strong>mundus</strong></span> <span class='ocrx_word' id='word_1_572' title='bbox 910 4056 1102 4113; x_wconf 88' lang='lat' dir='ltr'><strong>redimi</strong></span> <span class='ocrx_word' id='word_1_573' title='bbox 1131 4055 1323 4122; x_wconf 84' lang='lat' dir='ltr'><strong>noluit,</strong></span> <span class='ocrx_word' id='word_1_574' title='bbox 1345 4057 1471 4128; x_wconf 85' lang='lat' dir='ltr'><strong>quia</strong></span> <span class='ocrx_word' id='word_1_575' title='bbox 1510 4057 1686 4115; x_wconf 88' lang='lat' dir='ltr'><strong>lucem</strong></span> <span class='ocrx_word' id='word_1_576' title='bbox 1717 4067 1800 4116; x_wconf 88' lang='lat' dir='ltr'><strong>te-</strong></span> 
     </span>
    </p>
   </div>
   <div class='ocr_carea' id='block_1_71' title="bbox 214 4144 1797 4224">
    <p class='ocr_par' dir='ltr' id='par_1_71' title="bbox 214 4144 1797 4224">
     <span class='ocr_line' id='line_1_71' title="bbox 214 4144 1797 4224; baseline 0.006 -25"><span class='ocrx_word' id='word_1_577' title='bbox 214 4144 391 4201; x_wconf 70' lang='lat' dir='ltr'><strong>nebrae</strong></span> <span class='ocrx_word' id='word_1_578' title='bbox 417 4160 525 4201; x_wconf 89' lang='lat' dir='ltr'><strong>non</strong></span> <span class='ocrx_word' id='word_1_579' title='bbox 548 4158 906 4218; x_wconf 84' lang='lat' dir='ltr'><strong>receperunt;</strong></span> <span class='ocrx_word' id='word_1_580' title='bbox 935 4158 992 4205; x_wconf 90' lang='lat' dir='ltr'><strong>et</strong></span> <span class='ocrx_word' id='word_1_581' title='bbox 1016 4152 1252 4208; x_wconf 67' lang='lat' dir='ltr'><strong>tenebrae</strong></span> <span class='ocrx_word' id='word_1_582' title='bbox 1296 4162 1640 4222; x_wconf 87' lang='lat' dir='ltr'><strong>receperunt,</strong></span> <span class='ocrx_word' id='word_1_583' title='bbox 1669 4153 1797 4224; x_wconf 86' lang='lat' dir='ltr'><strong>qui-</strong></span> 
     </span>
    </p>
   </div>
   <div class='ocr_carea' id='block_1_72' title="bbox 209 4234 1798 4313">
    <p class='ocr_par' dir='ltr' id='par_1_72' title="bbox 209 4234 1798 4313">
     <span class='ocr_line' id='line_1_72' title="bbox 209 4234 1798 4313; baseline 0.005 -21"><span class='ocrx_word' id='word_1_584' title='bbox 209 4234 308 4292; x_wconf 87' lang='lat' dir='ltr'><strong>bus</strong></span> <span class='ocrx_word' id='word_1_585' title='bbox 333 4235 468 4292; x_wconf 86' lang='lat' dir='ltr'><strong>dicit</strong></span> <span class='ocrx_word' id='word_1_586' title='bbox 497 4237 820 4308; x_wconf 81' lang='lat' dir='ltr'><strong>Apostolus:</strong></span> <span class='ocrx_word' id='word_1_587' title='bbox 855 4238 1057 4301; x_wconf 82' lang='lat' dir='ltr'><strong>Fuistis</strong></span> <span class='ocrx_word' id='word_1_588' title='bbox 1080 4241 1365 4313; x_wconf 85' lang='lat' dir='ltr'><strong>aliquando</strong></span> <span class='ocrx_word' id='word_1_589' title='bbox 1384 4243 1632 4310; x_wconf 76' lang='lat' dir='ltr'><strong>tenabne,</strong></span> <span class='ocrx_word' id='word_1_590' title='bbox 1655 4259 1798 4300; x_wconf 73' lang='lat' dir='ltr'><strong>nunc</strong></span> 
     </span>
    </p>
   </div>
   <div class='ocr_carea' id='block_1_73' title="bbox 208 4327 1794 4405">
    <p class='ocr_par' dir='ltr' id='par_1_73' title="bbox 208 4327 1794 4405">
     <span class='ocr_line' id='line_1_73' title="bbox 208 4327 1794 4405; baseline 0.008 -24"><span class='ocrx_word' id='word_1_591' title='bbox 208 4337 383 4389; x_wconf 63' lang='lat' dir='ltr'><strong>autem</strong></span> <span class='ocrx_word' id='word_1_592' title='bbox 424 4327 524 4388; x_wconf 61' lang='lat' dir='ltr'><strong>Ix</strong></span> <span class='ocrx_word' id='word_1_593' title='bbox 571 4330 627 4385; x_wconf 89' lang='lat' dir='ltr'><strong>in</strong></span> <span class='ocrx_word' id='word_1_594' title='bbox 670 4329 896 4391; x_wconf 85' lang='lat' dir='ltr'><strong>Domine</strong></span> <span class='ocrx_word' id='word_1_595' title='bbox 925 4352 946 4384; x_wconf 78' lang='grc' dir='ltr'><strong>ι</strong></span> <span class='ocrx_word' id='word_1_596' title='bbox 1001 4333 1218 4403; x_wconf 74' lang='grc' dir='ltr'><strong>(Εριιεδ.</strong></span> <span class='ocrx_word' id='word_1_597' title='bbox 1260 4348 1313 4401; x_wconf 88' lang='lat' dir='ltr'><strong>v,</strong></span> <span class='ocrx_word' id='word_1_598' title='bbox 1338 4336 1416 4405; x_wconf 87' lang='lat'><strong>8).</strong></span> <span class='ocrx_word' id='word_1_599' title='bbox 1444 4335 1514 4391; x_wconf 89' lang='lat' dir='ltr'><strong>Et</strong></span> <span class='ocrx_word' id='word_1_600' title='bbox 1549 4337 1652 4392; x_wconf 89' lang='lat' dir='ltr'><strong>hoc</strong></span> <span class='ocrx_word' id='word_1_601' title='bbox 1690 4345 1794 4404; x_wconf 88' lang='lat' dir='ltr'><strong>est,</strong></span> 
     </span>
    </p>
   </div>
   <div class='ocr_carea' id='block_1_74' title="bbox 209 4419 1797 4494">
    <p class='ocr_par' dir='ltr' id='par_1_74' title="bbox 209 4419 1797 4494">
     <span class='ocr_line' id='line_1_74' title="bbox 209 4419 1797 4494; baseline 0.006 -19"><span class='ocrx_word' id='word_1_602' title='bbox 209 4419 349 4489; x_wconf 86' lang='lat' dir='ltr'><strong>quod</strong></span> <span class='ocrx_word' id='word_1_603' title='bbox 399 4420 724 4491; x_wconf 87' lang='lat' dir='ltr'><strong>compilator</strong></span> <span class='ocrx_word' id='word_1_604' title='bbox 764 4422 867 4478; x_wconf 87' lang='lat' dir='ltr'><strong>iste</strong></span> <span class='ocrx_word' id='word_1_605' title='bbox 916 4423 972 4485; x_wconf 72' lang='lat' dir='ltr'><strong>in</strong></span> <span class='ocrx_word' id='word_1_606' title='bbox 1015 4425 1272 4494; x_wconf 81' lang='lat' dir='ltr'><strong>capitulo,</strong></span> <span class='ocrx_word' id='word_1_607' title='bbox 1323 4426 1449 4483; x_wconf 86' lang='lat' dir='ltr'><strong>licet</strong></span> <span class='ocrx_word' id='word_1_608' title='bbox 1490 4442 1597 4484; x_wconf 92' lang='lat' dir='ltr'><strong>non</strong></span> <span class='ocrx_word' id='word_1_609' title='bbox 1645 4438 1797 4484; x_wconf 85' lang='lat' dir='ltr'><strong>recto</strong></span> 
     </span>
    </p>
   </div>
   <div class='ocr_carea' id='block_1_75' title="bbox 1820 3175 1868 3238">
    <p class='ocr_par' dir='ltr' id='par_1_75' title="bbox 1820 3175 1868 3238">
     <span class='ocr_line' id='line_1_75' title="bbox 1820 3175 1868 3238; baseline 0 0"><span class='ocrx_word' id='word_1_610' title='bbox 1820 3175 1868 3238; x_wconf 86' lang='lat' dir='ltr'><strong>C</strong></span> 
     </span>
    </p>
   </div>
   <div class='ocr_carea' id='block_1_76' title="bbox 1899 3205 3492 3291">
    <p class='ocr_par' dir='ltr' id='par_1_76' title="bbox 1899 3205 3492 3291">
     <span class='ocr_line' id='line_1_76' title="bbox 1899 3205 3492 3291; baseline -0.011 -13"><span class='ocrx_word' id='word_1_611' title='bbox 1899 3221 2262 3281; x_wconf 68' lang='lat' dir='ltr'><strong>eahaurienda</strong></span> <span class='ocrx_word' id='word_1_612' title='bbox 2293 3229 2507 3291; x_wconf 86' lang='lat' dir='ltr'><strong>peccata</strong></span> <span class='ocrx_word' id='word_1_613' title='bbox 2540 3217 2728 3289; x_wconf 82' lang='lat' dir='ltr'><strong>(Hebr.</strong></span> <span class='ocrx_word' id='word_1_614' title='bbox 2760 3231 2837 3278; x_wconf 82' lang='lat' dir='ltr'><strong>lx,</strong></span> <span class='ocrx_word' id='word_1_615' title='bbox 2866 3214 2981 3284; x_wconf 68' lang='lat'><strong>28).</strong></span> <span class='ocrx_word' id='word_1_616' title='bbox 3012 3209 3168 3267; x_wconf 86' lang='lat' dir='ltr'><strong>Unde</strong></span> <span class='ocrx_word' id='word_1_617' title='bbox 3206 3205 3492 3262; x_wconf 55' lang='lat' dir='ltr'><strong>videamus</strong></span> 
     </span>
    </p>
   </div>
   <div class='ocr_carea' id='block_1_77' title="bbox 1898 3296 3490 3402">
    <p class='ocr_par' dir='ltr' id='par_1_77' title="bbox 1898 3296 3490 3402">
     <span class='ocr_line' id='line_1_77' title="bbox 1898 3296 3490 3402; baseline -0.013 -28"><span class='ocrx_word' id='word_1_618' title='bbox 1898 3320 2130 3391; x_wconf 88' lang='lat' dir='ltr'><strong>qualiter</strong></span> <span class='ocrx_word' id='word_1_619' title='bbox 2155 3327 2375 3375; x_wconf 87' lang='lat' dir='ltr'><strong>sanctus</strong></span> <span class='ocrx_word' id='word_1_620' title='bbox 2395 3315 2633 3377; x_wconf 71' lang='lat' dir='ltr'><strong>Joannes</strong></span> <span class='ocrx_word' id='word_1_621' title='bbox 2667 3313 3108 3386; x_wconf 81' lang='lat' dir='ltr'><strong>Chrysostomus,</strong></span> <span class='ocrx_word' id='word_1_622' title='bbox 3149 3302 3304 3402; x_wconf 74' lang='lat' dir='ltr'><strong>cuius</strong></span> <span class='ocrx_word' id='word_1_623' title='bbox 3331 3296 3490 3402; x_wconf 61' lang='lat' dir='ltr'><strong>testia</strong></span> 
     </span>
    </p>
   </div>
   <div class='ocr_carea' id='block_1_78' title="bbox 1898 3395 3493 3482">
    <p class='ocr_par' dir='ltr' id='par_1_78' title="bbox 1898 3395 3493 3482">
     <span class='ocr_line' id='line_1_78' title="bbox 1898 3395 3493 3482; baseline -0.014 -14"><span class='ocrx_word' id='word_1_624' title='bbox 1898 3413 2095 3468; x_wconf 86' lang='lat' dir='ltr'><strong>muniis</strong></span> <span class='ocrx_word' id='word_1_625' title='bbox 2122 3410 2417 3482; x_wconf 87' lang='lat' dir='ltr'><strong>apostolica</strong></span> <span class='ocrx_word' id='word_1_626' title='bbox 2449 3407 2645 3473; x_wconf 85' lang='lat' dir='ltr'><strong>Sedes,</strong></span> <span class='ocrx_word' id='word_1_627' title='bbox 2675 3415 2732 3463; x_wconf 91' lang='lat' dir='ltr'><strong>et</strong></span> <span class='ocrx_word' id='word_1_628' title='bbox 2769 3405 2932 3463; x_wconf 81' lang='lat' dir='ltr'><strong>etiam</strong></span> <span class='ocrx_word' id='word_1_629' title='bbox 2979 3407 3205 3457; x_wconf 83' lang='lat' dir='ltr'><strong>sanctus</strong></span> <span class='ocrx_word' id='word_1_630' title='bbox 3227 3395 3493 3465; x_wconf 48' lang='lat' dir='ltr'><strong>Augusti.-</strong></span> 
     </span>
    </p>
   </div>
   <div class='ocr_carea' id='block_1_79' title="bbox 1899 3485 3487 3571">
    <p class='ocr_par' dir='ltr' id='par_1_79' title="bbox 1899 3485 3487 3571">
     <span class='ocr_line' id='line_1_79' title="bbox 1899 3485 3487 3571; baseline -0.014 -8"><span class='ocrx_word' id='word_1_631' title='bbox 1899 3521 2023 3571; x_wconf 90' lang='lat' dir='ltr'><strong>nus,</strong></span> <span class='ocrx_word' id='word_1_632' title='bbox 2052 3506 2105 3561; x_wconf 90' lang='lat' dir='ltr'><strong>in</strong></span> <span class='ocrx_word' id='word_1_633' title='bbox 2134 3505 2288 3561; x_wconf 88' lang='lat' dir='ltr'><strong>libris</strong></span> <span class='ocrx_word' id='word_1_634' title='bbox 2315 3503 2427 3559; x_wconf 88' lang='lat' dir='ltr'><strong>suis</strong></span> <span class='ocrx_word' id='word_1_635' title='bbox 2451 3501 2726 3557; x_wconf 83' lang='lat' dir='ltr'><strong>multoties</strong></span> <span class='ocrx_word' id='word_1_636' title='bbox 2751 3507 2999 3559; x_wconf 82' lang='lat' dir='ltr'><strong>utuntur,</strong></span> <span class='ocrx_word' id='word_1_637' title='bbox 3030 3495 3099 3551; x_wconf 84' lang='lat' dir='ltr'><strong>ad</strong></span> <span class='ocrx_word' id='word_1_638' title='bbox 3125 3485 3487 3549; x_wconf 75' lang='lat' dir='ltr'><strong>revincendos</strong></span> 
     </span>
    </p>
   </div>
   <div class='ocr_carea' id='block_1_80' title="bbox 1897 3579 3489 3659">
    <p class='ocr_par' dir='ltr' id='par_1_80' title="bbox 1897 3579 3489 3659">
     <span class='ocr_line' id='line_1_80' title="bbox 1897 3579 3489 3659; baseline -0.014 -5"><span class='ocrx_word' id='word_1_639' title='bbox 1897 3596 2186 3655; x_wconf 77' lang='lat' dir='ltr'><strong>haereticos</strong></span> <span class='ocrx_word' id='word_1_640' title='bbox 2214 3596 2314 3650; x_wconf 89' lang='lat' dir='ltr'><strong>has</strong></span> <span class='ocrx_word' id='word_1_641' title='bbox 2338 3594 2473 3650; x_wconf 86' lang='lat' dir='ltr'><strong>duas</strong></span> <span class='ocrx_word' id='word_1_642' title='bbox 2510 3591 2808 3648; x_wconf 74' lang='lat' dir='ltr'><strong>sententias</strong></span> <span class='ocrx_word' id='word_1_643' title='bbox 2846 3584 3177 3659; x_wconf 79' lang='lat' dir='ltr'><strong>exposuerit.</strong></span> <span class='ocrx_word' id='word_1_644' title='bbox 3205 3581 3297 3635; x_wconf 87' lang='lat' dir='ltr'><strong>Ait</strong></span> <span class='ocrx_word' id='word_1_645' title='bbox 3338 3579 3489 3635; x_wconf 68' lang='lat' dir='ltr'><strong>enim</strong></span> 
     </span>
    </p>
   </div>
   <div class='ocr_carea' id='block_1_81' title="bbox 1900 3675 3489 3758">
    <p class='ocr_par' dir='ltr' id='par_1_81' title="bbox 1900 3675 3489 3758">
     <span class='ocr_line' id='line_1_81' title="bbox 1900 3675 3489 3758; baseline -0.012 -13"><span class='ocrx_word' id='word_1_646' title='bbox 1900 3690 1967 3745; x_wconf 88' lang='lat' dir='ltr'><strong>de</strong></span> <span class='ocrx_word' id='word_1_647' title='bbox 1989 3688 2164 3758; x_wconf 90' lang='lat' dir='ltr'><strong>prima</strong></span> <span class='ocrx_word' id='word_1_648' title='bbox 2194 3706 2206 3741; x_wconf 89' lang='lat'>:</span> <span class='ocrx_word' id='word_1_649' title='bbox 2237 3707 2256 3739; x_wconf 78' lang='grc' dir='ltr'><strong>ι</strong></span> <span class='ocrx_word' id='word_1_650' title='bbox 2288 3687 2354 3741; x_wconf 88' lang='grc' dir='ltr'>Ει</span> <span class='ocrx_word' id='word_1_651' title='bbox 2374 3686 2462 3741; x_wconf 89' lang='lat' dir='ltr'><strong>ille</strong></span> <span class='ocrx_word' id='word_1_652' title='bbox 2486 3685 2703 3755; x_wconf 87' lang='lat' dir='ltr'><strong>quidem</strong></span> <span class='ocrx_word' id='word_1_653' title='bbox 2730 3690 2954 3752; x_wconf 89' lang='lat' dir='ltr'><strong>propter</strong></span> <span class='ocrx_word' id='word_1_654' title='bbox 2975 3677 3068 3735; x_wconf 84' lang='lat' dir='ltr'><strong>Del</strong></span> <span class='ocrx_word' id='word_1_655' title='bbox 3089 3675 3343 3748; x_wconf 79' lang='lat' dir='ltr'><strong>gratiam,</strong></span> <span class='ocrx_word' id='word_1_656' title='bbox 3365 3682 3489 3741; x_wconf 64' lang='lat' dir='ltr'><strong>qua</strong></span> 
     </span>
    </p>
   </div>
   <div class='ocr_carea' id='block_1_82' title="bbox 1898 3761 3486 3845">
    <p class='ocr_par' dir='ltr' id='par_1_82' title="bbox 1898 3761 3486 3845">
     <span class='ocr_line' id='line_1_82' title="bbox 1898 3761 3486 3845; baseline -0.011 -11"><span class='ocrx_word' id='word_1_657' title='bbox 1898 3779 2058 3834; x_wconf 87' lang='lat' dir='ltr'><strong>nobis</strong></span> <span class='ocrx_word' id='word_1_658' title='bbox 2084 3779 2207 3833; x_wconf 89' lang='lat' dir='ltr'><strong>data</strong></span> <span class='ocrx_word' id='word_1_659' title='bbox 2237 3786 2341 3845; x_wconf 89' lang='lat' dir='ltr'><strong>est,</strong></span> <span class='ocrx_word' id='word_1_660' title='bbox 2373 3778 2490 3832; x_wconf 64' lang='lat' dir='ltr'><strong>hinc</strong></span> <span class='ocrx_word' id='word_1_661' title='bbox 2524 3790 2716 3845; x_wconf 88' lang='lat' dir='ltr'><strong>passus</strong></span> <span class='ocrx_word' id='word_1_662' title='bbox 2744 3781 2848 3829; x_wconf 90' lang='lat' dir='ltr'><strong>est.</strong></span> <span class='ocrx_word' id='word_1_663' title='bbox 2879 3771 2985 3838; x_wconf 80' lang='lat' dir='ltr'><strong>Qui</strong></span> <span class='ocrx_word' id='word_1_664' title='bbox 3012 3767 3250 3840; x_wconf 74' lang='lat' dir='ltr'><strong>proprio,</strong></span> <span class='ocrx_word' id='word_1_665' title='bbox 3288 3761 3486 3832; x_wconf 84' lang='lat' dir='ltr'><strong>inquit.</strong></span> 
     </span>
    </p>
   </div>
   <div class='ocr_carea' id='block_1_83' title="bbox 1900 3851 3489 3938">
    <p class='ocr_par' dir='ltr' id='par_1_83' title="bbox 1900 3851 3489 3938">
     <span class='ocr_line' id='line_1_83' title="bbox 1900 3851 3489 3938; baseline -0.007 -16"><span class='ocrx_word' id='word_1_666' title='bbox 1900 3867 2045 3925; x_wconf 86' lang='lat' dir='ltr'><strong>Filio</strong></span> <span class='ocrx_word' id='word_1_667' title='bbox 2090 3884 2195 3923; x_wconf 87' lang='lat' dir='ltr'><strong>non</strong></span> <span class='ocrx_word' id='word_1_668' title='bbox 2229 3868 2497 3938; x_wconf 87' lang='lat' dir='ltr'><strong>pepercit,</strong></span> <span class='ocrx_word' id='word_1_669' title='bbox 2541 3866 2632 3921; x_wconf 81' lang='lat' dir='ltr'><strong>sed</strong></span> <span class='ocrx_word' id='word_1_670' title='bbox 2668 3881 2763 3935; x_wconf 83' lang='lat' dir='ltr'><strong>pro</strong></span> <span class='ocrx_word' id='word_1_671' title='bbox 2799 3863 2948 3921; x_wconf 76' lang='lat' dir='ltr'><strong>nobis</strong></span> <span class='ocrx_word' id='word_1_672' title='bbox 2987 3859 3229 3916; x_wconf 72' lang='lat' dir='ltr'><strong>omnibus</strong></span> <span class='ocrx_word' id='word_1_673' title='bbox 3269 3851 3489 3911; x_wconf 66' lang='lat' dir='ltr'><strong>tradidit</strong></span> 
     </span>
    </p>
   </div>
   <div class='ocr_carea' id='block_1_84' title="bbox 1901 3944 3491 4028">
    <p class='ocr_par' dir='ltr' id='par_1_84' title="bbox 1901 3944 3491 4028">
     <span class='ocr_line' id='line_1_84' title="bbox 1901 3944 3491 4028; baseline -0.006 -15"><span class='ocrx_word' id='word_1_674' title='bbox 1901 3958 2074 4015; x_wconf 82' lang='lat' dir='ltr'><strong>illum.</strong></span> <span class='ocrx_word' id='word_1_675' title='bbox 2114 3957 2281 4027; x_wconf 79' lang='lat' dir='ltr'><strong>Cujus</strong></span> <span class='ocrx_word' id='word_1_676' title='bbox 2310 3958 2386 4013; x_wconf 89' lang='lat' dir='ltr'><strong>rei</strong></span> <span class='ocrx_word' id='word_1_677' title='bbox 2417 3956 2631 4028; x_wconf 83' lang='lat' dir='ltr'><strong>gratia?</strong></span> <span class='ocrx_word' id='word_1_678' title='bbox 2672 3970 2781 4010; x_wconf 91' lang='lat' dir='ltr'><strong>non</strong></span> <span class='ocrx_word' id='word_1_679' title='bbox 2820 3954 2970 4010; x_wconf 87' lang='lat' dir='ltr'><strong>enim</strong></span> <span class='ocrx_word' id='word_1_680' title='bbox 3004 3950 3343 4007; x_wconf 80' lang='lat' dir='ltr'><strong>debebantur</strong></span> <span class='ocrx_word' id='word_1_681' title='bbox 3371 3944 3491 4003; x_wconf 66' lang='lat' dir='ltr'><strong>lico</strong></span> 
     </span>
    </p>
   </div>
   <div class='ocr_carea' id='block_1_85' title="bbox 1902 4039 3488 4121">
    <p class='ocr_par' dir='ltr' id='par_1_85' title="bbox 1902 4039 3488 4121">
     <span class='ocr_line' id='line_1_85' title="bbox 1902 4039 3488 4121; baseline -0.009 -13"><span class='ocrx_word' id='word_1_682' title='bbox 1902 4052 2075 4114; x_wconf 89' lang='lat' dir='ltr'><strong>nobis,</strong></span> <span class='ocrx_word' id='word_1_683' title='bbox 2114 4051 2210 4106; x_wconf 88' lang='lat' dir='ltr'><strong>sed</strong></span> <span class='ocrx_word' id='word_1_684' title='bbox 2257 4050 2435 4121; x_wconf 83' lang='lat' dir='ltr'><strong>gratia</strong></span> <span class='ocrx_word' id='word_1_685' title='bbox 2482 4048 2587 4105; x_wconf 89' lang='lat' dir='ltr'><strong>hoc</strong></span> <span class='ocrx_word' id='word_1_686' title='bbox 2628 4047 2778 4103; x_wconf 81' lang='lat' dir='ltr'><strong>fecit.</strong></span> <span class='ocrx_word' id='word_1_687' title='bbox 2817 4065 2838 4101; x_wconf 72' lang='grc' dir='ltr'><strong>ι</strong></span> <span class='ocrx_word' id='word_1_688' title='bbox 2889 4044 2958 4101; x_wconf 88' lang='grc' dir='ltr'>Ει</span> <span class='ocrx_word' id='word_1_689' title='bbox 2999 4049 3123 4113; x_wconf 88' lang='lat' dir='ltr'><strong>post</strong></span> <span class='ocrx_word' id='word_1_690' title='bbox 3163 4039 3438 4109; x_wconf 83' lang='lat' dir='ltr'><strong>aliquanta</strong></span> <span class='ocrx_word' id='word_1_691' title='bbox 3464 4046 3488 4094; x_wconf 79' lang='grc' dir='ltr'><strong>ι</strong></span> 
     </span>
    </p>
   </div>
   <div class='ocr_carea' id='block_1_86' title="bbox 1907 4123 3492 4215">
    <p class='ocr_par' dir='ltr' id='par_1_86' title="bbox 1907 4123 3492 4215">
     <span class='ocr_line' id='line_1_86' title="bbox 1907 4123 3492 4215; baseline -0.008 -17"><span class='ocrx_word' id='word_1_692' title='bbox 1907 4165 1925 4198; x_wconf 79' lang='grc' dir='ltr'><strong>ι</strong></span> <span class='ocrx_word' id='word_1_693' title='bbox 1963 4146 2031 4201; x_wconf 84' lang='grc' dir='ltr'>Ει</span> <span class='ocrx_word' id='word_1_694' title='bbox 2062 4144 2177 4215; x_wconf 89' lang='lat' dir='ltr'><strong>ipse</strong></span> <span class='ocrx_word' id='word_1_695' title='bbox 2223 4144 2443 4214; x_wconf 90' lang='lat' dir='ltr'><strong>quidem</strong></span> <span class='ocrx_word' id='word_1_696' title='bbox 2475 4141 2868 4213; x_wconf 75' lang='lat' dir='ltr'><strong>pro&#39;omnlhus</strong></span> <span class='ocrx_word' id='word_1_697' title='bbox 2913 4144 3161 4194; x_wconf 88' lang='lat' dir='ltr'><strong>mortuus</strong></span> <span class='ocrx_word' id='word_1_698' title='bbox 3207 4139 3310 4187; x_wconf 89' lang='lat' dir='ltr'><strong>est.</strong></span> <span class='ocrx_word' id='word_1_699' title='bbox 3348 4123 3492 4194; x_wconf 78' lang='lat' dir='ltr'><strong>Quid</strong></span> 
     </span>
    </p>
   </div>
   <div class='ocr_carea' id='block_1_87' title="bbox 1902 4223 3495 4297">
    <p class='ocr_par' dir='ltr' id='par_1_87' title="bbox 1902 4223 3495 4297">
     <span class='ocr_line' id='line_1_87' title="bbox 1902 4223 3495 4297; baseline -0.009 -5"><span class='ocrx_word' id='word_1_700' title='bbox 1902 4245 2085 4293; x_wconf 87' lang='lat' dir='ltr'><strong>autem</strong></span> <span class='ocrx_word' id='word_1_701' title='bbox 2121 4235 2169 4291; x_wconf 91' lang='lat' dir='ltr'><strong>si</strong></span> <span class='ocrx_word' id='word_1_702' title='bbox 2198 4250 2308 4290; x_wconf 92' lang='lat' dir='ltr'><strong>non</strong></span> <span class='ocrx_word' id='word_1_703' title='bbox 2347 4248 2537 4291; x_wconf 88' lang='lat' dir='ltr'><strong>omnes</strong></span> <span class='ocrx_word' id='word_1_704' title='bbox 2569 4230 2835 4289; x_wconf 78' lang='lat' dir='ltr'><strong>credunt?</strong></span> <span class='ocrx_word' id='word_1_705' title='bbox 2862 4228 2952 4285; x_wconf 87' lang='lat' dir='ltr'><strong>ille</strong></span> <span class='ocrx_word' id='word_1_706' title='bbox 2988 4223 3134 4297; x_wconf 85' lang='lat' dir='ltr'><strong>quod</strong></span> <span class='ocrx_word' id='word_1_707' title='bbox 3180 4235 3339 4279; x_wconf 86' lang='lat' dir='ltr'><strong>suum</strong></span> <span class='ocrx_word' id='word_1_708' title='bbox 3369 4224 3495 4277; x_wconf 63' lang='lat' dir='ltr'><strong>erat</strong></span> 
     </span>
    </p>
   </div>
   <div class='ocr_carea' id='block_1_88' title="bbox 1902 4303 3490 4399">
    <p class='ocr_par' dir='ltr' id='par_1_88' title="bbox 1902 4303 3490 4399">
     <span class='ocr_line' id='line_1_88' title="bbox 1902 4303 3490 4399; baseline -0.007 -16"><span class='ocrx_word' id='word_1_709' title='bbox 1902 4327 2165 4399; x_wconf 90' lang='lat' dir='ltr'><strong>implevit.</strong></span> <span class='ocrx_word' id='word_1_710' title='bbox 2199 4346 2218 4378; x_wconf 86' lang='grc' dir='ltr'><strong>ι</strong></span> <span class='ocrx_word' id='word_1_711' title='bbox 2259 4327 2328 4382; x_wconf 91' lang='grc' dir='ltr'>Ει</span> <span class='ocrx_word' id='word_1_712' title='bbox 2371 4326 2496 4381; x_wconf 89' lang='lat' dir='ltr'><strong>item</strong></span> <span class='ocrx_word' id='word_1_713' title='bbox 2542 4324 2610 4380; x_wconf 88' lang='lat' dir='ltr'><strong>de</strong></span> <span class='ocrx_word' id='word_1_714' title='bbox 2655 4322 2762 4378; x_wconf 87' lang='lat' dir='ltr'><strong>alio</strong></span> <span class='ocrx_word' id='word_1_715' title='bbox 2815 4314 3128 4377; x_wconf 86' lang='lat' dir='ltr'><strong>testimonio</strong></span> <span class='ocrx_word' id='word_1_716' title='bbox 3163 4328 3230 4369; x_wconf 78' lang='grc' dir='ltr'><strong>ιι</strong></span> <span class='ocrx_word' id='word_1_717' title='bbox 3277 4303 3490 4372; x_wconf 59' lang='lat' dir='ltr'><strong>Semel.</strong></span> 
     </span>
    </p>
   </div>
   <div class='ocr_carea' id='block_1_89' title="bbox 1903 4404 3488 4491">
    <p class='ocr_par' dir='ltr' id='par_1_89' title="bbox 1903 4404 3488 4491">
     <span class='ocr_line' id='line_1_89' title="bbox 1903 4404 3488 4491; baseline -0.011 -16"><span class='ocrx_word' id='word_1_718' title='bbox 1903 4420 2099 4491; x_wconf 88' lang='lat' dir='ltr'><strong>inquit,</strong></span> <span class='ocrx_word' id='word_1_719' title='bbox 2129 4418 2336 4475; x_wconf 85' lang='lat' dir='ltr'><strong>oblatus</strong></span> <span class='ocrx_word' id='word_1_720' title='bbox 2366 4424 2441 4472; x_wconf 85' lang='lat' dir='ltr'><strong>est</strong></span> <span class='ocrx_word' id='word_1_721' title='bbox 2484 4415 2554 4471; x_wconf 82' lang='lat' dir='ltr'><strong>ad</strong></span> <span class='ocrx_word' id='word_1_722' title='bbox 2594 4413 2878 4471; x_wconf 79' lang='lat' dir='ltr'><strong>multorum</strong></span> <span class='ocrx_word' id='word_1_723' title='bbox 2921 4404 3211 4478; x_wconf 76' lang='lat' dir='ltr'><strong>auferenda</strong></span> <span class='ocrx_word' id='word_1_724' title='bbox 3250 4404 3488 4473; x_wconf 62' lang='lat' dir='ltr'><strong>peccata.</strong></span> 
     </span>
    </p>
   </div>
   <div class='ocr_carea' id='block_1_90' title="bbox 210 4498 3489 4607">
    <p class='ocr_par' dir='ltr' id='par_1_90' title="bbox 210 4498 3489 4607">
     <span class='ocr_line' id='line_1_90' title="bbox 210 4498 3489 4607; baseline -0.006 -38"><span class='ocrx_word' id='word_1_725' title='bbox 210 4529 369 4569; x_wconf 87' lang='lat' dir='ltr'><strong>sensu</strong></span> <span class='ocrx_word' id='word_1_726' title='bbox 405 4512 741 4583; x_wconf 82' lang='lat' dir='ltr'><strong>subjungens</strong></span> <span class='ocrx_word' id='word_1_727' title='bbox 764 4516 1121 4575; x_wconf 81' lang='lat' dir='ltr'><strong>continuavit.</strong></span> <span class='ocrx_word' id='word_1_728' title='bbox 1156 4536 1174 4571; x_wconf 78' lang='grc' dir='ltr'><strong>ι</strong></span> <span class='ocrx_word' id='word_1_729' title='bbox 1207 4516 1341 4573; x_wconf 88' lang='lat' dir='ltr'><strong>Illud</strong></span> <span class='ocrx_word' id='word_1_730' title='bbox 1380 4519 1539 4575; x_wconf 87' lang='lat' dir='ltr'><strong>nobis</strong></span> <span class='ocrx_word' id='word_1_731' title='bbox 1573 4520 1789 4590; x_wconf 77' lang='lat' dir='ltr'><strong>simpli.-</strong></span> <span class='ocrx_word' id='word_1_732' title='bbox 1822 4546 1879 4607; x_wconf 66' lang='grc' dir='ltr'><strong><em>Β</em></strong></span> <span class='ocrx_word' id='word_1_733' title='bbox 1903 4509 2082 4579; x_wconf 84' lang='lat' dir='ltr'><strong>Quare</strong></span> <span class='ocrx_word' id='word_1_734' title='bbox 2110 4509 2425 4607; x_wconf 58' lang='lat' dir='ltr'><strong>multorum,</strong></span> <span class='ocrx_word' id='word_1_735' title='bbox 2454 4516 2511 4564; x_wconf 88' lang='lat' dir='ltr'><strong>et</strong></span> <span class='ocrx_word' id='word_1_736' title='bbox 2538 4521 2647 4607; x_wconf 71' lang='lat' dir='ltr'><strong>non</strong></span> <span class='ocrx_word' id='word_1_737' title='bbox 2666 4501 2946 4607; x_wconf 69' lang='lat' dir='ltr'><strong>omnium?</strong></span> <span class='ocrx_word' id='word_1_738' title='bbox 2973 4498 3110 4567; x_wconf 85' lang='lat' dir='ltr'><strong>Quia</strong></span> <span class='ocrx_word' id='word_1_739' title='bbox 3152 4502 3489 4607; x_wconf 34' lang='lat' dir='ltr'><strong>non-omit:</strong></span> 
     </span>
    </p>
   </div>
   <div class='ocr_carea' id='block_1_91' title="bbox 210 4602 1795 4682">
    <p class='ocr_par' dir='ltr' id='par_1_91' title="bbox 210 4602 1795 4682">
     <span class='ocr_line' id='line_1_91' title="bbox 210 4602 1795 4682; baseline 0.006 -21"><span class='ocrx_word' id='word_1_740' title='bbox 210 4606 343 4661; x_wconf 86' lang='lat' dir='ltr'><strong>citer</strong></span> <span class='ocrx_word' id='word_1_741' title='bbox 364 4613 421 4660; x_wconf 80' lang='lat' dir='ltr'><strong>et</strong></span> <span class='ocrx_word' id='word_1_742' title='bbox 448 4602 682 4661; x_wconf 82' lang='lat' dir='ltr'><strong>ﬁdeliter</strong></span> <span class='ocrx_word' id='word_1_743' title='bbox 706 4606 994 4664; x_wconf 85' lang='lat' dir='ltr'><strong>tenendum</strong></span> <span class='ocrx_word' id='word_1_744' title='bbox 1021 4622 1088 4667; x_wconf 83' lang='lat' dir='ltr'><strong>ac</strong></span> <span class='ocrx_word' id='word_1_745' title='bbox 1117 4608 1418 4667; x_wconf 82' lang='lat' dir='ltr'><strong>docendum</strong></span> <span class='ocrx_word' id='word_1_746' title='bbox 1442 4612 1618 4681; x_wconf 82' lang='lat' dir='ltr'><strong>placet</strong></span> <span class='ocrx_word' id='word_1_747' title='bbox 1638 4612 1795 4682; x_wconf 80' lang='lat' dir='ltr'><strong>juxta</strong></span> 
     </span>
    </p>
   </div>
   <div class='ocr_carea' id='block_1_92' title="bbox 211 4695 1796 4777">
    <p class='ocr_par' dir='ltr' id='par_1_92' title="bbox 211 4695 1796 4777">
     <span class='ocr_line' id='line_1_92' title="bbox 211 4695 1796 4777; baseline 0.007 -27"><span class='ocrx_word' id='word_1_748' title='bbox 211 4695 580 4770; x_wconf 68' lang='lat' dir='ltr'><strong>evangelicae:</strong></span> <span class='ocrx_word' id='word_1_749' title='bbox 631 4705 685 4753; x_wconf 87' lang='lat' dir='ltr'><strong>et</strong></span> <span class='ocrx_word' id='word_1_750' title='bbox 733 4698 1083 4769; x_wconf 84' lang='lat' dir='ltr'><strong>apostolicam</strong></span> <span class='ocrx_word' id='word_1_751' title='bbox 1138 4702 1445 4770; x_wconf 78' lang='lat' dir='ltr'><strong>veritatem,</strong></span> <span class='ocrx_word' id='word_1_752' title='bbox 1492 4705 1637 4775; x_wconf 86' lang='lat' dir='ltr'><strong>quod</strong></span> <span class='ocrx_word' id='word_1_753' title='bbox 1695 4720 1796 4777; x_wconf 85' lang='lat' dir='ltr'><strong>pro</strong></span> 
     </span>
    </p>
   </div>
   <div class='ocr_carea' id='block_1_93' title="bbox 212 4785 1798 4867">
    <p class='ocr_par' dir='ltr' id='par_1_93' title="bbox 212 4785 1798 4867">
     <span class='ocr_line' id='line_1_93' title="bbox 212 4785 1798 4867; baseline 0.008 -27"><span class='ocrx_word' id='word_1_754' title='bbox 212 4785 313 4845; x_wconf 80' lang='lat' dir='ltr'><strong>illis</strong></span> <span class='ocrx_word' id='word_1_755' title='bbox 345 4786 539 4843; x_wconf 87' lang='lat' dir='ltr'><strong>datum</strong></span> <span class='ocrx_word' id='word_1_756' title='bbox 582 4787 820 4859; x_wconf 88' lang='lat' dir='ltr'><strong>pretium</strong></span> <span class='ocrx_word' id='word_1_757' title='bbox 854 4797 1153 4857; x_wconf 72' lang='lat' dir='ltr'><strong>teneamus,</strong></span> <span class='ocrx_word' id='word_1_758' title='bbox 1199 4793 1264 4850; x_wconf 85' lang='lat' dir='ltr'><strong>de</strong></span> <span class='ocrx_word' id='word_1_759' title='bbox 1295 4795 1494 4865; x_wconf 88' lang='lat' dir='ltr'><strong>quibus</strong></span> <span class='ocrx_word' id='word_1_760' title='bbox 1534 4796 1653 4867; x_wconf 88' lang='lat' dir='ltr'><strong>ipse</strong></span> <span class='ocrx_word' id='word_1_761' title='bbox 1692 4797 1798 4852; x_wconf 83' lang='lat' dir='ltr'><strong>Do-</strong></span> 
     </span>
    </p>
   </div>
   <div class='ocr_carea' id='block_1_94' title="bbox 216 4881 1799 4961">
    <p class='ocr_par' dir='ltr' id='par_1_94' title="bbox 216 4881 1799 4961">
     <span class='ocr_line' id='line_1_94' title="bbox 216 4881 1799 4961; baseline 0.006 -26"><span class='ocrx_word' id='word_1_762' title='bbox 216 4881 390 4937; x_wconf 83' lang='lat' dir='ltr'><strong>minus</strong></span> <span class='ocrx_word' id='word_1_763' title='bbox 415 4890 607 4938; x_wconf 86' lang='lat' dir='ltr'><strong>noster</strong></span> <span class='ocrx_word' id='word_1_764' title='bbox 636 4883 770 4940; x_wconf 86' lang='lat' dir='ltr'><strong>dicit</strong></span> <span class='ocrx_word' id='word_1_765' title='bbox 791 4902 805 4943; x_wconf 86' lang='lat'><strong>:</strong></span> <span class='ocrx_word' id='word_1_766' title='bbox 830 4883 977 4941; x_wconf 79' lang='lat' dir='ltr'><strong>Sicut</strong></span> <span class='ocrx_word' id='word_1_767' title='bbox 1005 4884 1215 4958; x_wconf 78' lang='lat' dir='ltr'><strong>Moyses</strong></span> <span class='ocrx_word' id='word_1_768' title='bbox 1236 4887 1486 4943; x_wconf 67' lang='lat' dir='ltr'><strong>exultavit</strong></span> <span class='ocrx_word' id='word_1_769' title='bbox 1512 4900 1799 4961; x_wconf 81' lang='lat' dir='ltr'><strong>serpentem</strong></span> 
     </span>
    </p>
   </div>
   <div class='ocr_carea' id='block_1_95' title="bbox 213 4971 1800 5047">
    <p class='ocr_par' dir='ltr' id='par_1_95' title="bbox 213 4971 1800 5047">
     <span class='ocr_line' id='line_1_95' title="bbox 213 4971 1800 5047; baseline 0.006 -22"><span class='ocrx_word' id='word_1_770' title='bbox 213 4971 265 5027; x_wconf 87' lang='lat' dir='ltr'><strong>in</strong></span> <span class='ocrx_word' id='word_1_771' title='bbox 290 4972 522 5041; x_wconf 68' lang='lat' dir='ltr'><strong>deserto,</strong></span> <span class='ocrx_word' id='word_1_772' title='bbox 549 4974 626 5029; x_wconf 87' lang='lat' dir='ltr'><strong>ita</strong></span> <span class='ocrx_word' id='word_1_773' title='bbox 648 4974 873 5031; x_wconf 69' lang='lat' dir='ltr'><strong>exaltari</strong></span> <span class='ocrx_word' id='word_1_774' title='bbox 900 4986 1097 5047; x_wconf 81' lang='lat' dir='ltr'><strong>oportet</strong></span> <span class='ocrx_word' id='word_1_775' title='bbox 1125 4977 1295 5047; x_wconf 76' lang='lat' dir='ltr'><strong>ﬁlium</strong></span> <span class='ocrx_word' id='word_1_776' title='bbox 1314 4980 1570 5047; x_wconf 71' lang='lat' dir='ltr'><strong>hominis,</strong></span> <span class='ocrx_word' id='word_1_777' title='bbox 1601 4991 1658 5035; x_wconf 85' lang='lat' dir='ltr'><strong>ut</strong></span> <span class='ocrx_word' id='word_1_778' title='bbox 1687 4997 1800 5035; x_wconf 82' lang='lat' dir='ltr'><strong>om-</strong></span> 
     </span>
    </p>
   </div>
   <div class='ocr_carea' id='block_1_96' title="bbox 217 5062 1801 5136">
    <p class='ocr_par' dir='ltr' id='par_1_96' title="bbox 217 5062 1801 5136">
     <span class='ocr_line' id='line_1_96' title="bbox 217 5062 1801 5136; baseline 0.008 -20"><span class='ocrx_word' id='word_1_779' title='bbox 217 5063 292 5117; x_wconf 82' lang='lat' dir='ltr'><strong>nis</strong></span> <span class='ocrx_word' id='word_1_780' title='bbox 313 5063 404 5133; x_wconf 79' lang='lat' dir='ltr'><strong>qui</strong></span> <span class='ocrx_word' id='word_1_781' title='bbox 428 5062 593 5118; x_wconf 82' lang='lat' dir='ltr'><strong>credit</strong></span> <span class='ocrx_word' id='word_1_782' title='bbox 623 5064 679 5118; x_wconf 91' lang='lat' dir='ltr'><strong>in</strong></span> <span class='ocrx_word' id='word_1_783' title='bbox 724 5064 896 5135; x_wconf 76' lang='lat' dir='ltr'><strong>ipsum</strong></span> <span class='ocrx_word' id='word_1_784' title='bbox 924 5082 1029 5120; x_wconf 90' lang='lat' dir='ltr'><strong>non</strong></span> <span class='ocrx_word' id='word_1_785' title='bbox 1057 5077 1255 5136; x_wconf 83' lang='lat' dir='ltr'><strong>pereat,</strong></span> <span class='ocrx_word' id='word_1_786' title='bbox 1285 5069 1377 5125; x_wconf 75' lang='lat' dir='ltr'><strong>sed</strong></span> <span class='ocrx_word' id='word_1_787' title='bbox 1406 5070 1595 5127; x_wconf 76' lang='lat' dir='ltr'><strong>habeat</strong></span> <span class='ocrx_word' id='word_1_788' title='bbox 1639 5073 1801 5129; x_wconf 80' lang='lat' dir='ltr'><strong>vitam</strong></span> 
     </span>
    </p>
   </div>
   <div class='ocr_carea' id='block_1_97' title="bbox 219 5153 1800 5228">
    <p class='ocr_par' dir='ltr' id='par_1_97' title="bbox 219 5153 1800 5228">
     <span class='ocr_line' id='line_1_97' title="bbox 219 5153 1800 5228; baseline 0.006 -18"><span class='ocrx_word' id='word_1_789' title='bbox 219 5164 480 5211; x_wconf 66' lang='lat' dir='ltr'><strong>(sternam.</strong></span> <span class='ocrx_word' id='word_1_790' title='bbox 523 5153 612 5211; x_wconf 86' lang='lat' dir='ltr'><strong>Sic</strong></span> <span class='ocrx_word' id='word_1_791' title='bbox 640 5159 779 5212; x_wconf 86' lang='lat' dir='ltr'><strong>enim</strong></span> <span class='ocrx_word' id='word_1_792' title='bbox 810 5156 949 5215; x_wconf 80' lang='lat' dir='ltr'><strong>Deus</strong></span> <span class='ocrx_word' id='word_1_793' title='bbox 992 5160 1177 5219; x_wconf 64' lang='lat' dir='ltr'><strong>dilexit</strong></span> <span class='ocrx_word' id='word_1_794' title='bbox 1206 5162 1483 5228; x_wconf 85' lang='lat' dir='ltr'><strong>mundum,</strong></span> <span class='ocrx_word' id='word_1_795' title='bbox 1514 5174 1569 5216; x_wconf 87' lang='lat' dir='ltr'><strong>ut</strong></span> <span class='ocrx_word' id='word_1_796' title='bbox 1598 5161 1800 5220; x_wconf 84' lang='lat' dir='ltr'><strong>Filium</strong></span> 
     </span>
    </p>
   </div>
   <div class='ocr_carea' id='block_1_98' title="bbox 221 5248 1813 5326">
    <p class='ocr_par' dir='ltr' id='par_1_98' title="bbox 221 5248 1813 5326">
     <span class='ocr_line' id='line_1_98' title="bbox 221 5248 1813 5326; baseline 0.007 -24"><span class='ocrx_word' id='word_1_797' title='bbox 221 5265 362 5303; x_wconf 68' lang='lat' dir='ltr'><strong>suam</strong></span> <span class='ocrx_word' id='word_1_798' title='bbox 401 5248 731 5321; x_wconf 77' lang='lat' dir='ltr'><strong>unigenitum</strong></span> <span class='ocrx_word' id='word_1_799' title='bbox 772 5254 943 5318; x_wconf 85' lang='lat' dir='ltr'><strong>daret,</strong></span> <span class='ocrx_word' id='word_1_800' title='bbox 973 5262 1027 5307; x_wconf 87' lang='lat' dir='ltr'><strong>ut</strong></span> <span class='ocrx_word' id='word_1_801' title='bbox 1062 5254 1230 5310; x_wconf 82' lang='lat' dir='ltr'><strong>omnis</strong></span> <span class='ocrx_word' id='word_1_802' title='bbox 1265 5255 1353 5326; x_wconf 87' lang='lat' dir='ltr'><strong>qui</strong></span> <span class='ocrx_word' id='word_1_803' title='bbox 1380 5255 1543 5311; x_wconf 84' lang='lat' dir='ltr'><strong>credit</strong></span> <span class='ocrx_word' id='word_1_804' title='bbox 1591 5257 1647 5311; x_wconf 92' lang='lat' dir='ltr'><strong>in</strong></span> <span class='ocrx_word' id='word_1_805' title='bbox 1680 5273 1813 5315; x_wconf 78' lang='lat' dir='ltr'><strong>eum</strong></span> 
     </span>
    </p>
   </div>
   <div class='ocr_carea' id='block_1_99' title="bbox 223 5342 1796 5421">
    <p class='ocr_par' dir='ltr' id='par_1_99' title="bbox 223 5342 1796 5421">
     <span class='ocr_line' id='line_1_99' title="bbox 223 5342 1796 5421; baseline 0.004 -24"><span class='ocrx_word' id='word_1_806' title='bbox 223 5353 314 5397; x_wconf 77' lang='lat' dir='ltr'><strong>non</strong></span> <span class='ocrx_word' id='word_1_807' title='bbox 336 5349 539 5412; x_wconf 67' lang='lat' dir='ltr'><strong>pereat,</strong></span> <span class='ocrx_word' id='word_1_808' title='bbox 571 5342 663 5399; x_wconf 69' lang='lat' dir='ltr'><strong>sed</strong></span> <span class='ocrx_word' id='word_1_809' title='bbox 692 5342 879 5403; x_wconf 68' lang='lat' dir='ltr'><strong>habent</strong></span> <span class='ocrx_word' id='word_1_810' title='bbox 906 5344 1062 5403; x_wconf 70' lang='lat' dir='ltr'><strong>vitam</strong></span> <span class='ocrx_word' id='word_1_811' title='bbox 1094 5355 1343 5402; x_wconf 73' lang='lat' dir='ltr'><strong>wternam</strong></span> <span class='ocrx_word' id='word_1_812' title='bbox 1366 5346 1545 5415; x_wconf 85' lang='lat' dir='ltr'><strong>(Joan.</strong></span> <span class='ocrx_word' id='word_1_813' title='bbox 1574 5364 1658 5413; x_wconf 89' lang='grc' dir='ltr'>ιιι,</span> <span class='ocrx_word' id='word_1_814' title='bbox 1686 5348 1796 5421; x_wconf 65' lang='lat' dir='ltr'><strong>id).</strong></span> 
     </span>
    </p>
   </div>
   <div class='ocr_carea' id='block_1_100' title="bbox 223 5428 1796 5507">
    <p class='ocr_par' dir='ltr' id='par_1_100' title="bbox 223 5428 1796 5507">
     <span class='ocr_line' id='line_1_100' title="bbox 223 5428 1796 5507; baseline 0.006 -22"><span class='ocrx_word' id='word_1_815' title='bbox 223 5428 536 5497; x_wconf 39' lang='lat' dir='ltr'><strong>Quodvalicet</strong></span> <span class='ocrx_word' id='word_1_816' title='bbox 567 5434 906 5502; x_wconf 82' lang='lat' dir='ltr'><strong>expositione</strong></span> <span class='ocrx_word' id='word_1_817' title='bbox 948 5450 1055 5489; x_wconf 91' lang='lat' dir='ltr'><strong>non</strong></span> <span class='ocrx_word' id='word_1_818' title='bbox 1093 5435 1352 5506; x_wconf 79' lang='lat' dir='ltr'><strong>indigeat,</strong></span> <span class='ocrx_word' id='word_1_819' title='bbox 1387 5439 1643 5507; x_wconf 86' lang='lat' dir='ltr'><strong>quoniam</strong></span> <span class='ocrx_word' id='word_1_820' title='bbox 1692 5439 1796 5495; x_wconf 93' lang='lat' dir='ltr'><strong>Do-</strong></span> 
     </span>
    </p>
   </div>
   <div class='ocr_carea' id='block_1_101' title="bbox 223 5523 1792 5596">
    <p class='ocr_par' dir='ltr' id='par_1_101' title="bbox 223 5523 1792 5596">
     <span class='ocr_line' id='line_1_101' title="bbox 223 5523 1792 5596; baseline 0.004 -17"><span class='ocrx_word' id='word_1_821' title='bbox 223 5523 394 5581; x_wconf 85' lang='lat' dir='ltr'><strong>minus</strong></span> <span class='ocrx_word' id='word_1_822' title='bbox 418 5527 604 5581; x_wconf 90' lang='lat' dir='ltr'><strong>omnia</strong></span> <span class='ocrx_word' id='word_1_823' title='bbox 629 5541 750 5596; x_wconf 73' lang='lat' dir='ltr'><strong>quze</strong></span> <span class='ocrx_word' id='word_1_824' title='bbox 776 5526 947 5584; x_wconf 86' lang='lat' dir='ltr'><strong>voluit</strong></span> <span class='ocrx_word' id='word_1_825' title='bbox 979 5526 1049 5583; x_wconf 85' lang='lat' dir='ltr'><strong>ab</strong></span> <span class='ocrx_word' id='word_1_826' title='bbox 1075 5528 1328 5585; x_wconf 86' lang='lat' dir='ltr'><strong>omnibus</strong></span> <span class='ocrx_word' id='word_1_827' title='bbox 1356 5530 1634 5585; x_wconf 87' lang='lat' dir='ltr'><strong>observari</strong></span> <span class='ocrx_word' id='word_1_828' title='bbox 1681 5540 1792 5586; x_wconf 89' lang='lat' dir='ltr'><strong>tam</strong></span> 
     </span>
    </p>
   </div>
   <div class='ocr_carea' id='block_1_102' title="bbox 224 5616 1794 5688">
    <p class='ocr_par' dir='ltr' id='par_1_102' title="bbox 224 5616 1794 5688">
     <span class='ocr_line' id='line_1_102' title="bbox 224 5616 1794 5688; baseline 0.004 -19"><span class='ocrx_word' id='word_1_829' title='bbox 224 5616 658 5677; x_wconf 58' lang='lat' dir='ltr'><strong>manifestissime</strong></span> <span class='ocrx_word' id='word_1_830' title='bbox 710 5618 866 5683; x_wconf 80' lang='lat' dir='ltr'><strong>dixit,</strong></span> <span class='ocrx_word' id='word_1_831' title='bbox 907 5626 966 5672; x_wconf 92' lang='lat' dir='ltr'><strong>ut</strong></span> <span class='ocrx_word' id='word_1_832' title='bbox 1009 5618 1078 5674; x_wconf 88' lang='lat' dir='ltr'><strong>ab</strong></span> <span class='ocrx_word' id='word_1_833' title='bbox 1106 5618 1355 5673; x_wconf 89' lang='lat' dir='ltr'><strong>omnibus</strong></span> <span class='ocrx_word' id='word_1_834' title='bbox 1381 5620 1590 5688; x_wconf 88' lang='lat' dir='ltr'><strong>possint</strong></span> <span class='ocrx_word' id='word_1_835' title='bbox 1634 5622 1794 5677; x_wconf 88' lang='lat' dir='ltr'><strong>intel-</strong></span> 
     </span>
    </p>
   </div>
   <div class='ocr_carea' id='block_1_103' title="bbox 223 5705 1796 5780">
    <p class='ocr_par' dir='ltr' id='par_1_103' title="bbox 223 5705 1796 5780">
     <span class='ocr_line' id='line_1_103' title="bbox 223 5705 1796 5780; baseline 0.004 -18"><span class='ocrx_word' id='word_1_836' title='bbox 223 5705 328 5780; x_wconf 78' lang='lat' dir='ltr'><strong>ligi,</strong></span> <span class='ocrx_word' id='word_1_837' title='bbox 379 5717 437 5764; x_wconf 88' lang='lat' dir='ltr'><strong>et</strong></span> <span class='ocrx_word' id='word_1_838' title='bbox 473 5723 636 5765; x_wconf 87' lang='lat' dir='ltr'><strong>nemo</strong></span> <span class='ocrx_word' id='word_1_839' title='bbox 682 5710 753 5764; x_wconf 87' lang='lat' dir='ltr'><strong>sit</strong></span> <span class='ocrx_word' id='word_1_840' title='bbox 800 5724 992 5765; x_wconf 88' lang='lat' dir='ltr'><strong>sanum</strong></span> <span class='ocrx_word' id='word_1_841' title='bbox 1029 5710 1267 5779; x_wconf 87' lang='lat' dir='ltr'><strong>sapiens,</strong></span> <span class='ocrx_word' id='word_1_842' title='bbox 1311 5710 1403 5778; x_wconf 88' lang='lat' dir='ltr'><strong>qui</strong></span> <span class='ocrx_word' id='word_1_843' title='bbox 1452 5712 1796 5779; x_wconf 83' lang='lat' dir='ltr'><strong>apertissime</strong></span> 
     </span>
    </p>
   </div>
   <div class='ocr_carea' id='block_1_104' title="bbox 224 5799 1797 5882">
    <p class='ocr_par' dir='ltr' id='par_1_104' title="bbox 224 5799 1797 5882">
     <span class='ocr_line' id='line_1_104' title="bbox 224 5799 1797 5882; baseline 0.002 -18"><span class='ocrx_word' id='word_1_844' title='bbox 224 5814 325 5864; x_wconf 77' lang='lat' dir='ltr'><strong>non</strong></span> <span class='ocrx_word' id='word_1_845' title='bbox 364 5799 631 5882; x_wconf 64' lang='lat' dir='ltr'><strong>intelligat</strong></span> <span class='ocrx_word' id='word_1_846' title='bbox 672 5801 799 5879; x_wconf 88' lang='lat' dir='ltr'><strong>quia</strong></span> <span class='ocrx_word' id='word_1_847' title='bbox 846 5817 947 5877; x_wconf 89' lang='lat' dir='ltr'><strong>pro</strong></span> <span class='ocrx_word' id='word_1_848' title='bbox 987 5802 1240 5863; x_wconf 85' lang='lat' dir='ltr'><strong>omnibus</strong></span> <span class='ocrx_word' id='word_1_849' title='bbox 1278 5801 1423 5863; x_wconf 81' lang='lat' dir='ltr'><strong>ﬁlius</strong></span> <span class='ocrx_word' id='word_1_850' title='bbox 1460 5804 1700 5865; x_wconf 86' lang='lat' dir='ltr'><strong>hominis</strong></span> <span class='ocrx_word' id='word_1_851' title='bbox 1738 5807 1797 5867; x_wconf 88' lang='lat' dir='ltr'><strong>in</strong></span> 
     </span>
    </p>
   </div>
   <div class='ocr_carea' id='block_1_105' title="bbox 1906 4585 3493 4668">
    <p class='ocr_par' dir='ltr' id='par_1_105' title="bbox 1906 4585 3493 4668">
     <span class='ocr_line' id='line_1_105' title="bbox 1906 4585 3493 4668; baseline -0.01 -7"><span class='ocrx_word' id='word_1_852' title='bbox 1906 4602 2277 4661; x_wconf 85' lang='lat' dir='ltr'><strong>crediderunt.</strong></span> <span class='ocrx_word' id='word_1_853' title='bbox 2325 4600 2434 4657; x_wconf 89' lang='lat' dir='ltr'><strong>Pro</strong></span> <span class='ocrx_word' id='word_1_854' title='bbox 2481 4599 2734 4657; x_wconf 87' lang='lat' dir='ltr'><strong>omnibus</strong></span> <span class='ocrx_word' id='word_1_855' title='bbox 2782 4596 3002 4668; x_wconf 85' lang='lat' dir='ltr'><strong>quidem</strong></span> <span class='ocrx_word' id='word_1_856' title='bbox 3066 4599 3334 4653; x_wconf 79' lang='lat' dir='ltr'><strong>mortuus,</strong></span> <span class='ocrx_word' id='word_1_857' title='bbox 3386 4585 3493 4645; x_wconf 76' lang='lat' dir='ltr'><strong>hoc</strong></span> 
     </span>
    </p>
   </div>
   <div class='ocr_carea' id='block_1_106' title="bbox 1906 4683 3487 4765">
    <p class='ocr_par' dir='ltr' id='par_1_106' title="bbox 1906 4683 3487 4765">
     <span class='ocr_line' id='line_1_106' title="bbox 1906 4683 3487 4765; baseline -0.009 -14"><span class='ocrx_word' id='word_1_858' title='bbox 1906 4704 2009 4762; x_wconf 86' lang='lat' dir='ltr'><strong>est,</strong></span> <span class='ocrx_word' id='word_1_859' title='bbox 2032 4703 2294 4765; x_wconf 83' lang='lat' dir='ltr'><strong>quantum</strong></span> <span class='ocrx_word' id='word_1_860' title='bbox 2317 4695 2374 4749; x_wconf 90' lang='lat' dir='ltr'><strong>in</strong></span> <span class='ocrx_word' id='word_1_861' title='bbox 2398 4694 2515 4764; x_wconf 89' lang='lat' dir='ltr'><strong>ipso</strong></span> <span class='ocrx_word' id='word_1_862' title='bbox 2534 4700 2638 4756; x_wconf 83' lang='lat' dir='ltr'><strong>est,</strong></span> <span class='ocrx_word' id='word_1_863' title='bbox 2668 4692 2786 4762; x_wconf 84' lang='lat' dir='ltr'><strong>ejus</strong></span> <span class='ocrx_word' id='word_1_864' title='bbox 2808 4687 3066 4747; x_wconf 85' lang='lat' dir='ltr'><strong>momenti</strong></span> <span class='ocrx_word' id='word_1_865' title='bbox 3089 4692 3175 4741; x_wconf 84' lang='lat' dir='ltr'><strong>est</strong></span> <span class='ocrx_word' id='word_1_866' title='bbox 3200 4683 3289 4742; x_wconf 82' lang='lat' dir='ltr'><strong>illa</strong></span> <span class='ocrx_word' id='word_1_867' title='bbox 3316 4691 3487 4744; x_wconf 71' lang='lat' dir='ltr'><strong>tuon.</strong></span> 
     </span>
    </p>
   </div>
   <div class='ocr_carea' id='block_1_107' title="bbox 1908 4777 3493 4859">
    <p class='ocr_par' dir='ltr' id='par_1_107' title="bbox 1908 4777 3493 4859">
     <span class='ocr_line' id='line_1_107' title="bbox 1908 4777 3493 4859; baseline -0.012 -10"><span class='ocrx_word' id='word_1_868' title='bbox 1908 4788 2063 4859; x_wconf 76' lang='lat' dir='ltr'><strong>cuius</strong></span> <span class='ocrx_word' id='word_1_869' title='bbox 2111 4788 2368 4846; x_wconf 85' lang='lat' dir='ltr'><strong>momenti</strong></span> <span class='ocrx_word' id='word_1_870' title='bbox 2423 4795 2509 4843; x_wconf 92' lang='lat' dir='ltr'><strong>est</strong></span> <span class='ocrx_word' id='word_1_871' title='bbox 2551 4785 2793 4843; x_wconf 79' lang='lat' dir='ltr'><strong>omnium</strong></span> <span class='ocrx_word' id='word_1_872' title='bbox 2842 4779 3095 4854; x_wconf 83' lang='lat' dir='ltr'><strong>perditio.</strong></span> <span class='ocrx_word' id='word_1_873' title='bbox 3146 4777 3265 4834; x_wconf 82' lang='lat' dir='ltr'><strong>Non</strong></span> <span class='ocrx_word' id='word_1_874' title='bbox 3308 4781 3493 4831; x_wconf 69' lang='lat' dir='ltr'><strong>aute-</strong></span> 
     </span>
    </p>
   </div>
   <div class='ocr_carea' id='block_1_108' title="bbox 1908 4868 3486 4950">
    <p class='ocr_par' dir='ltr' id='par_1_108' title="bbox 1908 4868 3486 4950">
     <span class='ocr_line' id='line_1_108' title="bbox 1908 4868 3486 4950; baseline -0.011 -14"><span class='ocrx_word' id='word_1_875' title='bbox 1908 4881 2150 4939; x_wconf 86' lang='lat' dir='ltr'><strong>omnium</strong></span> <span class='ocrx_word' id='word_1_876' title='bbox 2172 4887 2395 4950; x_wconf 84' lang='lat' dir='ltr'><strong>peccata</strong></span> <span class='ocrx_word' id='word_1_877' title='bbox 2424 4877 2667 4942; x_wconf 87' lang='lat' dir='ltr'><strong>abstulit,</strong></span> <span class='ocrx_word' id='word_1_878' title='bbox 2690 4886 2914 4948; x_wconf 88' lang='lat' dir='ltr'><strong>propter</strong></span> <span class='ocrx_word' id='word_1_879' title='bbox 2941 4872 3085 4945; x_wconf 91' lang='lat' dir='ltr'><strong>quod</strong></span> <span class='ocrx_word' id='word_1_880' title='bbox 3116 4868 3426 4926; x_wconf 85' lang='lat' dir='ltr'><strong>noluerunt.</strong></span> <span class='ocrx_word' id='word_1_881' title='bbox 3461 4872 3486 4919; x_wconf 71' lang='grc' dir='ltr'><strong>ι</strong></span> 
     </span>
    </p>
   </div>
   <div class='ocr_carea' id='block_1_109' title="bbox 1908 4956 3495 5043">
    <p class='ocr_par' dir='ltr' id='par_1_109' title="bbox 1908 4956 3495 5043">
     <span class='ocr_line' id='line_1_109' title="bbox 1908 4956 3495 5043; baseline -0.013 -14"><span class='ocrx_word' id='word_1_882' title='bbox 1908 4973 1979 5030; x_wconf 87' lang='grc' dir='ltr'>Ει</span> <span class='ocrx_word' id='word_1_883' title='bbox 2014 4982 2236 5031; x_wconf 87' lang='lat' dir='ltr'><strong>sanctus</strong></span> <span class='ocrx_word' id='word_1_884' title='bbox 2278 4972 2611 5043; x_wconf 81' lang='lat' dir='ltr'><strong>Augustinus</strong></span> <span class='ocrx_word' id='word_1_885' title='bbox 2642 4971 2697 5026; x_wconf 91' lang='lat' dir='ltr'><strong>in</strong></span> <span class='ocrx_word' id='word_1_886' title='bbox 2747 4968 2957 5039; x_wconf 85' lang='lat' dir='ltr'><strong>psalmo</strong></span> <span class='ocrx_word' id='word_1_887' title='bbox 2996 4978 3127 5022; x_wconf 69' lang='lat' dir='ltr'><strong>nni</strong></span> <span class='ocrx_word' id='word_1_888' title='bbox 3152 4979 3166 5017; x_wconf 87' lang='lat'><strong>:</strong></span> <span class='ocrx_word' id='word_1_889' title='bbox 3195 4978 3215 5015; x_wconf 80' lang='grc' dir='ltr'><strong>ι</strong></span> <span class='ocrx_word' id='word_1_890' title='bbox 3251 4956 3388 5014; x_wconf 84' lang='lat' dir='ltr'><strong>Nam</strong></span> <span class='ocrx_word' id='word_1_891' title='bbox 3433 4960 3495 5011; x_wconf 72' lang='lat' dir='ltr'><strong>es</strong></span> 
     </span>
    </p>
   </div>
   <div class='ocr_carea' id='block_1_110' title="bbox 1907 5045 3495 5134">
    <p class='ocr_par' dir='ltr' id='par_1_110' title="bbox 1907 5045 3495 5134">
     <span class='ocr_line' id='line_1_110' title="bbox 1907 5045 3495 5134; baseline -0.013 -13"><span class='ocrx_word' id='word_1_892' title='bbox 1907 5081 2042 5121; x_wconf 74' lang='lat' dir='ltr'><strong>crux</strong></span> <span class='ocrx_word' id='word_1_893' title='bbox 2077 5066 2189 5134; x_wconf 88' lang='lat' dir='ltr'><strong>ipsa</strong></span> <span class='ocrx_word' id='word_1_894' title='bbox 2217 5074 2271 5120; x_wconf 88' lang='lat' dir='ltr'><strong>et</strong></span> <span class='ocrx_word' id='word_1_895' title='bbox 2300 5079 2398 5134; x_wconf 89' lang='lat' dir='ltr'><strong>pro</strong></span> <span class='ocrx_word' id='word_1_896' title='bbox 2428 5064 2559 5134; x_wconf 88' lang='lat' dir='ltr'><strong>ipsis</strong></span> <span class='ocrx_word' id='word_1_897' title='bbox 2594 5058 3042 5132; x_wconf 85' lang='lat' dir='ltr'><strong>persequentibus</strong></span> <span class='ocrx_word' id='word_1_898' title='bbox 3069 5054 3209 5110; x_wconf 82' lang='lat' dir='ltr'><strong>facta</strong></span> <span class='ocrx_word' id='word_1_899' title='bbox 3235 5057 3338 5106; x_wconf 90' lang='lat' dir='ltr'><strong>est.</strong></span> <span class='ocrx_word' id='word_1_900' title='bbox 3359 5045 3495 5103; x_wconf 75' lang='lat' dir='ltr'><strong>Inde</strong></span> 
     </span>
    </p>
   </div>
   <div class='ocr_carea' id='block_1_111' title="bbox 1906 5147 3488 5226">
    <p class='ocr_par' dir='ltr' id='par_1_111' title="bbox 1906 5147 3488 5226">
     <span class='ocr_line' id='line_1_111' title="bbox 1906 5147 3488 5226; baseline -0.01 -14"><span class='ocrx_word' id='word_1_901' title='bbox 1906 5164 2034 5212; x_wconf 90' lang='lat' dir='ltr'><strong>sunt</strong></span> <span class='ocrx_word' id='word_1_902' title='bbox 2080 5169 2267 5226; x_wconf 82' lang='lat' dir='ltr'><strong>postea</strong></span> <span class='ocrx_word' id='word_1_903' title='bbox 2299 5155 2492 5220; x_wconf 91' lang='lat' dir='ltr'><strong>sancti,</strong></span> <span class='ocrx_word' id='word_1_904' title='bbox 2543 5154 2638 5224; x_wconf 91' lang='lat' dir='ltr'><strong>qui</strong></span> <span class='ocrx_word' id='word_1_905' title='bbox 2684 5155 2737 5209; x_wconf 87' lang='lat' dir='ltr'><strong>in</strong></span> <span class='ocrx_word' id='word_1_906' title='bbox 2783 5168 2905 5208; x_wconf 88' lang='lat' dir='ltr'><strong>eum</strong></span> <span class='ocrx_word' id='word_1_907' title='bbox 2935 5147 3281 5207; x_wconf 85' lang='lat' dir='ltr'><strong>crediderunt</strong></span> <span class='ocrx_word' id='word_1_908' title='bbox 3324 5153 3488 5210; x_wconf 83' lang='lat' dir='ltr'><strong>quem</strong></span> 
     </span>
    </p>
   </div>
   <div class='ocr_carea' id='block_1_112' title="bbox 1906 5230 3489 5319">
    <p class='ocr_par' dir='ltr' id='par_1_112' title="bbox 1906 5230 3489 5319">
     <span class='ocr_line' id='line_1_112' title="bbox 1906 5230 3489 5319; baseline -0.008 -17"><span class='ocrx_word' id='word_1_909' title='bbox 1906 5248 2007 5319; x_wconf 93' lang='lat' dir='ltr'><strong>ipsi</strong></span> <span class='ocrx_word' id='word_1_910' title='bbox 2037 5248 2373 5303; x_wconf 83' lang='lat' dir='ltr'><strong>occiderunt.</strong></span> <span class='ocrx_word' id='word_1_911' title='bbox 2404 5268 2422 5305; x_wconf 86' lang='grc' dir='ltr'><strong>ι</strong></span> <span class='ocrx_word' id='word_1_912' title='bbox 2455 5247 2524 5302; x_wconf 82' lang='grc' dir='ltr'>Ει</span> <span class='ocrx_word' id='word_1_913' title='bbox 2561 5246 2690 5301; x_wconf 89' lang='lat' dir='ltr'><strong>item</strong></span> <span class='ocrx_word' id='word_1_914' title='bbox 2726 5245 2871 5300; x_wconf 87' lang='lat' dir='ltr'><strong>idem</strong></span> <span class='ocrx_word' id='word_1_915' title='bbox 2920 5243 2977 5298; x_wconf 81' lang='lat' dir='ltr'><strong>in</strong></span> <span class='ocrx_word' id='word_1_916' title='bbox 3002 5240 3140 5296; x_wconf 87' lang='lat' dir='ltr'><strong>libre</strong></span> <span class='ocrx_word' id='word_1_917' title='bbox 3166 5252 3218 5292; x_wconf 77' lang='lat' dir='ltr'><strong>vr</strong></span> <span class='ocrx_word' id='word_1_918' title='bbox 3258 5234 3398 5305; x_wconf 81' lang='lat' dir='ltr'><strong>(cap.</strong></span> <span class='ocrx_word' id='word_1_919' title='bbox 3431 5230 3489 5302; x_wconf 75' lang='grc' dir='ltr'><strong>ί)</strong></span> 
     </span>
    </p>
   </div>
   <div class='ocr_carea' id='block_1_113' title="bbox 1905 5327 3493 5417">
    <p class='ocr_par' dir='ltr' id='par_1_113' title="bbox 1905 5327 3493 5417">
     <span class='ocr_line' id='line_1_113' title="bbox 1905 5327 3493 5417; baseline -0.011 -22"><span class='ocrx_word' id='word_1_920' title='bbox 1905 5348 2099 5395; x_wconf 82' lang='lat' dir='ltr'><strong>contra</strong></span> <span class='ocrx_word' id='word_1_921' title='bbox 2126 5337 2399 5394; x_wconf 69' lang='lat' dir='ltr'><strong>lulianum</strong></span> <span class='ocrx_word' id='word_1_922' title='bbox 2430 5356 2443 5394; x_wconf 93' lang='lat'><strong>:</strong></span> <span class='ocrx_word' id='word_1_923' title='bbox 2480 5358 2497 5391; x_wconf 84' lang='grc'><strong><em>‹</em></strong></span> <span class='ocrx_word' id='word_1_924' title='bbox 2528 5337 2703 5402; x_wconf 91' lang='lat' dir='ltr'><strong>Unus,</strong></span> <span class='ocrx_word' id='word_1_925' title='bbox 2726 5336 2921 5406; x_wconf 91' lang='lat' dir='ltr'><strong>inquit,</strong></span> <span class='ocrx_word' id='word_1_926' title='bbox 2949 5346 3049 5403; x_wconf 85' lang='lat' dir='ltr'><strong>pro</strong></span> <span class='ocrx_word' id='word_1_927' title='bbox 3069 5327 3322 5417; x_wconf 79' lang='lat' dir='ltr'><strong>omnibus</strong></span> <span class='ocrx_word' id='word_1_928' title='bbox 3345 5336 3493 5417; x_wconf 37' lang='lat' dir='ltr'><strong>more</strong></span> 
     </span>
    </p>
   </div>
   <div class='ocr_carea' id='block_1_114' title="bbox 1909 5415 3492 5503">
    <p class='ocr_par' dir='ltr' id='par_1_114' title="bbox 1909 5415 3492 5503">
     <span class='ocr_line' id='line_1_114' title="bbox 1909 5415 3492 5503; baseline -0.009 -16"><span class='ocrx_word' id='word_1_929' title='bbox 1909 5440 2036 5488; x_wconf 77' lang='lat' dir='ltr'><strong>tuus</strong></span> <span class='ocrx_word' id='word_1_930' title='bbox 2077 5442 2160 5489; x_wconf 90' lang='lat' dir='ltr'><strong>est</strong></span> <span class='ocrx_word' id='word_1_931' title='bbox 2184 5449 2198 5485; x_wconf 90' lang='lat'><strong>:</strong></span> <span class='ocrx_word' id='word_1_932' title='bbox 2223 5447 2353 5503; x_wconf 81' lang='lat' dir='ltr'><strong>ergo</strong></span> <span class='ocrx_word' id='word_1_933' title='bbox 2397 5445 2587 5489; x_wconf 86' lang='lat' dir='ltr'><strong>omnes</strong></span> <span class='ocrx_word' id='word_1_934' title='bbox 2616 5429 2814 5484; x_wconf 90' lang='lat' dir='ltr'><strong>mortui</strong></span> <span class='ocrx_word' id='word_1_935' title='bbox 2853 5421 3337 5482; x_wconf 82' lang='lat' dir='ltr'><strong>sunt:ostendens</strong></span> <span class='ocrx_word' id='word_1_936' title='bbox 3368 5415 3492 5474; x_wconf 76' lang='lat' dir='ltr'><strong>ﬁeri</strong></span> 
     </span>
    </p>
   </div>
   <div class='ocr_carea' id='block_1_115' title="bbox 1904 5512 3486 5597">
    <p class='ocr_par' dir='ltr' id='par_1_115' title="bbox 1904 5512 3486 5597">
     <span class='ocr_line' id='line_1_115' title="bbox 1904 5512 3486 5597; baseline -0.009 -16"><span class='ocrx_word' id='word_1_937' title='bbox 1904 5541 2012 5581; x_wconf 92' lang='lat' dir='ltr'><strong>non</strong></span> <span class='ocrx_word' id='word_1_938' title='bbox 2042 5527 2279 5597; x_wconf 86' lang='lat' dir='ltr'><strong>poluisse</strong></span> <span class='ocrx_word' id='word_1_939' title='bbox 2316 5535 2374 5580; x_wconf 94' lang='lat' dir='ltr'><strong>ut</strong></span> <span class='ocrx_word' id='word_1_940' title='bbox 2414 5532 2717 5580; x_wconf 90' lang='lat' dir='ltr'><strong>moreretur</strong></span> <span class='ocrx_word' id='word_1_941' title='bbox 2739 5521 2845 5577; x_wconf 89' lang='lat' dir='ltr'><strong>nisi</strong></span> <span class='ocrx_word' id='word_1_942' title='bbox 2870 5536 2971 5590; x_wconf 89' lang='lat' dir='ltr'><strong>pro</strong></span> <span class='ocrx_word' id='word_1_943' title='bbox 2991 5517 3243 5573; x_wconf 90' lang='lat' dir='ltr'><strong>mortuis.</strong></span> <span class='ocrx_word' id='word_1_944' title='bbox 3271 5512 3351 5575; x_wconf 79' lang='lat' dir='ltr'><strong>Ex</strong></span> <span class='ocrx_word' id='word_1_945' title='bbox 3377 5513 3486 5567; x_wconf 77' lang='lat' dir='ltr'><strong>hoc</strong></span> 
     </span>
    </p>
   </div>
   <div class='ocr_carea' id='block_1_116' title="bbox 1904 5606 3486 5689">
    <p class='ocr_par' dir='ltr' id='par_1_116' title="bbox 1904 5606 3486 5689">
     <span class='ocr_line' id='line_1_116' title="bbox 1904 5606 3486 5689; baseline -0.006 -16"><span class='ocrx_word' id='word_1_946' title='bbox 1904 5620 2050 5674; x_wconf 90' lang='lat' dir='ltr'><strong>enim</strong></span> <span class='ocrx_word' id='word_1_947' title='bbox 2083 5618 2331 5689; x_wconf 89' lang='lat' dir='ltr'><strong>probavit</strong></span> <span class='ocrx_word' id='word_1_948' title='bbox 2359 5633 2548 5673; x_wconf 88' lang='lat' dir='ltr'><strong>omnes</strong></span> <span class='ocrx_word' id='word_1_949' title='bbox 2575 5625 2816 5672; x_wconf 89' lang='lat' dir='ltr'><strong>mortuos</strong></span> <span class='ocrx_word' id='word_1_950' title='bbox 2841 5630 2980 5679; x_wconf 88' lang='lat' dir='ltr'><strong>esse,</strong></span> <span class='ocrx_word' id='word_1_951' title='bbox 3025 5613 3151 5683; x_wconf 88' lang='lat' dir='ltr'><strong>quia</strong></span> <span class='ocrx_word' id='word_1_952' title='bbox 3191 5624 3290 5680; x_wconf 88' lang='lat' dir='ltr'><strong>pro</strong></span> <span class='ocrx_word' id='word_1_953' title='bbox 3307 5606 3486 5663; x_wconf 81' lang='lat' dir='ltr'><strong>omnl-</strong></span> 
     </span>
    </p>
   </div>
   <div class='ocr_carea' id='block_1_117' title="bbox 1904 5702 3482 5781">
    <p class='ocr_par' dir='ltr' id='par_1_117' title="bbox 1904 5702 3482 5781">
     <span class='ocr_line' id='line_1_117' title="bbox 1904 5702 3482 5781; baseline -0.006 -15"><span class='ocrx_word' id='word_1_954' title='bbox 1904 5711 2005 5766; x_wconf 85' lang='lat' dir='ltr'><strong>bus</strong></span> <span class='ocrx_word' id='word_1_955' title='bbox 2048 5720 2292 5765; x_wconf 89' lang='lat' dir='ltr'><strong>mortuus</strong></span> <span class='ocrx_word' id='word_1_956' title='bbox 2337 5718 2423 5765; x_wconf 90' lang='lat' dir='ltr'><strong>est</strong></span> <span class='ocrx_word' id='word_1_957' title='bbox 2453 5724 2612 5764; x_wconf 89' lang='lat' dir='ltr'><strong>unus.</strong></span> <span class='ocrx_word' id='word_1_958' title='bbox 2658 5708 2920 5781; x_wconf 84' lang='lat' dir='ltr'><strong>Impinge,</strong></span> <span class='ocrx_word' id='word_1_959' title='bbox 2968 5706 3202 5771; x_wconf 91' lang='lat' dir='ltr'><strong>inculco,</strong></span> <span class='ocrx_word' id='word_1_960' title='bbox 3237 5702 3482 5769; x_wconf 80' lang='lat' dir='ltr'><strong>infercio</strong></span> 
     </span>
    </p>
   </div>
   <div class='ocr_carea' id='block_1_118' title="bbox 1904 5795 3513 5883">
    <p class='ocr_par' dir='ltr' id='par_1_118' title="bbox 1904 5795 3513 5883">
     <span class='ocr_line' id='line_1_118' title="bbox 1904 5795 3513 5883; baseline -0.006 -18"><span class='ocrx_word' id='word_1_961' title='bbox 1904 5804 2201 5865; x_wconf 84' lang='lat' dir='ltr'><strong>recusanti.</strong></span> <span class='ocrx_word' id='word_1_962' title='bbox 2223 5803 2442 5883; x_wconf 84' lang='lat' dir='ltr'><strong>Accipe,</strong></span> <span class='ocrx_word' id='word_1_963' title='bbox 2490 5802 2709 5865; x_wconf 85' lang='lat' dir='ltr'><strong>salubre</strong></span> <span class='ocrx_word' id='word_1_964' title='bbox 2743 5809 2847 5874; x_wconf 84' lang='lat' dir='ltr'><strong>est,</strong></span> <span class='ocrx_word' id='word_1_965' title='bbox 2878 5801 3007 5862; x_wconf 88' lang='lat' dir='ltr'><strong>nolo</strong></span> <span class='ocrx_word' id='word_1_966' title='bbox 3029 5799 3303 5861; x_wconf 81' lang='lat' dir='ltr'><strong>moriaris.</strong></span> <span class='ocrx_word' id='word_1_967' title='bbox 3332 5795 3513 5856; x_wconf 63' lang='lat' dir='ltr'><strong>[hius~</strong></span> 
     </span>
    </p>
   </div>
  </div>
