3992 6336
565 323 670 386 287

1542 319 1872 385 HINCMARI
1907 320 2304 385 RHEMENSIS
2339 328 2856 391 ARCHIEPISCOPI

3729 337 3816 394 288

569 459 667 514 pro
690 445 938 500 omnibus
976 452 1219 498 mortuus
1244 449 1347 506 est,
1381 455 1510 510 ergo
1537 456 1726 496 omnes
1763 441 1961 496 mortui
1990 449 2134 495 sunt.
2166 441 2220 500 A
2246 440 2377 494 tium
2403 442 2545 496 viam
2576 444 2778 501 faceret
2802 447 3050 531 hum‘na‘.
3071 455 3288 503 naturae
3315 446 3385 503 ad
3413 447 3816 518 incorruptionis

567 533 701 592 Vide
739 537 862 608 quia
892 550 1227 605 consequens
1274 548 1394 588 esse
1426 533 1613 597 voluit,
1665 543 1723 587 ut
1768 533 2141 603 intelligantur

564 643 751 682 omnes
794 627 1014 692 mortui,
1050 627 1094 682 si
1142 641 1240 697 pro
1288 626 1539 680 omnibus
1577 632 1825 680 mortuus
1866 635 1970 679 est.
2003 623 2140 691 Quia

565 733 695 788 ergo
730 735 836 774 non
873 721 926 772 in
951 733 1200 788 corpore,
1233 725 1402 772 restat
1430 727 1484 770 ut
1517 717 1570 771 in
1597 726 1818 787 peccato
1848 730 1970 771 esse
1999 730 2142 769 mor-

565 819 686 866 tuos
724 826 930 878 omnes,
970 813 1015 867 si
1059 827 1158 882 pro
1199 811 1450 866 omnibus
1479 809 1723 867 Christus
1764 819 2009 866 mortuus
2036 818 2140 876 est,

563 919 723 960 nemo
757 913 932 975 neget,
980 920 1140 960 nemo
1172 905 1400 970 dubitet,
1427 905 1520 973 qui
1568 919 1627 958 se
1671 920 1779 959 non
1828 913 2009 976 negat,
2049 910 2144 958 aut

564 995 772 1050 dubitat
797 1011 920 1052 esse
948 997 1338 1051 Christianum.
1372 1016 1390 1048 ι
1428 995 1496 1050 Ει
1524 1007 1744 1050 sanctus
1768 996 2056 1068 Dionysius
2086 995 2140 1049 in

564 1089 703 1146 libro
737 1093 800 1146 de
826 1092 1199 1147 ecclesiastico
1228 1091 1551 1160 principatu,
1583 1106 1704 1159 cap.
1729 1091 1762 1144 5
1787 1107 1800 1144 :
1841 1107 1861 1141 ‹
1889 1089 1996 1144 Pro
2022 1105 2142 1144 om-

567 1182 724 1237 nibus
767 1184 910 1237 enim
961 1184 1271 1238 thearchica
1317 1183 1616 1247 beatitudo,
1664 1183 1766 1237 etsi
1810 1182 2142 1252 benignitate

563 1271 746 1326 divina
792 1275 1040 1342 procedit
1087 1275 1150 1328 ad
1197 1273 1639 1344 participantium
1689 1271 1806 1340 ejus
1837 1273 2141 1326 divinorum

563 1366 1157 1421 communionemzsed
1209 1381 1317 1419 non
1373 1364 1504 1419 foris
1551 1365 1847 1420 secundum
1885 1365 2140 1420 substan-

564 1456 694 1510 tiam
731 1457 1021 1512 immobilis
1050 1458 1299 1513 stationis
1341 1468 1394 1512 et
1421 1457 1728 1512 stabilitatis
1756 1457 1834 1520 ﬁt.
1867 1477 1885 1510 ι
1925 1457 1992 1511 Ει
2016 1473 2142 1515 san-

563 1555 685 1602 ctus
737 1549 1038 1621 Cyprianus
1087 1550 1140 1603 in
1192 1551 1330 1604 libro
1382 1550 1448 1604 de
1510 1549 1768 1605 Oratione
1819 1549 2138 1604 Dominica:

568 1657 587 1689 ‹
616 1638 752 1707 Quid
777 1642 980 1706 docuit,
1011 1642 1207 1711 inquit,
1237 1642 1536 1696 unitatem?
1563 1643 1642 1696 sic
1662 1658 1820 1697 orare
1845 1658 2013 1697 unum
2042 1657 2142 1713 pro

567 1732 818 1787 omnibus
845 1733 1028 1798 voluit,
1060 1733 1332 1804 quomodo
1379 1733 1433 1787 in
1461 1749 1566 1788 uno
1598 1749 1787 1789 omnes
1816 1735 1930 1804 ipse
1957 1741 2142 1804 porta-

2245 547 2545 601 recursum,
2569 537 2740 606 gratia
2784 537 2904 603 Dei,
2934 539 3077 594 sicut
3116 555 3288 610 supra
3345 539 3556 594 dictum
3607 547 3706 605 est,
3733 556 3816 610 pro

2243 624 2494 679 omnibus
2545 628 2779 696 gustavit
2812 639 3060 694 mortem,
3119 639 3173 686 et
3223 631 3392 686 tertia
3440 631 3528 685 die
3555 646 3818 701 resurgens

2245 716 2564 785 exspoliavit
2617 719 2908 776 infernum.
2960 740 2979 773 ι
3038 721 3105 776 Ει
3157 721 3504 778 venerabilis
3562 721 3822 792 presbyter

2244 805 2405 869 Beda,
2436 810 2488 864 in
2527 813 2772 881 exposito
2817 813 3089 884 Evangelii
3119 814 3290 869 Marci
3321 833 3336 869 :
3367 835 3387 867 ι
3421 813 3585 870 Solus
3604 824 3718 870 orat
3737 831 3821 885 pro

2245 903 2515 968 omnibus,
2545 905 2684 960 sicut
2727 914 2780 962 et
2829 907 2973 962 solus
3015 909 3220 978 patitur
3269 923 3377 978 pro
3428 909 3733 962 universis:
3773 919 3820 964 et

2246 995 2514 1063 quomodo
2533 1012 2632 1066 pro
2660 997 2814 1053 nobis
2835 998 3176 1054 maledictum
3207 1000 3397 1054 crucis
3439 999 3616 1053 factus
3651 1008 3744 1064 est,
3773 1008 3819 1055 et

2246 1083 2561 1156 ﬁagellatus,
2583 1097 2636 1142 et
2660 1088 2970 1154 cruciﬁxus,
2997 1090 3076 1144 sic
3096 1105 3193 1159 pro
3217 1090 3476 1145 omnium
3497 1089 3668 1144 salute
3685 1091 3817 1158 quasi

2247 1180 2440 1235 noxius
2490 1182 2840 1253 cruciﬁgitur.
2873 1203 2891 1236 ι
2947 1183 3012 1237 Et
3064 1184 3117 1238 in
3171 1182 3426 1253 Epistola
3482 1182 3651 1253 prima
3693 1181 3816 1238 Petri

2249 1273 2385 1342 (cap.
2413 1273 2439 1327 1
2487 1275 2581 1327 sub
2607 1275 2808 1343 ﬁnem.)
2838 1293 2850 1328 :
2887 1294 2904 1326 ‹
2943 1273 3098 1330 Sicut
3137 1289 3271 1345 ergo
3303 1273 3717 1343 incorruptibile
3751 1282 3819 1328 est

2245 1367 2479 1436 pretium
2509 1366 2799 1429 Dominieae
2823 1367 3110 1437 passionis,
3144 1371 3254 1436 q'ua
3311 1365 3580 1434 redempti
3634 1380 3812 1430 sumus,

2248 1457 2323 1511 ita
2346 1458 2506 1512 etiam
2531 1459 2933 1530 incorruptibile
2951 1466 3033 1514 est
3055 1467 3471 1513 sacramentum
3497 1455 3658 1510 fontis
3677 1456 3815 1521 sacri,

2249 1565 2357 1620 quo
2384 1551 2752 1606 renascimur:
2786 1567 2906 1620 qua:
2955 1551 3029 1606 ita
3069 1550 3173 1605 sibi
3207 1549 3456 1603 invicem
3510 1556 3812 1602 connectun-

2251 1649 2357 1708 tur,
2383 1651 2442 1696 ut
2469 1651 2634 1696 unum
2661 1642 2816 1698 nobis
2843 1642 2959 1697 sine
2991 1641 3163 1696 altero
3189 1640 3434 1696 salutem
3467 1637 3711 1694 conferre
3733 1654 3812 1692 ne-

2251 1744 2432 1801 queat.
2464 1733 2598 1800 Quia
2628 1732 2884 1788 nimirum
2930 1733 3190 1788 Dominus
3220 1732 3302 1786 ita
3340 1746 3444 1786 nos
3476 1738 3708 1801 tempore
3742 1730 3811 1784 in-

568 1822 675 1876 vit.
706 1841 724 1875 ›
776 1823 842 1878 Et
883 1833 1102 1880 sanctus
1149 1825 1510 1896 Hieronymus
1559 1827 1613 1880 in
1661 1826 1800 1882 libro
1849 1843 1940 1881 XIV
1991 1826 2142 1882 isaiaa
2170 1818 2220 1880 B
2248 1829 2581 1884 carnationis
2612 1845 2742 1896 suae,
2772 1845 2927 1884 sacro
2948 1829 3214 1899 sanguine
3244 1827 3412 1884 simul
3459 1841 3644 1882 omnes
3681 1826 3812 1882 rede-

563 1913 879 1985 prophetaa:
913 1936 931 1967 ‹
961 1917 1211 1972 Christus
1239 1933 1363 1973 cum
1411 1918 1611 1989 iniquis
1647 1927 1928 1989 reputatus
1962 1919 2050 1984 sit,
2082 1927 2143 1974 ut

565 2006 780 2076 iniquos
803 2009 1095 2064 redimeret
1123 2025 1154 2064 a
1183 2018 1432 2081 peccato,
1468 2020 1522 2067 et
1556 2012 1809 2067 omnibus
1835 2013 2014 2067 omnia
2043 2012 2141 2068 ﬁe-

564 2109 668 2162 ret,
699 2109 758 2153 ut
788 2116 977 2156 omnes
1027 2101 1203 2158 salvos
1245 2103 1468 2158 faceret.
1501 2123 1519 2155 ι
1546 2103 1613 2157 Et
1635 2105 1762 2158 item
1809 2104 2144 2175 Augustinus

560 2189 616 2244 in
645 2189 785 2246 libro
828 2192 893 2246 de
916 2191 1271 2264 Correptione
1299 2202 1354 2248 et
1392 2193 1580 2250 Gratia
1617 2195 1756 2266 (cap.
1782 2198 1849 2252 16
1881 2199 1935 2252 in
1961 2199 2088 2268 fine)
2124 2216 2137 2252 :

564 2299 582 2333 ‹
613 2281 743 2349 Quis
768 2284 941 2356 magis
964 2284 1150 2340 dilexit
1175 2285 1440 2352 inﬁrmos,
1472 2302 1635 2356 quam
1676 2288 1766 2344 ille
1789 2289 1879 2358 qui
1902 2305 1999 2358 pro
2027 2305 2143 2344 om-

558 2375 719 2431 nibus
743 2386 826 2431 est
862 2376 1035 2433 factus
1062 2378 1329 2445 inﬁrmus,
1363 2389 1419 2434 et
1439 2394 1539 2450 pro
1556 2381 1806 2436 omnibus
1829 2397 1897 2436 ex
1921 2382 2034 2452 ipsa
2060 2391 2144 2438 est

560 2467 877 2523 inﬁrmitate
895 2469 1222 2525 cruciﬁxus?
1243 2490 1262 2524 ι
1283 2471 1351 2526 Et
1374 2473 1502 2526 item
1523 2471 1838 2530 Ambrosius
1861 2474 1914 2528 in
1937 2475 2143 2546 psalmo

562 2575 724 2615 cxvm
748 2580 760 2615 :
783 2579 802 2611 ‹
825 2561 889 2616 Et
919 2561 1009 2616 hic
1029 2563 1245 2632 quidem
1271 2563 1353 2618 sol
1368 2564 1609 2632 quotidie
1636 2580 1798 2635 super
1813 2580 2002 2621 omnes
2027 2567 2140 2620 ori-

558 2659 670 2703 tur.
715 2651 973 2723 Mysticus
1012 2662 1192 2710 autem
1224 2654 1304 2709 sol
1338 2654 1426 2709 ille
1460 2653 1683 2723 justitia:
1714 2658 1963 2712 omnibus
1993 2667 2143 2714 ortus

556 2752 659 2808 est,
687 2744 940 2800 omnibus
974 2744 1121 2800 venit
1146 2764 1158 2799 :
1181 2745 1433 2802 omnibus
1459 2763 1650 2817 passus
1675 2757 1778 2815 est,
1813 2758 1867 2803 et
1893 2750 2143 2806 omnibus

557 2835 874 2889 resurrexit.
903 2835 1028 2891 ldeo
1049 2846 1229 2892 autem
1261 2852 1455 2908 passus
1483 2849 1585 2905 est,
1629 2848 1689 2894 ut
1716 2839 1928 2896 tolleret
1953 2857 2145 2910 pecca-

559 2932 670 2979 tum
717 2927 922 2983 mundi.
969 2927 1026 2983 Si
1071 2930 1191 3000 quis
1232 2939 1411 2986 autem
1456 2946 1562 2986 non
1605 2933 1778 2987 credit
1812 2934 1864 2987 in
1905 2933 2143 3002 Christo,

559 3015 720 3087 223
751 3018 988 3085 generali
1017 3019 1280 3075 beneﬁcio
1302 3022 1418 3091 ipse
1445 3036 1502 3076 se
1526 3021 1815 3077 fraudavit.
1860 3022 1966 3079 Sed
1999 3026 2141 3094 quod

558 3105 690 3160 solis
717 3116 822 3174 est,
849 3111 1265 3181 prterogativam
1297 3127 1450 3166 suam
1480 3122 1660 3167 servat
1690 3131 1703 3168 :
1759 3115 1901 3184 quod
1944 3116 2142 3185 impru-

2246 1921 2365 1987 mit,
2399 1933 2456 1974 ut
2501 1936 2600 1976 nos
2644 1935 2858 1989 quoque
2887 1929 3073 1977 nostro
3113 1931 3368 1992 tempore
3395 1921 3601 1977 viritim
3627 1935 3716 1990 per
3740 1933 3810 1973 rc-

2247 2014 2647 2083 generationem
2676 2013 2928 2083 baptismi
2977 2013 3045 2068 ad
3087 2014 3439 2070 consortium
3489 2012 3715 2081 ejusdem
3743 2026 3812 2065 re-

2247 2105 2611 2175 generationis
2636 2105 2919 2172 pervenire
2939 2104 3261 2160 debeamus.
3293 2125 3312 2158 ι
3349 2105 3419 2160 Et
3445 2115 3658 2160 sanctus
3677 2102 3808 2156 Pros-

2245 2211 2343 2265 per
2371 2204 2560 2250 contra
2589 2193 2788 2262 Gallos,
2819 2196 3276 2266 recapitulatione
3302 2212 3444 2252 nona
3473 2214 3486 2250 :
3517 2216 3534 2248 ι
3564 2195 3660 2262 Qui
3702 2195 3810 2248 dicit

2247 2287 2387 2357 quod
2418 2303 2522 2341 non
2570 2302 2672 2356 pro
2720 2287 2885 2342 totius
2912 2289 3100 2342 mundi
3154 2289 3543 2360 redemptione
3593 2286 3808 2341 Salvator

2247 2381 2315 2434 sit
2341 2378 2655 2444 cruciﬁxus,
2701 2394 2809 2433 non
2834 2380 2901 2434 ad
2943 2381 3281 2435 sacramenti
3338 2381 3617 2443 virtutem,
3648 2377 3728 2433 sed
3753 2376 3805 2430 ad

2247 2469 2542 2524 inﬁdelium
2573 2469 2793 2539 respicit
2815 2477 3047 2540 partem,
3090 2485 3216 2525 cum
3245 2472 3472 2542 sanguis
3500 2470 3697 2524 Domini
3726 2484 3804 2523 no-

2247 2561 2497 2616 striJesu
2547 2561 2747 2616 Christi
2795 2562 3027 2631 pretium
3074 2563 3244 2618 totius
3291 2562 3368 2617 sit
3397 2562 3618 2616 mundi:
3653 2577 3680 2614 a
3716 2575 3801 2630 quo

2245 2653 2418 2723 pretio
2466 2653 2712 2707 extranei
2763 2660 2907 2720 sunt,
2953 2652 3045 2723 qui
3091 2661 3186 2708 aut
3230 2652 3492 2710 delectati
3536 2652 3804 2722 captivitate

2248 2745 2439 2799 redimi
2465 2745 2777 2811 noluerunt,
2807 2753 2900 2800 aut
2949 2752 3073 2816 post
3113 2745 3551 2816 redemptionem
3583 2745 3645 2798 ad
3681 2757 3801 2798 eam-

2248 2841 2367 2894 dem
2425 2847 2552 2894 sunt
2595 2838 2911 2893 servitutem
2964 2839 3192 2894 reversi.
3253 2859 3272 2891 ι
3333 2838 3402 2894 Et
3467 2845 3646 2894 contra
3697 2834 3801 2889 Vin-

2248 2929 2544 2992 centianos,
2594 2928 2806 2982 actione
2855 2928 3069 2997 prima:
3125 2947 3143 2980 ‹
3189 2929 3334 2984 Cum
3393 2928 3574 2997 itaque
3619 2932 3800 2996 prapter

2249 3020 2412 3093 224
2461 3036 2622 3076 unam
2675 3021 2916 3076 omnium
2963 3029 3244 3088 naturam,
3293 3029 3350 3077 et
3396 3034 3556 3075 unam
3597 3016 3797 3072 omnium

2250 3128 2466 3167 causam
2517 3127 2547 3166 a
2598 3111 2825 3168 Domino
2881 3121 3068 3166 nostro
3127 3112 3182 3166 in
3243 3111 3478 3167 veritate
3511 3114 3794 3176 susceptam,

557 3197 734 3254 dentis
759 3205 1196 3268 est,.eommunis
1243 3221 1273 3260 a
1304 3221 1363 3261 se
1395 3207 1625 3277 gratiam
1667 3183 1802 3263 lucis
1828 3209 2082 3265 excludit.
2115 3231 2134 3264 ›
2170 3183 2215 3246 C
2249 3214 2393 3260 recte
2423 3221 2611 3260 omnes
2637 3205 2888 3260 dicantur
2917 3204 3202 3275 redempti,
3235 3213 3295 3260 et
3321 3214 3501 3259 tamen
3525 3217 3624 3256 non
3643 3210 3796 3253 omnes

559 3286 630 3343 Et
677 3300 897 3346 sanctus
944 3293 1175 3349 Basilius
1227 3281 1615 3366 Cappadocus:
1670 3298 1723 3352 in
1755 3314 2028 3378 .sermone
2074 3301 2141 3356 de

556 3382 767 3450 psalmo
789 3385 1237 3456 quinquagesimo
1277 3377 1422 3444 nono
1449 3408 1461 3443 :
1498 3408 1516 3441 ε
1547 3377 1764 3462 Moyses
1782 3393 1997 3462 quidem
2025 3411 2145 3450 san-

558 3474 720 3541 guine
744 3477 864 3545 agni
889 3476 1212 3534 lsraeliticos
1244 3490 1428 3550 postes
1452 3483 1872 3553 obsignaverat:
1907 3494 1965 3540 tu
2012 3503 2142 3544 vero

556 3565 746 3619 dedisti
797 3568 952 3624 nobis
979 3571 1214 3640 signum,
1266 3574 1443 3642 ipsum
1493 3578 1811 3647 sanguinem
1863 3581 1982 3634 veri
2015 3581 2140 3650 agni

559 3655 918 3722 immaculati,
947 3661 1039 3729 qui
1069 3662 1280 3719 oblatus
1308 3675 1392 3720 est
1415 3667 1632 3722 victima
1657 3685 1755 3738 pro
1777 3671 1940 3726 totius
1957 3673 2143 3726 mundi

557 3747 747 3802 salute.
782 3770 800 3801 ι
836 3751 902 3804 Ει
931 3753 1057 3806 item
1099 3763 1316 3811 sanctus
1363 3758 1490 3824 Leo,
1532 3761 1586 3814 in
1629 3762 1851 3831 epistola
1881 3765 1946 3818 ad
1981 3763 2144 3820 Juve-

561 3839 735 3892 nalem
776 3842 1154 3912 episcoporum
1203 3845 1747 3921 Hierosolymitanum
1801 3854 1970 3924 (epist.
2016 3855 2138 3926 72):

564 3949 582 3982 ε
620 3931 814 3988 Veram
852 3936 1014 4004 igitur
1048 3937 1248 3993 Christi
1277 3943 1671 4010 generationem
1698 3959 1829 3999 crux
1858 3961 1984 4000 vera
2015 3962 2144 4004 con-

567 4021 766 4078 ﬁrmat.
799 4045 816 4077 ι
851 4026 917 4080 Ει
943 4037 1064 4098 post
1094 4045 1300 4099 pauca:
1340 4050 1360 4083 α
1398 4033 1469 4088 Ut
1515 4044 1693 4089 autem
1720 4046 1994 4107 repararet
2019 4055 2138 4092 om-

559 4117 707 4171 nium
731 4120 918 4187 vitam,
951 4125 1153 4193 recepit
1177 4126 1416 4180 omnium
1441 4143 1682 4192 causam,
1713 4139 1769 4184 et
1792 4131 1899 4185 vim
1941 4133 2140 4189 veteris

562 4208 926 4282 chirographi,
957 4217 1099 4284 quod
1127 4216 1270 4271 solus
1301 4218 1442 4274 inter
1465 4235 1652 4274 omnes
1674 4238 1780 4276 non
1811 4223 2010 4290 debuit,
2042 4241 2141 4295 pro

561 4300 811 4356 omnibus
845 4303 1101 4358 solvendo
1131 4308 1380 4361 vacuavit
1406 4327 1419 4361 :
1459 4318 1518 4362 ut
1548 4310 1686 4364 sicut
1718 4326 1817 4380 per
1841 4313 1999 4368 unius
2024 4329 2144 4369 rea-

563 4397 673 4445 tum
698 4407 886 4448 omnes
911 4393 1034 4448 facti
1085 4397 1298 4451 fuerant
1340 4408 1670 4468 peccatores,
1723 4403 1795 4456 ita
1845 4419 1942 4473 per
1985 4405 2141 4459 unius

553 4483 914 4540 innocentiam
941 4503 1128 4543 omnes
1155 4490 1345 4544 ﬁerent
1373 4491 1704 4549 innocentes.
1729 4495 1854 4551 lude
1877 4497 1929 4551 in
1952 4511 2140 4553 omnes

554 4584 809 4630 manante
834 4577 1065 4646 justitia,
1094 4579 1182 4634 ubi
1212 4590 1295 4635 est
1322 4583 1556 4638 humana
1593 4595 1842 4657 suscepta
1873 4597 2084 4641 natura.
2115 4607 2133 4641 ι

553 4666 620 4720 Ει
674 4676 893 4722 sanctus
951 4667 1243 4739 Gregorius
1297 4673 1351 4727 in
1404 4673 1540 4730 libro
1597 4675 1876 4731 Moralium
1931 4677 2141 4733 decimo

555 4766 748 4825 quarto
778 4758 914 4828 (cap.
940 4758 1062 4831 22):
1100 4779 1120 4812 ‹
1147 4761 1308 4816 Stulti
1330 4781 1532 4836 quoque
1555 4767 1904 4835 despiciebant
1927 4785 2028 4821 me.
2058 4767 2137 4821 Ac

554 4847 599 4901 si
621 4857 808 4916 aperte
832 4850 1104 4906 diceretur
1128 4871 1139 4907 :
1166 4852 1271 4923 Ipsi
1300 4871 1385 4910 me
1416 4858 1578 4912 etiam
1607 4857 1989 4927 despexerunt,
2037 4876 2136 4931 pro

551 4939 746 5006 quibus
793 4943 1045 4998 sanandis
1079 4944 1362 4999 stultitiam
1407 4949 1804 5018 praedicationis
1847 4941 2133 5021 assumpsi,

551 5030 603 5084 id
628 5039 730 5096 est,
760 5042 818 5086 ut
842 5049 940 5104 per
979 5050 1196 5090 carnem
1223 5037 1384 5092 Verbi
1413 5049 1736 5095 sanarentur
1760 5059 1775 5093 :
1804 5050 1859 5096 et
1903 5044 1970 5096 ab
2003 5044 2132 5113 ipsis

552 5127 836 5197 despectus
865 5147 1005 5195 sum,
1037 5147 1135 5202 pro
1177 5133 1372 5204 quibus
1426 5135 1618 5190 stultus
1651 5138 1901 5192 :estimari
1930 5139 2134 5194 veritus

550 5235 657 5274 non
696 5237 835 5276 sum.
867 5241 885 5274 ›
941 5222 1006 5276 Et
1055 5224 1106 5278 in
1144 5224 1284 5280 libro
1333 5225 1606 5281 tricesimo
1651 5229 1845 5297 quinto.
1871 5231 2009 5299 (cap.
2032 5230 2129 5300 9):

567 5326 586 5360 ι
621 5308 1001 5368 Consolantem
1025 5315 1221 5384 quippe
1247 5315 1298 5369 in
1323 5317 1572 5385 passione
1608 5319 1865 5374 Dominus
1912 5321 2134 5374 minime

554 5398 761 5456 invenit
814 5405 903 5473 qui
935 5422 1000 5459 ex
1049 5408 1299 5475 despectu
1343 5409 1534 5463 mortis
1573 5410 1735 5462 etiam
1766 5411 1908 5480 ipsos
1955 5414 2136 5467 hostes

558 5493 799 5563 pertulit,
835 5511 929 5563 pro
975 5497 1166 5563 quibus
1203 5498 1266 5550 ad
1297 5508 1524 5552 mortem
1575 5500 1738 5553 venit.
1771 5522 1788 5551 ι
1825 5502 1890 5554 Ει
1920 5513 2137 5556 sam-tus

551 5579 788 5652 Cyrillus
812 5587 876 5637 avl
910 5585 1213 5641 Nestorium
1245 5591 1411 5657 (epist.
1437 5589 1490 5660 ὅ)
1517 5608 1528 5643 :
1563 5609 1578 5640 ι
1611 5589 1744 5643 Nam
1787 5600 1844 5644 ut
1887 5603 2136 5657 Iunrtem,

551 5670 749 5741 inquit,
777 5673 1030 5730 ineffabili
1082 5680 1319 5746 potentia
1351 5680 1707 5747 proculcaret,
1737 5691 1790 5734 et
1839 5698 1932 5735 sua
1973 5698 2139 5736 carne

549 5767 941 5838 primogenitus
967 5785 1030 5825 ex
1063 5770 1292 5827 mortuis
1312 5773 1485 5837 ﬁeret,
1516 5780 1568 5828 et
1592 5773 1845 5842 primitiae
1871 5772 2142 5829 dormien-

2165 4540 2218 4600 D

2247 3312 2277 3351 a
2327 3297 2637 3366 captivitate
2688 3298 2797 3351 sint
2857 3298 3045 3362 eruti,
3099 3296 3496 3366 redemptionis
3537 3290 3793 3364 proprietas

2245 3391 2388 3446 haud
2419 3390 2579 3445 dubie
2607 3405 2770 3460 penes
2799 3387 2917 3444 illos
2943 3399 3049 3455 est,
3071 3389 3136 3444 de
3160 3391 3366 3458 quibus
3383 3389 3624 3458 princeps
3645 3377 3793 3437 mundi

2246 3482 2444 3536 missus
2480 3489 2563 3536 est
2591 3479 2758 3546 foras,
2785 3489 2838 3535 et
2856 3479 2968 3548 jam
3001 3496 3104 3535 non
3130 3495 3262 3536 vasa
3301 3480 3518 3544 diaboli,
3549 3475 3634 3532 sed
3657 3486 3792 3528 mem-

2246 3574 2342 3628 bra
2373 3582 2498 3628 sunt
2527 3573 2750 3628 Christi.
2809 3572 2976 3643 Cujus
3013 3588 3160 3627 mors
3212 3589 3324 3630 non
3381 3575 3454 3628 ita
3483 3573 3702 3641 impensa
3727 3570 3791 3618 est

2247 3667 2486 3721 humano
2512 3667 2718 3738 generi,
2744 3674 2804 3720 ut
2831 3666 2898 3720 ad
2950 3666 3382 3736 redemptionem
3413 3666 3526 3738 ejus
3551 3662 3696 3718 etiam
3717 3654 3790 3727 qui

2246 3759 2602 3829 regenerandi
2633 3773 2740 3813 non
2761 3767 2914 3813 erant
2940 3759 3317 3828 pertinerent:
3345 3759 3439 3814 sed
3467 3758 3557 3821 ita,
3600 3761 3653 3808 ut
3677 3744 3790 3818 quod

2245 3864 2343 3918 per
2389 3849 2605 3903 unicum
2663 3848 2970 3916 exemplum
3019 3855 3234 3918 gestum
3287 3857 3374 3904 est
3417 3860 3514 3917 pro
3541 3836 3788 3898 universis.

2244 3951 2343 4008 per
2366 3938 2640 4009 singulare
2671 3946 3068 3994 sacramentum
3105 3939 3476 3996 celebraretur
3505 3936 3556 3990 in
3581 3926 3784 3999 singuliS-

2245 4029 2505 4085 Poculum
2534 4030 2730 4099 quippe
2758 4029 3200 4094 immortalitatis,
3234 4030 3380 4100 quod
3406 4025 3686 4082 confectum
3722 4020 3787 4068 est

2249 4121 2314 4175 de
2340 4119 2655 4175 inﬁrmitate
2687 4129 2873 4174 nostra
2924 4128 2980 4174 et
3031 4119 3233 4174 virtute
3287 4119 3486 4180 divina,
3518 4113 3665 4168 habet
3687 4103 3784 4175 qui'

2248 4213 2368 4269 dem
2399 4214 2452 4268 in
2481 4229 2539 4268 se
2566 4223 2626 4266 ut
2674 4213 2926 4268 omnibus
2973 4205 3184 4282 prosit';
3219 4213 3316 4269 sed
3363 4213 3406 4267 si
3455 4225 3554 4264 non
3601 4201 3782 4260 bibitur,

2247 4319 2354 4360 non
2394 4305 2660 4360 medetur.
2695 4324 2714 4356 ›
2763 4304 2843 4358 Ex
2898 4304 2982 4359 his
3037 4305 3218 4360 verbis
3251 4302 3421 4360 sancti
3473 4291 3718 4365 Prosperi,
3741 4292 3785 4340 et

2247 4397 2680 4466 supradictorum
2733 4396 3123 4451 catholicorum
3184 4397 3479 4460 sensibus,
3532 4393 3626 4446 hoc
3670 4379 3784 4437 unde

2247 4487 2384 4542 ratio
2411 4488 2590 4557 agitur
2617 4486 2909 4556 capitulum
2962 4496 3214 4557 quartum
3250 4485 3641 4556 excerpsimus:
3671 4473 3782 4528 sicut

2249 4580 2474 4650 quilibet
2526 4579 2714 4644 lector,
2767 4579 2853 4634 cui
2905 4579 3020 4636 haec
3053 4579 3304 4636 conferre
3353 4573 3623 4649 placuerit,
3653 4561 3780 4620 facile

2249 4671 2488 4726 invenire
2513 4669 2731 4725 valebit.
2767 4669 2897 4738 Quae
2921 4686 3149 4726 numero
3169 4686 3362 4741 pauca,
3392 4669 3579 4722 virtute
3605 4669 3777 4731 praeva-

2245 4761 2376 4827 lida,
2401 4762 2467 4816 ad
2491 4760 2959 4816 demonstrandam
2989 4763 3149 4817 unius
3183 4757 3482 4831 Evangelici
3511 4763 3561 4809 et
3587 4751 3776 4846 duorum

2247 4869 2312 4908 ex
2347 4853 2604 4922 Apostolo
2655 4852 3087 4908 testimoniorum
3143 4852 3565 4926 explanationem
3595 4844 3772 4897 interim

2245 4945 2488 5015 posuisse
2515 4942 2762 5009 sufﬁciat,
2799 4944 2970 4999 donec
3002 4944 3156 5014 plura
3205 4960 3306 4999 nec
3344 4943 3514 4998 minus
3541 4932 3680 4990 fortia
3701 4939 3772 4980 οι·-

2241 5039 2601 5096 thodoxorum
2633 5039 2760 5094 huic
2800 5039 3036 5108 capitulo
3080 5038 3384 5094 testimonia
3412 5029 3766 5100 subjungamus.

2807 5147 3038 5205 CAPUT
3054 5146 3251 5203 XXIX.

2241 5243 2396 5298 Ratio
2420 5243 2658 5298 redditur
2684 5241 2748 5296 de
2774 5241 2976 5295 duobus
3022 5257 3159 5312 quaz,
3193 5237 3484 5312 necessitate
3532 5215 3764 5312 contriti/ib

2313 5317 2368 5368 in
2395 5317 2490 5368 hoc
2516 5323 2704 5384 quarto
2748 5312 2978 5383 capitulo
3025 5299 3190 5367 uerbis
3221 5310 3354 5366 beati
3387 5299 3613 5372 Prosperi
3651 5299 3764 5345 itm-

2315 5402 2534 5439 ruimus.

2316 5495 2430 5549 Duo
2463 5503 2642 5550 autem
2673 5506 2962 5566 suntquae,
2994 5495 3168 5550 coacti
3216 5489 3544 5550 necessitate,
3577 5477 3760 5541 expres-

2246 5590 2359 5644 sius
2382 5590 2634 5652 diximus,
2663 5589 2728 5642 de
2749 5590 2944 5658 quibus
2976 5589 3200 5644 reddere
3247 5585 3498 5641 rationem

2245 5681 2483 5748 Quorum
2517 5697 2680 5735 unum
2711 5690 2831 5735 est:
2858 5677 3214 5734 Sirut'nullus
3251 5681 3395 5731 homo
3421 5676 3506 5728 est,
3551 5657 3656 5748 [θίξιν

2248 5741 2367 5842 Em,
2395 5774 2548 5844 cujus
2594 5783 2786 5828 natura
2833 5774 2888 5827 in
2934 5771 3027 5826 illo
3058 5779 3323 5842 assumpta
3369 5776 3463 5818 non
3501 5741 3754 5824 fuerat!“
