3992 6336
88 368 192 428 289

836 365 926 423 ns
958 359 1625 421 PREDESTINATIONE
1662 360 2120 420 DISSERTATIO
2155 346 2565 422 POSTERIOR.

3228 364 3335 423 290

93 484 261 542 nullus
288 490 388 548 est,
413 480 535 551 fuit,
567 477 644 533 rei
670 478 766 532 erit
796 481 971 538 homo,
1000 492 1094 544 pro
1137 491 1238 545 quo
1276 488 1459 542 passus
1508 470 1658 524 Chri-
1684 473 1731 532 Α
1760 481 1960 539 posset,
1989 488 2093 541 qua
2121 474 2358 531 humano
2398 478 2578 545 generi
2624 478 3004 547 propitiaretnr
3028 478 3189 539 Deus,
3227 478 3334 533 nisi

97 588 199 632 stus
225 592 328 630 non
360 574 543 642 fuerit,
589 571 704 625 licet
754 586 859 624 non
908 584 1084 627 carnes
1118 565 1375 637 passionis
1403 563 1515 633 ejus
1544 579 1659 632 my-

94 669 242 724 sterio
293 665 638 720 redimantur.
703 662 838 718 Cum
897 659 1351 716 sutllcientissime
1400 654 1508 711 dici
1558 670 1662 725 po-

96 760 247 815 tuerit
273 754 416 828 quad
447 755 679 824 Prosper
729 752 867 808 dixit
912 761 1098 807 contra
1136 749 1317 806 Gallos
1365 748 1419 802 in
1448 746 1661 829 actione

98 857 158 912 9:
193 873 213 907 ο
241 853 455 919 Nullus,
488 851 763 921 inquiens,
812 849 1035 903 omnino
1061 853 1145 903 est
1169 861 1236 901 ex
1278 843 1530 899 omnibus
1562 842 1661 896 ho-

99 945 340 1010 minibus,
384 941 541 1011 cujus
595 948 786 995 natura
836 939 889 993 in
926 937 1157 995 Christo
1201 934 1431 991 Domino
1474 941 1661 988 nostro

101 1042 329 1103 suspecta
358 1046 466 1088 non
490 1029 670 1086 fuerit.
703 1047 721 1081 ι
754 1028 821 1083 Ει
847 1027 974 1082 item
998 1025 1063 1081 ad
1091 1024 1305 1079 locum:
1337 1041 1357 1074 ι
1392 1021 1524 1077 Cum
1559 1023 1662 1076 ita-

103 1140 195 1197 que
240 1123 541 1179 rectissime
598 1120 810 1175 dicatur
858 1106 1105 1172 Salvator
1142 1130 1240 1185 pro
1276 1113 1442 1169 totius
1475 1112 1658 1166 mundi

106 1214 453 1285 redemptione
476 1209 789 1273 cruciﬁxus,
825 1216 1047 1278 pr0pter
1077 1220 1262 1261 veram
1291 1205 1538 1259 humanae
1568 1219 1663 1256 na-

107 1318 225 1363 tum
247 1306 667 1377 susceptionem,
695 1312 751 1357 et
777 1309 996 1371 propter
1035 1312 1376 1355 communem
1402 1296 1455 1349 in
1485 1295 1661 1365 primo

108 1396 302 1452 homine
346 1394 589 1450 omnium
634 1391 1014 1462 perditionem.
1046 1407 1065 1440 ι
1094 1387 1164 1442 Et
1204 1394 1392 1441 contra
1428 1385 1661 1440 Vincen-

112 1493 267 1547 tianos
306 1490 466 1561 (resp.
511 1489 608 1561 l):
645 1506 665 1540 ε
707 1486 842 1544 Cum
876 1495 1059 1556 Itaque
1085 1494 1304 1557 propter
1339 1497 1501 1538 unam
1546 1495 1666 1535 om-

111 1584 237 1639 nium
258 1589 525 1645 naturam,
558 1589 614 1634 et
643 1594 804 1633 unam
834 1578 1071 1633 omnium
1102 1591 1342 1641 causam,
1372 1589 1402 1628 a
1433 1572 1663 1628 Domino

117 1687 278 1730 nostro
299 1674 353 1727 in
376 1671 610 1728 veritate
639 1678 969 1739 susceptam,
1022 1676 1168 1722 recte
1198 1679 1387 1721 omnes
1414 1663 1664 1719 dicantur

116 1763 362 1834 redempti,
419 1769 476 1818 et
530 1770 709 1816 tamen
759 1774 867 1814 non
911 1773 1100 1814 omnes
1146 1773 1178 1811 a
1219 1755 1527 1826 captivitate
1554 1754 1666 1808 sint

1763 564 2000 618 Omnium
2054 580 2214 621 causa
2272 570 2532 622 mediator
2575 569 2669 623 Dei
2718 579 2774 623 et
2812 570 3086 623 hominum
3113 584 3336 625 carnem

1763 655 2093 723 susciperet?
2139 676 2158 707 ι
2210 657 2276 711 Ει
2308 659 2431 713 item
2464 677 2477 714 :
2514 681 2533 712 ι
2568 660 2639 716 Ut
2668 671 2845 714 autem
2896 674 3172 731 repararet
3214 678 3334 717 om-

1761 745 1912 801 nium
1961 748 2146 813 vitam,
2192 751 2394 820 recepit
2436 756 2677 805 Omnium
2730 768 2970 807 causam.
3010 752 3077 807 Et
3123 763 3340 810 sanctus

1764 837 1999 893 Hilarius
2037 840 2092 894 in
2133 839 2272 896 libro
2299 843 2535 897 secundo
2565 843 2631 897 de
2658 841 2810 909 Fide,
2848 843 3078 898 lininani
3123 845 3338 915 generis

1762 943 1925 984 causa
1954 928 2049 984 Dei
2078 928 2244 985 Filius
2266 938 2425 987 natus
2453 946 2517 985 ex
2546 931 2763 1003 Virgine
2791 942 2875 988 est
2901 945 2955 988 et
2983 935 3185 1004 Spiritu
3214 949 3338 989 san-

1762 1026 1873 1085 cto,
1902 1019 2018 1089 ipso
2045 1020 2146 1076 sibi
2187 1021 2241 1075 in
2292 1022 2396 1076 hac
2449 1023 2761 1092 operatione
2813 1022 3128 1089 famulante,
3160 1033 3214 1080 et
3242 1039 3338 1080 sua

1764 1109 1858 1165 Dei
1887 1112 2137 1168 videlicet
2160 1111 2502 1169 inumbrante
2526 1115 2747 1179 virtute,
2782 1116 3025 1185 corporis
3055 1116 3155 1171 sibi
3185 1117 3339 1172 initia

1764 1202 2028 1267 consevit,
2058 1211 2112 1257 et
2137 1203 2358 1258 exordia
2384 1205 2566 1259 carnis
2593 1204 2843 1271 instituit,
2878 1214 2936 1261 ut
2970 1206 3132 1261 hdmo
3167 1205 3342 1262 factus

1764 1308 1830 1348 ex
1860 1292 2080 1365 Virgine
2107 1303 2354 1349 naturam
2387 1296 2567 1350 carnis
2598 1296 2652 1350 in
2692 1312 2752 1352 se
2796 1298 3088 1368 acciperet,
3137 1312 3342 1369 perque

1763 1384 1923 1454 hujus
1987 1385 2321 1441 admistionis
2378 1386 2690 1442 societatem
2738 1386 3132 1442 sanctiﬁcatum
3181 1386 3234 1440 in
3278 1400 3345 1442 eo

1763 1475 2002 1531 universi
2026 1476 2240 1546 generis
2264 1476 2486 1532 humani
2524 1491 2721 1548 corpus
2759 1477 3039 1532 existeret.
3073 1494 3092 1529 ι
3128 1476 3196 1530 Et
3222 1491 3347 1530 san-

1764 1574 1886 1621 ctus
1930 1566 2247 1622 Ambrosius
2317 1567 2369 1622 in
2421 1566 2559 1622 libro
2610 1567 2678 1622 de
2734 1566 2992 1623 Paradiso
3017 1565 3157 1639 (cap.
3211 1566 3342 1638 l0):

1772 1674 1791 1707 ι
1838 1655 1998 1712 Salva
2028 1666 2220 1722 tamen,
2248 1657 2443 1727 inquit,
2471 1658 2569 1712 erit
2596 1674 2688 1727 per
2707 1657 2938 1726 filiorum
2959 1659 3348 1728 generationem
3422 1682 3425 1687 ί

1767 1745 1820 1819 (Ι
1853 1745 1987 1801 Tim.
2018 1748 2103 1817 ιι),
2132 1747 2275 1803 inter
2317 1762 2453 1817 quos
2495 1748 2774 1819 generavit
2818 1755 2873 1802 et
2915 1746 3209 1803 Christum.
3236 1746 3348 1802 Nec

117 1856 248 1911 eruti.
277 1874 296 1907 ι
343 1853 413 1933 Et
457 1868 579 1924 qua:
634 1850 929 1907 necessitas
986 1847 1146 1904 fuerit
1203 1847 1657 1902 demonstranius.
1690 1834 1740 1896 B
1770 1838 1897 1893 illud
1936 1839 2132 1906 otiose,
2159 1840 2299 1909 quod
2330 1855 2435 1895 non
2468 1840 2532 1894 de
2564 1840 2755 1895 eadem
2800 1847 2968 1903 terra,
2993 1836 3062 1894 de
3086 1852 3193 1909 qua
3236 1837 3352 1908 pla-

114 1943 486 2007 Gothescalcus,
516 1950 575 1997 ut
595 1940 974 2013 praemisimus,
1005 1937 1058 1991 in
1082 1936 1265 1992 libello
1289 1935 1356 1990 ad
1380 1934 1659 1988 Rabanum

110 2015 549 2107 archiepiscopum
597 2030 854 2102 scripsit:
885 2047 904 2082 ι
950 2029 1157 2084 Rursus
1184 2026 1305 2082 illos
1340 2038 1531 2082 omnes
1561 2024 1664 2078 im-

108 2131 213 2201 pios
236 2139 288 2186 et
320 2136 655 2201 peccatores,
705 2140 803 2197 pro
845 2124 1043 2195 quibus
1072 2122 1213 2178 idem
1245 2119 1416 2175 Filius
1440 2118 1535 2173 Dei
1562 2131 1663 2172 nec

109 2235 285 2289 corpus
326 2217 642 2286 assumpsit,
678 2230 780 2270 nec
823 2213 1147 2276 orationem,
1198 2226 1267 2266 ne
1297 2210 1417 2264 dico
1447 2206 1665 2293 sangui-

109 2326 241 2373 nem,
262 2309 414 2374 fudit,
444 2321 619 2378 neque
638 2322 737 2377 pro
761 2305 843 2360 eis
868 2304 975 2359 ullo
997 2303 1155 2357 modo
1185 2299 1473 2356 cruciﬁxus
1494 2298 1611 2353 fuit.
1639 2317 1658 2350 ι

111 2399 176 2454 Et
195 2409 303 2468 post
328 2398 431 2454 hoc
451 2398 712 2466 scriptum
741 2395 1058 2466 capitulum,
1086 2394 1306 2463 quidam
1337 2391 1575 2447 rusticus
1598 2390 1664 2445 de

114 2492 235 2547 Lllius
256 2492 437 2549 schola
470 2490 709 2546 libellum
751 2498 941 2545 contra
992 2488 1108 2543 haec
1138 2486 1377 2558 capitula
1422 2483 1660 2555 scripsit,

115 2582 249 2654 225
301 2582 388 2638 cui
443 2584 546 2638 ista
602 2582 869 2637 inseruit:
917 2578 1051 2635 Nam
1112 2579 1156 2634 si
1191 2578 1479 2648 diligenter
1530 2591 1664 2632 con-

116 2678 369 2743 sideretur,
424 2675 700 2731 nescimus
742 2676 788 2730 si
830 2674 994 2729 etiam
1046 2674 1112 2729 de
1148 2671 1390 2743 quolibet
1445 2668 1664 2725 homine

116 2768 201 2822 dici
226 2768 412 2838 possit,
447 2776 508 2822 ut
533 2767 775 2823 omnium
798 2766 1077 2821 hominum
1105 2773 1357 2820 naturam
1386 2762 1664 2819 nascendo

118 2855 461 2928 assumpserit.
484 2855 615 2924 Quae
635 2871 667 2910 a
685 2856 1005 2926 quibusdam
1027 2855 1094 2911 de
1118 2852 1457 2912 Gothescalci
1480 2850 1662 2907 schola

121 2948 303 3019 dyseola
327 2950 436 3005 dici
472 2949 795 3004 audivimus.
825 2947 952 3003 Ideo
987 2946 1114 3002 licet
1143 2962 1249 3001 non
1293 2944 1663 3000 discordantes

122 3051 145 3089 a
161 3040 323 3094 verbis
348 3039 622 3108 Prosperi,
649 3048 705 3094 et
740 3052 901 3094 sensu
931 3036 1196 3094 catholico
1217 3035 1661 3098 orthodoxorum,

124 3129 402 3197 expressius
450 3128 553 3183 ista
597 3127 1035 3198 conscripsimus.
1065 3122 1220 3181 Unde
1253 3134 1310 3180 et
1338 3124 1403 3179 de
1430 3138 1660 3193 quorum

1765 1941 1973 1988 smatus
1995 1942 2079 1988 est
2105 1932 2301 1998 Adam,
2326 1933 2419 1988 sed
2442 1933 2508 1987 de
2539 1933 2706 2003 ipsius
2732 1932 2862 1988 Adae
2904 1941 3054 1988 costa
3102 1930 3246 1987 facta
3277 1931 3352 1987 sit

1766 2023 1960 2079 mulier
1992 2042 2005 2078 :
2033 2032 2093 2078 ut
2119 2024 2385 2079 sciremus
2413 2041 2573 2079 unam
2605 2026 2658 2080 in
2690 2025 2807 2081 viro
2827 2033 2884 2081 et
2910 2025 3137 2080 muliere
3163 2038 3354 2095 corpo-

1767 2117 1842 2172 ris
1868 2131 1989 2171 esse
2017 2124 2291 2182 naturam,
2322 2131 2489 2170 unum
2538 2115 2740 2172 fontem
2788 2116 3004 2187 generis
3042 2114 3284 2173 humani.
3324 2132 3344 2167 ο

1767 2209 1835 2263 Et
1858 2209 1913 2263 in
1936 2208 2136 2280 hymno
2183 2206 2549 2264 ecclesiastica
2580 2207 2969 2264 consuetudine
3010 2204 3353 2277 frequentata

1766 2304 1897 2359 dicit
1920 2304 1986 2358 ad
2012 2302 2288 2360 Christum
2330 2320 2343 2356 :
2386 2302 2463 2357 Tu
2494 2301 2669 2357 Patris
2709 2303 3052 2373 sempiternus
3076 2318 3129 2355 es
3152 2298 3347 2355 Filius.

1769 2394 1848 2450 Tu
1878 2396 1947 2451 ad
1978 2395 2305 2451 liberandum
2344 2404 2680 2464 suscepturus
2711 2394 2992 2459 hominem,
3017 2409 3120 2447 non
3141 2391 3353 2446 horrui-

1766 2490 1834 2545 sti
1865 2488 2095 2560 Virginis
2130 2500 2356 2544 uterum.
2407 2488 2509 2555 Tu,
2539 2490 2738 2544 devicto
2777 2489 2959 2543 mortis
3006 2486 3208 2552 aculeo,
3236 2501 3355 2557 ape-

1766 2580 1918 2635 ruisti
1952 2581 2277 2636 credentibus
2323 2597 2483 2652 regna
2534 2580 2803 2635 cistarum.
2832 2579 2900 2634 Et
2947 2574 3217 2649 quomodo
3260 2576 3349 2631 in-

1768 2669 1932 2740 telligi
1962 2670 2157 2725 debeat
2188 2670 2353 2742 226
2387 2671 2530 2739 quod
2568 2678 2788 2726 sanctus
2813 2668 2951 2724 dixit
2977 2666 3300 2723 Ambrosius
3330 2682 3346 2721 :

1768 2760 1850 2816 Tu
1872 2762 1940 2815 ad
1970 2760 2308 2816 liberandum
2340 2769 2692 2832 suscepturus
2721 2760 2995 2816 hominem
3029 2776 3043 2814 :
3075 2758 3203 2829 quia
3231 2765 3351 2813 uta

1769 2852 2066 2924 majoribus
2111 2853 2314 2908 nostris
2353 2852 2675 2917 audivimus,
2726 2861 2968 2922 tempore
3008 2849 3351 2922 baptismatis

1768 2945 1942 3001 sancti
1980 2944 2267 3017 Augustini
2312 2947 2457 3001 hunc
2502 2947 2759 3019 hymnum
2805 2946 2996 3001 beatus
3032 2943 3352 2999 Ambrosius

1767 3033 1917 3100 fecit,
1949 3044 2004 3091 et
2031 3034 2173 3090 idem
2212 3036 2543 3109 Augustinus
2566 3052 2687 3091 cum
2715 3052 2780 3092 eo
2804 3034 3057 3103 coniecit,
3088 3036 3143 3091 in
3178 3035 3357 3106 capite

1768 3126 1890 3181 libri
1917 3127 1983 3181 de
2012 3126 2160 3182 Bono
2185 3126 2422 3198 coniugii
2473 3132 2694 3198 exponit
2736 3127 2923 3183 dicens
2951 3142 2968 3182 :
3002 3144 3021 3179 σ
3055 3124 3350 3194 Quoniam,

129 3219 336 3276 doctrina
383 3220 517 3276 illud
548 3220 958 3290 assumpsimus,
991 3218 1259 3274 rationem
1299 3217 1505 3272 devotis
1540 3215 1662 3287 qui-
1689 3198 1735 3261 Ο
1768 3219 1967 3291 inquit,
1999 3220 2372 3291 unusquisque
2399 3222 2561 3275 homo
2592 3220 2812 3275 humani
2845 3218 3061 3291 generis
3087 3233 3214 3289 pars
3251 3224 3353 3282 est,

130 3308 300 3382 basque
322 3309 602 3367 humiliter
625 3311 917 3366 reddimus.
942 3309 1173 3367 Sanctus
1201 3309 1468 3380 siquidem
1496 3308 1668 3364 Atha-

132 3401 293 3467 nasius,
324 3402 382 3456 in
414 3399 644 3471 epistola
681 3399 753 3455 ad
781 3400 1106 3471 Epictetum,
1138 3398 1318 3455 dicere
1357 3414 1465 3454 non
1510 3397 1667 3453 dubi-

136 3494 273 3548 tavit:
309 3513 330 3547 ι
363 3492 425 3550 ln
453 3492 574 3563 ipso
621 3490 797 3547 Verbo
839 3492 1135 3548 humanum
1171 3506 1299 3547 vere
1347 3490 1671 3546 naturaliter

134 3595 181 3635 et
221 3583 403 3650 laris,
452 3583 748 3638 secundum
795 3582 1010 3639 divinas
1062 3581 1398 3652 Scripturas,
1441 3590 1496 3637 et
1542 3596 1670 3637 vere

137 3682 219 3729 erat
257 3689 452 3748 comis
505 3672 823 3730 Salvatoris.
891 3670 1089 3730 Verum
1134 3682 1315 3729 autem
1353 3681 1491 3735 erat,
1542 3671 1671 3743 quia

138 3764 273 3822 simile
298 3777 421 3822 erat
450 3774 662 3823 nostro.
691 3766 862 3822 Soror
885 3764 1089 3821 etenim
1121 3764 1222 3819 fuit
1258 3772 1442 3820 nostra
1474 3763 1669 3831 Maria,

137 3862 348 3926 quoniam
376 3875 569 3916 omnes
593 3872 661 3914 ex
698 3859 871 3914 Adam
915 3872 1124 3924 sumus,
1151 3868 1207 3913 et
1241 3859 1345 3913 hoc
1393 3873 1672 3929 nunquam

138 3947 293 4019 aliquis
320 3950 603 4007 dubitavit.
634 3969 653 4003 ι
684 3949 752 4005 Et
769 3956 991 4006 sanans
1010 3948 1365 4020 Augustinus,
1396 3963 1673 4019 exponens

137 4042 360 4108 psalmum
398 4044 717 4116 vigesimum
739 4059 941 4100 nonum
962 4042 1213 4114 (Praefat.
1241 4044 1297 4097 in
1317 4053 1549 4097 enarrat.
1571 4042 1628 4113 2)
1656 4059 1670 4098 :

144 4130 424 4189 «Emuabo
448 4143 518 4199 te,
555 4134 800 4201 Domine,
822 4136 1070 4207 quoniam
1109 4134 1381 4205 suscepisti
1405 4151 1507 4189 me.
1548 4133 1675 4192 Om-

143 4222 218 4288 nis,
259 4227 459 4298 inquit,
516 4227 678 4283 homo
730 4227 784 4281 in
817 4226 1035 4283 Christo
1075 4242 1214 4282 unus
1264 4227 1428 4282 homo
1469 4234 1572 4291 est,
1621 4233 1678 4282 et

145 4318 274 4376 unitas
317 4320 752 4376 Christianorum
804 4336 944 4375 unus
995 4321 1178 4375 homo.
1219 4338 1238 4372 ›
1275 4319 1337 4374 Et
1375 4319 1425 4373 in
1468 4318 1676 4389 psalmo

147 4418 307 4465 mir:
345 4427 367 4463 ι
404 4409 575 4465 Maria
614 4416 673 4466 et
696 4409 867 4465 Adam
897 4424 912 4461 :
944 4409 1117 4465 Adam
1159 4419 1406 4465 mortuus
1441 4418 1526 4465 est
1552 4424 1678 4480 pro-

149 4505 232 4564 pter
250 4508 548 4571 peccatum,
600 4508 658 4557 et
707 4515 838 4556 caro
880 4500 1093 4559 Domini
1142 4516 1206 4556 ex
1249 4499 1417 4556 Maria
1459 4510 1676 4556 mortua

1769 3320 1826 3365 et
1854 3310 2052 3365 sociale
2074 3295 2458 3381 quoddam‘est
2483 3311 2717 3365 humana
2748 3318 2960 3374 natura,
2992 3319 3358 3378 magnumque

1772 3402 1939 3459 habet
1968 3412 2022 3458 et
2047 3402 2292 3458 naturale
2329 3402 2550 3469 bonum,
2581 3403 2692 3458 vim
2723 3416 2938 3473 quoque
2978 3399 3253 3464 amicitiae,
3286 3398 3359 3453 ob

1772 3497 1876 3552 hoc
1901 3512 1966 3551 ex
1990 3511 2097 3551 uno
2124 3496 2266 3552 Deus
2297 3496 2464 3551 voluit
2491 3511 2680 3552 omnes
2729 3478 2975 3551 homin'es
3013 3493 3264 3557 condere,
3296 3498 3359 3545 ut

1774 3602 1868 3643 sua
1929 3586 2209 3654 societate,
2247 3602 2353 3642 non
2402 3587 2517 3643 sola
2571 3585 2923 3644 similitudine
2975 3584 3211 3658 generis,
3263 3581 3362 3638 sed

1773 3680 1935 3736 etiam
1985 3681 2326 3752 cognationis
2366 3680 2587 3737 vinculo
2636 3689 2970 3736 tenerentur.
3008 3698 3027 3731 ι
3058 3676 3363 3748 Exponitur

1774 3772 1937 3828 etiam
1967 3771 2020 3826 in
2052 3772 2155 3826 hoc
2181 3772 2384 3843 hymno
2420 3771 2546 3841 quia
2570 3772 2812 3826 omnium
2838 3778 3086 3824 naturam
3113 3782 3214 3838 pro
3244 3780 3363 3822 om-

1776 3864 1935 3920 nibus
1958 3863 2250 3920 liberandis
2275 3863 2523 3919 Christus
2552 3863 2865 3932 assumpsit,
2893 3861 2989 3917 sed
3008 3861 3358 3916 credentibus

1777 3969 1943 4025 regna
1975 3954 2234 4010 calorum
2285 3954 2515 4024 aperuit.
2560 3954 2628 4009 Et
2676 3961 2897 4008 sanctus
2938 3953 3272 4023 Augustinus
3306 3951 3362 4006 in

1777 4044 1915 4101 libro
1946 4046 2012 4101 de
2048 4045 2529 4102 Praedestinatione
2571 4055 2882 4102 sanctorum
2918 4064 2931 4099 :
2968 4064 2988 4098 ι
3014 4046 3126 4101 Cur
3151 4046 3364 4101 diversa

1777 4148 1860 4195 est
1884 4140 2081 4211 gratia,
2106 4139 2197 4194 ubi
2228 4146 2420 4193 natura
2445 4139 2748 4194 communis
2774 4147 2878 4193 est.
2910 4157 2931 4192 ι
2961 4138 3028 4193 Ει
3052 4137 3206 4208 plura
3236 4137 3358 4202 alia,

1779 4247 1900 4301 quae
1930 4232 1985 4286 in
2014 4230 2209 4286 libellis
2236 4230 2672 4287 commemoratis
2705 4238 2894 4286 contra
2942 4230 3162 4284 eosdem
3202 4228 3365 4283 colle.

1781 4323 1976 4395 gimus.

1854 4413 1980 4469 Haec
2006 4413 2073 4471 de
2099 4413 2275 4485 prima
2302 4414 2457 4485 quasi
2479 4427 2586 4469 non
2613 4414 2942 4479 necessaria,
2973 4413 3202 4469 sednon
3233 4411 3368 4467 irra-

1795 4507 2036 4564 tionabili
2076 4508 2424 4578 expressione
2456 4504 2564 4564 sin't
2592 4508 2758 4564 dicta.
2796 4507 3039 4563 Alterum
3068 4517 3248 4563 autem
3283 4515 3370 4563 est

151 4600 208 4643 est
223 4604 427 4668 propter
449 4593 679 4650 delenda
712 4602 958 4666 peccata.
1003 4613 1022 4647 ι
1057 4593 1125 4649 Ει
1165 4593 1222 4648 iu
1251 4593 1461 4665 psalmo
1488 4609 1673 4649 xxxv:
1709 4573 1759 4635 Ῑ)
1784 4601 1929 4671 quod
1976 4573 2287 4670 expressius
2349 4601 2853 4672 superaddidimus,
2910 4601 2999 4655 ubi
3058 4601 3113 4656 in
3174 4610 3369 4673 quarto

156 4679 442 4742 «Nascimur
467 4684 536 4741 de
577 4685 772 4749 Adam,
803 4693 865 4739 ut
898 4684 1229 4750 moriamur;
1263 4685 1536 4757 surgimus
1580 4699 1680 4754 per

155 4768 396 4845 Christum,
436 4786 499 4832 ut
543 4790 760 4847 semper
804 4778 1069 4833 vivamus.
1121 4776 1346 4843 Quando
1400 4786 1681 4849 portamus

158 4862 393 4939 imaginem
421 4870 626 4927 terreni
654 4870 908 4934 hominis,
951 4869 1197 4926 homines
1223 4885 1434 4937 sumus,
1465 4870 1681 4942 quando

158 4966 381 5021 Pothinus
401 4961 695 5033 imaginem
743 4959 980 5016 caelestis
1028 4959 1284 5026 hominis,
1314 4959 1411 5015 ﬁlii
1449 4960 1683 5015 hominis

162 5059 312 5119 sumus,
364 5053 498 5125 quia
551 5051 803 5108 Christus
856 5050 1000 5106 ﬁlius
1063 5050 1300 5105 hominis
1346 5050 1523 5105 dictus
1575 5056 1679 5105 est.

163 5133 321 5200 Etenim
368 5145 545 5201 Adam
596 5144 760 5199 homo
806 5151 945 5209 erat,
995 5142 1092 5198 sed
1136 5141 1279 5198 ﬁlius
1314 5141 1550 5197 hominis
1576 5156 1686 5197 non

166 5240 266 5287 erat.
287 5234 398 5295 ldeo
454 5236 531 5292 illi
572 5236 846 5307 pertinent
894 5235 964 5291 ad
1014 5234 1209 5301 Adam,
1254 5234 1347 5305 qui
1375 5233 1687 5289 desiderant

169 5326 346 5383 carnalia
362 5332 528 5386 bona.
561 5326 854 5383 Hortamur
878 5327 999 5384 illos
1034 5334 1093 5382 ut
1114 5326 1210 5381 ﬁlii
1249 5326 1357 5383 sint
1382 5323 1679 5388 hominum,

173 5417 624 5479 etmisericordiam
662 5420 974 5476 desiderent
1006 5434 1127 5490 quae
1165 5420 1221 5474 in
1266 5418 1403 5475 coelo
1431 5425 1533 5474 est.
1570 5437 1589 5468 ι
1618 5416 1688 5471 Et

175 5500 210 5555 in
235 5516 407 5576 psalmo
439 5533 624 5572 xxxvii
658 5535 672 5571 :
710 5534 730 5569 ι
771 5515 1020 5587 Suscepit
1056 5529 1277 5570 carnem
1303 5522 1567 5579 nostram,
1606 5516 1690 5576 vel

176 5599 302 5661 901308
336 5623 363 5662 a
410 5611 588 5675 nobis,
643 5610 696 5668 id
747 5618 861 5676 est,
906 5627 936 5665 a
994 5622 1191 5680 genere
1243 5609 1501 5665 humano.
1553 5632 1573 5664 ι
1626 5613 1692 5668 Et

180 5700 340 5751 Ivinctus
386 5701 495 5759 Leo
552 5704 605 5758 in
654 5704 880 5774 epistola
930 5702 1042 5775 (97
1068 5742 1083 5767 ,
1135 5718 1252 5772 cap.
1294 5700 1370 5773 2)
1429 5702 1496 5757 ad
1552 5702 1691 5759 Leo-

183 5786 264 5838 ηεω
301 5787 584 5862 Augustum
624 5814 637 5850 :
674 5813 693 5849 ς
733 5796 864 5862 Quae
913 5793 1518 5853 autem.reconciliatio
1573 5809 1694 5852 esse

1788 4690 2024 4761 capitulo
2066 4691 2431 4761 scripsimus:
2469 4711 2487 4743 ι
2525 4692 2652 4761 quia
2696 4707 2826 4747 vero
2869 4705 3059 4748 omnes
3106 4693 3371 4763 passionis

1787 4781 1904 4852 ejus
1932 4784 2188 4854 mysterio
2216 4798 2323 4838 non
2371 4783 2728 4847 redimuntur,
2762 4797 2866 4838 non
2896 4785 3117 4854 respicit
3158 4785 3224 4838 ad
3253 4798 3368 4839 ina-

1790 4875 2123 4946 gnitudinem
2152 4886 2207 4931 et
2230 4876 2389 4945 pretii
2417 4877 2814 4947 copiositatem,
2837 4878 2932 4933 sed
2975 4879 3041 4932 ad
3076 4878 3369 4933 inﬁdelium

1790 4974 1847 5023 et
1874 4968 1942 5023 ad
1967 4983 2073 5022 non
2118 4967 2452 5023 credentium
2482 4982 2545 5023 ea
2581 4967 2687 5024 ﬁde
2730 4983 2851 5038 qua:
2896 4983 2993 5040 per
3028 4969 3371 5025 dilectionem

1788 5066 2068 5127 operatur,
2101 5058 2323 5127 respicit
2349 5067 2581 5128 partem.
2625 5079 2645 5113 ι
2679 5060 3162 5129 Superaddidimus
3190 5070 3371 5115 autem

1786 5149 1969 5205 verbis
1989 5149 2239 5219 Prosperi
2261 5151 2329 5204 ad
2358 5167 2465 5207 non
2498 5152 2860 5217 credentium,
2887 5168 2951 5208 ea
2981 5152 3085 5208 ﬁde
3125 5166 3245 5222 quae
3273 5166 3373 5221 per

1789 5239 2128 5296 dilectionem
2173 5250 2450 5311 operatur.
2500 5242 2656 5309 Quod
2702 5242 2825 5298 ideo
2880 5241 3370 5313 superaddidimus,

1790 5334 1918 5403 quia
1931 5331 2319 5390 Gothescalcus
2341 5336 2393 5389 in
2416 5336 2680 5405 saepeiam
2695 5349 2794 5390 suo
2812 5334 2990 5391 libello
3004 5334 3071 5389 ad
3095 5333 3373 5389 Rabanum

1793 5424 2251 5495 archiepiscopum
2282 5427 2500 5496 scripsit
2533 5443 2546 5480 :
2584 5447 2603 5478 ι
2639 5425 2869 5480 Proinde
2898 5425 3042 5495 quod
3065 5424 3376 5481 ﬁdelissime

1794 5519 1976 5580 credo,
2021 5518 2370 5575 ﬁdentissime
2415 5518 2627 5588 loquor,
2656 5526 2710 5571 et
2739 5516 3045 5572 certissime
3073 5516 3281 5587 pariter
3309 5532 3376 5572 ac

1797 5607 2225 5665 fructuosissime
2244 5610 2524 5674 conﬁteor,
2544 5617 2705 5677 atque
2723 5606 3074 5662 veracissime
3098 5605 3374 5677 proﬁteor,

1798 5700 1941 5773 quod
1964 5701 2107 5758 Deus
2130 5712 2311 5757 noster
2340 5702 2702 5770 omnipotens,
2730 5699 2973 5755 omnium
3003 5706 3379 5754 creaturarum

1800 5794 2050 5855 conditor
2075 5803 2129 5851 et
2155 5793 2349 5865 iactor,
2396 5793 2695 5853 electorum
2745 5792 3126 5851 tantummodo
3152 5798 3381 5848 cuncto-
