3992 6336
176 384 283 446 29?:

934 380 1023 435 DE
1061 373 1734 435 PRAEDESTINATIONE
1771 371 2233 431 DISSERTATIO
2269 372 2683 433 POSTERIOR.

170 506 374 586 Alioqui
405 515 645 571 nonnulli
677 514 913 570 haeretici
942 512 1292 579 conﬁtentur,
1315 512 1470 567 multi
1496 513 1757 567 schisma-
1786 513 1838 573 Α
1866 510 2286 579 incorporantur
2329 510 2564 566 Christo.
2596 511 2882 581 Responde
2928 513 3117 581 nobis,
3169 514 3219 569 si
3243 514 3444 587 placet,

173 608 283 673 tici,
314 607 461 661 multi
506 606 624 661 falsi
653 605 923 671 catholici,
954 604 1137 661 Jesum
1170 605 1445 660 Christum
1494 605 1547 658 in
1588 617 1752 658 carne

169 702 394 764 venisse,
429 700 522 754 sed
554 699 946 754 confessionem
996 712 1148 752 suam
1198 695 1355 752 faelis
1393 706 1607 768 negant,
1647 712 1751 750 non

176 786 419 851 habendo
472 791 818 847 charitatem.
886 789 1136 845 Charitas
1189 789 1384 859 quippe
1424 787 1531 841 Dei.
1556 787 1751 842 Filium

166 888 385 944 adduxit
443 887 496 940 in
543 901 785 951 carnem,
850 892 905 940 et
958 885 1076 939 ideo
1131 884 1375 953 quisquis
1426 898 1531 935 non
1593 879 1757 934 habet

163 979 503 1041 charitatem,
535 984 696 1045 negat
730 974 971 1029 illumin
1019 988 1185 1029 carne
1226 972 1456 1026 venisse.
1500 970 1754 1040 Talisque

160 1067 409 1138 spiritum
433 1080 500 1119 ex
530 1066 640 1121 Deo
669 1079 774 1118 non
822 1064 1021 1118 habere
1051 1062 1411 1117 convincitur.
1446 1081 1464 1112 ι
1500 1060 1569 1114 Ει
1597 1060 1750 1127 item,

164 1176 185 1209 ι
221 1155 356 1211 Hec
370 1165 446 1231 est
476 1157 689 1210 victoria
715 1171 832 1226 qum
857 1155 1012 1219 uincit
1036 1154 1310 1219 nitendum,
1336 1153 1470 1223 ﬁdes
1497 1162 1673 1207 nostra
1700 1149 1755 1224 (Ι

156 1234 319 1306 Joaa.
350 1266 404 1316 v,
426 1247 506 1320 4).
540 1248 633 1305 illa
664 1249 916 1303 nimirum
942 1248 1096 1312 fides,
1127 1263 1247 1317 qua)
1290 1260 1386 1317 per
1410 1245 1752 1301 dilectionem

155 1354 429 1413 operatur.
454 1363 475 1394 ι
508 1343 573 1397 Ει
594 1343 724 1397 item
761 1343 901 1397 Beda
934 1340 1023 1412 (In
1054 1339 1326 1409 epistolam
1341 1337 1549 1405 Jacobi,
1581 1357 1628 1393 c.
1650 1338 1706 1411 2)
1736 1357 1750 1393 :

158 1453 178 1487 ί
212 1434 330 1491 Hoc
351 1449 566 1505 quoque
587 1442 846 1505 tempore,
872 1434 917 1488 si
945 1434 1035 1503 qui
1062 1447 1232 1502 nuper
1252 1432 1317 1485 ad
1345 1431 1511 1485 ﬁdem
1527 1431 1753 1485 veniens

154 1527 482 1599 baptismum
520 1527 812 1598 acceperit,
850 1512 903 1581 et
953 1539 1259 1596 proponens
1307 1531 1420 1579 toto
1449 1523 1611 1577 corde
1656 1523 1752 1578 Dei

156 1632 373 1674 servare
422 1627 733 1689 praecepta,
787 1632 911 1671 mox
967 1616 1032 1670 de
1077 1616 1180 1670 hac
1234 1614 1352 1669 luce
1414 1612 1750 1684 migraverit,

155 1712 481 1783 iustiﬁcatus
506 1711 692 1783 utique
736 1725 835 1785 per
864 1709 1025 1765 ﬁdem
1051 1709 1167 1764 sine
1196 1708 1451 1780 eperibus
1477 1708 1751 1780 migravit,

156 1804 274 1873 quia
304 1810 518 1873 tempus
545 1802 828 1873 operandi,
869 1802 1011 1856 unde
1054 1800 1213 1856 ﬁdem
1244 1800 1519 1872 probaret,
1548 1800 1666 1870 ipso
1697 1798 1751 1853 in

1855 604 1959 658 ﬁde
1989 619 2054 656 an
2088 603 2403 658 inﬁdelitate
2434 620 2463 659 a
2493 605 2810 674 parentibus
2846 606 2913 659 ad
2944 607 3229 663 ecclesiam
3250 609 3448 681 depor-

1858 695 2080 749 tantur?
2107 695 2399 749 dilectione
2422 697 2634 762 salutis,
2662 712 2729 751 an
2763 699 2888 753 odio
2913 700 3233 769 perditionis
3261 713 3449 773 patro-

1854 788 1940 843 nis
1974 803 2002 841 a
2030 788 2344 858 parentibtts
2370 786 2701 852 oderantur,
2735 806 2764 843 a
2795 791 3044 860 patronis
3071 792 3447 851 sacerdotibus

1854 880 2041 935 itidem
2093 879 2432 957 oﬂ'eruntur,
2486 897 2513 935 a
2563 884 2939 961 sacerdotibus
2985 885 3341 942 exsufﬂantur
3387 896 3444 945 et

1854 977 2274 1044 exorcizantur,
2320 985 2377 1030 ut
2417 992 2445 1030 a
2492 986 2758 1047 potestate
2810 979 3013 1034 diaboli
3055 983 3352 1039 eruantur?
3386 984 3445 1039 In

1855 1076 2029 1122 morte
2058 1067 2259 1122 Christi
2302 1067 2675 1137 baptizantur,
2709 1077 2769 1123 ut
2803 1070 2998 1126 mortis
3038 1071 3153 1139 ejus
3187 1074 3461 1130 similiora

1857 1156 1965 1213 dini
2015 1158 2362 1227 complantati
2412 1165 2638 1228 peccato
2686 1160 2873 1232 utique
2922 1162 3259 1219 moriantur?
3298 1162 3446 1223 Velia

1855 1251 1995 1306 nolis
2032 1250 2147 1305 haec
2176 1251 2357 1304 omnia
2391 1251 2502 1322 geri
2543 1251 2647 1306 fide
2675 1268 2794 1323 quae
2824 1266 2922 1324 per
2951 1254 3295 1310 dilectionem
3321 1268 3457 1329 Ope-‘

1855 1348 2029 1407 ratur,
2046 1342 2607 1397 arctatusarctissi‘me
2631 1342 3005 1413 respondebis,
3030 1344 3130 1399 nisi
3151 1344 3455 1417 impudenti

1856 1433 2035 1488 fronte
2085 1435 2301 1488 mentiri
2353 1434 2731 1504 praestmiend‘o
2780 1436 3106 1492 decreveris.
3140 1450 3161 1489 ι
3208 1438 3274 1492 Et
3319 1438 3452 1493 item

1856 1525 1997 1581 idem
2024 1527 2078 1580 in
2108 1536 2262 1582 sexto
2287 1527 2426 1583 libro
2455 1528 2595 1601 (cap.
2618 1528 2676 1600 4)
2706 1543 2719 1582 :
2758 1546 2781 1581 ‹
2806 1528 2939 1584 Nam
2969 1529 3238 1599 quomodo
3267 1542 3461 1601 τεῇσι-δ

1856 1624 1936 1671 tat
1966 1617 2162 1672 bonum
2192 1627 2248 1671 ut
2280 1618 2446 1675 intret
2486 1619 2539 1673 in
2585 1634 2812 1690 regnum
2840 1618 2968 1685 Dei,
2997 1618 3045 1676 si
3076 1618 3179 1676 hoc
3207 1628 3459 1691 reportat-

1856 1710 2086 1780 quisque
2117 1710 2257 1779 quod
2285 1710 2473 1779 gessit,
2496 1709 2602 1765 nisi
2633 1712 2757 1781 quia
2784 1712 3019 1781 pertinet
3047 1711 3116 1766 ad
3140 1712 3444 1784 parvulum,

1857 1804 2020 1857 etiam
2043 1804 2187 1873 quod
2216 1818 2311 1872 per
2341 1803 2567 1858 alterum
2597 1804 2784 1874 gessit,
2811 1803 2862 1857 id
2892 1812 2974 1858 est
3001 1802 3267 1859 credidit?
3294 1800 3459 1861 Sient‘

160 1902 315 1967 quem
367 1891 597 1949 credidit
648 1891 759 1947 Deo
803 1891 1120 1962 disponente
1162 1906 1267 1946 non
1296 1890 1507 1945 habuit.
1538 1890 1630 1943 ’A't
1658 1887 1753 1959 qui
1784 1888 1837 1948 Β
1858 1898 2039 1967 itaque
2071 1899 2215 1970 quod
2256 1898 2429 1953 credit
2459 1900 2692 1968 pertinet
2723 1898 2791 1953 ad
2818 1908 2939 1954 eum
2972 1908 3033 1953 nt
3063 1908 3303 1969 reportet
3345 1898 3445 1955 ho-

155 1985 418 2055 perceptis
468 1983 823 2039 sacramentis
869 1981 1028 2053 longo
1079 1981 1431 2053 supervivunt
1480 1990 1769 2052 tempore,_

155 2066 425 2133 necbonis
453 2073 702 2129 insistere
732 2082 927 2127 curant
953 2072 1227 2142 operibus,
1255 2072 1341 2126 his
1363 2071 1751 2128 i‘uculca’ndum

153 2174 231 2222 est
275 2165 425 2238 quod
477 2166 668 2222 beatus
717 2165 969 2231 Iacobus,
1034 2166 1311 2236 proposito
1342 2166 1587 2237 exemplo
1624 2166 1749 2221 ﬁdei

154 2256 310 2315 simul
366 2269 425 2314 et
473 2273 697 2332 cperunt
749 2259 1014 2325 Abrahm,
1074 2276 1202 2315 mox
1236 2259 1475 2315 subdidit
1523 2260 1745 2316 dicens:

161 2347 357 2406 Videtis
383 2338 632 2422 quoniam
657 2367 721 2405 ex
755 2348 993 2421 operibus
1012 2349 1343 2420 justiﬁcatnr
1363 2349 1533 2415 homo,
1565 2361 1613 2405 et
1646 2366 1749 2406 non

155 2442 339 2512 ear/ide
366 2454 571 2496 tantum
598 2442 623 2496 ἵ
655 2434 799 2515 (Jac.
840 2458 895 2506 ιι,
933 2440 1046 2511 24).
1075 2441 1239 2510 Quod
1272 2442 1347 2496 ait
1374 2456 1440 2497 ex
1472 2442 1765 2514 operibus;

155 2526 424 2605 signiﬁcat
448 2548 516 2588 ex
538 2534 790 2602 operibus
822 2533 941 2588 ﬁdei
972 2550 985 2586 :
1011 2534 1135 2603 quia
1167 2531 1404 2604 perfecta
1437 2549 1601 2605 opera
1632 2534 1750 2590 sine

155 2622 250 2677 lide
280 2622 464 2677 nullus
495 2623 695 2678 habere
744 2632 920 2693 potest
951 2640 962 2675 :
1010 2622 1169 2677 fidem
1198 2632 1327 2676 vero
1354 2624 1470 2678 sine
1495 2623 1749 2693 operibus

155 2711 324 2777 multi,
355 2714 401 2767 si
431 2712 538 2768 illis
570 2728 794 2782 operum
830 2723 1043 2784 tempus
1071 2726 1174 2766 non
1208 2713 1370 2767 adsit.
1402 2712 1477 2766 De
1500 2713 1765 2784 qualibus

153 2802 356 2860 dictum
387 2812 471 2860 est
498 2822 511 2858 :
540 2803 736 2874 Raptus
767 2816 841 2859 est
865 2822 926 2860 ne
953 2805 1157 2859 malitia
1184 2814 1410 2885 mutaret
1432 2806 1753 2861 intellectum

152 2891 313 2961 illius,
338 2906 430 2949 aut
455 2895 598 2964 ﬁctio
619 2895 875 2966 deciperet
895 2897 1127 2949 animant
1149 2896 1292 2949 illius
1310 2895 1464 2967 (Sap.
1489 2909 1563 2960 tv,
1592 2893 1700 2965 Η).
1726 2913 1747 2947 ι

155 2983 253 3041 Sed
277 2995 333 3040 et
361 2985 419 3038 in
451 2984 649 3040 talibus
677 2984 792 3055 ipsa
844 2984 978 3040 ﬁdes
1009 2998 1144 3054 opus
1174 2994 1277 3049 est,
1307 2985 1447 3039 sicut
1489 2985 1765 3056 scriptura

154 3085 228 3132 est
265 3077 327 3130 in
355 3075 670 3147 Evangelia,
702 3074 817 3130 Hoc
844 3086 921 3130 est
942 3088 1117 3130 autem
1141 3090 1268 3147 opus
1293 3075 1407 3140 Dei,
1440 3082 1496 3129 nt
1522 3077 1761 3132 credatis

153 3170 203 3224 iii
242 3185 366 3225 eum
399 3187 553 3240 quem
600 3172 741 3224 misit
795 3169 881 3224 ille
928 3170 1107 3241 (Jonn.
1157 3186 1231 3236 vt,
1258 3169 1373 3239 2'9).
1425 3169 1578 3234 good
1616 3184 1759 3241 opus

1855 2006 2006 2057 num,
2038 1991 2137 2045 hoc
2166 1998 2248 2045 est
2275 1990 2539 2060 percipiat
2566 1989 2659 2045 Dei
2691 2004 2939 2060 regnum,
2969 1988 3047 2045 sic
3072 1986 3143 2044 ad
3162 2004 3283 2044 eum
3319 2004 3448 2062 per—

1853 2080 2017 2144 tinet,
2048 2081 2258 2137 etiamsi
2305 2097 2408 2136 non
2445 2080 2705 2147 credidit,
2737 2089 2797 2135 ut
2842 2088 3083 2151 reportet
3115 2078 3446 2137 condemna-

1854 2176 2016 2231 tioms
2040 2176 2322 2248 judicium,
2349 2174 2476 2246 quia
2507 2174 2816 2247 evangeliea
2840 2182 2927 2230 est
2956 2182 3010 2230 et
3041 2175 3156 2247 ipsa
3179 2170 3451 2230 sententia‘

1855 2265 2082 2321 dicendo
2126 2284 2139 2320 :
2177 2264 2281 2331 Qui
2313 2282 2413 2319 non
2460 2265 2738 2320 crediderit
2774 2266 3207 2320 condemnabimr
3249 2262 3446 2337 (Marc.

1854 2364 1966 2423 XVI,
1996 2358 2104 2430 16).
2139 2377 2157 2410 ι
2194 2356 2261 2412 Et
2310 2366 2430 2428 post
2473 2372 2685 2428 pauca:
2724 2376 2743 2409 ι
2770 2356 3020 2413 Alienum
3069 2358 3266 2429 quippe
3312 2370 3451 2425 opus

1855 2456 1938 2503 est
1968 2464 2088 2503 cum
2124 2449 2299 2502 credit
2328 2463 2424 2518 per
2450 2448 2677 2503 alterum
2698 2488 2713 2513 ,
2758 2448 2899 2504 sicut
2926 2446 3158 2504 alienum
3185 2463 3321 2518 opus
3346 2447 3451 2503 fuit

1858 2556 1981 2595 cum
2029 2539 2273 2610 peccavit
2325 2540 2377 2593 in
2425 2538 2618 2595 altero.
2663 2538 2774 2595 Nec
2820 2532 2935 2595 nos
2965 2536 3275 2595 dubitamus
3324 2539 3462 2609 quia’

1854 2624 2180 2700 baptismate
2203 2628 2459 2684 delictum
2481 2643 2641 2684 omne
2666 2630 2976 2693 mundetur,
2995 2630 3088 2684 sed
3111 2630 3449 2686 renascentia

1855 2714 2084 2792 quisque
2113 2709 2424 2775 inundatur.
2458 2721 2611 2788 Quod
2640 2735 2771 2790 ergo
2798 2730 2910 2776 non
2933 2720 3257 2775 adimit’n‘isi
3294 2736 3451 2791 rege—

1856 2813 2085 2877 neratio,
2121 2826 2225 2865 non
2265 2821 2445 2866 cessat
2475 2812 2690 2867 trahere
2723 2810 3025 2882 generatio.
3056 2828 3074 2863 ι
3110 2806 3451 2867 Venerabilis

1856 2919 2071 2983 quoque
2127 2904 2408 2978 presbyter
2466 2902 2618 2960 Beda
2666 2903 2720 2958 in
2782 2886 3120 2974 expositione
3170 2896 3450 2976 Evangelii

1855 2996 2023 3051 Marci
2059 3014 2072 3051 :
2107 3015 2125 3048 ι
2156 2995 2475 3051 Intuendum
2505 3011 2635 3052 sane
2655 3006 2917 3067 quantum
2938 2996 3154 3067 propria
3186 2994 3453 3067 cujusque

1856 3089 1991 3145 ﬁdes
2023 3092 2167 3163 apud
2199 3090 2364 3146 Deum
2397 3090 2634 3156 valebit,
2672 3089 2771 3143 ubi
2810 3094 3019 3143 tantum
3048 3086 3220 3143 valuit
3249 3088 3447 3154 alterm,

1856 3190 1916 3234 ut
1946 3189 2092 3235 totus
2125 3182 2286 3235 homo
2323 3188 2546 3249 repente
2565 3219 2580 3245 ,
2607 3176 2777 3249 230
2798 3177 2902 3233 hoc
2929 3186 3021 3233 est
3042 3178 3271 3234 interius
3300 3188 3456 3234 exto—v

157 3274 413 3331 operatur
438 3262 533 3333 qui
558 3261 612 3316 i‘n
640 3277 762 3317 eum
805 3262 1006 3328 credit,
1042 3262 1167 3331 quia
1220 3260 1387 3332 229
1423 3262 1593 3317 etiam
1633 3261 1823 3331 ἥρω-(Ζ
1856 3273 2075 3342 riusque
2098 3271 2212 3342 jam
2247 3270 2488 3328 salvatus
2515 3279 2854 3342 exsurgeret,
2888 3271 3225 3341 aliorumque
3253 3271 3450 3327 merito

156 3352 447 3408 credulitas
495 3369 624 3407 vera
668 3351 801 3408 ﬁdes
828 3361 928 3420 est,
981 3367 1100 3424 quae
1128 3367 1223 3424 per
1254 3354 1607 3408 dilectionem
1626 3367 1755 3421 ope-

158 3456 319 3513 ratur,
364 3446 638 3501 credendo
687 3446 742 3501 in
794 3446 943 3500 illum
986 3446 1079 3515 qui
1125 3445 1388 3516 justiﬁeat
1414 3446 1664 3517 impium,
1694 3452 1754 3500 et

159 3540 297 3609 Cujus
321 3541 511 3598 omnia
538 3555 703 3610 opera
727 3549 853 3596 sunt
898 3541 952 3596 in
988 3542 1112 3605 tide,
1143 3541 1259 3596 sine
1285 3557 1389 3611 qua
1421 3542 1661 3612 quisque
1682 3540 1757 3595 ad

158 3634 498 3705 baptismatis
518 3643 917 3689 sacramentum
941 3635 1172 3699 accedit,
1214 3634 1555 3706 baptismatis
1577 3648 1755 3691 sacra“

158 3736 332 3781 mento
370 3726 627 3781 renovari
675 3743 782 3783 non
834 3727 994 3793 valet,
1047 3729 1171 3799 quia
1225 3729 1460 3798 Spiritus
1507 3738 1747 3796 sanctus,

156 3834 254 3889 quo
279 3820 336 3873 in
368 3819 510 3874 ﬁlios
540 3820 862 3890 adoptamur
884 3820 1181 3898 disciplinae
1204 3862 1217 3886 ,
1248 3820 1434 3891 ellhgit
1464 3821 1671 3888 ﬂetum,
1698 3831 1753 3878 et

156 3911 325 3967 aufert
379 3925 442 3966 se
485 3926 515 3965 a
545 3912 961 3982 cogitationibus
1006 3928 1125 3982 quas
1152 3924 1277 3968 sunt
1304 3914 1426 3968 sine
1455 3913 1750 3978 intellectu,

158 4002 302 4059 [inde
325 4011 554 4058 sanctus
571 4003 891 4059 Ambrosius
919 4003 973 4058 in
999 4002 1235 4074 Epistula
1260 4006 1326 4058 ad
1349 4002 1570 4059 Galatas
1588 4005 1718 4060 dicit
1736 4023 1757 4057 ε.

160 4113 178 4146 ι
214 4094 356 4164 Quia
390 4096 509 4150 sine
540 4096 729 4167 spiritu
777 4111 884 4150 non
934 4104 1053 4151 erat
1103 4094 1320 4165 plenum
1369 4110 1567 4149 nomen
1618 4095 1755 4153 ﬁlice

156 4202 291 4244 rum.
328 4206 349 4240 ι
392 4186 463 4243 Et
487 4187 617 4242 item
645 4187 785 4243 idem
815 4188 869 4242 in
894 4187 1032 4243 libro
1079 4188 1145 4241 de
1184 4184 1557 4241 Sacramentis
1588 4204 1601 4241 :
1639 4205 1657 4237 ι
1695 4186 1754 4242 tn

155 4282 479 4352 baptismate
504 4280 726 4350 spi‘rimS
754 4288 987 4336 mentem
1010 4288 1252 4343 renovat,
1286 4294 1423 4349 aqua
1445 4277 1659 4349 proiicit
1688 4278 1754 4333 ad

157 4374 457 4438 lavacrum,
488 4375 710 4445 sanguis
743 4380 951 4444 spectat
977 4373 1045 4427 ad
1090 4371 1349 4442 pretium.
1403 4369 1557 4425 Sacri
1591 4370 1755 4426 ihntis

158 4469 288 4523 unda
320 4483 426 4522 nos
454 4466 644 4531 abluit,
676 4466 897 4537 sanguis
927 4465 1136 4520 Domini
1170 4480 1271 4521 nos
1313 4464 1553 4529 redimit,
1586 4463 1757 4533 Spiri-

156 4562 238 4615 tus
257 4574 367 4616 nos
387 4574 487 4630 per
515 4560 860 4629 adoptionem
911 4558 1047 4613 illius
1080 4556 1173 4612 Dei
1201 4556 1352 4613 facit.
1391 4578 1408 4609 ι
1455 4557 1537 4611 De
1563 4572 1670 4626 qua
1700 4558 1751 4610 in

1857 3364 1948 3418 alii
1980 3364 2295 3419 laxarentur
2318 3370 2521 3417 errata.
2556 3360 2710 3416 Unde
2745 3370 2802 3416 et
2830 3360 2989 3433 plura
3016 3361 3075 3414 in'
3113 3374 3253 3431 saepe
3295 3375 3450 3416 com-

1857 3459 2175 3513 memoratis
2196 3456 2392 3511 libellis
2414 3463 2606 3510 contra
2628 3453 3019 3509 obtrectatores
3040 3459 3259 3507 nostros
3272 3466 3451 3507 exem-

1856 3549 1943 3621 pla
1989 3550 2300 3620 posuimus,
2332 3562 2453 3618 quae
2485 3547 2573 3602 hic
2611 3558 2920 3616 congerere
2940 3556 3084 3601 nunc
3117 3543 3449 3615 superﬂuum

1859 3637 2123 3697 ducimus.
2177 3640 2485 3695 Pratsertim
2533 3652 2659 3695 cum
2702 3637 2793 3694 illa
2843 3648 3151 3710 qmeu'nque
3199 3636 3450 3710 dignatus

1858 3732 2021 3787 fuerit
2051 3733 2263 3803 legere,
2293 3733 2517 3788 collecta
2556 3731 2712 3803 quasi
2742 3732 2801 3787 in
2829 3729 3111 3788 fasciculis
3132 3732 3237 3787 sub
3258 3731 3451 3787 celeri-

1859 3836 1969 3881 tate
1996 3835 2050 3882 et
2087 3829 2205 3883 sine
2238 3825 2414 3897 aliqua
2460 3824 2770 3883 ditiicultate
2804 3825 3011 3883 vaiehit
3046 3838 3393 3898 cognoscere.
3420 3842 3443 3879 ι

2433 3936 2660 3996 CAPUT
2702 3934 2871 3994 XXX.

1861 4004 2289 4103 Quodseaceptis
2329 4029 2642 4103 hisduabus
2679 4030 2829 4103 quasi
2862 4028 3126 4103 syllaﬁbicis
3154 4030 3446 4103 sententiis,

1932 4099 2063 4171 nihil
2094 4101 2149 4153 in
2179 4101 2277 4153 hoc
2306 4100 2534 4169 capitulo
2570 4101 2868 4170 posuimus,
2895 4099 3002 4154 nisi
3039 4101 3179 4171 quod
3209 4115 3274 4155 ex
3314 4101 3449 4155 beati

1862 4188 1865 4197 ν
1932 4168 2181 4239 Prosperi
2218 4168 2381 4224 verbis
2414 4168 2741 4241 meritust»

1932 4276 2090 4335 Modo
2123 4290 2303 4336 autem
2342 4280 2427 4336 his
2471 4282 2685 4338 duabus
2717 4281 2973 4352 exceptis
2995 4280 3449 4352 super-additium-

1860 4371 1997 4435 bus,
2032 4370 2097 4425 de
2138 4370 2334 4440 quibus
2375 4371 2643 4427 rationem
2685 4370 3045 4437 reddidimus,
3082 4372 3371 4427 videamus
3401 4369 3451 4427 si

1861 4468 2172 4517 transverso
2206 4474 2416 4533 ungue,
2449 4472 2508 4518 ut
2537 4463 2753 4531 dicitur,
2793 4478 2836 4518 a-
2857 4464 3115 4520 sensibus
3136 4463 3283 4519 beati
3314 4462 3451 4519 Pro-

1860 4554 2007 4623 speri
2062 4553 2119 4607 in
2161 4554 2524 4624 descriptione
2568 4555 2757 4624 quarti
2809 4545 3446 4626 capitulit‘dcviavimus.

158 4614 405 4708 homiiia.
428 4614 702 4725 Evangelii
734 4651 836 4718 30,
890 4653 967 4708 sic
1000 4660 1220 4708 sanctus
1268 4653 1397 4708 dicit
1422 4614 1750 4722 Gregorius:
1782 4614 1834 4679 Β
2152 4614 2365 4700 amomi!
2428 4646 2473 4701 8'
2511 4614 2977 4719 (Iamiam-9)
3028 4656 3229 4702 60mm
3266 4645 3452 4704 GallOﬂ

165 4762 182 4795 ι
223 4746 345 4817 Ipse
373 4760 610 4817 namque
643 4744 879 4817 Spiritus
915 4755 1135 4800 sanctus
1173 4759 1327 4799 amor
1353 4751 1457 4799 est.
1492 4740 1646 4799 Unde
1696 4751 1753 4798 et

1860 4736 2033 4792 dicit:
2076 4756 2093 4789 τ
2122 4737 2316 4793 Nullus
2353 4739 2574 4793 omnino
2614 4747 2701 4794 est
2740 4754 2809 4794 ex
2840 4741 3092 4796 omnibus
3121 4740 3454 4808 hominibus,

160 4833 394 4891 Joannes
422 4836 589 4890 dicit:
627 4834 765 4891 Deus
789 4838 1020 4891 Charitas
1043 4846 1117 4890 est
1155 4833 1205 4907 (Ι
1243 4834 1404 4891 Joan.
1432 4850 1506 4899 tv,
1539 4832 1615 4905 8).
1652 4833 1756 4901 Qui

162 4944 283 5000 ergo
312 4936 503 4983 mente
546 4928 757 4999 integra
802 4928 971 4985 Deum
1022 4928 1330 4992 desiderat,
1377 4926 1620 4997 profecto
1643 4926 1757 4997 jam

158 5019 322 5077 habet
366 5036 527 5092 quem
586 5027 751 5074 amat.
802 5019 990 5090 Neque
1043 5017 1188 5075 enim
1239 5018 1527 5087 quisquam
1579 5024 1762 5087 posset

166 5110 327 5168 Deum
370 5112 617 5182 diligere,
645 5113 690 5167 si
720 5129 844 5168 eum
877 5128 1035 5184 quem
1067 5111 1240 5183 diligit
1292 5127 1400 5167 non
1435 5112 1680 5167 haberet.
1722 5100 1748 5164 ὅ

226 5201 369 5258 Ecce
400 5202 672 5273 quomodo
703 5202 867 5257 etiam
902 5203 955 5258 in
986 5204 1313 5276 baptismate
1344 5210 1455 5257 tam
1486 5203 1541 5257 in
1572 5202 1756 5274 parvis

164 5307 319 5362 quam
351 5293 405 5347 in
438 5292 648 5362 magnis
675 5293 787 5363 agit
814 5291 946 5348 ﬁdes
973 5309 1092 5364 quae
1119 5309 1219 5365 per
1247 5294 1592 5349 dilectionem
1619 5307 1753 5363 ope-

166 5391 334 5445 ratur,
365 5382 509 5437 sicut
538 5390 760 5437 sanctus
788 5382 1125 5453 Augustinus
1154 5383 1207 5438 in
1239 5384 1376 5439 libro
1406 5392 1600 5455 quarto
1623 5398 1754 5440 con-

168 5482 243 5527 tra
275 5474 551 5530 lulianum
575 5475 710 5531 dicit
736 5491 752 5545 ;
782 5498 800 5528 ι
824 5475 931 5532 Sed
968 5477 1106 5532 forte
1137 5476 1272 5533 dicis
1302 5495 1316 5530 :
1350 5476 1494 5548 Ergo
1522 5474 1756 5532 infantes

166 5566 252 5633 qui
282 5582 389 5619 non
417 5568 665 5632 credunt,
696 5566 800 5630 vel,
830 5566 971 5623 sicut
1000 5575 1057 5623 tu
1082 5566 1346 5637 posuisti,
1381 5567 1473 5636 qui
1516 5581 1623 5621 non
1654 5567 1754 5620 ha-

168 5653 295 5710 bent
321 5671 441 5712 eam
472 5658 635 5713 ﬁdem
672 5673 794 5730 quae
826 5673 923 5730 per
951 5658 1295 5715 dilectionem
1326 5667 1604 5728 operatur,
1648 5671 1755 5712 non

172 5762 528 5807 renascuntur
559 5752 613 5806 in
643 5749 885 5818 Christo,
923 5766 1098 5823 neque
1140 5766 1238 5823 per
1268 5748 1425 5805 fidem
1476 5750 1756 5819 sanguinis

172 5837 371 5900 Christi
406 5843 462 5899 in
497 5844 826 5921 baptismate
861 5852 1194 5902 renovantur
1229 5844 1283 5899 in
1318 5839 1559 5910 Christo,
1592 5851 1755 5915 atque

1860 4827 2015 4897 cujus
2042 4839 2235 4884 natura
2263 4831 2317 4884 in
2342 4828 2563 4886 Christo
2592 4830 3036 4886 Domino-nosam
3066 4840 3319 4902 suscepta
3344 4844 3454 4886 non

1859 4918 2043 4975 fuerit.
2076 4940 2095 4973 ι
2126 4921 2194 4976 Et
2222 4921 2615 4991 itemProsper
2640 4921 3095 4979 contratGalios:
3134 4922 3323 4978 etiam
3355 4922 3459 4976 ita-

1862 5027 1968 5083 que
1995 5013 2301 5067 rectissime
2332 5012 2545 5068 dicatur
2569 5012 2822 5068 Salvator
2838 5028 2942 5084 pro
2967 5014 3131 5068 totius
3157 5012 3343 5067 mundi
3372 5025 3460 5068 rc-

1862 5107 2172 5176 demptione
2206 5106 2518 5172 crucifixus,
2548 5116 2774 5178 propter
2797 5120 2987 5163 veram
3013 5109 3273 5162 humanm
3288 5113 3454 5160 natu-

1861 5215 1937 5254 rae
1975 5198 2371 5268 susceptionem
2398 5239 2412 5265 ,
2457 5208 2511 5254 et
2551 5208 2777 5269 propter
2815 5210 3167 5255 comment:
3188 5198 3245 5252 in
3280 5197 3461 5267 primo

1862 5291 2099 5345 homine
2124 5291 2381 5345 omnium
2417 5290 2794 5362 perditionem.
2826 5310 2850 5345 ν
2889 5289 2957 5345 Et
2996 5299 3195 5348 contra:
3223 5286 3457 5343 Vincam

1864 5384 2040 5440 tianos
2086 5383 2240 5457 (resp.
2278 5385 2332 5457 1⁵)
2365 5402 2379 5439 :
2422 5402 2449 5435 ρ
2486 5385 2552 5439 Et
2581 5392 2759 5439 tamen
2789 5398 2894 5438 non
2920 5394 3119 5438 omnes
3139 5382 3387 5437 homines
3422 5396 3459 5437 a

1864 5476 2180 5547 captivitate
2210 5485 2335 5532 sunt
2360 5477 2521 5532 eruti.
2553 5496 2582 5529 ι·
2606 5477 2672 5530 Ει
2701 5490 2804 5531 nos
2828 5474 3187 5547 scripsimus:
3221 5472 3463 5533 hand-'-

1842 5568 1945 5623 ius
1974 5577 2057 5623 est.
2079 5570 2232 5623 homo
2259 5584 2354 5639 pro
2377 5584 2696 5640 quanquam
2726 5583 2838 5623 non
2862 5568 3043 5637 fuerit,
3065 5566 3182 5621 licet
3211 5581 3317 5621 non
3342 5582 3462 5622 om-

1862 5677 1952 5715 nes
1977 5662 2234 5730 passionis
2260 5660 2375 5730 ejus
2400 5663 2647 5731 mysterio
2676 5663 3022 5718 redimantur.
3053 5660 3382 5732 Et-Prosper
3405 5660 3466 5717 in

1862 5751 2311 5822 recapitulatione
2338 5752 2394 5817 9,
2425 5761 2615 5807 contra
2646 5752 2829 5811 Gallos
2869 5754 3146 5825 (sententia
3172 5752 3230 5823 9’)
3256 5766 3281 5807 ιι
3307 5771 3331 5803 ι
3359 5748 3466 5818 Qui

1863 5843 1995 5900 dicit
2021 5844 2164 5915 quod
2180 5884 2185 5891 .
2200 5858 2321 5899 non'
2335 5856 2445 5927 pro
2462 5846 2630 5902 totius
2660 5847 2844 5903 mundi
2858 5846 3248 5917 redemptione
3273 5842 3469 5907 Salva-3
