3992 6336
586 321 693 380 295

1577 319 1912 379 HINCMARI
1948 317 2346 377 RHEMENSIS
2385 319 2902 379 ARCHlEPlSCOPl
3708 337 3788 395 296

585 453 673 498 tor
701 444 771 497 sit
799 441 1120 507 cruciﬁxus,
1152 455 1258 497 non
1291 442 1359 496 ad
1397 441 1723 496 sacramenti
1764 442 2019 495 virtutem
2039 480 2054 503 ,
2083 437 2179 493 sed
2203 439 2252 499 Α
2282 435 2592 493 dixeramus
2624 439 3002 494 auctoritative
3047 439 3340 511 resisteret.
3371 443 3424 499 Si
3461 454 3619 502 autem
3658 460 3704 507 et
3736 455 3790 509 de

517 605 524 610 ‘
587 535 653 588 ad
686 533 978 587 infidelium
1027 532 1250 602 respicit
1292 543 1530 602 partem,
1561 547 1683 587 cum
1713 531 1931 602 sanguis
1959 529 2170 584 Domini

585 625 754 682 nostri
781 623 904 680 Jesu
927 623 1123 679 Christi
1151 625 1381 694 pretium
1408 625 1571 679 totius
1593 625 1664 678 sit
1693 623 1896 678 mundi.
1930 641 1947 672 ι
1979 622 2045 676 Et
2071 637 2171 675 nos

582 716 894 785 scripsimus
920 732 935 769 ι
977 714 1114 780 Quia
1156 731 1273 769 vero
1316 732 1491 769 ontnes
1511 714 1767 781 passionis
1793 713 1904 782 ejus
1927 711 2170 782 mysterio

584 825 689 863 non
740 809 1096 874 redimuntur,
1143 825 1249 862 non
1298 809 1501 878 respicit
1547 808 1617 861 ad
1662 806 2074 878 magnitudinem
2120 813 2168 859 et

581 900 735 970 pretii
759 900 1138 970 copiositatem,
1160 900 1251 954 sed
1277 900 1345 953 ad
1367 898 1658 969 infidelium
1698 896 1906 968 respicit
1944 906 2167 968 partem.

584 989 817 1061 Prosper
841 991 1051 1046 actione
1074 990 1250 1060 prima
1279 998 1466 1046 contra
1491 990 1874 1046 Vincentianos
1921 989 2081 1061 (resp.
2110 986 2166 1059 l)

577 1083 755 1157 ,dicit:
793 1101 812 1134 ‹
840 1082 1095 1139 Poculum
1133 1084 1330 1154 quippe
1375 1083 1826 1149 immortalitatis,
1851 1082 1994 1152 quod
2034 1097 2165 1137 con-

581 1172 786 1230 fectum
829 1181 916 1228 est
955 1173 1024 1229 de
1070 1173 1385 1229 inﬁrmitate
1416 1182 1601 1230 nostra
1643 1182 1696 1229 et
1736 1174 1932 1228 virtute
1962 1172 2163 1237 divina,

583 1263 751 1322 habet
793 1263 1009 1334 quidem
1057 1264 1111 1318 in
1153 1279 1212 1318 se
1254 1273 1313 1318 ut
1353 1264 1603 1320 omnibus
1631 1265 1832 1334 prosit;
1860 1263 1955 1320 sed
1985 1263 2030 1320 si
2059 1278 2168 1319 non

590 1353 818 1422 bibitur,
865 1369 974 1410 non
1023 1357 1290 1410 medetur.
1342 1375 1360 1407 ›
1403 1355 1471 1410 Ει
1507 1371 1605 1412 nos
1647 1356 1999 1427 scripsimus:
2032 1355 2172 1421 Quia

579 1445 824 1519 poculum
846 1446 1092 1502 humana:
1120 1445 1308 1501 salutis
1331 1447 1468 1518 quod
1497 1446 1788 1516 confectum
1817 1456 1890 1500 est
1919 1446 1982 1500 de
2015 1446 2170 1514 inﬁr-

581 1537 763 1591 mitate
788 1549 967 1591 nostra
991 1545 1041 1591 et
1074 1537 1261 1592 uirtute
1285 1537 1485 1602 divina,
1515 1536 1670 1590 habet
1700 1535 1910 1607 quidem
1939 1536 1992 1589 in
2026 1551 2081 1589 se
2110 1543 2167 1588 ut

581 1628 820 1682 omnibus
864 1628 1061 1699 prosit,
1093 1629 1184 1683 sed
1223 1629 1269 1682 si
1319 1643 1423 1683 non
1457 1628 1651 1684 bibitur
1678 1645 1783 1682 non
1808 1628 2063 1682 medetur.
2106 1627 2168 1682 In

579 1721 776 1792 quibus
789 1719 970 1777 verbis
995 1720 1041 1776 si
1066 1719 1301 1792 aliquam
1325 1720 1586 1792 syllabam
1609 1735 1715 1775 non
1741 1728 1922 1774 autem
1946 1733 2164 1774 sensum

2276 541 2481 592 errore,
2515 529 2847 584 conscientia
2881 545 2940 586 se
2969 531 3328 597 remordente,
3358 535 3606 605 corrigere
3637 540 3787 608 voluit,

2273 629 2328 675 et
2371 621 2491 676 ideo
2522 623 2586 676 de
2616 624 2792 678 medio
2829 625 2928 678 ista
2959 623 3184 688 abrasit,
3220 635 3275 679 et
3319 629 3656 696 praecedentes
3686 647 3790 693 suos

2273 726 2508 778 errores,
2540 721 2597 768 et
2617 713 3010 784 subsequentes
3037 725 3249 771 nostras
3275 716 3526 773 indebitas
3550 724 3794 792 reprehen-

2272 803 2472 869 siones,
2500 805 2717 874 penitus
2747 806 3032 860 absumere
3057 805 3262 860 debuit.

2835 960 3064 1018 CAPUT
3107 961 3302 1017 XXXI.

2269 1097 2548 1172 Dedecem
2576 1106 2624 1153 et
2651 1114 2837 1172 novem
2867 1097 3131 1172 capitulis,
3164 1114 3280 1172 quae
3301 1099 3607 1172 icompilator
3629 1104 3794 1172 capitu-

2345 1171 2516 1224 lorum
2570 1170 2717 1223 nobis
2769 1187 2801 1223 a
2853 1170 2994 1239 regia
3055 1168 3406 1223 dominatione
3454 1168 3705 1235 datorum,
3751 1174 3794 1228 in

2341 1239 2706 1311 suggillatione
2749 1249 2928 1294 nostra
2978 1247 3381 1311 commemorat,
3411 1249 3454 1291 et
3485 1240 3543 1311 de
3570 1240 3693 1302 aliis.
3713 1244 3794 1297 sive

2339 1310 2458 1382 quae
2507 1327 2600 1382 nos
2645 1311 2841 1382 passim
2887 1310 3082 1378 scripta
3133 1310 3453 1382 invenimus,
3499 1310 3730 1382 sivequa:
3769 1331 3794 1365 ιι

2340 1378 2655 1452 quibusdam
2682 1379 2879 1435 levibus
2905 1379 3189 1450 quazrendo
3219 1378 3490 1433 adinventa
3523 1378 3790 1436 audiuimus.

2339 1537 2417 1592 De
2445 1537 2631 1590 decem
2656 1535 2921 1604 siquidem
2957 1543 3010 1589 et
3035 1548 3226 1589 novem
3265 1535 3526 1606 capitulis,
3557 1553 3662 1606 qua:
3682 1553 3795 1592 com-

2269 1636 2579 1692 memorat,
2632 1641 2777 1681 nunc
2829 1625 2896 1680 ad
2950 1625 3056 1680 alia
3114 1627 3549 1696 occupationibus
3597 1629 3793 1684 devocati

2270 1719 2510 1776 scribere
2535 1717 2958 1789 supersedimus.
3006 1717 3076 1772 Et
3096 1718 3222 1787 quia
3254 1718 3548 1774 audivimus
3587 1720 3793 1789 quoniam

581 1812 1002 1878 immutavimus,
1032 1827 1142 1868 non
1176 1825 1273 1884 per
1294 1812 1549 1876 studium,
1583 1825 1758 1882 neque
1774 1819 1884 1881 'per
1910 1811 2242 1880 arrogan-B
2270 1811 2372 1882 ipsi
2419 1811 2511 1880 qui
2561 1809 2651 1864 illa
2707 1808 3165 1879 reprehenderant
3221 1817 3408 1864 contra
3465 1824 3525 1864 ea
3574 1811 3794 1879 scribunt,

583 1904 713 1959 tiam
741 1904 959 1971 accidit,
985 1904 1078 1960 sed
1093 1905 1221 1975 quia
1247 1903 1444 1959 librum
1470 1902 1709 1974 ejusdem
1740 1901 1884 1957 beati
1911 1900 2168 1971 Prosperi

579 2011 692 2067 pra:
735 1995 982 2053 manibus
1027 2011 1134 2052 non
1177 1996 1500 2060 habuimus,
1547 2002 1602 2049 et
1631 1994 1863 2065 spatium
1897 2002 1959 2047 ut
1987 1992 2167 2049 aﬁ‘erri

577 2085 852 2152 valuisset,
883 2087 1140 2144 instantia
1168 2087 1489 2142 Christianae
1520 2086 1820 2142 devotionis
1845 2093 2040 2140 vestrae
2071 2098 2164 2140 co-

579 2188 756 2250 gente,
793 2180 932 2235 sicut
970 2180 1073 2250 ipsi
1101 2181 1292 2236 melius
1321 2180 1511 2246 scitis,
1551 2178 1875 2234 venerabilis
1915 2178 2166 2248 princeps

577 2279 765 2326 noster
805 2271 1003 2328 Karole
1049 2287 1143 2328 rex
1192 2271 1458 2340 gloriose,
1507 2271 1755 2327 obtinere
1801 2269 2164 2340 nequivinius,

579 2361 961 2432 compellentes
1008 2377 1107 2418 nos
1157 2361 1525 2418 coarctatione
1571 2360 1882 2432 dignissima
1909 2401 1922 2426 ,
1975 2359 2166 2416 dantes

578 2453 881 2524 exemplum
919 2469 984 2509 ex
1022 2453 1157 2509 libro
1188 2453 1502 2524 Hieronymi
1529 2454 1594 2508 de
1622 2455 1826 2522 optimo
1853 2466 2050 2523 genere
2080 2451 2163 2506 iu-

577 2545 931 2614 terpretandi,
953 2545 1080 2615 quia
1100 2560 1206 2600 non
1227 2553 1434 2600 tantum
1456 2543 1780 2616 quaerebatis
1801 2543 1990 2598 alienae
2012 2556 2163 2598 com-

576 2637 857 2705 positionis
881 2640 1066 2705 verba,
1105 2653 1271 2710 quam
1312 2638 1538 2693 sincerae
1577 2645 1632 2692 et
1675 2634 1997 2707 episcopalis
2037 2649 2164 2691 con-

575 2728 816 2783 scientiae
844 2730 1107 2785 catholica
1135 2727 1482 2806 documenta.

649 2823 806 2894 231
834 2822 963 2879 Post
989 2823 1266 2894 praemissa
1297 2822 1361 2876 de
1394 2822 1590 2893 quibus
1619 2820 1888 2876 rationem
1929 2819 2165 2875 reddidi-

579 2928 720 2977 mus,
753 2911 1044 2968 subnexuit
1069 2927 1137 2968 ex
1165 2913 1356 2968 ordine
1399 2911 1756 2983 capitulorum
1787 2911 2117 2982 compositor
2143 2929 2157 2965 :

581 3022 600 3056 ‹
633 3003 822 3067 Porro,
856 3003 1064 3074 inquit,
1112 3003 1346 3074 capitula
1375 3019 1600 3059 numero
1629 3003 1819 3060 decem
1855 3011 1912 3057 et
1946 3018 2160 3070 novem,

576 3095 902 3168 syllogismis
948 3095 1281 3165 ineptissime
1313 3103 1370 3151 et
1416 3095 1828 3150 mendacissime
1860 3112 1892 3149 a
1927 3094 2162 3164 quodam

581 3187 766 3244 Scotto
805 3188 1100 3255 conclusa,
1150 3187 1238 3242 ubi
1292 3202 1402 3242 non
1448 3196 1822 3257 argumentum
1870 3186 2026 3253 ﬁdei,
2068 3187 2162 3242 sed
2190 3173 2235 3237 C

576 3281 756 3352 potius
804 3287 1170 3336 commentum
1225 3277 1464 3348 perﬁdiae
1505 3285 1690 3348 patet,
1749 3276 1893 3331 nulla
1942 3277 2163 3333 omnino

578 3373 952 3446 philosophica
980 3381 1118 3439 arte,
1147 3379 1208 3427 ut
1236 3379 1554 3442 arroganter
1583 3385 1614 3425 a
1644 3370 1964 3441 quibusdam
1994 3367 2165 3439 jacta-

581 3477 687 3533 tur,
721 3475 1125 3535 constructum,
1174 3467 1272 3523 sed
1314 3465 1464 3521 inani
1510 3465 1721 3522 fallacia
1759 3474 1814 3520 et
1849 3463 2163 3534 deceptione

581 3558 987 3629 imperitissime
1019 3557 1303 3614 confusum
1322 3599 1335 3625 ,
1365 3574 1393 3613 a
1443 3559 1532 3628 pio
1561 3558 1748 3614 auditu
1792 3555 2032 3612 ﬁdelium
2061 3547 2190 3626 pe-'

583 3651 730 3707 nitus
772 3651 1122 3722 expledimus.
1176 3651 1245 3707 Et
1270 3662 1331 3708 ut
1373 3651 1497 3706 talia
1527 3660 1582 3707 et
1618 3650 1813 3706 similia
1843 3657 2163 3716 caveantur,

585 3761 682 3815 per
703 3745 886 3800 omnia
910 3745 1234 3800 auctoritate
1262 3743 1496 3816 Spiritus
1523 3742 1698 3800 sancti
1723 3743 2116 3798 interdicimus.
2139 3758 2158 3792 ›

585 3836 662 3892 De
707 3839 812 3893 hoc
856 3837 1092 3906 capitulo
1136 3837 1381 3907 quaedam
1428 3839 1643 3906 dempta
1678 3836 1983 3891 invenimus
2007 3849 2073 3888 ex
2101 3847 2166 3888 eo

583 3928 728 3998 quod
757 3928 914 3983 nobis
953 3936 1078 3983 ante
1107 3927 1399 3982 triennium
1419 3967 1434 3992 ,
1465 3929 1608 3983 sicut
1649 3941 1822 3997 supra_
1840 3922 2165 3980 memoravi-

584 4038 726 4087 mus,
765 4021 820 4077 in
845 4020 1018 4077 Nielfa
1054 4020 1180 4076 villa
1224 4021 1676 4090 Rbotoinageusis
1712 4019 1972 4090 episcopii
2013 4033 2164 4074 com-

587 4113 838 4170 misistis.
893 4113 1096 4169 Ibidem
1149 4114 1293 4168 enim
1349 4113 1606 4183 scriptum
1658 4113 1887 4168 habetur
1936 4127 1950 4164 :
1995 4109 2168 4166 Porro

585 4205 818 4278 capitula
859 4213 1115 4277 quatuor,
1167 4221 1287 4276 quae
1333 4207 1560 4262 consilio
1603 4205 1832 4260 fratrum
1887 4214 2167 4261 nostorum

586 4301 769 4357 minus
791 4309 1076 4371 prospecte
1102 4309 1350 4369 suscepta
1380 4309 1528 4366 sunt,
1554 4313 1775 4370 propter
1796 4299 2167 4367 inutilitatem,

584 4392 668 4448 vel
699 4393 864 4447 etiam
902 4390 1260 4456 noxietatem,
1297 4399 1354 4444 et
1382 4405 1625 4446 errorem
1656 4391 1990 4445 contrarium
2019 4391 2167 4445 veri-

2266 1911 2646 1972 exspectamus
2677 1900 2848 1955 donec
2888 1899 3168 1956 videamus
3225 1899 3272 1954 si
3332 1899 3518 1970 aliquis
3562 1900 3703 1955 fuerit
3725 1901 3795 1971 qui

2268 1994 2384 2066 ipsa
2410 1992 2615 2048 nitatur
2646 1991 2937 2048 defendere
2955 2033 2969 2056 ,
2995 1991 3079 2046 vel
3109 1991 3240 2060 quid
3267 2000 3453 2046 contra
3483 1991 3566 2046 illa
3598 1993 3795 2048 scribens

2266 2089 2478 2144 nitatur
2509 2100 2773 2142 asserere.
2807 2084 2928 2140 Alia
2959 2083 3318 2140 nihilominus
3358 2083 3578 2155 capitula
3603 2085 3659 2138 77
3694 2099 3796 2153 quo-

2266 2179 2391 2235 dam
2445 2176 2706 2234 oﬁ‘erente
2758 2175 3099 2247 suscepimus
3127 2191 3419 2246 ,-quorum
3466 2175 3796 2246 superscriptio

2265 2271 2390 2327 talis
2415 2279 2500 2327 est
2529 2287 2544 2327 :
2579 2288 2598 2322 ι
2630 2267 3028 2340 Recapitulatio
3059 2269 3226 2324 totius
3254 2268 3452 2339 operis,
3481 2275 3532 2322 et
3557 2266 3795 2344 capitulum

2266 2363 2428 2434 232
2454 2362 2691 2433 primum
2718 2359 2949 2416 habetur
2968 2359 3310 2428 huiusmodi:
3341 2379 3360 2412 ‹
3388 2359 3526 2415 Dicis
3551 2359 3794 2431 quadruvio

2265 2454 2576 2524 regularum
2619 2462 2851 2524 quatuor
2879 2454 3044 2509 totius
3071 2453 3428 2524 philosophiae
3453 2468 3647 2509 omnem
3683 2469 3796 2524 quat-

2267 2544 2503 2601 stionem
2531 2544 2686 2600 solvi.
2727 2544 3139 2614 Respondemus
3171 2560 3273 2600 nec
3307 2543 3433 2599 illud
3470 2544 3790 2616 quadruvium,

2264 2654 2368 2696 nec
2390 2639 2529 2695 ullas
2555 2641 2841 2695 mundanae
2876 2639 3156 2709 sapientiae
3189 2641 3482 2695 sententias
3503 2681 3517 2706 ,
3543 2639 3602 2694 ad
3624 2654 3793 2695 omnem

2264 2733 2618 2804 quaestionem
2669 2731 2984 2788 solvendam
3027 2729 3278 2787 suﬁicere
3318 2734 3514 2801 absque
3550 2731 3697 2802 gratia
3721 2729 3793 2784 Dei

2264 2834 2322 2882 et
2369 2825 2508 2892 ﬁde,
2548 2839 2668 2894 qum
2712 2833 2810 2894 per
2858 2823 3207 2880 dilectionem
3251 2835 3518 2897 operatur,
3559 2840 3616 2880 ac
3649 2819 3792 2877 veraci

2265 2923 2444 2980 studio
2470 2929 2524 2977 et
2551 2928 2861 2976 sanctarum
2889 2921 3117 2976 scientia
3148 2919 3563 2992 Scripturarum.
3595 2917 3794 2973 Novissi-

2265 3029 2414 3069 mum
2435 3027 2588 3069 vero.
2622 3012 2766 3068 Dicis
2785 3013 3253 3069 anathematizare
3285 3024 3336 3069 te
3362 3028 3454 3068 eos
3475 3013 3557 3082 qui
3579 3011 3794 3084 geminant

2266 3103 2801 3177 praidestinationem
2829 3102 3051 3170 dicunt,
3079 3112 3175 3158 aut
3209 3105 3679 3175 prmdestinationes
3703 3100 3794 3172 plu-

2267 3197 2457 3253 raliter
2484 3193 2737 3250 eﬁ‘erunt.
2766 3192 3178 3264 Respondemus
3209 3197 3304 3251 tibi
3331 3196 3507 3266 potius
3541 3191 3795 3253 convenire,

2269 3289 2363 3360 qui
2407 3287 2690 3344 veritatem
2725 3287 3055 3357 judiciorum
3093 3287 3191 3342 Dei
3237 3290 3496 3360 tantisper
3537 3290 3795 3359 impugnas,

2269 3381 2432 3437 ﬁdem
2463 3380 2728 3436 dictorum
2761 3380 3034 3435 veracium
3083 3396 3275 3453 negas,
3315 3397 3470 3440 sensa
3509 3382 3702 3437 Patrum
3724 3390 3799 3448 per

2267 3473 2449 3530 omnia
2505 3473 2926 3528 reverendorum
2971 3472 3284 3530 ﬁdelissima
3338 3477 3619 3546 depravas,
3660 3481 3705 3526 et
3744 3482 3792 3524 ea

2269 3563 2491 3634 insuper
2538 3578 2711 3620 novus
2758 3561 3056 3618 falsitatum
3101 3564 3356 3621 inventor
3401 3565 3668 3627 enuntias,
3709 3574 3799 3633 quae

2269 3655 2447 3711 nullus
2476 3656 2706 3711 antehac
2736 3655 2939 3710 dixisse
2965 3655 3052 3711 vel
3084 3659 3373 3729 scripsisse
3407 3659 3651 3714 ullatenus
3679 3667 3797 3724 repe-

2269 3748 2432 3803 ritur.
2469 3767 2487 3801 ι
2523 3747 2764 3816 Quorum
2812 3756 3064 3804 auctores
3089 3787 3104 3814 ,
3155 3751 3243 3805 vel
3289 3751 3464 3820 potius
3499 3749 3593 3806 sibi
3627 3759 3800 3816 compu-

2271 3850 2547 3914 gnatores,
2582 3849 2640 3897 et
2682 3841 2736 3895 in
2787 3842 3110 3912 quibusdam
3157 3844 3405 3898 veritatis
3440 3845 3797 3913 impugnatores,

2265 3937 2588 4008 jactitantur
2611 3951 2642 3991 a
2667 3935 2853 3991 multis
2871 3935 3201 3993 Prudentius
3227 3939 3527 4010 episcopus,
3551 3946 3602 3992 et
3617 3935 3802 3991 Joannes

2273 4027 2605 4100 Scottigena.
2661 4027 2768 4084 Sed
2817 4042 2918 4084 nos
2965 4042 3068 4083 nec
3116 4029 3346 4084 credere
3395 4044 3492 4085 nec
3539 4025 3802 4082 conﬁrmare

2270 4120 2519 4177 volumus
2537 4161 2551 4185 ,
2580 4119 2724 4190 quod
2767 4119 3105 4175 documentis
3133 4120 3461 4176 certioribus
3491 4119 3802 4175 demonstrare

2272 4228 2380 4268 non
2411 4226 2718 4284 possumus.
2742 4211 2961 4265 Interim
2988 4218 3170 4266 tamen
3197 4212 3409 4268 illorum
3432 4205 3802 4268 contentionibus

2272 4322 2371 4362 nos
2403 4307 2707 4362 immiscere
2729 4305 2999 4361 noluimus
3014 4345 3029 4371 ,
3053 4320 3225 4376 usque
3245 4307 3372 4362 dum
3395 4305 3632 4378 liquidius
3649 4310 3803 4370 cOgno-

2275 4414 2492 4455 scamus
2520 4397 2586 4454 ad
2619 4413 2779 4467 quem
2811 4397 2974 4451 ﬁnem
3003 4399 3408 4454 contentionem
3447 4412 3589 4454 suam
3633 4392 3805 4462 quicun-

589 4487 718 4550 lali.
753 4484 847 4539 θεά
879 4493 934 4538 ει
965 4483 1069 4538 alia
1097 4482 1335 4552 calmula
1365 4497 1589 4537 ηυιιιθνο
1615 4482 1802 4537 decem
1851 4492 1907 4537 ει
1952 4498 2164 4550 novem.
2194 4533 2251 4596 Β
2275 4508 2382 4564 que
2407 4493 2517 4546 sint
2540 4491 2614 4545 illi
2643 4490 3013 4561 perduxerint,
3053 4491 3405 4546 recordantes
3434 4487 3681 4560 Sapientis
3709 4494 3805 4552 pro-

587 4577 910 4648 syhogismis
931 4577 1269 4648 ineptissime
1289 4585 1344 4632 et
1366 4577 1778 4633 mendacissime
1807 4577 2087 4644 conclusa,
2117 4586 2172 4635 et

590 4668 796 4738 reliqua
827 4667 969 4722 sicut
995 4677 1051 4722 et
1083 4669 1172 4724 hic
1197 4668 1529 4739 compositor
1562 4669 1666 4724 iste
1694 4669 1855 4725 modo
1884 4669 2169 4740 disposuit.

596 4758 749 4814 Unde
775 4759 1058 4826 miramur,
1092 4759 1136 4814 si
1165 4759 1268 4813 iste
1299 4760 1353 4813 in
1387 4759 1740 4829 compilandis
1764 4760 1870 4816 illis
1900 4760 2000 4815 fuit
2027 4761 2174 4831 capi-

593 4852 740 4918 tulis,
775 4852 880 4909 hoc
915 4854 1056 4923 quod
1084 4861 1212 4908 tunc
1253 4853 1306 4907 in
1361 4854 1442 4908 eis
1489 4863 1595 4908 tam
1638 4855 1875 4910 studiose
1923 4856 2170 4920 inseruit,

592 4960 762 5015 quare
791 4945 858 5001 de
894 4946 1000 5001 isto
1041 4947 1267 5001 eradere
1302 4945 1510 5001 maluit.
1544 4946 1611 5001 Et
1639 4947 1682 5002 si
1713 4947 1769 5002 in
1797 4947 1901 5003 illis
1928 4947 2175 5018 capitulis

591 5043 924 5113 compositor
953 5043 1057 5098 iste
1082 5058 1188 5098 non
1216 5042 1336 5110 fuit,
1361 5044 1633 5114 quomodo
1659 5052 1768 5098 tam
1791 5052 2172 5110 consonanter,

591 5144 651 5190 ut
685 5135 738 5189 in
767 5135 916 5190 nullo
942 5134 1069 5200 alio,
1116 5143 1343 5204 excepto
1391 5135 1494 5189 isto
1539 5134 1684 5199 loco,
1715 5144 1772 5189 et
1814 5136 1880 5190 de
1927 5135 2176 5205 sequenti

593 5227 850 5298 capitulo,
880 5227 948 5282 de
968 5241 1075 5296 quo
1105 5241 1271 5281 unum
1297 5225 1484 5280 elinxit
1513 5225 1888 5296 apostolicum,
1916 5227 2053 5281 sicut
2076 5240 2176 5281 suo

593 5319 713 5375 loco
763 5317 1186 5374 monstrabimus
1214 5358 1229 5382 ,
1286 5317 1584 5373 deviaverit
1631 5318 1717 5373 vel
1771 5318 2175 5384 immutaverit,

596 5423 770 5480 neque
798 5417 1109 5464 transverso
1138 5407 1374 5480 capilloa
1397 5409 1650 5465 concordi
1675 5411 1940 5465 sententia
1963 5409 2178 5465 exorbi-

597 5501 814 5556 taverit.
845 5500 905 5558 Si
927 5501 1073 5556 enim
1099 5517 1200 5558 nos
1223 5499 1368 5571 iuste
1393 5510 1449 5557 et
1471 5499 1867 5558 rationabiliter
1887 5502 2178 5572 reprehen-

596 5589 726 5645 dere
752 5606 812 5646 se
833 5605 992 5663 posse
1015 5599 1070 5646 et
1095 5591 1293 5647 debere
1319 5591 1568 5659 conﬁdit,
1598 5606 1806 5648 memor
1829 5593 1955 5662 quia
1984 5591 2180 5648 Paulus

596 5681 757 5738 Petro
809 5684 862 5739 in
910 5683 1103 5740 faciem
1147 5685 1349 5740 restitit
1401 5683 1547 5756 (Gal.
1590 5700 1648 5749 ιι,
1701 5683 1832 5756 ll),
1888 5693 2179 5755 apportans

601 5776 926 5846 scriptorum
961 5791 1180 5832 suorum
1228 5777 1612 5845 plenitudinem
1633 5817 1648 5845 ,
1682 5777 1767 5833 his
1802 5794 1922 5845 quae
1953 5793 2180 5847 oerpere

2279 4584 2450 4639 verbii
2485 4600 2499 4639 :
2541 4581 2690 4638 Sicut
2719 4582 2808 4651 qui
2849 4583 3188 4651 apprehendit
3225 4583 3442 4636 auribus
3469 4594 3656 4640 canem,
3682 4575 3742 4628 sic
3769 4575 3805 4622 cl

2279 4677 2368 4744 qui
2407 4673 2730 4728 immiscetur
2773 4673 2903 4725 rima:
2934 4672 3150 4727 alterius
3188 4670 3372 4743 (Prov.
3405 4687 3550 4736 xxvr,
3578 4666 3672 4738 17).
3703 4661 3806 4716 Sunt

2279 4774 2334 4820 et
2378 4765 2480 4819 alia
2533 4779 2654 4833 qua:
2699 4776 2891 4817 vocum
2938 4763 3271 4819 novitatibus
3323 4763 3665 4823 delectantes,
3700 4750 3806 4807 unde

2281 4860 2382 4916 sibi
2425 4861 2616 4914 inanes
2645 4865 2964 4927 comparent
3007 4858 3370 4922 rumusculos,
3402 4865 3580 4912 contra
3611 4849 3713 4905 ﬁdei
3736 4859 3804 4900 ca—

2282 4951 2496 5020 tholicae
2546 4949 2832 5004 veritatem
2889 4947 3093 5002 dicunt.
3135 4945 3398 5001 Videlicet
3440 4944 3572 5014 quod
3612 4939 3730 4994 trina
3756 4931 3808 4986 sit

2280 5041 2485 5106 Deitas,
2516 5040 2660 5110 quod
2707 5037 3061 5093 Sacramenta
3091 5037 3279 5092 altaris
3306 5052 3410 5091 non
3438 5047 3614 5088 verum
3653 5034 3807 5093 corpus

2279 5145 2335 5190 et
2364 5151 2526 5190 verus
2571 5132 2792 5204 sanguis
2842 5131 2913 5185 sit
2960 5130 3209 5195 Domini,
3238 5129 3331 5184 sed
3365 5138 3562 5183 tantum
3597 5113 3808 5177 memori?l

2280 5227 2394 5282 veri
2426 5225 2671 5295 corporis
2700 5232 2753 5278 et
2781 5222 3057 5292 sanguinis
3086 5219 3227 5291 ejus,
3270 5220 3409 5289 quod
3457 5215 3618 5287 angeli
3656 5217 3808 5265 natura

2281 5319 2387 5375 sint
2444 5315 2790 5388 corporales,
2844 5313 2986 5383 quod
3032 5314 3211 5368 anima
3261 5310 3493 5366 hominis
3535 5322 3629 5362 non
3675 5300 3731 5356 sil

2282 5425 2530 5480 corpore,
2571 5408 2714 5478 quod
2752 5421 2857 5482 non
2885 5405 3005 5460 alia:
3034 5418 3207 5476 poma:
3245 5404 3354 5458 sint
3401 5396 3691 5458 infernales,
3729 5382 3806 5482 nisi

2280 5501 2619 5560 tormentalis
2671 5498 2934 5555 memoria
2990 5495 3334 5552 conscientiae
3386 5499 3718 5564 peccatorum.
3759 5474 3809 5530 Et

2279 5593 2421 5650 forte
2465 5593 2557 5662 qui
2609 5606 2717 5645 non
2748 5598 3000 5660 satagunt
3046 5597 3104 5642 ut
3142 5593 3264 5656 post
3302 5584 3507 5638 ﬁnitum
3554 5565 3809 5632 universale

2277 5686 2540 5758 judicium
2583 5682 2870 5738 Dominum
2915 5679 3156 5743 videant,
3188 5675 3420 5746 qualiter
3452 5670 3610 5727 videri
3637 5663 3807 5721 debeal:

2285 5775 2526 5835 mordaci
2555 5772 2901 5830 contentione
2924 5769 3252 5842 disquirunt.
3281 5767 3348 5820 Et
3374 5765 3522 5837 plura
3545 5759 3638 5816 alia
3660 5759 3810 5810 contra
