3992 6336
145 373 238 430 ΞΞΠ

144 500 258 558 qua:
285 481 623 539 orthodoxos
655 477 908 534 Ecclesiae
938 475 1216 532 catholicae
1244 482 1481 528 rectores
1505 486 1728 527 necesse
1756 474 1803 532 Λ

143 579 240 633 erit
266 575 461 632 solerti
490 573 669 630 studio
695 572 942 641 vigilare.

205 665 311 722 Sed
353 673 416 720 et
461 663 514 718 in
559 661 782 732 praefata
831 660 1067 732 synodo,
1115 656 1364 729 capitulis
1410 671 1528 726 quae
1569 656 1726 713 nobis

140 754 394 818 dedistis,
429 753 484 808 in
513 750 959 822 quaternunculis
989 750 1150 804 unius
1192 748 1595 804 consacerdotis
1630 764 1726 802 no.

138 843 227 901 stri
254 851 472 912 septem
502 840 816 909 subjunctas
840 838 1145 895 in'Venimus
1165 877 1180 904 ,
1211 853 1316 893 non
1344 837 1592 902 veritate,
1631 837 1724 892 scd

137 935 351 990 nomine
383 933 602 1002 regulas
634 951 647 986 :
679 932 804 1003 quia
836 947 945 986 non
974 931 1133 997 ﬁdei,
1178 931 1316 986 sicut
1361 928 1557 984 ibidem
1593 930 1726 985 scri-

136 1034 276 1097 ptum
306 1024 639 1094 reperimus,
670 1022 868 1093 regulae
888 1063 902 1089 ,
937 1022 1038 1078 sed
1084 1021 1153 1076 ad
1193 1019 1560 1076 infidelitatem
1590 1019 1724 1074 sim-

134 1116 359 1187 plicibus
414 1121 674 1184 protensa
715 1120 844 1168 sunt
899 1111 1158 1166 retiacula
1208 1127 1223 1164 :
1273 1124 1394 1180 quae
1437 1109 1725 1164 verborum

136 1211 186 1259 et
227 1217 494 1258 sensuum
549 1200 905 1256 consonantia
949 1199 1191 1270 ejusdem
1247 1197 1522 1264 auctoris,
1572 1198 1726 1268 cujus

135 1306 186 1351 et
213 1292 462 1364 capitula
493 1303 694 1370 nostra:
720 1293 1014 1347 humilitati
1058 1307 1088 1346 a
1130 1298 1309 1346 vestra
1335 1290 1458 1345 data
1483 1289 1726 1346 sublimi-

134 1397 256 1454 tate,
286 1387 411 1442 fore
443 1387 760 1442 creduntur.
797 1385 1038 1452 Quarum
1075 1383 1291 1439 initium
1318 1391 1405 1438 est
1436 1401 1450 1437 :
1490 1400 1509 1434 ‹
1542 1382 1725 1439 Primo

134 1484 244 1539 loco
291 1482 646 1553 ponendum,
693 1488 752 1535 et
793 1479 1186 1544 vehementius,
1230 1485 1392 1548 prout
1439 1490 1584 1530 nunc
1628 1490 1726 1544 pu-

135 1573 363 1628 sillitatis
413 1580 620 1628 nostrae
665 1570 939 1626 memoriae
968 1568 1228 1634 occurrit,
1253 1567 1529 1622 credimus
1572 1581 1722 1621 com-

136 1664 503 1720 mendandum
559 1670 767 1731 septem
814 1661 1076 1732 quasdam
1128 1675 1250 1715 esse
1303 1657 1516 1729 regulas
1563 1656 1722 1726 ﬁdei,

137 1770 193 1811 ex
226 1754 545 1810 divinarum
590 1751 996 1822 Scripturarum
1036 1749 1359 1807 auctoritate
1402 1746 1681 1802 venientes
1706 1786 1722 1812 ,

897 367 984 422 DE
1021 359 1694 420 PRzEDESTINATIONE
1733 357 2192 416 DISSERTATIO
2240 359 2649 418 POSTERIOR.

3299 363 3403 419 298

2378 471 2605 526 CAPUT
2642 467 2850 525 XXXII.

1828 559 1906 615 De
1946 562 2185 617 clausu.a
2233 563 2446 632 capituli
2495 564 2866 632 compilatoris,
2897 572 2946 617 et
2987 565 3052 617 de
3095 565 3262 620 tribus
3285 582 3403 632 quia

1897 633 2018 686 huic
2064 633 2302 704 capitulo
2351 634 2648 687 subnectere
2698 635 3137 704 procuravimus;
3179 652 3404 704 quorum

1896 719 2060 756 unum
2098 714 2171 756 est
2215 703 2340 772 quia
2381 704 2545 757 turba:
2587 703 2705 772 qua:
2752 703 3084 759 Dominicum
3126 703 3404 762 adventum

1896 782 2293 847 praecesserunt,
2321 782 2366 825 et
2394 789 2522 847 qua:
2549 774 2951 847 subsequuntur,
2992 791 3098 828 una
3119 776 3404 847 eademque

1895 840 2002 915 ﬁde
2027 841 2353 915 conclamant
2382 840 2619 915 Osanna,
2645 840 2890 915 quoniam
2917 861 3009 915 per
3037 846 3262 915 gratiam
3307 840 3410 904 Dei

1897 912 2090 966 salvari
2113 913 2371 966 credimus
2399 913 2835 982 quemadmodum
2866 912 2925 966 et
2947 912 3053 968 illi:
3361 945 3364 948 -

1897 1023 2135 1078 Tandem
2165 1023 2218 1078 in
2251 1024 2354 1078 hac
2389 1006 2627 1079 clausula
2658 1024 2977 1081 adinventor
2999 1027 3227 1086 istorum
3256 1031 3407 1102 capi-

1826 1112 2061 1168 tulorum
2085 1128 2322 1184 praesens
2363 1113 2628 1169 conclusit
2663 1114 2956 1185 capitulum
2985 1115 3208 1174 dicens:
3243 1137 3264 1172 ι
3302 1118 3412 1175 No-

1824 1222 2014 1262 varum
2065 1207 2230 1263 etiam
2282 1223 2462 1264 rerum
2517 1209 2949 1278 introductores,
2999 1228 3066 1267 ne
3115 1213 3412 1270 districtius

1825 1298 2110 1365 feriantur,
2144 1299 2484 1368 castigandos
2531 1315 2651 1356 esse
2689 1316 2992 1358 censemus.
3031 1323 3049 1355 ι
3085 1303 3153 1358 Et
3198 1320 3296 1360 nos
3337 1306 3412 1362 ita

1825 1390 1988 1446 etiam
2016 1404 2424 1446 concensemus.
2454 1389 2679 1448 Veteres
2709 1389 3221 1449 Praedestinatianos
3246 1436 3262 1462 ,
3309 1411 3408 1451 no-

1825 1496 2017 1535 varum
2069 1481 2275 1537 scilicet
2328 1497 2506 1537 rerum
2553 1482 2978 1550 introductores,
3039 1494 3260 1543 sanctus
3305 1488 3416 1544 Au-

1825 1575 2070 1646 gustinus
2099 1575 2331 1632 inlibris
2358 1578 2424 1633 de
2446 1576 2797 1649 Correptione
2821 1589 2876 1636 et
2903 1577 3091 1636 Gratia
3114 1623 3129 1650 ,
3171 1583 3236 1638 de
3269 1582 3414 1638 Prazi

1826 1666 2185 1724 destinatione
2235 1677 2585 1737 sanctorum,
2640 1687 2704 1728 ac
2752 1669 2903 1728 Bono
2956 1677 3412 1745 perseverantiae,

1827 1757 1991 1830 234I
2018 1757 2470 1830 Ilypomnesticon
2503 1761 2853 1820 nihilominus
2881 1760 3052 1832 libro,
3083 1773 3138 1820 et
3179 1763 3318 1821 libro
3346 1767 3414 1822 de

139 1857 186 1902 ei
210 1863 240 1901 a
265 1845 484 1902 sauciis
505 1853 669 1914 atque
696 1843 1013 1899 oribodoxis
1036 1840 1287 1896 Pairibus
1314 1836 1722 1909 diligentissime
1750 1831 1798 1892 Β
1823 1849 2299 1908 Prmdestinatioue
2319 1854 2530 1925 gratiae,
2554 1854 3005 1913 sufﬁcientissime
3027 1831 3082 1914 et
3104 1857 3415 1918 ﬁdelissime

140 1935 550 1992 commendatas
580 1951 594 1988 :
624 1932 692 1989 de
733 1931 1076 2004 praescientia
1107 1930 1314 1986 scilicet
1348 1935 1404 1982 et
1441 1928 1720 1998 praedesti-

141 2029 346 2083 natione
371 2025 567 2081 divina
593 2040 609 2079 :
638 2039 773 2094 quas
792 2031 848 2079 et
875 2021 1174 2079 catholicus
1201 2019 1516 2076 fidelissime
1540 2027 1726 2076 tenere

140 2117 360 2181 debeat,
433 2123 490 2170 et
546 2114 856 2184 quicunque
911 2111 999 2168 his
1052 2111 1326 2168 contraria
1385 2109 1560 2181 sapit,
1616 2125 1725 2165 non

143 2207 400 2264 catholice
455 2206 663 2262 sentire
708 2205 1110 2276 comprobetur.
1149 2223 1170 2257 ι
1199 2203 1265 2258 Et
1295 2203 1373 2258 sic
1397 2217 1495 2274 per
1519 2210 1725 2273 septem

146 2301 269 2368 illas,
296 2315 415 2355 non
449 2312 609 2353 veras
637 2295 876 2368 regulas,
907 2297 1001 2352 sed
1028 2296 1184 2352 ﬁctas
1211 2294 1442 2361 reculas,
1472 2295 1612 2352 sicut
1641 2311 1727 2351 so-

145 2392 241 2447 lent
265 2391 436 2464 233
477 2389 744 2445 sortiaria:
770 2387 972 2456 facere,
1003 2389 1070 2445 ad
1097 2403 1196 2444 ora
1228 2387 1432 2444 vasculi
1462 2387 1640 2454 mella,
1671 2397 1728 2444 et

147 2484 193 2538 in
214 2483 566 2540 inferioribus
615 2482 860 2552 partibus
891 2497 1096 2537 venena
1120 2495 1444 2553 supponere,
1469 2481 1726 2536 orthodo-

144 2588 319 2630 xorum
353 2574 529 2629 verba
555 2573 872 2652 detruncata
912 2587 1251 2643 praeponens,
1280 2573 1346 2627 ad
1393 2573 1534 2627 hanc
1571 2587 1720 2627 sum-

148 2680 275 2721 mam
326 2664 654 2721 intellectus
691 2664 775 2720 sui
825 2664 1046 2720 deducit
1095 2665 1439 2730 sententiam,
1476 2673 1536 2720 ut
1581 2665 1723 2720 sicut

145 2759 282 2814 electi
307 2759 382 2814 ad
408 2759 604 2824 vitam,
633 2757 711 2813 ita
739 2765 795 2814 et
821 2757 1037 2829 reprobi
1074 2772 1106 2812 a
1132 2757 1243 2813 Deo
1270 2756 1724 2829 praedestinentur

149 2855 203 2908 ad
224 2864 492 2910 mortem:
523 2862 580 2909 et
626 2853 922 2910 secundum
963 2853 1365 2924 praescientiam
1396 2867 1552 2908 suam
1581 2853 1724 2909 Deus

147 2945 496 3014 damnaverit,
545 2963 681 3018 quos
713 2947 767 3002 in
819 2947 1104 3019 iniquitate
1151 2957 1207 3004 et
1234 2948 1511 3018 impietate
1540 2962 1723 3019 perse-

149 3047 416 3096 veraturos
465 3038 802 3109 przesciverit
825 3079 842 3105 ,
892 3039 1218 3108 eosdemque
1262 3038 1534 3108 perituros
1584 3053 1723 3110 prae-

149 3131 508 3188 destinaverit.
574 3130 705 3198 Quae
757 3128 960 3185 imitari
1035 3129 1225 3186 volens
1283 3128 1547 3184 lsidorum
1576 3170 1591 3195 ,
1657 3130 1722 3186 de

152 3220 352 3278 Ticonio
383 3229 438 3276 et
464 3221 586 3276 aliis
609 3219 942 3292 sapientibus
968 3228 1178 3290 septem
1205 3218 1260 3273 in
1282 3219 1451 3273 sacris
1479 3216 1722 3289 Scriptu-

153 3312 216 3366 ris
241 3311 453 3384 regulas
487 3317 872 3380 excerpentem
900 3349 916 3375 ,
944 3309 1076 3364 satis
1120 3308 1326 3364 insulse
1355 3315 1410 3364 et
1430 3322 1537 3363 non
1575 3309 1720 3364 veri-

154 3404 303 3463 simile
350 3405 649 3471 nausiavit,
681 3403 972 3475 quaerendo
1001 3403 1131 3473 quid
1179 3403 1384 3458 diceret
1434 3403 1526 3473 qui
1571 3403 1720 3473 loqui

156 3498 387 3553 nesciens
436 3505 619 3552 tacere
660 3511 768 3552 non
803 3496 998 3567 potuit.
1033 3495 1110 3550 De
1162 3496 1358 3566 quibus
1392 3495 1721 3566 superfluum

155 3587 388 3645 duximus
411 3588 654 3645 scribere
682 3628 698 3655 ,
747 3589 875 3658 quia
903 3588 1155 3660 primam,
1199 3596 1254 3642 et
1297 3589 1613 3657 secundam,
1655 3605 1720 3647 ac

156 3681 348 3735 tertiam
377 3720 392 3747 ,
447 3679 564 3734 sive
621 3687 893 3749 quartam,
951 3692 1279 3732 aranearum
1338 3678 1504 3743 telas,
1562 3681 1719 3749 quasi

158 3774 422 3842 specialius
442 3783 663 3830 sanctus
681 3771 1016 3843 Augustinus
1040 3771 1096 3826 in
1117 3771 1256 3828 libro
1280 3771 1347 3826 de
1368 3771 1721 3844 Correptione

153 3872 201 3918 et
238 3865 419 3920 Gratia
446 3904 463 3930 ,
509 3873 566 3919 et
600 3863 654 3919 in
677 3863 816 3918 libro
861 3863 928 3918 de
967 3862 1117 3918 Bono
1170 3865 1610 3934 perseverantiae,
1662 3875 1719 3920 et

153 3965 350 4012 sanctus
374 3955 610 4024 Prosper
639 3962 823 4008 contra
875 3952 1197 4018 .lauuenses,
1231 3953 1428 4008 nullius
1459 3954 1718 4009 momenti

154 4063 253 4104 esse
277 4051 672 4104 demonstrant.
705 4045 960 4114 Quintam
990 4061 1121 4100 vero
1144 4045 1443 4100 naauiarum
1475 4053 1528 4101 et
1549 4046 1716 4116 septi-

152 4156 276 4195 mam
321 4140 564 4212 regulam
612 4139 804 4194 beatus
849 4137 1214 4210 Augustinus,
1263 4146 1451 4193 contra
1503 4147 1716 4194 veteres

153 4229 646 4288 Praedeslinatianos
679 4270 695 4296 ,
761 4229 816 4284 in
879 4229 1016 4284 libro
1085 4229 1153 4284 de
1223 4229 1715 4287 Praedestiuatione

153 4334 462 4389 sanctorum,
490 4331 545 4377 et
581 4331 800 4377 sanctus
838 4319 1136 4390 Gregorius
1177 4319 1233 4374 in
1266 4319 1405 4375 libro
1447 4320 1710 4392 vigesimo

153 4418 320 4486 quinto
348 4414 634 4470 Moralium
663 4412 784 4478 Job,
811 4412 866 4466 in
897 4420 1065 4466 totum
1087 4419 1142 4466 et
1163 4427 1260 4481 per
1292 4420 1466 4466 totum
1496 4413 1712 4467 annihi-

1826 1948 1988 2012 atque
2042 1951 2269 2014 paterne
2323 1945 2591 2018 castigare
2653 1947 2884 2002 curavit.
2940 1947 3142 2005 Deinde
3194 1962 3414 2008 sanctus

1823 2021 2147 2094 leestinus
2190 2039 2513 2095 auctoritate
2566 2039 2892 2112 apostolica,
2939 2040 3195 2098 instantia
3240 2046 3416 2102 sancti

1824 2129 2112 2201 Prosperi,
2167 2139 2223 2186 et
2272 2131 2538 2187 sententia
2587 2131 2869 2204 synodali,
2922 2133 3196 2204 redarguit
3251 2144 3415 2206 atque

1825 2221 2161 2293 compressit.
2194 2221 2262 2276 Et
2287 2237 2431 2277 nunc
2460 2222 2645 2278 itidem
2693 2221 2886 2278 harum
2927 2238 3189 2280 novarum
3218 2240 3416 2282 vocum

1826 2313 2304 2380 reintroductores,
2333 2314 2522 2371 eadem
2541 2315 2864 2371 auctoritate
2889 2325 3202 2374 sanctarum
3229 2318 3418 2392 Scripo

1829 2412 2094 2471 turarum,
2130 2414 2186 2461 et
2219 2405 2612 2462 catholicorum
2633 2415 2796 2478 atque
2821 2407 3166 2479 antiquorum
3192 2407 3417 2468 Patrum

1827 2497 2052 2568 prolatis
2077 2500 2380 2566 sententiis,
2410 2515 2632 2556 necesse
2663 2507 2748 2554 est
2774 2499 3065 2572 castigare,
3095 2501 3418 2572 redarguere

1825 2598 1987 2660 atque
2011 2590 2389 2661 comprimere.
2414 2590 2568 2646 Unde
2595 2591 2700 2646 tria
2722 2591 2848 2646 huic
2868 2592 3100 2663 capitulo
3127 2595 3414 2650 subnecte~

1826 2694 1966 2734 mus.
1987 2678 2225 2746 Quorum
2251 2696 2414 2735 unum
2439 2689 2540 2748 est,
2569 2681 2695 2751 quia
2719 2681 2907 2745 turbae,
2932 2696 3053 2752 quae
3073 2681 3416 2741 Dominicum

1825 2768 2114 2822 adventum
2139 2779 2558 2839 praecesserunt,
2589 2777 2644 2824 et
2673 2785 2792 2840 quae
2815 2770 3216 2842 subsequuntur
3247 2772 3413 2846 (hom.

1826 2857 1936 2928 17),
1954 2873 2062 2912 una
2083 2859 2379 2930 eademque
2398 2859 2506 2917 ﬁde
2533 2861 2873 2917 conclamant
2887 2862 3156 2920 dicentes:
3174 2863 3415 2934 Osanna,

1825 2948 1882 3003 id
1925 2956 2040 3015 est,
2096 2958 2157 3004 ut
2206 2949 2262 3005 in
2308 2958 2542 3007 tractatu
2584 2951 2887 3008 Ezechielis
2931 2960 3150 3011 sanctus
3195 2958 3419 3028 exponit

1826 3037 2155 3108 Gregorius:
2182 3038 2340 3095 Salva
2365 3058 2456 3096 nos
2484 3042 2542 3097 in
2567 3041 2804 3098 excelsis.
2822 3041 3110 3112 Quoniam,
3136 3054 3196 3103 ut
3224 3046 3418 3104 Petrus

1829 3126 1980 3193 dicit,
2009 3144 2100 3198 per
2124 3129 2352 3200 gratiam
2383 3129 2480 3186 Dei
2507 3130 2705 3188 salvari
2749 3134 3032 3202 credimus,
3072 3139 3416 3208 quemadmo-

1823 3218 1950 3274 dum
1995 3230 2042 3276 et
2088 3220 2168 3275 illi
2196 3221 2336 3293 (Act.
2387 3238 2481 3290 xv,
2527 3224 2640 3296 11).
2685 3221 2889 3282 Deinde
2941 3227 3174 3298 qualiter
3220 3231 3416 3289 docent

1822 3320 2132 3367 sanctarum
2181 3311 2584 3384 Scripturarum
2629 3318 2950 3376 auctoritate
2991 3320 3245 3377 catholici
3279 3323 3410 3389 viri,

1819 3403 2147 3472 generaliter
2191 3401 2468 3460 Christum
2509 3403 2676 3462 fuisse
2727 3423 2946 3478 passum
2988 3424 3087 3479 pro
3136 3411 3412 3468 omnibus.

1819 3493 2056 3565 Indeque
2086 3496 2354 3566 quomodo
2392 3497 2680 3554 orthodoxi
2724 3506 2780 3556 et
2817 3500 3027 3573 antiqui
3067 3503 3309 3573 magistri
3344 3519 3414 3560 ex

1822 3585 2118 3658 Scripturis
2170 3587 2498 3644 authenticis
2549 3588 2963 3656 demonstrant,
3023 3591 3256 3649 discrete
3309 3609 3412 3652 nos

1821 3675 2017 3730 debere
2055 3675 2380 3748 intelligere,
2411 3677 2539 3749 quia
2565 3677 2695 3734 licet
2721 3678 2971 3736 Christus
3013 3679 3176 3737 fuerit
3220 3698 3415 3755 passus

1817 3781 1918 3836 pro
1943 3767 2215 3834 omnibus,
2247 3783 2352 3824 non
2382 3778 2563 3824 tamen
2588 3785 2778 3827 omnes
2807 3771 2872 3826 ad
2895 3779 3157 3830 aeternam
3181 3773 3413 3831 salutem

1819 3857 2005 3912 mundi
2050 3859 2246 3928 pretio,
2285 3859 2340 3914 id
2378 3868 2462 3915 est
2507 3861 2775 3932 passionis
2814 3861 2930 3933 ejus
2972 3866 3262 3936 mysterio,
3301 3867 3412 3922 sint

1820 3947 2102 4019 redempti.
2139 3949 2185 4005 A
2213 3965 2320 4020 quo
2361 3952 2539 4022 pretio
2571 3953 2814 4008 extranei
2869 3963 3015 4023 sunt,
3048 3956 3139 4026 qui
3172 3960 3267 4012 aut
3311 3957 3412 4012 de-

1819 4038 2002 4096 lectati
2051 4042 2362 4112 captivitate
2405 4044 2599 4100 redimi
2642 4045 2930 4101 noluerunt
2956 4088 2971 4113 ,
3017 4057 3112 4104 aut
3155 4056 3278 4120 post
3319 4065 3409 4105 re-

1819 4131 2185 4202 demptionem
2241 4131 2308 4187 ad
2334 4135 2582 4189 eamdem
2631 4144 2757 4190 sunt
2811 4137 3127 4192 servitutem
3182 4141 3408 4196 reversi.

1818 4221 1972 4278 Sicut
1999 4233 2052 4278 et
2081 4223 2169 4278 hic
2197 4224 2555 4294 reprehensor
2575 4234 2760 4280 noster
2783 4266 2799 4292 ,
2841 4241 2947 4280 non
2992 4228 3202 4298 integro
3242 4229 3408 4285 intel-

1816 4313 1980 4380 lectu,
2010 4313 2076 4369 de
2106 4313 2191 4370 his
2233 4314 2326 4384 qui
2357 4315 2550 4370 redimi
2595 4317 2890 4372 noluerunt
2919 4317 2974 4372 in
3019 4317 3266 4388 Capitulo
3305 4319 3412 4374 isto

1814 4405 2033 4478 posuit:
2081 4403 2171 4460 Sic
2207 4405 2345 4459 enim
2386 4404 2570 4460 dilexit
2609 4405 2752 4461 Deus
2800 4408 3083 4474 mundum,
3125 4417 3180 4462 ut
3208 4407 3412 4462 Filium

153 4507 262 4564 lant.
291 4509 511 4565 Sextam
540 4547 555 4572 ,
605 4514 667 4560 ut
709 4504 905 4560 dicitur
925 4544 941 4568 ,
997 4503 1136 4558 sicut
1183 4502 1392 4558 fumum
1443 4504 1672 4574 pultium
1694 4547 1708 4572 ,
1737 4538 1791 4599 Β
1815 4516 1970 4554 suum
1991 4499 2311 4570 unigenitum
2333 4499 2502 4568 daret,
2528 4510 2584 4555 ut
2608 4501 2774 4556 omnis
2797 4503 2885 4572 qui
2908 4503 3068 4556 credit
3091 4503 3145 4558 in
3169 4520 3284 4557 eum
3308 4521 3411 4558 non

153 4599 319 4656 beatus
359 4597 698 4669 Augustinus
725 4595 869 4650 inter
903 4602 1122 4660 caetera,
1155 4594 1210 4648 in
1245 4593 1398 4649 libris
1426 4595 1490 4649 de
1519 4594 1706 4650 Gratia

157 4699 202 4744 et
223 4691 414 4748 Libero
443 4689 674 4744 arbitrio
695 4728 710 4753 ,
757 4695 812 4741 et
857 4687 925 4742 de
964 4685 1112 4741 Bono
1144 4687 1560 4755 perseverantia:
1583 4727 1598 4753 ,
1643 4688 1710 4743 de

153 4780 613 4839 Praedestinatioue
664 4778 890 4846 gratias,
944 4784 999 4832 et
1045 4777 1113 4832 ad
1167 4776 1378 4832 Sixtum
1428 4779 1709 4849 presbyte-

156 4888 276 4938 rum,
298 4873 546 4930 exsufllat
571 4880 627 4926 et
657 4869 787 4924 facit
813 4869 1030 4939 penitus
1056 4884 1162 4923 non
1191 4884 1404 4938 parere.
1437 4870 1504 4924 Et
1525 4879 1709 4926 nostra

156 4966 478 5021 mediocritas
507 4963 562 5016 in
614 4961 787 5016 tribus
838 4961 1001 5014 istum
1031 4959 1460 5029 praecedentibus
1497 4961 1709 5028 libellis,

156 5066 201 5110 et
243 5058 290 5112 in
337 5059 462 5119 isto,
517 5054 957 5111 commemoratis
1009 5069 1075 5107 ex
1135 5063 1446 5108 sanctorum
1493 5054 1713 5111 Patrum

156 5149 549 5202 auctoritatibus
575 5185 591 5211 ,
622 5147 736 5200 haec
789 5144 1042 5213 ﬁgmenta
1084 5141 1370 5198 falsissima
1405 5160 1528 5200 esse
1565 5163 1718 5202 mon-

156 5241 342 5294 stravit.
373 5240 440 5295 Et
453 5255 572 5308 quae
597 5252 723 5292 vera
753 5245 878 5292 sunt
908 5237 972 5290 de
997 5236 1334 5305 praescientia
1362 5246 1415 5289 et
1444 5239 1718 5307 praedesti-

157 5331 347 5387 natione
371 5332 488 5396 Dei,
515 5339 570 5385 et
596 5329 704 5384 illic
730 5337 787 5383 et
816 5327 938 5382 istic
963 5342 1028 5381 ex
1056 5325 1276 5382 Patrum
1326 5329 1715 5386 catholicorum

159 5425 378 5479 sensibus
402 5423 730 5480 sufficienter
754 5419 1069 5490 collegimus
1094 5437 1107 5472 :
1141 5420 1276 5474 adeo
1304 5429 1364 5476 ut
1395 5423 1488 5492 qui
1512 5424 1714 5478 verita-

160 5517 251 5565 tem
287 5515 575 5575 desiderat,
617 5511 670 5566 ei
715 5510 960 5566 collectio
1009 5519 1154 5564 tanta
1197 5509 1468 5566 sufﬁciat:
1519 5514 1714 5582 quibus

158 5614 268 5658 vero
297 5621 395 5660 nou
425 5599 532 5660 ista
568 5612 824 5674 congesta
869 5596 1175 5666 sufﬁciunt,
1225 5610 1432 5656 certum
1480 5614 1562 5660 est
1589 5606 1712 5674 quia

158 5709 243 5749 nec
266 5698 408 5767 plura
449 5699 778 5769 proderunt,
819 5703 874 5751 et
911 5694 1032 5765 plus
1071 5692 1218 5749 falsis
1257 5709 1419 5764 quam
1466 5697 1608 5753 veris
1656 5714 1715 5753 se

160 5787 464 5844 committere
498 5787 760 5859 gestiunt.

565 5881 836 5942 PATROL.
882 5877 1134 5938 CXXV.

1815 4602 2014 4663 pereat,
2063 4592 2152 4647 sed
2199 4591 2387 4646 habeat
2435 4593 2598 4648 vitam
2642 4604 2892 4649 cateruam
2929 4592 3109 4666 (Joan.
3150 4611 3246 4661 ιιι,
3294 4595 3405 4670 16).

1813 4683 1949 4751 Quia
1978 4683 2239 4753 profecto,
2287 4692 2346 4760 ut
2392 4684 2720 4741 venerabilis
2761 4685 3044 4756 presbyter
3070 4685 3212 4741 Beda
3238 4702 3410 4757 expo-

1812 4777 1934 4830 nit:
1970 4795 1988 4827 ι
2028 4775 2179 4832 idem
2232 4776 2502 4834 Dominus
2528 4787 2582 4833 et
2624 4778 2935 4850 redemptor
2977 4788 3193 4846 noster,
3242 4780 3414 4839 Filius

1814 4867 1910 4922 Dei
1942 4876 2068 4922 ante
2093 4867 2289 4922 saecula
2338 4868 2602 4934 existens,
2636 4868 2778 4924 ﬁlius
2825 4869 3062 4925 hominis
3103 4868 3277 4925 factus
3325 4881 3412 4928 est

1818 4956 1873 5011 in
1905 4957 2012 5011 ﬁne
2033 4957 2356 5012 saeculorum
2389 4976 2401 5011 :
2436 4966 2497 5013 ut
2521 4959 2612 5028 qui
2641 4974 2740 5028 per
2765 4960 3061 5017 divinitatis
3084 4976 3192 5016 suae
3215 4970 3411 5030 poten-

1820 5049 1949 5103 tiam
1981 5064 2080 5105 nos
2107 5057 2389 5105 creaverat
2433 5049 2501 5105 ad
2531 5050 2914 5122 perfruendam
2946 5054 3069 5108 vitae
3112 5052 3412 5110 beatitudi-

1821 5155 1979 5203 nem,
2035 5141 2288 5211 pereunis
2338 5140 2452 5211 ipse
2506 5155 2604 5211 per
2652 5141 3002 5214 fragilitatem
3053 5143 3415 5201 humanitatis

1821 5238 2021 5284 nostra:
2048 5244 2146 5284 nos
2179 5237 2447 5284 restauret
2468 5229 2537 5285 ad
2573 5231 2939 5302 recipiendam
2976 5246 3136 5304 quam
3169 5233 3413 5304 perdidi-

1821 5335 1942 5375 mus
1965 5319 2151 5374 vitam.
2187 5339 2206 5370 ι

1889 5412 2087 5467 Beatus
2139 5426 2352 5481 quoque
2405 5411 2739 5483 Augustinus
2771 5413 2825 5466 in
2875 5411 3088 5481 psalmo
3136 5413 3412 5470 tricesimo

1817 5514 1969 5560 sexto
1997 5505 2265 5576 (concione
2304 5503 2359 5574 5)
2411 5504 2583 5560 dicit:
2639 5524 2652 5556 l
2692 5504 2951 5558 Dominus
2994 5506 3141 5566 enim
3195 5507 3308 5576 ipse
3355 5505 3410 5560 in

1817 5613 2041 5668 corpore
2071 5611 2188 5659 suo,
2221 5596 2364 5665 quod
2410 5605 2494 5650 est
2526 5595 2769 5651 Ecclesia
2797 5637 2811 5661 ,
2857 5594 3047 5665 junior
3078 5596 3177 5652 fuit
3218 5599 3408 5668 primis

1818 5691 2166 5760 temporibus,
2205 5699 2258 5742 et
2287 5702 2414 5743 ecce
2435 5688 2547 5759 jam
2569 5687 2994 5757 scuuit.Nostis,
3016 5699 3069 5746 et
3093 5690 3405 5762 agnoscitis,

1817 5795 1871 5840 et
1907 5780 2223 5854 intelligitis,
2257 5780 2382 5850 quia
2416 5780 2466 5834 in
2502 5783 2604 5837 hoc.
2637 5781 2797 5854 positi
2837 5781 3006 5846 estis,
3040 5790 3095 5838 et
3132 5783 3205 5838 ita
3231 5780 3408 5841 credi-

2911 5874 2985 5941 10
