3992 6336
629 330 737 390 ἳυ

1605 327 1935 386 HlNCMARl
1972 325 2367 384 BHEMENSIS
2403 325 2922 387 ARCHIEPISCOPI

3717 347 3801 405 δα)

624 445 783 502 distis
807 486 822 510 ,
878 445 1002 515 quia
1053 450 1214 516 caput
1266 450 1510 500 nostrum
1557 443 1806 502 Christus
1849 453 1956 509 est,
2006 455 2204 513 corpus
2230 442 2279 504 Λ
2305 441 2586 511 operarius
2614 442 2732 499 fuit.
2771 464 2788 498 ι
2822 444 2891 501 Et
2942 445 3069 502 item
3102 463 3115 502 :
3150 464 3169 499 ‹
3202 445 3393 516 Quanti
3420 450 3592 510 Patres
3617 468 3720 517 ante
3742 461 3802 520 le.

625 535 823 608 capitis
846 534 987 591 illius
1013 549 1112 591 nos
1149 550 1356 590 sumus.
1405 534 1656 605 Nunquid
1682 533 1781 591 soli
1834 548 1966 600 nos,
2010 542 2065 589 et
2095 548 2203 588 non

620 627 785 682 etiam
815 625 890 680 illi
919 624 1011 694 qui
1042 623 1272 680 afuerunt
1318 633 1444 681 ante
1472 641 1593 692 nos,
1620 639 1809 682 omnes
1836 623 1930 694 qui
1958 624 2026 680 ab
2053 622 2205 678 initio

622 717 806 775 szeculi
837 716 1055 773 luerunt
1090 710 1245 786 justi,
1278 727 1442 789 caput
1476 712 1750 774 Christum
1778 718 2023 773 habent?
2048 717 2203 773 lllum

622 810 767 865 enim
796 818 1084 865 venturum
1116 823 1237 865 esse
1271 810 1640 878 crediderunt,
1670 826 1830 881 quem
1856 811 2070 867 venisse
2087 810 2201 882 jam

622 902 912 969 credimus,
937 909 993 958 et
1029 901 1084 957 in
1114 901 1232 973 ejus
1259 901 1364 958 ﬁde
1385 911 1440 958 et
1463 902 1562 972 ipsi
1599 902 1774 959 sanati
1803 910 1947 968 sunt,
1974 902 2028 958 in
2051 901 2205 972 cujus

621 998 676 1046 et
697 1005 816 1046 nos.
834 989 906 1055 Ut
929 999 1074 1048 esset
1099 988 1212 1061 ipse
1233 991 1399 1047 totius
1436 1000 1597 1063 caput
1625 991 1859 1048 civitatis
1882 989 2201 1057 Jerusalem,

618 1074 870 1138 omnibus
900 1082 1307 1142 connumeratis
1343 1080 1588 1138 ﬁdelibus
1638 1082 1707 1138 ab
1732 1082 1886 1139 initio
1925 1098 2096 1153 usque
2134 1081 2205 1138 ad

620 1171 824 1238 ﬁnem,
884 1173 1153 1244 adjunctis
1199 1173 1364 1229 etiam
1423 1173 1727 1246 legionibus
1768 1183 1823 1231 et
1872 1174 2201 1230 exercitibus

617 1264 958 1336 angelorum,
985 1271 1043 1318 ut
1067 1262 1159 1319 ﬁat
1198 1264 1285 1319 illa
1313 1280 1417 1320 una
1442 1265 1633 1322 civitas
1673 1266 1773 1322 sub
1816 1280 1926 1321 uno
1957 1277 2103 1338 rege,
2146 1273 2202 1321 et

617 1369 724 1408 una
749 1354 996 1424 quasdam
1027 1355 1304 1426 provincia
1334 1357 1435 1412 sub
1463 1372 1571 1413 uno
1602 1357 1952 1428 imperatore.
1990 1356 2116 1412 felix
2146 1364 2203 1413 et

616 1443 672 1498 in
704 1453 961 1515 perpetua
992 1460 1126 1515 pace
1153 1461 1218 1501 ac
1258 1446 1453 1513 salute,
1475 1446 1704 1503 laudans
1731 1448 1900 1504 Deum
1925 1448 2042 1503 sine
2068 1447 2196 1515 ﬁne,

613 1536 770 1591 beata
789 1536 905 1592 sine
927 1537 1052 1593 ﬁne.
1076 1557 1095 1591 ι
1125 1539 1530 1595 Etveneraliilis
1550 1541 1835 1613 presbyter
1848 1539 1993 1596 Beda
2018 1539 2072 1594 in
2094 1539 2200 1594 Ex-

613 1628 789 1697 posito
827 1627 1102 1700 Evangelii
1142 1630 1435 1685 secundum
1462 1629 1664 1686 Lucam
1691 1632 1831 1701 (cap;
1853 1629 1951 1702 2):
1985 1649 2003 1682 ‹
2036 1629 2199 1686 Vides

614 1734 720 1776 non
746 1720 921 1777 solum
969 1720 1126 1788 Novi,
1152 1723 1245 1779 sed
1295 1731 1352 1777 et
1380 1710 1590 1778 Veteris
1633 1722 1962 1778 Testamenti
1990 1720 2193 1791 justas,

2307 547 2447 602 gem,
2479 533 2666 602 quanti
2715 533 2815 590 sub
2854 535 2969 607 lege
3011 535 3267 593 fuerunt?
3289 547 3344 593 et
3379 548 3542 598 tamen
3582 547 3629 602 hi
3661 550 3735 621 qui
3761 554 3803 611 in

2307 622 2516 678 Domini
2547 626 2780 681 adventu
2803 629 2979 683 vocati
3009 637 3154 697 sunt,
3182 630 3250 685 ad
3277 631 3522 689 coilorum
3546 652 3734 709 regnum
3753 648 3806 700 si-

2304 730 2374 770 ne
2399 715 2578 802 aliqua
2608 718 2861 774 tarditate
2906 730 3288 789 pervenerunt.
3324 723 3566 782 Eumdcm
3602 746 3711 802 ergo
3733 734 3806 789 de-

2304 801 2518 860 narium
2540 816 2868 879 acceperunt
2891 810 2983 880 qui
3012 809 3391 867 laboraverunt
3421 815 3483 868 ad
3503 801 3808 889 undecimam,

2306 910 2467 965 quem
2490 908 2948 975 exspectaverunt
2978 908 3090 956 toto
3118 902 3383 959 desiderio
3408 907 3561 975 etqui
3586 907 3811 966 laborave-

2304 995 2433 1041 runt
2457 989 2525 1043 ad
2546 989 2777 1059 primam
2803 973 2966 1060 :quia
2988 991 3248 1063 {equalem
3268 993 3392 1048 vitae
3408 973 3606 1052 aeterna:
3621 1001 3808 1055 retribu-

2304 1075 2504 1132 tionem
2532 1080 2710 1134 sortiti
2739 1089 2885 1146 sunt,
2923 1098 3045 1138 cum
3086 1083 3172 1138 his
3200 1085 3348 1154 quia
3386 1089 3558 1143 mundi
3588 1090 3718 1145 initio
3742 1107 3808 1145 vo-

2298 1172 2410 1228 cati
2439 1169 2673 1237 fuerant,
2714 1172 2768 1227 lii
2796 1173 2885 1243 qui
2917 1173 2971 1228 in
3002 1175 3186 1229 mundi
3216 1174 3321 1230 ﬁne
3355 1176 3419 1231 ad
3444 1177 3709 1233 Dominum
3736 1195 3810 1235 ve-

2302 1272 2515 1318 nerunt.
2550 1282 2569 1317 ι
2603 1265 2671 1320 Ει
2700 1266 2827 1320 item
2855 1282 2869 1319 :
2908 1285 2926 1318 ι
2957 1265 3061 1321 Sed
3083 1266 3209 1336 quia
3249 1267 3451 1338 antiqui
3484 1268 3655 1325 Patres
3681 1286 3812 1341 usque

2300 1356 2367 1412 ad
2390 1356 2680 1413 adventum
2705 1357 2946 1426 Domini,
2976 1360 3271 1430 quamlibet
3287 1362 3430 1432 juste
3450 1363 3679 1428 vixerint,
3700 1364 3810 1419 ducti

2305 1449 2375 1505 ad
2407 1464 2631 1522 regnum
2661 1467 2771 1508 non
2798 1463 2953 1519 sunt,
2999 1453 3100 1509 nisi
3132 1454 3221 1509 ille
3253 1455 3618 1521 descenderet,
3647 1455 3721 1525 qui
3743 1472 3811 1525 pa-

2300 1543 2465 1599 radisi
2496 1545 2732 1599 claustra
2767 1546 3080 1602 hominibus
3107 1547 3510 1617 interpositione
3544 1562 3644 1602 sua:
3667 1548 3811 1603 mortis

2307 1638 2560 1707 aperiret,
2579 1653 2764 1694 eorum
2788 1636 2900 1695 hoc
2932 1640 3104 1710 ipsum
3134 1654 3499 1694 murmurasse
3523 1647 3616 1701 est,
3641 1641 3755 1708 quod
3771 1647 3812 1693 et

2301 1735 2448 1782 recte
2470 1743 2566 1798 pro
2592 1728 2939 1799 percipiendo
2962 1744 3128 1800 regno
3144 1720 3311 1800 236
3329 1728 3588 1793 vixerunt,
3608 1735 3653 1780 et
3676 1736 3810 1780 tamen

613 1811 774 1884 235
803 1827 897 1883 spe
926 1812 1119 1869 futurae
1145 1814 1268 1870 vita!
1296 1813 1624 1870 desiderium
1652 1813 1903 1869 habuisse
1931 1812 2136 1869 absolvi
2161 1829 2192 1869 ει
2218 1794 2270 1859 Β
2302 1818 2391 1875 diu
2419 1834 2448 1873 a
2471 1794 2833 1890 percipiendo
2864 1794 3380 1891 regnovdila—ti‘sunt.
3406 1818 3556 1885 ‘Quos
3581 1818 3704 1873 enim
3722 1824 3812 1887 post

612 1920 860 1976 corpore.
902 1925 920 1957 ι
957 1905 1024 1961 Ει
1057 1906 1218 1977 paulo
1256 1914 1376 1977 post
1407 1921 1422 1961 :
1482 1925 1501 1958 ε
1532 1906 1739 1974 Quibus
1774 1907 1978 1978 absque
2029 1907 2192 1963 dubio

609 1997 792 2053 verbis
820 1998 1019 2068 aperit,
1057 2015 1217 2070 quam
1249 1999 1544 2054 maximum
1586 2013 1645 2054 se
1671 1999 2020 2068 praesentium
2050 1999 2193 2054 cala-

611 2089 861 2145 mitatum
886 2099 1133 2146 acturum
1156 2100 1336 2163 speret
1362 2092 1415 2146 in
1438 2090 1545 2146 ﬁne
1573 2090 1840 2146 solatium.
1871 2088 2039 2158 Quem
2069 2100 2190 2146 tau-

611 2182 785 2252 tisper
820 2182 1078 2238 advenire
1108 2183 1381 2239 desiderat
1412 2200 1425 2235 :
1474 2183 1611 2249 Quia
1638 2183 1875 2237 viderunt
1918 2183 2057 2237 oculi
2089 2184 2193 2237 mei

609 2272 844 2328 salutare
867 2283 1035 2341 tuum,
1070 2274 1211 2347 quod
1237 2274 1437 2344 parasti
1466 2283 1585 2328 ante
1616 2272 1804 2343 [aciem
1835 2273 2068 2327 omnium
2102 2288 2190 2344 po-

606 2360 849 2432 pulorum
877 2360 1042 2435 '(Luc.
1085 2378 1146 2428 tt,
1177 2360 1288 2435 3i).
1325 2362 1476 2417 Illum
1515 2361 1688 2431 ipsum
1709 2360 1755 2426 ,θ’
1786 2360 1982 2431 inquit,
2045 2361 2190 2431 quod

588 2452 862 2529 omnibus
907 2454 1249 2523 postmodum
1303 2453 1573 2524 gentibus,
1614 2451 1827 2522 populis
1867 2459 1923 2506 et
1958 2450 2186 2519 linguis,

604 2551 786 2597 mente
806 2557 871 2598 ac
915 2542 1020 2597 ﬁde
1060 2541 1496 2613 conspiciendum
1535 2555 1750 2612 parare,
1795 2554 1890 2612 spe
1919 2555 1983 2597 ac
2026 2540 2189 2597 dilec-

605 2632 750 2689 tione
794 2635 1143 2705 quaerendum
1187 2632 1503 2705 praevidisti,
1560 2632 1675 2703 ipse
1703 2631 1794 2688 diu
1824 2631 2186 2687 desideratum

606 2740 753 2780 nunc
783 2733 835 2781 et
860 2725 1042 2780 carnis
1083 2733 1137 2780 et
1173 2723 1353 2780 cordis
1391 2722 1565 2780 oculis
1598 2731 1747 2777 tuum
1791 2721 2027 2778 salutare
2057 2737 2189 2777 con-

572 2816 850 2888 'templor.
883 2819 1088 2873 Lumen
1115 2817 1329 2890 quidem
1355 2817 1573 2888 utrique
1594 2814 1790 2888 populo
1816 2814 2053 2871 salutare
2067 2814 2185 2881 Dei,

601 2908 657 2964 id
700 2917 784 2965 est
828 2908 1075 2965 Christus
1101 2947 1116 2974 ,
1159 2922 1190 2962 a
1232 2908 1343 2963 Deo
1372 2907 1534 2962 Patre
1581 2917 1840 2978 paratur:
1871 2905 1962 2975 qui
2006 2912 2183 2960 tamen

602 3001 771 3074 gloria
810 3000 980 3073 magis
1012 2998 1205 3065 lsrael,
1235 3000 1321 3054 cui
1353 3000 1441 3055 diu
1473 3008 1722 3068 speratus
1749 3005 1805 3052 et
1829 3013 1894 3052 ex
1929 3012 2037 3068 quo
2060 3011 2186 3067 pro-

602 3093 884 3150 nuntiatus
912 3092 1151 3147 advenit.
1182 3090 1437 3148 Gentium
1467 3106 1595 3146 vero
1640 3088 1838 3147 dicitur
1865 3103 1987 3145 esse
2032 3102 2184 3143 reve-

2296 1918 2572 1980 p'cractam
2622 1907 2888 1978 justitiam
2920 1910 3116 1966 inferni
3145 1909 3267 1966 loca
3301 1910 3541 1980 quamvis
3579 1908 3810 1979 tranquilla

2287 2007 2666 2069 susceperunt,
2694 2001 2773 2055 eis
2806 1999 3067 2070 profecto,
3099 2008 3153 2055 et
3177 1999 3454 2056 laborasse
3483 1997 3577 2053 fuit
3603 1999 3650 2053 in
3672 1998 3808 2062 vinea,

2279 2096 2348 2143 ~et
2377 2104 2762 2145 murmurassc.
2789 2089 2958 2157 Quasi
2982 2105 3109 2160 ergo
3133 2098 3257 2161 post
3285 2090 3729 2145 murmurationem
3745 2087 3810 2140 de-

2286 2180 2507 2234 narium
2535 2180 2826 2250 accipiunt,
2862 2181 2953 2251 qui
2982 2180 3291 2253 post—longa
3320 2178 3510 2235 inferni
3535 2188 3741 2248 tempora
3761 2175 3810 2229 ad

2280 2272 2485 2346 gaudia
2518 2271 2665 2342 regni
2697 2279 3079 2341 pervenerunt.
3116 2269 3226 2326 Nos
3260 2277 3440 2325 autem
3466 2270 3553 2339 qui
3584 2269 3644 2322 ad
3675 2266 3808 2320 unde-

2276 2364 2487 2420 cimam
2519 2363 2784 2429 venimus,
2804 2371 2935 2433 post
2964 2362 3202 2417 laborem
3242 2377 3347 2416 non
3379 2372 3755 2420 murmuramus,
3771 2364 3810 2411 et

2290 2457 2569 2513 denarium
2607 2455 2904 2527 accipimus
2934 2472 2946 2509 :
2979 2454 3105 2526 quia
3142 2463 3282 2525 .post
3318 2452 3618 2509 mediatoris
3653 2450 3807 2504 adven-

2291 2556 2402 2603 tum
2435 2547 2489 2602 in
2529 2546 2632 2601 hec
2677 2545 2879 2600 mundo
2907 2544 3206 2608 venientes,
3248 2544 3330 2599 ad
3366 2557 3580 2614 regnum
3614 2538 3809 2592 ducimur

2288 2650 2413 2691 mox
2436 2651 2559 2691 cum
2591 2634 2656 2690 de
2682 2648 2906 2703 corpore
2935 2633 3253 2698 eximus,“et
3277 2631 3411 2689 illud
3436 2631 3547 2685 sine
3566 2643 3696 2684 mora
3713 2639 3807 2695 per-

2288 2727 2534 2797 cipimus,
2562 2726 2704 2796 quod
2735 2726 2943 2796 antiqui
2974 2725 3164 2782 Patres
3188 2739 3318 2780 cum
3360 2738 3552 2795 magna
3586 2720 3807 2792 percipere

2290 2819 2545 2874 dilatione
2572 2813 2910 2873 meruerunt.
2948 2835 2966 2870 ι

2357 2910 2425 2965 Ει
2453 2919 2673 2966 sanctus
2695 2910 2887 2965 Petrus
2922 2909 2977 2965 in
3013 2907 3166 2975 Actis
3200 2906 3580 2980 Apostolorum
3603 2922 3616 2959 :
3639 2902 3723 2959 Sed
3742 2913 3807 2969 per

2285 3002 2510 3074 gratiam
2549 3002 2763 3057 Domini
2794 3002 2925 3058 Jesu
2970 3002 3237 3057 credimus
3274 3001 3498 3065 saluari,
3528 2995 3809 3070 quemadm-

2282 3092 2413 3145 dum
2459 3092 2613 3147 etilli
2658 3090 2795 3164 (Art.
2831 3107 2922 3158 xv,
2968 3093 3077 3165 ll).
3100 3092 3252 3148 {line
3283 3092 3473 3147 Beda:
3511 3109 3528 3142 ι
3560 3089 3613 3145 Si
3646 3090 3808 3152 ergoet

600 3185 754 3251 latio,
789 3199 1018 3257 quarum
1046 3183 1244 3239 mentis
1271 3182 1479 3247 oculos,
1502 3180 1769 3252 profunda
1788 3180 1903 3250 jam
1932 3179 2179 3236 caecitate
2208 3179 2252 3242 C
2284 3184 2384 3251 illi,
2417 3183 2471 3238 id
2509 3192 2593 3240 est
2613 3183 2842 3250 *Patres,
2870 3192 3099 3254 portare
3137 3180 3334 3254 iugum
3363 3182 3498 3253 legis
3531 3179 3705 3235 veteris
3728 3188 3808 3229 non

599 3275 901 3340 demersos,
930 3287 1106 3344 neque
1126 3272 1231 3327 ulla
1256 3288 1351 3343 spe
1380 3271 1612 3327 adventu
1640 3269 1922 3325 Dominico
1944 3277 2175 3337 erectos,

545 3422 561 3433 ε
598 3369 714 3441 ipse
735 3369 976 3432 visitare,
992 3366 1195 3437 pariter
1211 3364 1453 3420 revelare
1472 3372 1632 3434 atque
1650 3362 1918 3417 illustrare
1932 3362 2179 3434 dignatus

596 3469 700 3516 est.
717 3480 734 3512 ι
755 3459 818 3514 Et
836 3460 962 3514 item
981 3476 995 3513 2
1022 3476 1040 3509 ι
1055 3457 1182 3511 Dico
1196 3455 1356 3530 vobis,
1374 3455 1514 3527 quod
1531 3453 1681 3508 multi
1699 3453 1958 3523 propheta:
1974 3464 2019 3508 et
2036 3470 2178 3525 reges

594 3553 866 3609 uoluerunt
881 3551 1051 3607 videre
1065 3566 1183 3619 qua:
1207 3565 1294 3607 vos
1317 3548 1581 3614 videtis,et
1605 3562 1705 3600 non
1728 3545 1966 3599 uiderunt
1985 3554 2063 3600 :et
2083 3561 2180 3599 au-

598 3643 710 3696 dire
728 3659 845 3713 qua:
874 3641 1093 3706 auditis,
1114 3649 1159 3695 et
1184 3656 1285 3693 non
1308 3638 1587 3693 audierunt
1617 3635 1765 3708 (Luc.
1794 3651 1848 3702 x,
1869 3636 1984 3709 24).
2008 3636 2180 3691 Abra-

596 3732 724 3787 ham
745 3730 1032 3786 exsultavit
1051 3737 1111 3782 ut
1127 3729 1330 3784 videret
1351 3727 1491 3782 diem
1513 3725 1737 3792 Christi,
1752 3725 2020 3781 etviditet
2039 3724 2180 3795 gavi-

601 3838 695 3878 sus
738 3831 842 3883 est.
876 3820 1044 3876 Isaias
1069 3833 1282 3890 quoque
1322 3826 1378 3874 et
1421 3818 1617 3884 Micha,
1657 3826 1713 3873 et
1749 3816 1902 3872 multi
1930 3816 2018 3870 alii
2054 3831 2181 3887 pro-

606 3914 787 3986 phetae
808 3912 1058 3968 viderunt
1080 3910 1305 3983 gloriam
1332 3910 1565 3977 Domini,
1590 3918 1917 3981 quapropter
1935 3906 2179 3963 Videntes

609 4013 736 4062 sunt
757 3998 1029 4075 appellati.
1057 4022 1076 4056 ι
1108 4002 1173 4058 Et
1199 4001 1252 4057 in
1275 4001 1496 4057 homilia
1520 4000 1759 4073 ejusdem
1791 3998 2174 4070 Evangelistte:

603 4115 622 4148 ι
649 4094 889 4159 Cunctis,
922 4092 1118 4165 inquit,
1145 4092 1517 4157 credentibus,
1545 4091 1657 4146 sive
1685 4088 1791 4145 illis
1812 4088 1904 4160 qui
1929 4089 2178 4144 incarna-

597 4189 758 4245 tionis
809 4188 927 4259 ejus
977 4194 1221 4257 tempora
1269 4184 1538 4241 nascendo
1588 4188 2021 4254 prtecesserunt,
2064 4180 2178 4235 sive

593 4283 681 4338 his
710 4281 804 4353 qui
834 4296 958 4337 eum
989 4279 1042 4334 in
1087 4292 1251 4333 carne
1280 4277 1552 4341 viderunt,
1584 4275 1697 4330 sive
1731 4273 1884 4329 nobis
1928 4273 2019 4343 qui
2056 4280 2181 4342 post

595 4374 712 4444 ejus
742 4372 1117 4428 ascensionem
1147 4368 1442 4430 credimus,
1475 4366 1778 4421 communis
1801 4372 1887 4420 est
1910 4364 2173 4420 hilarissi-

568 4480 682 4529 ,ma
709 4462 828 4533 ejus
854 4460 1145 4533 promissio
1169 4499 1184 4524 ,
1214 4473 1320 4527 qua
1368 4457 1534 4512 dicit:
1567 4455 1719 4510 Beati
1766 4456 1961 4510 mundo
1999 4456 2175 4520 corde,

590 4552 840 4627 quoniam
860 4552 959 4623 ipsi
991 4550 1156 4619 Deum
1185 4548 1428 4603 videbunt
1461 4545 1674 4618 (Matth.
1700 4562 1740 4611 1,
1770 4546 1846 4618 8).
1888 4565 1906 4599 ι

667 4644 734 4699 Ει
779 4652 999 4698 sanctus
1042 4638 1339 4711 Gregorius
1375 4638 1428 4692 in
1479 4636 1698 4692 ltoutilia
1732 4637 1834 4693 18:
1892 4657 1909 4688 ι
1937 4636 2019 4693 Ad
2047 4652 2172 4693 eru-

593 4735 846 4795 diendam
868 4748 998 4805 ergo
1028 4733 1287 4789 Dominus
1308 4731 1516 4802 plebem
1543 4745 1719 4796 suam,
1745 4731 1896 4799 quasi
1925 4732 1991 4786 ad
2011 4746 2173 4787 exco-

592 4828 809 4885 lendam
838 4826 1047 4881 vineam
1085 4839 1258 4888 suam,
1289 4822 1434 4878 nullo
1476 4830 1717 4892 tempore
1750 4822 1957 4876 destitit
1983 4837 2172 4892 opera-

588 4924 702 4979 rios
728 4921 978 4976 mittere:
1006 4917 1131 4988 quia
1151 4926 1205 4973 et
1227 4918 1377 4988 prius
1399 4931 1498 4986 per
1524 4915 1732 4979 Patres,
1753 4924 1807 4969 et
1828 4916 2168 4985 postmodum

588 4990 689 5090 per:
707 5013 840 5084 legis
855 5012 1106 5079 doctores
1117 4999 1489 5081 etprdpltetas,
1514 5009 1581 5063 ad
1601 5016 1901 5063 extremum
1921 5024 2052 5064 vero
2072 5025 2169 5079 per

501 5125 519 5147 ο
587 5106 884 5179 apostolos,
911 5105 1038 5160 dum
1061 5103 1235 5175 plebis
1263 5117 1374 5158 suae
1401 5116 1579 5158 mores
1602 5099 1858 5167 excoluit,
1888 5101 2040 5172 quasi
2070 5118 2168 5173 per

591 5200 871 5271 operarios
914 5199 967 5254 in
992 5197 1164 5252 vineae
1193 5195 1403 5251 cultura
1432 5193 1716 5250 laboravit.
1751 5186 2015 5264 Operator
2039 5209 2167 5267 ergo

587 5306 747 5348 mane
786 5292 921 5346 hora
956 5289 1148 5354 tertia,
1184 5296 1338 5344 sexta
1361 5327 1377 5352 ,
1419 5294 1475 5341 et
1510 5301 1674 5351 nona,
1701 5286 1955 5356 antiquus
1980 5285 2070 5340 ille
2110 5294 2167 5340 et

586 5382 884 5439 Hebraicus
913 5380 1140 5453 populus
1166 5380 1497 5453 designatur,
1522 5379 1613 5451 qui
1645 5379 1697 5433 in
1729 5378 1913 5435 electis
1954 5380 2067 5436 suis
2095 5381 2183 5436 ab‘

587 5475 704 5545 ipso
741 5472 925 5529 mundi
965 5472 1209 5538 exordio,
1251 5472 1378 5528 dum
1415 5480 1562 5526 recta
1610 5469 1714 5525 ﬁde
1744 5470 1912 5526 Deum
1961 5471 2166 5526 studuit

585 5562 786 5630 colere,
813 5562 969 5634 quasi
993 5577 1099 5618 non
1123 5561 1329 5618 destitit
1358 5562 1411 5617 in
1440 5561 1611 5616 vineae
1639 5561 1850 5616 cultura
1881 5561 2160 5618 laborare:

585 5653 843 5723 quamvis
868 5653 921 5707 in
949 5651 1188 5721 quolibet
1234 5650 1453 5706 modulo
1481 5650 1563 5704 vel
1608 5665 1879 5712 mensura,
1921 5649 2166 5719 quisquis

582 5757 709 5799 cum
748 5740 863 5799 ﬁde
892 5750 1036 5799 recta
1076 5742 1230 5799 bonae
1261 5742 1493 5799 actionis
1522 5742 1752 5809 exstitit,
1796 5741 1956 5812 hujus
1989 5741 2155 5797 viuere

2281 3275 2544 3340 valentes,
2575 3289 2673 3343 per
2703 3274 2931 3345 gratiam
2965 3274 3177 3330 Domini
3227 3274 3410 3331 salvos
3453 3288 3511 3329 se
3538 3270 3643 3327 ﬁeri
3673 3264 3807 3323 credi-

2281 3368 2518 3433 derunt,
2547 3366 2894 3423 manifestum
2943 3378 3023 3424 est
3049 3368 3194 3439 quod
3230 3369 3350 3429 hinc
3390 3368 3559 3440 gratia
3598 3373 3697 3426 est,
3721 3368 3810 3430 qna

2282 3459 2533 3530 antiquos
2555 3457 2734 3528 justas
2759 3460 2946 3515 vivere
2981 3458 3110 3514 fecit
3130 3492 3150 3526 η,
3176 3460 3310 3530 quia
3348 3459 3526 3531 justus
3559 3470 3620 3511 ex
3647 3451 3733 3507 ﬁde
3756 3445 3809 3501 vi-

2281 3546 2379 3612 vit,
2409 3554 2465 3601 et
2486 3546 2609 3600 ideo
2656 3560 3001 3600 sacramenta
3029 3560 3153 3602 esse
3192 3554 3493 3616 potuerunt
3531 3557 3622 3614 pro
3653 3548 3812 3606 tempo'

2281 3653 2403 3693 rum
2424 3637 2741 3693 diversitate
2771 3636 3008 3703 diversa,
3032 3638 3099 3692 ad
3124 3638 3397 3694 unitatem
3429 3645 3603 3692 tamen
3620 3628 3809 3702 ejusdem

2282 3725 2404 3781 ﬁdei
2435 3725 2855 3781 concordissime
2882 3727 3238 3783 recurrentia.
3273 3746 3293 3781 ι
3330 3727 3400 3783 Et
3437 3726 3490 3782 in
3516 3719 3716 3793 epistola
3738 3714 3808 3770 Pe-

2280 3818 2351 3873 tri
2382 3817 2555 3887 prima
2582 3817 2723 3889 (cap.
2769 3817 2823 3890 l)
2855 3831 2870 3871 :
2904 3816 3011 3873 Per
3049 3835 3137 3873 eos
3164 3820 3261 3890 qui
3291 3817 3741 3889 euangelizasmmt
3771 3806 3811 3858 is

2285 3928 2371 3967 vos
2413 3910 2614 3982 Spiritu
2655 3921 2836 3966 sancto
2887 3912 3044 3966 misso
3084 3911 3149 3966 de
3197 3911 3329 3967 caelo
3352 3902 3432 3983 ’(1
3475 3910 3613 3965 Patr.
3646 3921 3691 3969 ι,
3726 3898 3810 3967 ii)-

2289 4020 2308 4054 ι
2343 4000 2521 4072 Supra
2551 4001 2765 4056 dixerat
2805 4000 3099 4071 prophetas
3144 4000 3348 4070 spiritu
3392 3997 3587 4055 Christi
3611 4002 3812 4064 prmana-

2285 4093 2449 4147 tiasse
2482 4091 2763 4162 passiones
2783 4091 2922 4162 ejus,
2954 4098 3009 4145 et
3028 4092 3366 4161 posteriores
3393 4089 3605 4162 glorias,
3631 4091 3681 4141 et
3702 4090 3810 4136 nunc

2281 4183 2411 4238 dicit
2458 4183 2649 4237 eadem
2692 4180 2962 4250 apostolos
2994 4181 3075 4236 eis
3128 4181 3392 4236 nuntiare
3435 4178 3628 4249 Spiritu
3666 4175 3811 4227 sancto

2280 4275 2447 4329 misso
2487 4273 2556 4328 de
2607 4271 2766 4328 cmlo.
2820 4271 2974 4327 Unde
3016 4280 3169 4343 patet
3214 4272 3346 4342 quia
3415 4270 3581 4326 isdem
3625 4260 3812 4334 Spiritus

2281 4364 2483 4422 Christi
2517 4372 2638 4419 erat
2678 4363 2730 4418 in
2758 4363 3038 4434 prophetis
3063 4363 3217 4434 prius
3240 4404 3255 4429 ,
3288 4363 3384 4435 qui
3421 4357 3735 4432 postmodum
3773 4350 3811 4402 in

2282 4456 2562 4528 apostolis.
2603 4454 2836 4524 Ideoque
2872 4454 3118 4509 eamdem
3153 4453 3321 4510 ﬁdem
3367 4449 3628 4523 passionis
3652 4438 3811 4500 Christi

2207 4525 2252 4585 θ
2283 4525 2337 4606 et
2378 4547 2695 4620 posterioris
2737 4547 2922 4628 gloria:
2970 4547 3186 4616 utrique
3222 4547 3445 4618 pupulis
3480 4538 3810 4628 prmdicabattl.

2282 4640 2357 4696 illi
2397 4641 2575 4696 adhuc
2597 4626 2919 4704 venturam,
2948 4636 3035 4692 isti
3067 4634 3184 4705 jam
3224 4637 3462 4694 venisse.
3498 4635 3576 4689 Ac
3615 4644 3704 4702 per
3737 4626 3813 4680 hoc

2280 4746 2443 4786 unam
2473 4744 2595 4785 esse
2622 4728 2919 4784 Ecclesium
2940 4767 2955 4793 ,
2986 4724 3142 4796 cujus
3177 4741 3311 4797 pars
3345 4724 3611 4781 carnalem
3640 4709 3811 4775 Domini

2280 4826 2347 4879 ad
2418 4832 2571 4877 ntum
2616 4820 2982 4890 prmcesserit,
3013 4833 3141 4890 pars
3181 4819 3258 4874 sit
3295 4817 3469 4873 altera
3497 4823 3688 4870 secuta.
3720 4826 3736 4857 ι
3765 4802 3813 4857 El

2277 4918 2406 4973 item
2432 4914 2572 4988 (cap.
2604 4913 2660 4983 2)
2688 4932 2702 4968 :
2734 4930 2754 4963 ί
2773 4911 2929 4966 Vobis
2954 4911 3122 4965 honor
3142 4909 3498 4975 credentibus,
3523 4923 3621 4962 non
3643 4898 3814 4957 creden-

2275 5010 2414 5065 tibus
2459 5018 2655 5070 autcm,
2709 5006 2842 5076 lapis
2893 5020 3047 5075 quem
3095 5003 3503 5074 reprobauerunt
3540 4995 3813 5065 aediﬁcarim

2274 5102 2332 5174 (I
2360 5098 2503 5153 Petr.
2528 5115 2589 5163 ιι,
2624 5097 2698 5168 7).
2736 5095 2806 5152 Ut
2836 5096 2979 5151 sicut
3004 5096 3440 5165 reprobavernnt
3465 5107 3584 5150 cum
3620 5082 3814 5174 (ediﬁca‘

2273 5173 2395 5248 rent
2423 5201 2578 5245 actus
2608 5203 2756 5255 suos,
2789 5188 3034 5243 nolentes
3056 5203 3178 5242 eum
3208 5187 3267 5242 in
3298 5186 3645 5242 fundamento
3668 5173 3812 5232 cordis

2271 5282 2353 5339 sui
2378 5295 2602 5354 ponere,
2635 5282 2707 5335 ita
2737 5290 2792 5335 et
2824 5280 2912 5334 isti
2952 5280 3315 5348 reprobentur
3340 5279 3411 5334 ab
3445 5292 3509 5333 eo
3534 5276 3586 5331 iu
3622 5271 3811 5326 adventu

2269 5375 2409 5445 ejus,
2442 5373 2656 5429 nolente
2684 5372 2775 5427 illo
2806 5381 2933 5427 tunc
2957 5384 3083 5435 eos,
3112 5368 3203 5440 qui
3242 5384 3305 5424 se
3339 5354 3811 5445 reprobaveruntiu

2267 5443 2676 5521 aediﬁcationem
2704 5464 2951 5533 accipere
2972 5462 3162 5517 domus
3183 5474 3320 5525 suae,
3348 5475 3475 5531 qua:
3495 5464 3571 5513 est
3596 5454 3646 5509 in
3667 5443 3810 5505 cadis-

2266 5558 2336 5613 Et
2359 5557 2473 5611 haec
2501 5554 2778 5611 distinctio
2817 5553 3039 5608 bon’oris
3074 5550 3456 5614 credentium,
3487 5561 3591 5601 non
3629 5536 3813 5596 credet?

2269 5651 2401 5706 tium
2430 5658 2612 5705 autem
2652 5648 2998 5719 reprobatio,
3039 5646 3147 5703 huc
3185 5659 3364 5715 usque
3401 5639 3669 5716 pertingit.
3704 5649 3721 5685 ι
3762 5623 3813 5680 El

2267 5742 2396 5798 item
2421 5742 2559 5813 (cap.
2584 5738 2638 5811 5)
2668 5758 2681 5793 :
2716 5758 2733 5792 ι
2756 5738 2949 5811 ὀΙηᾳιιο
2965 5739 3038 5795 eis
3053 5739 3142 5810 qui
3170 5734 3227 5790 in
3253 5752 3417 5792 carne
3445 5728 3668 5790 conclusi
3691 5723 3812 5779 erant
