3992 6336
162 420 251 485 εοι
756 400 769 419 ‘
890 418 980 475 ne
1016 412 1687 475 PREDESTINATIONE
1725 406 2179 471 DlSSERTATlO
2211 413 2620 473 POSTERIOR.

3306 417 3414 478 603

166 544 326 616 spiritu
353 541 562 595 veniens
595 538 932 609 prredicavit,
962 539 1051 609 qui
1082 537 1340 593 increduli
1381 536 1591 606 fuerant
1619 531 1722 587 ali-
1751 535 1803 596 Α
1827 537 2044 584 ventum
2073 528 2283 583 Domini
2312 529 2492 584 omnia
2521 527 2834 601 gentilitatis
2871 528 3135 587 abolenda
3166 545 3287 588 esse
3323 547 3413 589 sa-

165 632 346 707 quando
395 629 445 700 (1
474 628 622 683 Petr.
645 644 740 693 ιιι,
772 628 883 699 19).
917 627 1017 696 Qui
1064 629 1266 683 nostris
1296 627 1633 697 temporibus
1670 626 1725 680 in

169 720 543 781 carueveniens
570 719 671 773 iter
696 719 820 773 vitae
847 718 1044 772 mundo
1070 716 1407 787 praedicavit,
1426 718 1539 786 ipse
1557 715 1724 770 etiam

166 821 272 868 ante
295 809 549 864 diluvium
576 808 656 863 eis
696 808 787 879 qui
819 816 947 862 tunc
974 807 1236 863 increduli
1259 817 1437 872 erant,
1459 815 1517 861 et
1541 820 1727 861 carna-

166 902 269 958 liter
293 901 571 962 vixerant,
599 899 790 967 spiritu
820 899 1043 953 veniens
1067 899 1409 968 praedicavit.
1437 898 1552 969 Ipse
1576 898 1724 953 enim

165 1008 245 1064 per
270 989 527 1061 Spiritum
578 998 826 1043 sanetum
862 997 980 1044 erat
1008 989 1062 1042 in
1108 987 1221 1045 Noe
1243 1029 1259 1056 ,
1284 991 1606 1060 caeterisque
1630 989 1724 1059 qui

164 1091 274 1135 tunc
302 1079 448 1133 luere
476 1079 699 1139 sanctis,
733 1087 789 1132 et
822 1093 919 1147 per
964 1093 1150 1133 eorum
1196 1079 1391 1135 bonam
1434 1094 1725 1136 conversa-

163 1173 345 1226 tionem
390 1171 573 1240 pravis
601 1169 743 1223 illius
776 1169 878 1224 αξνί
921 1170 1255 1237 hominibus,
1285 1178 1345 1225 ut
1395 1170 1462 1226 ad
1498 1170 1723 1227 meliora

164 1268 548 1324 converterent,
574 1259 904 1330 przedieavit.
936 1258 1233 1317 Conclusos
1264 1275 1498 1330 namque
1524 1261 1575 1315 in
1603 1276 1724 1316 car-

161 1370 276 1411 cere
298 1353 424 1407 dicit
452 1352 765 1408 carnalibus
785 1352 1069 1407 desideriis
1091 1353 1440 1407 vehementer
1465 1367 1725 1424 aggrava-

164 1456 254 1501 tos.
286 1444 437 1499 Unde
465 1447 530 1499 de
559 1444 664 1499 illis
691 1444 971 1514 Scriptura
994 1443 1100 1498 ait:
1124 1443 1262 1510 Quia
1284 1447 1451 1500 omnis
1471 1427 1593 1499 caro
1610 1461 1725 1499 cor-

156 1550 351 1610 ruperat
368 1539 683 1593 viamsuam.
703 1537 855 1605 Quod
871 1547 1049 1593 autem
1068 1537 1217 1604 dicit,
1237 1535 1301 1592 In
1314 1555 1435 1609 quo,
1456 1536 1726 1610 signiﬁcat

157 1631 205 1688 in
232 1645 294 1686 eo
315 1632 457 1700 quod
499 1632 868 1701 preemiserat,
894 1641 951 1684 ut
980 1648 1073 1686 nos
1109 1632 1319 1702 oﬂerret
1344 1632 1472 1698 Deo,
1512 1633 1638 1702 quia
1668 1639 1726 1687 et

157 1730 292 1787 tunc,
310 1724 352 1776 si
368 1723 458 1791 qui
474 1721 538 1775 ad
552 1722 993 1791 praedicationem
1012 1720 1246 1785 Domini,
1263 1737 1423 1792 quam
1440 1738 1539 1793 per
1556 1723 1721 1778 vitam

155 1812 376 1867 ﬁdelium
408 1811 801 1882 praetendebat,
837 1812 1061 1867 credere
1098 1812 1435 1880 voluissent,
1475 1822 1532 1868 et
1576 1802 1722 1883 ipsos

153 1905 299 1978 337
325 1905 520 1960 oﬁ'crre
552 1906 660 1960 Deo
686 1904 830 1959 Patri
870 1905 1154 1976 gaudebat.
1194 1924 1212 1957 ι
1244 1905 1383 1961 Ecce
1419 1906 1485 1961 de
1514 1906 1725 1977 populis

153 2002 234 2067 qui
282 1998 712 2053 incarnationem
745 1997 958 2052 Domini
994 2006 1418 2067 praecesserunt,
1444 1998 1727 2052 inexcusa-

151 2088 275 2143 biles
300 2098 425 2143 sunt
452 2089 544 2158 qui
576 2104 682 2142 non
730 2088 1107 2155 crediderunt,
1152 2089 1278 2159 quia
1312 2090 1427 2143 sine
1465 2090 1726 2159 praedica-

153 2180 288 2235 tione
316 2181 506 2236 salutis
538 2197 647 2235 non
688 2179 941 2245 luerunt,
973 2181 1093 2235 sine
1138 2181 1493 2236 sacramentis
1538 2181 1726 2237 salutis

148 2272 335 2341 quibus
373 2272 716 2326 salvarentur
757 2283 863 2326 non
894 2270 1255 2336 exstiterunt,
1297 2271 1492 2340 quibus
1533 2271 1723 2326 salvati

153 2370 266 2414 sunt
304 2360 436 2415 Abel
474 2359 754 2414 Christum
796 2360 851 2414 in
901 2375 1039 2431 agno
1086 2359 1341 2426 oﬁ‘erens,
1386 2362 1569 2417 Euoch
1611 2361 1725 2418 sola

154 2452 264 2507 ﬁdei
315 2452 653 2507 invocatione
699 2452 945 2507 credens.
1003 2450 1117 2507 Noe
1160 2461 1216 2507 et
1268 2453 1322 2507 in
1371 2453 1726 2508 fabricatione

154 2557 281 2595 arce
308 2542 638 2613 prazdicavit,
678 2554 734 2598 et
778 2541 985 2597 hostias
1024 2542 1235 2598 obtulit.
1283 2545 1424 2598 Area
1466 2543 1725 2605 Ecclesia:

153 2640 324 2704 typum
365 2635 553 2704 gessit,
596 2650 736 2704 aqua
778 2634 965 2689 diluvii
1008 2633 1179 2703 ﬁgura
1222 2635 1562 2706 baptismatis
1601 2635 1718 2689 luit.

162 2722 304 2780 L'nde
328 2735 381 2779 et
409 2725 459 2780 in
492 2727 679 2781 eadem
721 2725 948 2797 epistola
979 2726 1237 2796 scriptum
1269 2735 1355 2781 est
1382 2744 1394 2780 :
1426 2725 1527 2791 Qui
1558 2727 1724 2780 incre-

157 2813 257 2864 duli
285 2813 489 2882 [uerunt
522 2814 829 2885 aliquando,
877 2815 1088 2884 quando
1130 2813 1455 2884 exspectabat
1486 2813 1582 2867 Dei
1626 2830 1725 2884 pa-

159 2904 325 2955 tientia
354 2904 406 2956 in
431 2902 615 2957 diebus
644 2902 781 2970 Noe,
820 2920 940 2957 cum
963 2903 1315 2973 fabricantur
1342 2920 1464 2956 arca
1492 2901 1540 2974 (1
1575 2901 1720 2957 Petr.

161 3008 232 3057 ιιι,
263 2993 371 3067 20).
413 2993 547 3049 Nam
577 3002 631 3049 et
662 2995 775 3066 ipsa
818 2994 914 3050 Dei
952 2995 1214 3067 patientia
1254 2995 1563 3065 praedicatio
1608 2996 1724 3064 ejus

165 3093 301 3151 erat,
329 3101 446 3141 cum
496 3084 610 3141 Noe
648 3095 867 3142 centum
916 3102 1087 3142 annos
1118 3101 1258 3141 arcae
1297 3087 1550 3157 operibus
1594 3086 1724 3141 insi-

166 3183 318 3240 stens,
344 3177 468 3247 quid
504 3178 707 3233 mundo
736 3179 977 3233 futurum
1007 3186 1151 3234 esset
1194 3180 1506 3248 quotidiana
1546 3181 1723 3251 operis

169 3269 487 3324 exsecutione
517 3270 872 3325 monstrabat.
911 3268 1065 3324 Unde
1099 3268 1296 3324 Paulus
1323 3270 1396 3324 ait
1427 3287 1440 3322 :
1467 3269 1548 3323 An
1578 3272 1723 3341 igno-

173 3371 243 3409 ras
259 3360 495 3428 quoniam
521 3359 773 3429 patientia
795 3356 894 3412 Dei
920 3356 989 3412 ad
1009 3359 1363 3429 paenitentiam
1391 3368 1439 3413 te
1468 3359 1725 3413 adducit?

174 3443 228 3498 In
264 3464 358 3517 qua
399 3450 576 3518 pauci,
613 3448 668 3502 id
718 3457 817 3514 est,
859 3458 973 3502 octo
1014 3449 1206 3502 animle
1248 3446 1407 3503 salva:
1447 3449 1603 3519 facta:
1632 3464 1725 3518 per

172 3553 354 3608 aquam.
384 3538 537 3606 Quod
564 3550 615 3594 et
643 3556 729 3595 vos
760 3556 917 3613 nunc
938 3539 1125 3594 similis
1164 3539 1349 3608 formw
1384 3538 1554 3594 salvos
1593 3538 1722 3608 facit

174 3631 397 3704 baptisma
438 3633 620 3707 (Rom.
651 3648 709 3701 ιι,
741 3633 819 3705 4).
866 3632 1119 3689 Formam
1161 3632 1414 3703 baptismi
1458 3632 1724 3687 assimila-

174 3731 266 3779 tam
290 3727 412 3781 dicit
438 3741 579 3781 arcte
607 3733 663 3781 et
687 3726 843 3795 aquis
867 3723 1072 3791 diluvii,
1100 3725 1242 3794 quod
1258 3764 1270 3787 ,
1305 3730 1562 3793 pereunte
1580 3723 1722 3777 orbe

175 3822 285 3882 toto,
314 3817 487 3886 pauci,
516 3817 569 3872 id
591 3825 694 3884 est,
724 3825 846 3872 octo
878 3816 1073 3871 anima:
1099 3815 1260 3870 salvae
1286 3813 1441 3869 facta:
1474 3822 1600 3869 sunt
1625 3827 1722 3884 per

173 3920 338 3976 aquam
366 3925 379 3962 :
411 3911 537 3979 quia
570 3908 638 3962 ad
665 3906 1125 3977 comparationem
1173 3904 1512 3975 pereuntium
1552 3902 1721 3959 multo

170 3996 358 4055 brevior
398 4012 481 4057 est
526 3980 785 4056 numerus
811 3999 1127 4056 electorum.
1163 4018 1183 4050 ι
1229 3998 1381 4065 Quod
1410 4012 1541 4068 ergo
1579 4011 1720 4068 aqua

169 4089 327 4147 diluvii
350 4110 453 4148 non
486 4093 711 4149 salvavit
730 4102 885 4147 extra
913 4106 1091 4147 arcam
1122 4091 1346 4162 positos,
1375 4091 1469 4146 sed
1497 4091 1715 4157 occidit,

165 4182 264 4237 sine
305 4184 467 4238 dubio
509 4182 890 4254 prteﬁgurabat
938 4196 1154 4237 omnem
1200 4181 1535 4246 hiereticum,
1594 4180 1719 4237 licet

164 4271 429 4328 habentem
475 4273 813 4345 baptismatis
855 4282 1275 4339 sacramentum,
1306 4288 1413 4328 non
1452 4272 1590 4340 aliis,
1622 4273 1717 4329 sed

162 4361 273 4432 ipsis
297 4364 452 4434 aquis
481 4363 549 4419 ad
576 4361 785 4419 inferna
814 4363 1188 4435 mergendum,
1215 4364 1411 4434 quibus
1433 4378 1559 4420 area
1590 4365 1717 4420 sub-

158 4453 346 4512 levatur
388 4457 457 4511 ad
515 4457 735 4512 ctelum.
762 4457 1035 4513 Abraham
1070 4457 1124 4512 in
1155 4444 1265 4512 ﬁlio
1294 4455 1571 4513 Christum
1610 4458 1715 4512 im-

1749 3226 1796 3290 ε

1828 622 2063 689 criﬁcia,
2116 624 2398 693 solumque
2432 622 2756 679 sacriﬁcium
2805 623 2916 679 Deo
2961 624 3251 680 Dominica:
3288 641 3413 695 pas-

1826 715 1995 771 sionis
2059 730 2157 785 pro
2208 715 2467 786 religione
2524 714 2705 785 populi
2762 713 3132 771 deferendum.
3197 718 3412 775 Etenim

1824 808 2026 865 vitulus
2051 808 2139 866 ille
2164 817 2283 864 erat
2311 810 2364 864 in
2397 819 2524 881 typo
2543 807 2770 874 Christi,
2801 809 2856 863 in
2878 824 2985 879 quo
3011 818 3216 880 septem
3254 810 3414 881 spiri-

1826 901 2014 957 talium
2061 900 2335 972 plenitudo
2362 903 2656 967 virtutum,
2697 902 2839 957 sicut
2869 902 3039 958 Isaias
3063 903 3227 969 dicit,
3259 904 3415 960 babi-

1826 993 1995 1048 tabat.
2045 992 2198 1049 Hunc
2237 994 2464 1048 vitulum
2502 1001 2560 1048 et
2598 991 2873 1047 Abraham
2919 992 3139 1056 obtulit,
3191 995 3410 1063 quando

1825 1082 1965 1139 diem
1994 1082 2207 1140 Domini
2251 1084 2416 1149 vidit,
2441 1092 2496 1139 et
2520 1084 2737 1156 gavisus
2759 1092 2862 1140 est.
2896 1083 2996 1138 Hic
3029 1092 3111 1139 est
3140 1084 3233 1154 qui
3269 1100 3415 1143 nunc

1827 1176 1882 1230 in
1922 1176 2058 1231 haedi
2104 1184 2253 1248 typo,
2291 1191 2439 1232 nunc
2478 1176 2531 1230 in
2575 1175 2726 1241 ovis,
2772 1174 2996 1230 nuncin
3024 1174 3178 1230 vituli
3218 1174 3414 1232 oﬁ‘ere-

1824 1265 2004 1320 batur.
2037 1265 2209 1331 Haedi,
2237 1267 2382 1337 quod
2412 1265 2737 1322 sacriﬁcium
2763 1280 2864 1337 pro
2895 1266 3108 1322 delictis
3134 1267 3242 1321 sit:
3274 1266 3414 1331 ovis,

1824 1357 1969 1426 quod
1999 1356 2303 1412 voluntaria
2335 1357 2509 1413 hostia
2540 1357 2757 1424 :vituli,
2784 1357 2926 1428 quod
2958 1357 3303 1413 immaculata
3344 1357 3418 1414 sit

1823 1446 2064 1502 victima.
2097 1466 2115 1499 ι
2143 1448 2209 1502 Ει
2238 1457 2421 1519 patres
2460 1449 2632 1504 nostri
2664 1464 2855 1505 omnes
2898 1450 3156 1519 baptizati
3190 1458 3318 1504 sunt
3359 1448 3418 1504 in

1823 1541 1986 1604 nube,
2017 1550 2073 1596 et
2094 1540 2148 1595 in
2173 1542 2331 1608 mari,
2356 1548 2413 1596 et
2431 1556 2617 1596 omnes
2637 1542 2880 1597 eamdem
2913 1540 3210 1612 spiritalem
3233 1555 3414 1597 eseam

1824 1632 2306 1697 manducaverunt,
2336 1641 2394 1687 et
2413 1647 2603 1688 omnes
2628 1633 2877 1687 eumdem
2903 1641 3090 1703 potum
3114 1630 3418 1702 spiritalem

1824 1721 2097 1776 biberunt.
2128 1720 2278 1777 Unde
2296 1723 2630 1793 Augustinus
2674 1723 2728 1779 in
2767 1722 3104 1794 expositione
3136 1719 3417 1792 Evangelii

1832 1814 2128 1868 secundum
2157 1813 2415 1869 Joannem
2442 1814 2705 1886 (tractatu
2746 1814 2847 1886 26)
2872 1831 2887 1871 :
2918 1831 2939 1866 ι
2964 1811 3177 1880 Patres,
3218 1811 3415 1883 inquit,

1833 1902 1986 1957 vestri
2025 1902 2473 1957 manducauerunt
2513 1919 2706 1957 manna
2753 1913 2801 1957 et
2847 1904 3041 1958 mortui
3078 1912 3198 1958 sunt
3229 1900 3412 1974 (Joan.

1826 2010 1900 2060 vr,
1926 1994 2041 2063 49).
2082 1993 2542 2050 Mandueaverunt
2581 1994 2790 2068 Moyses
2816 2006 2872 2052 et
2912 1995 3125 2062 Aaron,
3151 2004 3206 2051 et
3229 1993 3418 2051 caeteri

1825 2086 1995 2140 sancti
2026 2086 2191 2158 238
2235 2086 2328 2159 qui
2373 2087 2593 2143 fuerunt
2640 2088 2693 2142 in
2741 2088 2937 2159 populo
2982 2103 3202 2154 manna,
3228 2095 3417 2143 etnon

1824 2186 1952 2232 sunt
1994 2179 2210 2242 mortui,
2239 2178 2363 2248 quia
2393 2178 2709 2249 spiritaliter
2740 2179 3004 2236 visibilem
3044 2179 3225 2235 cibum
3255 2178 3417 2234 intel-

1822 2264 2094 2333 lexerunt,
2132 2268 2446 2338 spiritaliter
2470 2270 2796 2324 esurierunt.
2822 2269 2930 2324 Alii
2957 2283 3085 2324 vero
3118 2269 3413 2337 manduca-

1824 2366 2022 2412 verunt
2055 2366 2110 2414 et
2149 2368 2564 2429 permanserunt
2604 2360 2658 2414 in
2689 2360 3027 2428 inﬁdelitate.
3060 2360 3213 2416 Sicut
3240 2359 3416 2417 Judaei

1826 2452 2113 2507 audierunt
2157 2453 2464 2524 loquentem
2492 2453 2789 2519 Christum,
2821 2454 2915 2509 sed
2952 2469 3058 2510 non
3095 2452 3416 2523 spiritaliter

1825 2540 1993 2596 verba
2017 2542 2134 2612 ejus
2162 2542 2563 2598 intellexerunt.
2587 2542 2712 2597 ldeo
2732 2543 2867 2597 dixit
2887 2543 2969 2598 eis
2997 2561 3010 2597 :
3040 2541 3225 2596 Patres
3256 2542 3413 2597 uestri

1824 2632 2272 2687 manducauerunt
2302 2650 2496 2687 manna
2524 2634 2579 2686 in
2602 2633 2804 2687 deserto
2829 2642 2877 2688 et
2904 2633 3098 2689 mortui
3126 2641 3268 2687 sunt.
3293 2632 3413 2701 Qua

1826 2733 2025 2790 morte,
2054 2723 2156 2778 nisi
2185 2722 2553 2779 inﬁdelitatis?
2582 2722 2716 2778 Nam
2743 2724 3016 2779 communi
3056 2733 3233 2779 morte
3262 2738 3414 2779 mor-

1827 2813 1903 2867 tui
1937 2824 2064 2869 sunt
2088 2822 2143 2869 et
2169 2815 2343 2869 sancti
2365 2814 2456 2883 qui
2483 2813 2701 2869 luerunt
2725 2815 2867 2871 inter
2889 2828 3002 2870 eos.
3027 2813 3151 2871 ldco
3179 2814 3416 2887 signavit

1829 2903 2086 2959 Dominus
2126 2905 2179 2959 in
2205 2905 2291 2959 his
2318 2904 2501 2960 verbis
2530 2914 2765 2960 mortem
2793 2905 3114 2976 Spiritalem,
3143 2921 3252 2960 non
3287 2919 3414 2961 car-

1826 2996 2005 3051 nalem
2034 3012 2049 3049 :
2074 2992 2264 3051 Patres
2297 2996 2453 3050 vestri
2487 2996 2937 3051 manducaverunt
2972 3014 3168 3052 manna
3191 3006 3242 3052 et
3271 3012 3416 3052 mor-

1825 3086 1904 3138 tui
1950 3094 2119 3144 sunt:
2167 3101 2276 3141 non
2307 3086 2434 3157 quia
2479 3087 2683 3141 malum
2717 3095 2839 3143 erat
2888 3102 3118 3154 manna,
3155 3089 3249 3144 sed
3283 3089 3414 3160 quia

1828 3177 1969 3232 male
2018 3179 2498 3234 manducaverunt.
2552 3177 2652 3233 llic
2690 3189 2767 3234 est
2812 3180 2965 3250 panis
3014 3181 3105 3251 qui
3158 3181 3225 3235 de
3284 3180 3414 3237 ctzlo

1825 3270 2089 3325 descendit
2135 3270 2315 3343 (Joan.
2360 3287 2438 3337 vt,
2487 3270 2601 3343 50).
2649 3271 2804 3328 Hunc
2844 3286 3043 3343 panem
3090 3272 3417 3343 signiﬁcavit

1825 3379 2044 3429 manna,
2070 3364 2210 3418 hunc
2231 3378 2427 3433 panem
2442 3364 2662 3434 signant
2680 3362 2871 3419 altaris
2892 3364 2987 3420 Dei
3010 3373 3408 3420 sacramenta.)

1827 3454 1891 3508 Et
1920 3469 2046 3511 ecce
2073 3455 2139 3509 de
2168 3455 2388 3526 populo,
2417 3455 2510 3525 qui
2541 3453 2754 3510 Domini
2790 3455 3071 3525 praecessit
3096 3455 3410 3511 adventum.

1825 3544 2078 3599 Dicamus
2112 3545 2178 3598 de
2215 3543 2305 3598 illo
2333 3544 2424 3613 qui
2456 3544 2702 3614 sequitur
2743 3543 2890 3600 illius
2930 3544 3243 3602 adventum.
3274 3544 3413 3600 Item

1824 3636 1877 3691 in
1908 3635 2144 3705 Epistola
2184 3635 2330 3690 Petri
2375 3636 2545 3707 prima
2577 3652 2592 3692 :
2622 3636 2856 3693 Scientes
2884 3637 3024 3709 quod
3071 3655 3176 3694 non
3229 3653 3413 3693 corru-

1820 3727 2086 3799 ptibilibus
2132 3745 2266 3782 auro
2311 3729 2389 3781 vel
2434 3738 2647 3798 argento
2695 3728 2945 3800 redempti
2991 3730 3116 3786 estis
3166 3729 3232 3786 de
3274 3746 3414 3786 vana

1820 3829 1990 3873 uestra
2027 3819 2416 3874 conversatione
2442 3830 2674 3890 paternis
2715 3820 3035 3887 traditionis,
3067 3821 3159 3876 sed
3184 3820 3413 3892 pretioso

1819 3908 2075 3978 sanguine
2094 3909 2246 3979 quasi
2280 3909 2403 3979 agni
2429 3908 2826 3964 incontaminati
2854 3920 2901 3965 et
2925 3910 3263 3973 immaculati
3280 3910 3410 3967 Jesu

1822 3997 2017 4055 Christi
2046 4001 2107 4073 (Ι
2137 4001 2281 4056 Petr.
2310 4017 2360 4067 t,
2390 4000 2511 4072 18).
2541 4001 2695 4058 Unde
2736 4002 2878 4059 Beda
2908 4001 3056 4074 (cap.
3084 4003 3121 4058 2
3158 4002 3213 4058 in
3260 3999 3410 4061 Petri

1820 4088 1923 4161 Ep.
1941 4089 1994 4161 1)
2012 4107 2026 4144 :
2047 4110 2066 4141 ι
2080 4090 2292 4158 Quanto
2312 4091 2487 4161 majus
2506 4098 2589 4146 est
2608 4092 2839 4161 pretium
2860 4108 2968 4163 quo
2989 4094 3256 4163 redempti
3275 4094 3410 4149 estis

1820 4197 1851 4237 a
1877 4181 2222 4251 corruptione
2242 4182 2365 4236 vitae
2389 4181 2643 4248 carnalis,
2670 4190 2822 4237 tanto
2839 4183 3069 4253 amplius
3098 4184 3287 4239 timere
3314 4184 3409 4240 de-

1819 4272 1977 4339 betis,
2007 4287 2077 4328 ne
2102 4271 2242 4327 forte
2267 4274 2335 4328 ad
2361 4271 2726 4342 corruptelam
2756 4272 3013 4328 vitiorum
3059 4274 3406 4340 revertendo,

1818 4364 2029 4419 animos
2059 4363 2226 4418 vestri
2275 4361 2633 4433 redemptoris
2660 4361 2967 4431 oﬁ‘endatis,
2995 4365 3164 4421 renati
3200 4381 3305 4420 non
3341 4382 3407 4420 ea:

1818 4456 2015 4511 semine
2056 4454 2417 4525 corruptibili,
2461 4454 2553 4509 sed
2603 4455 3018 4526 incorruptibili,
3059 4472 3153 4527 per
3195 4457 3408 4512 uerbum

161 4548 377 4603 mulavit.
411 4547 804 4604 Melchisedech
844 4548 900 4603 in
937 4547 1108 4621 ﬁgura
1138 4550 1295 4621 panis
1329 4549 1451 4604 vitai
1498 4558 1716 4606 aeterna:
1744 4579 1797 4643 υ
1824 4546 1920 4601 Dei
1965 4546 2062 4601 vivi
2117 4555 2167 4600 et
2208 4547 2559 4616 permanentis
2603 4547 2661 4601 in
2715 4556 2989 4602 internum.
3040 4547 3170 4602 Tale
3213 4556 3298 4604 est
3351 4547 3406 4603 in

160 4644 206 4691 et
224 4638 396 4694 calicis
423 4638 615 4695 salutis
638 4646 941 4710 perpetuas,
969 4653 1163 4710 panem
1196 4648 1251 4693 et
1276 4639 1458 4694 vinum
1500 4639 1713 4696 obtulit.

165 4731 346 4809 onses
391 4752 590 4808 agnum
633 4736 934 4806 paschalexn
968 4735 1294 4792 sacriﬁcavit
1330 4753 1344 4790 :
1386 4737 1585 4793 etenim
1616 4750 1715 4806 pa-

169 4827 275 4881 scha
312 4837 553 4883 nostrum
594 4827 900 4884 immolatus
943 4836 1028 4883 est
1055 4826 1321 4884 Christus.
1364 4827 1545 4884 Aaron
1590 4843 1715 4883 cum

174 4916 296 4971 vituli
336 4919 598 4988 sanguine
639 4919 807 4974 semel
854 4918 906 4974 in
955 4917 1156 4975 Sancta
1206 4920 1260 4975 in
1290 4935 1433 4975 anno
1473 4919 1714 4973 intravit.

176 5007 297 5067 Unde
337 5013 576 5070 Paulus:
609 5013 878 5081 Christus,
925 5016 1129 5085 inquit,
1174 5015 1419 5070 assistens
1469 5012 1718 5087 Pontifex

179 5100 434 5167 futurorum
469 5108 744 5170 bonorum,
771 5123 862 5177 per
890 5105 1113 5178 amplius
1139 5116 1185 5159 et
1225 5105 1504 5176 perfectius
1541 5106 1717 5160 taber-

182 5195 384 5252 naculum
415 5216 517 5252 non
546 5215 705 5252 manu
737 5198 955 5267 factum,
981 5213 1072 5267 per
1110 5198 1374 5268 proprium
1410 5189 1715 5267 sanguinem

185 5282 348 5342 intrarit
386 5289 541 5344 semel
568 5290 621 5343 in
666 5288 883 5355 Sancta,
908 5299 1103 5351 (eterna
1132 5288 1480 5359 redemptione
1507 5290 1715 5343 inventa

188 5370 329 5443 (Hebr.
359 5395 433 5446 ix,
464 5380 574 5445 Η).

239 5465 366 5526 Unde
412 5481 467 5528 et
512 5472 829 5528 Ambrosius
879 5474 933 5529 in
983 5473 1121 5527 libro
1164 5473 1230 5527 de
1273 5472 1476 5544 Spiritu
1523 5479 1712 5526 sancto

187 5549 303 5624 (libro
325 5575 339 5614 ι
364 5561 414 5614 in
442 5562 736 5633 prooemio).
764 5578 1040 5632 exponens
1069 5563 1392 5617 sententiam
1422 5562 1541 5617 libri
1564 5561 1713 5617 Judi-

185 5655 274 5700 cuin
299 5649 360 5705 de
385 5653 624 5721 Gedeon,
648 5654 771 5723 quia
798 5652 1044 5708 Christus
1070 5653 1238 5707 vitulo
1263 5653 1332 5707 sit
1359 5654 1715 5723 prmsignatus

182 5734 312 5793 dicit:
341 5761 358 5793 ι
388 5741 454 5797 Et
474 5743 592 5815 ipse
624 5753 937 5814 septennem
964 5744 1127 5798 alium
1157 5742 1379 5797 vitulum
1418 5742 1718 5799 immolavit

184 5826 281 5888 υθο.
321 5834 433 5904 Quo
476 5837 620 5895 {acto
656 5836 1093 5921 manifestissime
1142 5836 1419 5903 revelavit,
1466 5845 1591 5908 post
1621 5835 1717 5893 ad-

1823 4638 2116 4711 Evangelio
2155 4636 2398 4701 Joannis,
2431 4638 2512 4692 Itis
2536 4638 2625 4708 qui
2669 4639 2888 4694 credunt
2930 4641 3239 4709 in.nomine
3266 4640 3402 4711 ejus,

1819 4729 1910 4799 qui
1954 4744 2058 4782 non
2096 4744 2161 4782 ea:
2193 4729 2569 4798 sanguinibus,
2600 4745 2764 4799 neque
2806 4746 2872 4784 ex
2900 4730 3162 4785 voluntate
3205 4732 3404 4798 carnis,

1820 4835 1983 4890 neque
2012 4834 2077 4874 ea:
2107 4817 2370 4873 uoluntate
2396 4819 2513 4884 viri,
2539 4819 2632 4874 sed
2669 4836 2735 4874 ea:
2777 4819 2888 4875 Deo
2930 4821 3042 4876 nati
3066 4830 3187 4875 sunt
3217 4821 3402 4893 (Joan.

1820 4928 1871 4977 ι,
1898 4912 2007 4984 15).
2043 4910 2197 4967 Sicut
2220 4926 2347 4981 ergo
2377 4912 2786 4982 incorruptibile
2826 4920 2910 4969 est
2950 4914 3182 4982 pretium
3215 4914 3404 4969 Domi-

1819 5001 1954 5057 nica:
1976 5000 2263 5071 passionis,
2286 5014 2395 5069 quo
2421 5001 2679 5072 redempti
2708 5015 2914 5067 sumus,
2932 5002 3006 5057 ita
3032 5003 3197 5058 etiam
3222 5003 3401 5058 incor-

1820 5095 2075 5166 ruptibile
2106 5103 2190 5151 est
2238 5102 2640 5149 sacramentum
2686 5092 2851 5151 fontis
2894 5096 3071 5162 sacri,
3099 5110 3206 5165 quo
3241 5110 3403 5151 rena-

1820 5190 2043 5245 scimur.
2096 5188 2227 5255 Quae
2273 5186 2353 5241 ita
2401 5186 2506 5243 sibi
2559 5186 2791 5243 invicem
2851 5194 3277 5251 connectuntur,
3339 5195 3405 5241 ut

1817 5295 1987 5335 unum
2025 5279 2179 5335 nobis
2206 5279 2324 5336 sine
2366 5278 2537 5335 altero
2565 5278 2797 5335 salutem
2843 5278 3088 5334 conferre
3118 5285 3350 5348 nequeat
3380 5291 3397 5331 :

1816 5371 1943 5441 quia
1982 5370 2238 5425 nimirum
2285 5370 2546 5427 Dominus
2593 5370 2668 5425 ita
2714 5384 2814 5424 nos
2861 5379 3101 5438 tempore
3146 5367 3401 5423 incarna-

1815 5464 1978 5520 tionis
2010 5479 2123 5519 sure
2150 5479 2306 5519 sacro
2346 5462 2607 5533 sanguine
2639 5461 2802 5517 simul
2834 5475 3025 5516 omnes
3058 5459 3308 5528 redemit,
3339 5470 3400 5517 ιιι

1815 5573 1915 5613 nos
1961 5572 2178 5629 quoque
2223 5565 2410 5612 nostro
2447 5565 2690 5624 tempore
2726 5555 2931 5610 viritim
2969 5569 3069 5625 per
3102 5568 3396 5624 regenera-

1815 5652 2016 5706 tionem
2057 5650 2310 5721 baptismi
2355 5648 2422 5703 ad
2465 5648 2794 5704 consortium
2834 5647 3074 5719 ejusdem
3106 5662 3394 5721 regenera-

1816 5741 1978 5797 tionis
2005 5740 2290 5812 pervenire
2323 5738 2635 5794 debeamus.
2668 5737 2741 5796 Ut
2768 5738 2894 5794 hinc
2934 5738 3241 5811 colligatur,
3268 5739 3396 5808 quia

1819 5835 1960 5892 sicut
1997 5851 2067 5890 ex
2098 5834 2303 5892 semine
2340 5832 2678 5904 corruptibili
2709 5848 2837 5890 caro
2865 5847 2986 5905 quae
3013 5839 3395 5905 corrumpatur
