3992 6336
671 334 777 392 505
1656 334 1982 393 HINCMARI
2023 329 2419 394 RHEMENSIS
2456 338 2972 398 ARCIHEPISCOPI
3760 361 3832 422 δίη

671 442 935 507 nascitur,
966 440 1045 498 sic
1073 455 1169 512 per
1196 454 1396 512 aquam
1424 440 1592 498 verbo
1613 442 1709 500 Dei
1739 453 2114 501 consecratam
2147 445 2255 500 vita
2285 449 2331 507 A
2361 460 2419 501 se
2462 449 2727 517 permisit.
2753 471 2790 522 ι⁸
2813 451 2922 508 Sed
2959 461 3014 508 et
3042 452 3177 508 sicut
3222 453 3404 512 Patres
3444 461 3634 529 quidam
3662 475 3833 531 mandu.

669 534 968 632 nobis-quae
1180 532 1390 632 neseiat
1415 533 1688 588 tribuitur.
1713 554 1732 586 ι
1749 535 1814 589 Et
1836 535 1964 590 item
1993 539 2132 606 (cap.
2155 536 2248 605 2):
2356 548 2618 592 caverunt
2642 555 2860 607 manna,
2888 549 2943 596 et
2967 557 2996 595 a
3026 541 3252 611 spiritali
3277 555 3440 602 morte
3458 551 3576 606 salvi
3603 554 3710 612 facti
3729 575 3832 632 sunt,

672 642 694 678 ι
728 624 800 681 Ut
824 625 962 680 bene
990 624 1246 680 diseendo
1269 626 1598 696 perveniatis
1624 628 1692 682 ad
1719 627 2070 684 refectionem
2092 627 2253 699 panis
2355 627 2573 696 quidam
2617 637 2796 685 autem
2843 633 3306 690 manducaverunt
3330 645 3383 692 et
3410 643 3589 697 mortui
3626 661 3756 705 sunt:
3785 624 3836 710 its

665 714 774 770 vivi
804 715 895 785 qui
923 714 992 771 de
1016 715 1155 772 caelo
1181 717 1458 773 descendit
1489 718 1631 776 :hoc
1654 727 1739 775 est
1780 735 1878 791 per
1909 729 2248 776 sacramenta
2355 726 2411 773 et
2436 719 2576 774 sicut
2603 720 2803 778 Paulus
2831 722 2960 778 dicit
2998 723 3062 778 ad
3108 723 3428 796 Corinthios,
3459 743 3570 800 post
3595 739 3835 805 passionem

666 806 961 896 Dominicae
998 806 1414 874 incarnationis,
1443 808 1639 879 quibus
1669 811 1845 866 renati
1877 811 2010 868 estis
2036 819 2091 866 et
2123 811 2250 881 qui-
2356 807 2570 863 Domini
2604 809 2807 866 factum
2837 821 2939 879 est,
2969 821 3024 868 et
3056 813 3116 868 ﬁt
3142 816 3398 884 quotidie,
3431 817 3732 894 futurumque
3765 840 3839 896 est,

565 928 567 930 -
664 895 767 953 bus
810 897 1023 966 nutriti,
1064 898 1394 980 perveniatis
1415 900 1484 954 ad
1517 901 2024 971 contemplationem
2053 901 2251 956 divinae
2351 899 2606 968 quoniam
2636 902 2854 972 quidam
2900 903 3163 960 accedunt
3189 906 3256 960 ad
3300 899 3529 964 mensam
3563 913 3738 971 Domini
3775 921 3835 975 in-

665 987 975 1059 majestatis.
1030 1007 1048 1040 s
1097 988 1204 1043 Sed
1247 990 1503 1062 quoniam
1549 991 1768 1061 quidam
1816 1000 1972 1056 sunt,
2026 999 2082 1048 et
2129 1002 2252 1062 post
2352 989 2531 1059 digne,
2563 991 2781 1066 quidam
2810 1000 2990 1047 autem
3021 993 3212 1050 devote
3253 1012 3266 1049 :
3310 1004 3363 1050 et
3390 997 3593 1067 quidam
3618 1004 3704 1058 sibi
3737 1007 3839 1076 judi-

664 1078 953 1134 adventum
1001 1078 1212 1134 Domini
1261 1088 1388 1135 ante
1431 1095 1530 1136 nos
1574 1079 1823 1147 fuerunt,
1876 1089 2038 1151 atque
2082 1079 2248 1136 futuri
2349 1079 2492 1133 cium
2538 1082 2869 1138 manducant
2896 1091 2952 1138 et
2978 1084 3188 1152 bibunt,
3228 1087 3441 1156 quidam
3474 1101 3636 1148 autem
3661 1102 3838 1156 suamin

661 1178 821 1233 sunt,
879 1169 971 1239 qui
1018 1167 1161 1238 quod
1209 1170 1434 1224 audiunt
1485 1185 1592 1225 non
1642 1171 1942 1242 recipiunt,
1994 1173 2123 1227 item
2173 1171 2247 1226 ibi
2349 1168 2576 1226 salutem
2603 1173 2928 1243 percipiunt.
2964 1173 3030 1228 Et
3071 1176 3136 1230 de
3161 1176 3340 1246 priore
3382 1181 3566 1251 popqu
3588 1189 3841 1245 venerabilis

659 1259 923 1329 scriptum
951 1267 1035 1314 est
1062 1277 1075 1312 :
1105 1258 1205 1314 llis
1249 1261 1341 1330 qui
1378 1260 1649 1330 o/fendunt
1684 1262 1864 1328 verbo,
1911 1279 2003 1317 nec
2030 1262 2247 1316 credant
2347 1260 2634 1331 presbyter
2659 1260 2802 1317 Beda
2838 1263 2891 1317 in
2917 1263 3134 1318 homilia
3165 1274 3353 1321 octava
3381 1268 3539 1324 dicit:
3567 1290 3583 1322 ‹
3609 1270 3720 1339 Quia
3741 1276 3839 1332 idem

657 1350 712 1404 in
753 1351 892 1421 quod
939 1358 987 1403 et
1024 1349 1180 1420 positi
1222 1359 1362 1404 sunt.
1400 1367 1419 1400 ‹
1467 1347 1754 1404 Οίῐθηίιιιηι
1803 1351 2003 1416 verbo,
2042 1351 2133 1420 qui
2181 1365 2246 1405 eo
2347 1351 2638 1407 salutiferae
2686 1355 2982 1410 curationis
3029 1357 3288 1411 auxilium
3335 1360 3650 1419 circumcisio
3679 1365 3723 1419 in
3759 1366 3838 1437 lege

656 1441 774 1511 ipso
825 1441 971 1510 quod
1001 1441 1223 1495 verbum
1259 1441 1354 1495 Dei
1403 1440 1591 1496 audire
1635 1457 1730 1498 eos
1779 1440 2042 1514 contigit,
2079 1441 2247 1497 oﬁ‘en-
2345 1449 2534 1495 contra
2565 1443 2843 1515 originalis
2873 1447 3079 1516 peccati
3112 1448 3306 1503 vulnus
3339 1452 3553 1519 agebat,
3581 1455 3704 1523 quod
3739 1472 3838 1511 nunc

655 1537 791 1591 dum
841 1538 1060 1602 animo,
1113 1538 1239 1593 dum
1288 1536 1478 1592 nolunt
1523 1537 1746 1593 credere
1792 1538 1938 1609 quod
1995 1538 2240 1593 audiunt.
2343 1531 2644 1602 baptismus
2668 1551 2828 1606 agere
2857 1537 3106 1594 revelata:
3129 1541 3319 1610 gratia:
3349 1551 3575 1614 tempore
3602 1548 3834 1612 consuevit,

654 1629 892 1696 Quorum
935 1628 1216 1684 stultitiam
1267 1629 1644 1701 exaggerando
1692 1629 1950 1700 subjecit,
2000 1645 2092 1684 nec
2133 1645 2243 1683 cre-
2342 1634 2566 1694 excepto
2595 1627 2736 1696 quod
2769 1630 2916 1700 regni
2946 1630 3427 1700 coelestisjanuam
3454 1636 3663 1690 necdum
3691 1638 3837 1693 intrare

652 1721 784 1773 dunt
824 1719 880 1773 in
921 1718 1062 1790 quod
1095 1729 1142 1774 et
1191 1720 1346 1790 positi
1375 1729 1495 1774 sunt
1529 1737 1542 1774 :
1575 1720 1702 1790 quia
1749 1719 1802 1773 in
1837 1719 1940 1775 hoc
1969 1719 2152 1789 positi,
2188 1717 2242 1772 id
2342 1721 2612 1781 poterant,
2641 1717 2811 1773 donec
2853 1719 3143 1776 adveniens
3171 1721 3591 1779 benedictionem
3622 1726 3750 1782 daret
3771 1727 3834 1796 qui

651 1817 756 1875 cst,
789 1808 844 1863 in
870 1809 973 1865 hoc
1001 1811 1100 1880 per
1135 1819 1383 1865 naturam
1415 1809 1543 1866 facti
1574 1819 1698 1865 sunt
1729 1809 1997 1875 homines,
2028 1805 2089 1864 ut
2115 1823 2237 1864 cre-
2266 1800 2313 1861 B
2343 1800 2514 1872 legem
2544 1806 2720 1874 dedit,
2750 1816 2809 1862 ut
2838 1809 3008 1864 videri
3034 1819 3217 1881 posset
3252 1812 3394 1868 Deus
3422 1814 3632 1870 deorum
3662 1816 3706 1871 in
3730 1816 3835 1873 Sion.

650 1904 781 1958 dant
808 1903 950 1968 Deo,
983 1909 1037 1958 et
1060 1901 1177 1970 ejus
1203 1901 1467 1958 voluntati
1509 1901 1908 1970 obtemperent,
1950 1899 2239 1956 Salomone
2342 1899 2571 1955 Tantum
2619 1899 2672 1954 in
2702 1901 2821 1956 sinu
2855 1901 3086 1958 Abrahae
3119 1913 3242 1974 post
3281 1915 3507 1965 mortem
3535 1908 3677 1963 beata
3707 1911 3839 1978 requie

650 2004 975 2061 attestantc,
1025 2010 1148 2051 cum
1191 1995 1269 2049 ait
1300 2012 1314 2049 :
1349 1994 1514 2048 Deum
1548 1993 1704 2056 time,
1745 2002 1794 2047 et
1833 1992 2084 2047 mandata
2125 1991 2237 2061 ejus
2340 1989 2598 2045 consolati
2640 2005 2886 2060 superare
2927 1994 3077 2062 pacis
3116 1993 3419 2067 ingressum
3458 2013 3548 2068 spe
3587 1999 3739 2056 felices
3772 2015 3838 2054 ex-

647 2087 880 2152 observa,
909 2087 1005 2140 hoc
1031 2095 1104 2140 est
1133 2086 1269 2140 enim
1292 2084 1458 2139 onmis
1485 2085 1638 2138 Itonia
1661 2083 1860 2155 (Eccle.
1887 2082 2099 2154 xu,15)
2133 2100 2147 2137 :
2183 2083 2236 2139 id
2338 2081 2674 2150 spectabant.
2718 2101 2736 2134 ι
2782 2081 3020 2154 Utraque
3065 2100 3194 2157 ergo
3233 2087 3551 2156 puriﬁcatio,
3581 2099 3630 2144 et
3665 2090 3838 2145 circum-

646 2188 768 2246 est,
827 2179 880 2234 in
937 2179 1039 2233 hoc
1091 2177 1408 2233 naturaliter
1454 2176 1630 2232 factus
1672 2187 1756 2232 est
1805 2177 1981 2232 omnis
2036 2177 2234 2244 homo,
2337 2175 2559 2230 cisionis
2587 2175 2834 2231 videlicet
2860 2177 2912 2232 in
2951 2176 3087 2249 lege,
3125 2187 3176 2234 et
3207 2179 3264 2234 in
3305 2179 3587 2252 Evangelio
3612 2181 3837 2252 baptisma-

645 2274 812 2345 239
851 2282 910 2328 ut
937 2273 1106 2329 Deum
1142 2273 1337 2327 timens
1365 2271 1482 2341 ejus
1513 2271 1782 2326 mandatis
1821 2271 2178 2326 obsecundet.
2209 2289 2228 2322 ι
2337 2265 2437 2331 tis,
2483 2265 2732 2322 tollenda:
2773 2268 3240 2337 praevaricationis
3290 2271 3477 2340 primae
3523 2271 3680 2341 gratia
3715 2269 3838 2339 posita

645 2362 879 2430 Quidam
922 2372 1105 2418 autem
1147 2361 1344 2419 donum
1389 2361 1534 2431 quod
1571 2360 1844 2431 accipiunt
1875 2375 1982 2415 non
2013 2374 2232 2415 conser-
2332 2366 2449 2424 est,
2480 2367 2536 2414 et
2578 2372 2646 2414 ne
2685 2358 2770 2413 cui
2813 2359 2993 2414 saeculi
3038 2359 3272 2417 labentis
3301 2362 3448 2417 aetati
3489 2362 3686 2434 superni
3724 2360 3840 2432 2&0

644 2463 794 2508 vant.
830 2453 982 2510 Unde
1027 2453 1080 2508 in
1127 2451 1315 2508 eadem
1365 2450 1603 2522 Epistola
1649 2450 1904 2505 admonet
1947 2465 2042 2506 eos
2087 2448 2231 2518 Apo-
2333 2458 2612 2519 respectus
2638 2465 2862 2506 munera
2892 2451 3162 2518 deessent,
3194 2452 3276 2508 illi
3305 2470 3518 2526 quoque
3549 2455 3684 2524 quia
3707 2453 3837 2507 mundi

643 2545 812 2602 stolus
839 2545 1065 2602 dicens:
1097 2543 1430 2606 Charissimi,
1456 2542 1664 2597 obsecro
1703 2551 1959 2613 tanquam
2003 2541 2229 2596 advenas
2333 2542 2557 2596 exordio
2599 2555 2772 2612 usque
2801 2541 2868 2596 ad
2903 2550 3144 2613 tempora
3171 2537 3318 2599 datae
3350 2543 3757 2610 circumcisionis,
3781 2537 3838 2594 vel

641 2652 690 2696 et
729 2643 1046 2712 peregrinos,
1089 2640 1348 2694 abstinere
1390 2655 1476 2692 vos
1517 2655 1548 2692 a
1587 2637 1888 2692 carnalibus
1931 2635 2224 2701 desideriis,
2330 2642 2452 2704 post
2479 2634 2660 2689 datam
2689 2634 3183 2703 circumcisionem,
3211 2637 3282 2693 de
3312 2638 3434 2694 aliis
3464 2638 3740 2694 nationibus
3763 2635 3838 2688 Deo

640 2748 758 2803 qua:
783 2731 1009 2785 militant
1039 2730 1288 2785 adversus
1321 2727 1625 2799 animam(l
1656 2727 1800 2782 Petr.
1824 2743 1887 2793 ll,
1915 2725 2025 2798 1-1).
2059 2726 2227 2797 (Beda
2327 2724 2678 2793 placuerunt,
2726 2725 2811 2781 vel
2855 2727 3153 2782 hostiarum
3191 2728 3586 2796 oblationibus,
3626 2727 3699 2783 vel
3735 2735 3838 2781 certe

638 2823 798 2894 ibid.)
833 2841 850 2874 ι
882 2821 1172 2890 Hucusque
1219 2820 1412 2875 beatus
1448 2819 1643 2874 Petrus
1672 2817 1997 2889 generaliter
2039 2815 2226 2873 Ecclc-
2328 2814 2439 2869 sola
2470 2814 2592 2870 ﬁdei
2624 2805 2845 2882 virtute,
2891 2831 3017 2873 suos
3050 2833 3389 2890 suorumque
3435 2819 3634 2873 animos
3657 2813 3837 2873 Creatori

650 2914 785 2968 siam
835 2901 1099 2978 instituit,
1144 2911 1420 2981 explicans
1460 2910 1546 2965 vel
1587 2909 1852 2966 beneﬁcia
1897 2909 2094 2979 quibus
2125 2923 2224 2964 nos
2326 2903 2792 2974 commendantes,
2833 2921 2866 2962 a
2914 2908 3078 2979 primi
3123 2918 3315 2966 reatus
3359 2910 3584 2966 vinculis
3624 2906 3839 2963 absolvere

647 3003 829 3058 divina
858 3003 1034 3072 pietas
1078 3003 1144 3057 ad
1191 3001 1420 3057 salutem
1460 3013 1674 3066 vocare,
1723 2999 1808 3054 vel
1840 3000 1982 3054 dona
2025 2998 2221 3069 quibus
2325 2999 2608 3053 curabant.
2643 2997 2770 3053 Sine
2801 2999 2908 3068 ﬁde
2938 3001 3074 3053 enim
3105 3000 3431 3072 impossibile
3460 3012 3532 3057 est
3565 3001 3741 3072 placere
3766 2996 3839 3050 Deo

641 3097 933 3166 aliquando
961 3093 1193 3159 Iudaeos,
1219 3109 1363 3148 nunc
1387 3099 1564 3147 autem
1591 3107 1689 3147 nos
1712 3093 1979 3147 honorare
2003 3091 2217 3160 dignata
2250 3152 2289 3166 Α
2327 3086 2512 3158 (Hebr.
2539 3103 2617 3153 x1,
2650 3088 2742 3160 6);
2785 3098 2841 3143 et
2887 3089 3028 3144 sicut
3075 3090 3211 3145 alias
3261 3092 3526 3163 scriptum
3570 3098 3678 3145 est:
3705 3087 3838 3141 Justus

635 3152 748 3244 est:
768 3188 906 3244 liinc
947 3188 1190 3244 diversas
1237 3185 1473 3241 ﬁdelium
1517 3199 1775 3256 personas
1817 3183 2045 3239 solerter
2059 3152 2218 3238 'hor-
2245 3152 2290 3214 C
2321 3152 2494 3234 autem
2524 3152 2729 3259 ego/ide
2759 3181 2877 3235 vivit
2909 3180 3087 3252 (Rom.
3117 3197 3158 3248 ι,
3190 3183 3306 3254 l7).
3338 3152 3406 3238 Et
3437 3184 3560 3238 item
3587 3182 3637 3243 in
3667 3175 3840 3233 lloniilia

632 3288 800 3344 tatur,
830 3295 898 3334 ne
923 3294 982 3335 se
1014 3285 1166 3332 tanta
1197 3277 1419 3348 spiritus
1449 3276 1622 3347 gratia
1654 3273 1946 3330 carnaliter
1987 3274 2217 3328 vivendo
2320 3271 2529 3326 decima
2574 3271 2732 3326 tertia
2769 3271 2837 3328 de
2879 3273 3126 3343 sequenti
3174 3273 3384 3344 populo
3433 3281 3553 3343 post
3594 3268 3839 3341 passionem

631 3373 860 3428 reddant
888 3372 1137 3442 indignos
1174 3387 1187 3423 :
1221 3384 1288 3424 ne
1324 3369 1416 3439 qui
1449 3367 1614 3439 regali
1660 3382 1725 3423 ac
1763 3365 2082 3422 sacerdotali
2124 3381 2217 3420 νο-
2318 3363 2531 3419 Domini
2575 3379 2745 3434 usque
2792 3365 2862 3420 ad
2907 3364 3070 3420 ﬁnem
3117 3366 3306 3421 saeculi
3343 3382 3359 3421 :
3393 3385 3412 3419 ι
3447 3365 3548 3432 Qui
3575 3362 3733 3419 dilexit
3757 3374 3840 3423 nos,

627 3462 819 3518 cabulo
852 3470 980 3518 sunt
1005 3461 1268 3533 insigniti,
1297 3460 1550 3515 vitiorum
1581 3458 1735 3513 malis
1765 3457 1997 3524 subacti,
2025 3473 2056 3512 a
2086 3472 2214 3512 con—
2318 3454 2514 3524 inquit,
2539 3463 2588 3507 et
2617 3453 2739 3509 lavit
2770 3470 2863 3509 nos
2887 3471 2921 3508 a
2953 3457 3179 3525 peccatis
3209 3458 3408 3511 nostris
3433 3457 3486 3510 in
3511 3454 3737 3525 sanguine
3755 3461 3840 3503 suo.

628 3555 838 3609 donata:
879 3554 964 3608 vel
1011 3553 1291 3623 promissae
1342 3549 1443 3608 sibi
1487 3551 1787 3607 nobilitatis
1835 3551 2004 3622 gloria
2056 3551 2214 3622 dege-
2315 3551 2432 3607 Non
2484 3551 2656 3607 solum
2689 3562 2868 3608 autem
2915 3553 3046 3609 lavit
3092 3569 3195 3610 nos
3237 3571 3268 3610 a
3313 3555 3554 3627 peccatis
3602 3549 3772 3608 nostris
3805 3547 3843 3601 in

627 3653 879 3700 nereut.»
914 3645 982 3698 Et
1029 3645 1200 3699 item:
1239 3663 1258 3695 r
1297 3640 1398 3698 Vos
1442 3643 1498 3696 in
1534 3642 1825 3697 libertatem
1867 3643 2037 3697 uocati
2066 3643 2212 3709 estis,
2315 3641 2579 3711 sanguine
2626 3657 2757 3709 suo,
2801 3643 3017 3712 quando
3070 3646 3398 3716 sanguinem
3450 3659 3601 3701 suum
3646 3639 3767 3696 dedit
3805 3635 3841 3689 in

625 3734 864 3802 fratres:
907 3743 1112 3788 tantum
1151 3749 1214 3787 ne
1253 3731 1544 3787 libertatem
1585 3733 1640 3786 in
1671 3733 1996 3787 occasionem
2034 3734 2212 3788 carnis
2312 3749 2475 3790 cruce
2516 3750 2616 3805 pro
2656 3735 2833 3802 nobis,
2859 3735 2947 3792 vel
2976 3737 3192 3806 quando
3224 3739 3523 3810 quisquam
3565 3742 3774 3792 nostrum
3803 3727 3843 3781 in

623 3824 756 3878 detis
811 3822 965 3895 (Gal.
1011 3839 1076 3890 v,
1128 3822 1246 3894 15).
1298 3821 1482 3878 Liberi
1535 3821 1681 3876 enim
1735 3828 2208 3902 recte’voeamur,
2313 3827 2625 3896 mysterium
2680 3834 3041 3883 sacrosancta:
3092 3830 3375 3899 passionis
3442 3828 3583 3884 illius
3640 3817 3841 3892 baptismi

620 3919 713 3988 qui
757 3933 851 3988 per
882 3917 1145 3987 baptisma
1174 3933 1203 3970 a
1243 3923 1586 3986 peccatorum
1631 3929 1819 3970 sumus
1858 3914 2086 3970 nexibus
2120 3915 2211 3970 ab-
2310 3920 2465 3989 aquis
2494 3919 2708 3974 ablutus
2735 3930 2855 3975 est:
2889 3935 3077 3976 verum
3117 3921 3285 3976 etiam
3319 3920 3569 3992 quotidie
3598 3915 3719 3972 tollit
3755 3925 3845 3982 pec-

621 4010 814 4076 soluti,
869 4011 960 4081 qui
1008 4025 1037 4063 a
1089 4009 1386 4065 daemonica
1452 4007 1712 4062 servitute
1768 4006 2066 4075 redempti,
2115 4005 2208 4075 qui
2309 4019 2430 4065 cata
2475 4010 2682 4076 mundi,
2720 4011 2972 4080 lavatque
3012 4025 3111 4065 nos
3151 4025 3182 4064 a
3212 4012 3463 4083 peccatis
3492 4007 3685 4065 nostris
3710 4000 3844 4074 quoti-

622 4101 715 4157 ﬁlii
759 4101 852 4156 Dei
899 4099 1076 4157 effecti
1113 4120 1125 4154 :
1161 4117 1266 4156 non
1311 4111 1491 4156 tamen
1536 4101 1676 4156 dono
1725 4099 1992 4155 libertatis
2034 4099 2207 4170 potio-
2306 4102 2487 4158 dianis
2528 4102 2581 4156 in
2623 4103 2885 4172 sanguine
2932 4117 3050 4167 suo,
3093 4117 3219 4157 eum
3267 4103 3518 4174 ejusdem
3561 4101 3717 4156 beatae
3753 4105 3845 4165 pas:

618 4208 732 4248 rem
762 4193 1019 4262 peccandi
1051 4192 1386 4256 facultatem,
1420 4190 1507 4245 vel
1548 4190 1822 4244 licentiam
1853 4189 2200 4259 accepimus:
2306 4193 2474 4248 sionis
2511 4193 2579 4247 ad
2621 4191 2790 4247 altare
2834 4193 3092 4247 memoria
3128 4193 3450 4263 replicatur,
3483 4208 3602 4248 cum
3645 4186 3776 4260 panis
3808 4190 3846 4237 ci

615 4283 748 4354 quin
780 4283 889 4338 imo
937 4283 983 4336 si
1036 4282 1461 4353 peccaverimus,
1504 4295 1630 4334 mox
1672 4280 1922 4335 libertate
1968 4279 2201 4348 perdita,
2305 4285 2413 4338 vini
2460 4292 2709 4339 creatura
2750 4283 2804 4337 in
2850 4293 3259 4340 sacramentum
3311 4286 3498 4341 carnis
3540 4293 3594 4339 et
3624 4272 3848 4349 sanguinis

617 4377 757 4432 servi
806 4374 1069 4430 eﬁicimur
1115 4372 1344 4443 peccati.
1387 4371 1456 4425 Ει
1503 4371 1735 4440 quisque
1774 4385 1834 4426 se
1881 4369 1949 4424 ad
1988 4371 2092 4424 hoc
2133 4370 2200 4423 li-
2303 4377 2420 4447 ejus
2451 4375 2705 4430 ineffabili
2752 4375 2986 4446 Spiritus
3032 4378 3474 4434 sanctiﬁcatione
3526 4373 3844 4431 transfertur:

614 4467 880 4519 bertatem
936 4462 1209 4531 accepisse
1253 4477 1283 4514 a
1329 4459 1557 4514 Domino
1597 4468 1791 4528 putat,
1841 4467 1902 4514 ut
1946 4459 2200 4514 licentius
2233 4518 2277 4538 η
2305 4467 2488 4537 sicque
2515 4481 2709 4537 corpus
2737 4475 2793 4521 et
2836 4467 3056 4538 sanguis
3097 4469 3262 4535 ill-ius,
3297 4485 3410 4525 non
3445 4467 3727 4524 infidelium
3761 4471 3848 4514 ma-

613 4568 844 4633 peccet,
894 4558 1016 4614 talis
1054 4573 1208 4613 suam
1243 4556 1549 4612 libertatem
1587 4553 1641 4609 in
1686 4554 1936 4609 velamen
1977 4552 2198 4609 malitiae
2230 4545 2278 4576 υ
2306 4559 2466 4614 nibus
2499 4558 2565 4612 ad
2593 4555 2888 4629 perniciem
2927 4574 3080 4613 suam
3111 4559 3368 4615 funditur
3389 4569 3446 4616 et
3474 4558 3744 4617 occiditur,
3779 4545 3848 4604 sed

615 4652 808 4710 mutat.
832 4674 850 4708 ι
2306 4648 2541 4703 fidelium
2568 4665 2663 4704 ore
2702 4664 2854 4704 suam
2887 4649 3120 4704 sumitur
3151 4651 3203 4705 in
3235 4651 3498 4706 salutem.
3545 4647 3698 4716 Cujus
3734 4647 3846 4696 reete

611 4759 616 4765 '
681 4746 751 4800 Et
781 4747 907 4800 item
935 4745 990 4799 in
1020 4744 1206 4799 eadem
1235 4739 1468 4814 Epistula
1503 4739 1767 4810 scriptum
1803 4745 1925 4795 est:
1965 4737 2103 4805 Quia
2144 4737 2197 4791 in
2304 4740 2532 4810 figuram
2575 4756 2747 4812 agnus
2774 4741 2828 4796 in
2857 4740 2974 4811 lege
3001 4741 3277 4812 paschalis
3308 4743 3574 4799 ostendit.
3602 4739 3697 4807 Qui
3721 4729 3849 4792 semel

609 4839 706 4891 hoc
746 4837 913 4891 vocati
955 4836 1096 4899 estis,
1139 4843 1194 4887 ut
1236 4831 1640 4887 benedictionem
1683 4829 1988 4885 Irwreditate
2033 4827 2198 4897 possi—
2302 4833 2557 4904 populum
2581 4836 2646 4890 de
2673 4834 2927 4906 IEgyptia
2954 4835 3212 4891 servitute
3249 4836 3522 4901 liberans,
3557 4835 3608 4889 in
3635 4823 3849 4887 memoria

608 4930 775 4983 deatis
817 4927 869 4999 (1
903 4924 1048 4981 Petr.
1081 4942 1140 4981 ut
1164 4965 1178 4991 ,
1211 4924 1288 4994 9).
1329 4924 1398 4979 Et
1435 4933 1615 4978 tamen
1644 4924 1712 4978 de
1755 4923 1823 4978 ad
1865 4919 2198 4977 benedictio—
2299 4921 2540 4993 ejusdem
2588 4924 2943 4989 liberationis,
2972 4941 3069 4996 per
3095 4941 3292 4981 omnes
3323 4942 3502 4983 annos
3533 4919 3851 4981 immolatione

606 5035 732 5075 nem
763 5018 987 5082 vocatis,
1018 5018 1084 5072 de
1131 5013 1446 5085 redemptis,
1488 5014 1554 5069 de
1595 5011 1906 5084 justiﬁcatis
1953 5010 2193 5080 quotidie
2297 5031 2394 5070 sua
2435 5016 2692 5086 populum
2739 5017 2988 5072 eumdem
3029 5016 3387 5074 sanctiﬁcnre
3429 5015 3668 5079 solebat,
3715 5010 3850 5065 donec

579 5094 854 5182 'pereunt.
898 5109 1054 5164 Unde
1099 5117 1153 5162 et
1193 5106 1392 5160 Paulus
1423 5105 1489 5159 ad
1536 5103 1848 5160 Corinthios
1895 5103 2028 5158 dicit
2065 5120 2076 5155 :
2124 5099 2190 5154 Et
2297 5108 2506 5162 veniret
2553 5109 2668 5178 ipse
2719 5108 2806 5164 cui
2852 5107 2977 5164 talis
3024 5109 3198 5164 hostia
3263 5110 3645 5165 testimonium
3694 5099 3850 5159 dabat,

603 5207 788 5276 peribit
819 5207 907 5277 qui
960 5205 1202 5274 inﬁrmus
1227 5213 1299 5257 est
1337 5202 1392 5255 in
1420 5211 1509 5254 tua
1539 5201 1858 5256 conscientia
1885 5203 2070 5270 frater,
2098 5213 2192 5267 pro
2295 5198 2615 5268 oblatusque
2656 5198 2802 5253 Patri
2835 5214 2932 5269 pro
2979 5199 3136 5254 nobis
3181 5199 3236 5252 in
3281 5200 3523 5277 hostiam
3564 5197 3849 5256 odoremque

603 5269 705 5367 quo
732 5269 972 5352 Christus
1012 5269 1250 5349 mortuas
1290 5301 1364 5348 est
1397 5291 1447 5364 (1
1474 5289 1739 5357 Cor.vm,
1765 5269 2042 5361 Η).Ὴίηο
2069 5303 2191 5343 san-
2297 5289 2596 5354 suavitatis,
2646 5290 2960 5361 mysterium
3006 5303 3116 5343 suae
3162 5269 3469 5358 passionis,
3509 5287 3682 5342 ablato
3719 5290 3847 5367 agito.

604 5364 724 5444 ctus
767 5389 1122 5444 Ambrosius:
1164 5405 1182 5438 ι
1210 5385 1414 5443 Peribit
1454 5385 1722 5450 inﬁrmus,
1749 5384 1795 5440 si
1835 5384 1962 5439 edat
1999 5390 2188 5438 contra
2294 5381 2348 5435 in
2380 5389 2681 5434 creaturam
2713 5379 2866 5449 panis
2890 5378 3104 5447 vinique
3137 5377 3496 5434 transferret.
3529 5370 3762 5432 sacerdos
3783 5364 3848 5417 fa-

603 5481 764 5536 unius
795 5481 890 5536 Dei
936 5481 1094 5536 ﬁdem
1139 5479 1204 5536 de
1247 5477 1584 5540 sacriﬁcatis,
1621 5477 1675 5530 in
1714 5485 1806 5531 tua
1846 5475 2184 5530 conscientia.
2292 5479 2410 5525 ctus
2439 5470 2491 5525 in
2525 5478 2788 5525 aeternum
2831 5468 3128 5522 secundum
3173 5467 3431 5522 ordinem
3473 5451 3846 5520 Melchisedech,

599 5566 658 5622 Id
689 5577 801 5635 est,
849 5578 938 5624 tua
971 5571 1162 5640 peritia
1206 5569 1353 5627 illum
1403 5567 1623 5633 occidis,
1658 5567 1874 5637 quando
1903 5582 1934 5621 a
1972 5575 2022 5620 te
2067 5566 2184 5620 fieri
2289 5561 2443 5632 cujus
2486 5561 2704 5631 sanguis
2748 5559 3021 5615 veteribus
3066 5556 3255 5613 electis
3298 5557 3458 5627 regni
3501 5556 3692 5626 januas
3722 5551 3844 5616 pale-

598 5660 747 5716 videt
775 5664 918 5732 quod
952 5661 1044 5718 illé'
1081 5663 1238 5718 aliter
1277 5661 1529 5732 intelligit
1565 5679 1576 5714 :
1611 5669 1666 5716 et
1713 5670 1772 5716 tu
1815 5661 1927 5716 eris
1968 5661 2184 5716 occasio
2287 5654 2434 5710 fecit.
2458 5673 2476 5706 ι

598 5721 807 5810 mortis-
822 5753 1025 5822 fratris,
1053 5769 1212 5826 quem
1242 5721 1490 5811 Christus
1514 5761 1574 5808 ut
1613 5752 1906 5810 redimeret
1935 5752 2181 5823 eruciﬁgi
2359 5748 2427 5806 Et
2456 5749 2565 5806 Leo
2592 5747 2648 5806 in
2676 5746 2898 5805 homilia
2928 5745 3085 5802 tertia
3116 5743 3180 5800 de
3211 5739 3416 5796 Natale
3440 5736 3685 5796 Domini:
3722 5747 3737 5779 ι
3762 5721 3847 5780 Αάσ
