3992 6336
612 294 715 352 507

1594 300 1924 359 HINCMARI
1964 299 2357 357 RHEMENSIS
2392 302 2907 369 ARCHIEPISCOPI
3740 324 3821 382 308

617 424 695 467 est
727 414 946 482 (Ezech.
978 431 1039 481 η,
1070 416 1147 485 5).
1184 435 1204 470 ι
1240 417 1383 487 Ergo
1419 426 1475 473 et
1514 418 1885 488 praecedentes
1923 427 1980 472 et
2012 418 2198 473 subse-
2227 416 2276 473 Α
2299 416 2443 487 juste
2490 421 2738 489 vivendo,
2787 425 2930 481 unde
2982 426 3175 483 merito
3216 429 3510 485 creduntur
3532 444 3624 502 per
3650 432 3820 494 Domini

616 512 844 575 quentes
870 512 1136 574 quotquot
1163 505 1460 572 salvantur,
1484 522 1582 578 per
1604 508 2030 578 redemptionem
2057 508 2201 563 illius

614 594 928 659 salvantur,
966 604 1022 651 et
1043 596 1137 665 qui
1176 612 1285 652 non
1323 599 1607 654 credentes
1649 608 1711 654 ut
1745 599 2085 654 redimantur
2133 600 2203 656 de

617 685 971 756 subsequenti
1002 687 1199 759 populo
1221 689 1538 746 inﬁdelitate
1566 701 1817 762 pereunt,
1843 693 1926 748 vel
1955 696 2045 764 qui
2077 710 2203 765 pra-

617 772 701 830 vis
731 776 974 833 moribus
1008 786 1065 834 et
1108 778 1313 849 iniquis
1339 781 1592 852 operibus
1627 790 1752 852 post
1776 784 2203 854 redemptionem

619 879 873 940 pererrat,
906 887 1003 929 sua
1037 871 1355 929 inﬁdelitate
1373 884 1430 930 et
1450 875 1737 945 iniquitate
1756 885 2004 947 pereunt.
2035 877 2128 934 Sic
2147 886 2205 934 et

622 959 689 1015 de
733 962 934 1032 populo
959 964 1131 1020 veteri
1163 964 1481 1022 inﬁdelitate
1497 977 1552 1023 et
1578 966 1869 1037 iniquitate
1895 968 2205 1039 quicunque

625 1062 753 1107 sunt
787 1054 981 1123 perditi
1015 1055 1313 1126 perierunt,
1348 1057 1489 1114 sicut
1524 1073 1694 1115 sacra:
1727 1059 2063 1118 Testamenti
2096 1062 2205 1119 Ve-

620 1143 754 1199 teris
803 1147 1031 1215 paginae,
1079 1163 1110 1203 a
1160 1147 1292 1205 Cain
1322 1151 1554 1221 reprobo
1592 1167 1762 1223 usque
1800 1153 1869 1208 ad
1907 1153 2118 1209 Annam
2150 1163 2207 1212 et

623 1234 909 1305 Caipham,
939 1238 1220 1295 evidenter
1242 1239 1658 1299 demonstrant:
1687 1250 1741 1298 et
1768 1244 2076 1316 quicunque
2100 1245 2205 1302 sal-

622 1327 738 1382 vati
781 1337 908 1385 sunt
948 1330 1233 1388 credentes
1271 1333 1326 1389 in
1372 1344 1684 1401 venturum,
1724 1338 1864 1393 sicut
1898 1346 1955 1393 et
2004 1348 2103 1394 nos
2150 1338 2207 1395 in

622 1430 747 1473 eum
778 1419 868 1488 qui
914 1419 1030 1491 jam
1075 1422 1227 1477 venit
1274 1424 1583 1492 credimus,
1633 1442 1732 1496 per
1778 1428 2207 1499 redemptionem

621 1523 744 1578 quae
772 1518 856 1565 est
886 1510 940 1564 in
976 1513 1236 1587 sanguine
1265 1514 1431 1584 ipsius
1455 1515 1648 1572 salvati
1680 1524 1827 1584 sunt,
1857 1517 1997 1577 sicut
2029 1527 2080 1574 et
2106 1535 2208 1576 nos

625 1601 814 1655 eadem
861 1602 1229 1673 redemptione
1278 1604 1576 1673 salvamur,
1630 1616 1689 1663 et
1730 1623 1920 1664 omnes
1964 1609 2207 1666 salvandi

625 1691 744 1748 sine
776 1692 940 1750 dubio
973 1694 1340 1753 salvabuntur.
1373 1697 1527 1755 Unde
1550 1708 1607 1757 et
1639 1700 1962 1757 venerabilis
1988 1702 2211 1774 presby-

2254 544 2259 547 ι
2303 512 2617 580 sanguinem
2637 514 2707 570 ab
2735 524 2979 571 extremo
3006 518 3268 587 supplicio
3306 519 3530 585 liberati,
3557 538 3655 578 non
3680 535 3822 583 tamen

2303 600 2358 656 in
2389 601 2475 657 illa
2505 604 2614 659 vita
2644 616 2963 662 meruerunt
3000 609 3068 664 ad
3118 610 3427 680 paradisum
3478 616 3701 669 revocari
3727 635 3738 671 :
3763 620 3825 676 sic

2304 701 2360 749 et
2391 709 2518 750 caro
2546 698 2777 766 peccati,
2826 699 3040 755 etiamsi
3067 700 3310 756 remissis
3338 704 3568 772 peccatis
3607 706 3746 762 homo
3784 711 3826 767 in

2301 799 2366 841 ea
2390 786 2538 856 juste
2564 789 2781 855 vixerit,
2810 806 2917 845 non
2966 792 3219 846 continuo
3248 801 3484 847 meretur
3503 808 3615 849 eam
3641 808 3826 854 mortem

2304 888 2411 929 non
2440 875 2668 944 perpeti,
2695 890 2858 945 quam
2900 876 3067 931 traxit
3091 877 3157 932 de
3181 878 3474 948 propagine
3493 882 3703 948 peccati.
3728 882 3828 939 Tale

2304 966 2506 1037 aliquid
2536 968 2693 1023 nobis
2718 968 3049 1023 insinuatum
3076 978 3160 1024 est
3180 970 3247 1025 de
3292 971 3596 1040 patriarcha
3621 971 3763 1029 David
3784 977 3827 1030 in

2305 1058 2442 1115 libro
2467 1059 2799 1131 Regnorum.
2826 1061 2909 1117 Ad
2933 1076 3096 1132 quem
3132 1062 3396 1132 propheta
3422 1078 3543 1120 cum
3567 1064 3739 1120 missus
3762 1083 3828 1122 es-

2306 1158 2406 1214 set,
2436 1151 2593 1221 eique
2619 1159 2841 1222 propter
2885 1161 3164 1223 peccatum
3193 1152 3340 1221 quod
3381 1151 3675 1217 admiserat,
3700 1167 3826 1210 even-

2308 1240 2598 1299 tura'mala
2629 1260 2696 1299 ex
2732 1244 3013 1300 iracundia
3046 1244 3138 1299 Dei
3166 1243 3610 1310 comminaretur,
3654 1246 3824 1301 contes-

2305 1332 2458 1388 sione
2476 1334 2682 1403 peccati
2711 1334 2920 1389 veniam
2958 1335 3178 1400 meruit,
3220 1334 3579 1404 respondente
3613 1336 3827 1404 propheta

2307 1422 2450 1493 quod
2479 1423 2527 1476 ei
2556 1421 2813 1494 ﬂagitium
2842 1422 3161 1493 facinusque
3191 1424 3479 1479 remissum
3498 1423 3583 1488 sit,
3610 1435 3660 1483 et
3685 1433 3823 1480 tamen

2308 1523 2597 1570 consecuta
2628 1523 2754 1570 sunt
2790 1530 2913 1585 quae
2942 1516 3086 1572 Deus
3106 1515 3287 1571 fuerat
3311 1516 3678 1579 comminatus,
3701 1524 3749 1569 ut
3769 1516 3831 1571 sic

2310 1604 2689 1661 bumiliaretur
2732 1622 2763 1661 a
2812 1606 2942 1663 ﬁlio.
3005 1608 3185 1676 Qpare
3231 1616 3289 1663 et
3322 1607 3411 1663 hic
3440 1622 3542 1662 non
3573 1608 3759 1674 dicitur,
3790 1609 3824 1663 si

2310 1694 2455 1752 Deus
2498 1705 2719 1766 propter
2757 1705 3041 1768 peccatum
3106 1697 3238 1752 illud
3280 1696 3458 1752 fuerat
3500 1699 3820 1765 comminatus,

620 1792 705 1839 ter
727 1784 868 1841 Beda
900 1786 953 1841 in
976 1787 1195 1842 homilia
1222 1789 1479 1860 vigesima
1506 1800 1703 1861 quarta
1728 1791 2007 1863 Evangelii
2030 1795 2161 1851 dicit
2186 1812 2200 1850 :
2234 1782 2285 1845 B
2315 1802 2412 1843 cur
2438 1785 2662 1844 dimisso
2681 1798 2903 1859 peccato
2928 1791 3070 1860 quod
3101 1797 3220 1845 erat
3245 1789 3597 1845 comminatus
3618 1790 3822 1860 implevit,

633 1891 654 1926 ι
694 1874 883 1931 Turba:
915 1888 1091 1934 autem
1119 1895 1237 1950 quae
1270 1880 1653 1950 praecedebant,
1688 1892 1735 1937 et
1773 1899 1890 1954 qua:
1927 1885 2210 1956 sequeban-

624 1975 735 2033 tur,
762 1968 1059 2026 clamabant
1096 1973 1323 2029 dicentes
1350 1988 1369 2026 :
1402 1972 1618 2029 Osanna
1646 1975 1759 2045 ﬁlio
1782 1975 1954 2031 David
1985 1976 2205 2049 (Matth.

620 2073 735 2124 xxi,
751 2060 826 2131 9).
843 2060 961 2119 Una
975 2063 1270 2136 eademque
1290 2065 1646 2124 confessionis
1664 2077 1720 2124 et
1738 2067 2064 2124 laudationis
2079 2083 2209 2126 voce

621 2149 908 2213 Dominum
934 2154 1024 2225 qui
1051 2157 1361 2225 praecedunt
1400 2168 1458 2213 et
1481 2158 1571 2228 qui
1598 2168 1902 2231 sequuntur
1921 2160 2165 2217 exaltant
2191 2178 2204 2215 :

624 2245 752 2315 quia
770 2253 873 2300 una
897 2247 1150 2303 nimirum
1168 2248 1302 2305 ﬁdes
1314 2259 1614 2319 esteorum,
1630 2254 1720 2324 qui
1735 2262 1860 2310 ante
1883 2254 2209 2310 incarnatio-

623 2354 750 2395 nem
766 2340 1100 2397 Dominicam
1127 2350 1181 2397 et
1203 2344 1498 2415 quipostea
1530 2345 1680 2401 l‘uere
1699 2345 1930 2417 probati,
1956 2347 2208 2417 quamvis

625 2443 971 2489 sacramenta
1002 2435 1413 2507 habuerintpro
1437 2446 1737 2507 temporum
1780 2439 1993 2494 ratione
2024 2438 2208 2508 diapa-

614 2522 725 2586 ‘ria,
758 2522 920 2577 Petro
944 2531 1259 2591 attestante,
1284 2525 1376 2596 qui
1403 2524 1480 2580 ait
1520 2544 1533 2579 :
1578 2524 1681 2581 Sed
1716 2543 1810 2597 per
1843 2528 2072 2597 gratiam
2099 2527 2208 2581 Da—

619 2613 751 2666 mini
803 2613 964 2685 243
1007 2613 1136 2670 Iesu
1200 2616 1459 2672 credimus
1506 2616 1702 2671 salvari
1763 2617 2203 2687 quemadmodum

625 2713 675 2758 et
715 2703 793 2758 illi
838 2704 979 2775 (Act.
1026 2721 1114 2765 xv.
1169 2705 1277 2776 ll).
1310 2726 1328 2758 ι
1370 2705 1436 2761 Ει
1478 2716 1699 2762 sanctus
1746 2705 2105 2778 Hieronymus
2151 2707 2204 2760 in

628 2791 950 2849 Commenta
974 2793 1228 2863 Epistola:
1255 2794 1405 2850 Pauli
1446 2797 1512 2850 ad
1542 2794 1765 2853 Galatas
1790 2813 1802 2850 :
1845 2814 1863 2848 ι
1896 2794 2079 2851 llmres
2103 2796 2206 2851 iste

620 2882 899 2951 parvulus,
928 2884 1020 2955 qui
1047 2884 1181 2941 nihil
1219 2882 1398 2941 dilicrt
1425 2902 1456 2940 a
1485 2902 1641 2944 servo
1670 2902 1792 2943 cum
1833 2888 1904 2942 sit
1947 2887 2207 2943 Dominus

627 2975 892 3041 omnium,
921 2976 1014 3031 sed
1052 2977 1153 3032 sub
1187 2977 1452 3033 tutoribus
1478 2987 1533 3033 et
1584 2978 1859 3033 actoribus
1897 2989 1981 3034 est
2031 2993 2205 3049 usque

628 3066 698 3121 ad
749 3067 1073 3138 praeﬁnitum
1121 3076 1332 3138 tempus
1381 3084 1411 3123 a
1458 3078 1631 3139 patre,
1680 3077 1850 3125 totum
1906 3069 2202 3124 humanum

625 3174 797 3229 genus
842 3175 1011 3228 usque
1048 3159 1114 3215 ad
1146 3161 1430 3215 adventurm
1486 3160 1704 3226 Christi,
1752 3170 1828 3227 et,
1879 3170 1939 3216 ut
1978 3162 2206 3231 amplius
2236 3139 2281 3200 δ

628 3251 833 3317 dicam,
856 3266 1025 3320 usque
1050 3249 1121 3306 ad
1146 3251 1332 3307 mundi
1356 3253 1878 3308 consummationem
1917 3253 2203 3323 signiﬁcat.

625 3341 913 3411 Quomodo
930 3344 1077 3398 enim
1103 3359 1294 3400 omnes
1320 3344 1374 3399 iu
1402 3344 1736 3416 protoplasto
1769 3343 1943 3400 Adam
1983 3345 2210 3400 necdum

624 3434 739 3488 nati
764 3434 1086 3503 moriuntur,
1125 3435 1197 3491 ita
1234 3450 1426 3491 omnes
1450 3436 1615 3491 etiam
1652 3436 1745 3506 qui
1771 3444 1899 3491 ante
1924 3436 2213 3492 adventum

626 3522 827 3580 Christi
873 3526 984 3580 nati
1038 3533 1185 3592 sunt,
1228 3526 1283 3580 in
1340 3527 1574 3582 secundo
1619 3527 1796 3582 Adam
1846 3528 2207 3583 viviﬁcantur.

628 3619 807 3688 Atque
834 3618 908 3673 ita
940 3618 1020 3685 ﬁt,
1065 3627 1127 3674 ut
1179 3635 1278 3675 nos
1327 3620 1429 3691 legi
1468 3621 1814 3675 servierimus
1852 3621 1905 3676 in
1942 3622 2208 3691 patrihus,

628 3717 686 3765 et
724 3709 799 3764 illi
824 3710 1002 3781 gratia
1029 3710 1311 3767 salventur
1335 3713 1387 3767 in
1416 3712 1559 3768 ﬁliis.
1614 3714 1718 3768 iste
1764 3714 2068 3769 intellectus
2108 3715 2211 3769 Ec-

631 3800 813 3857 clesiae
835 3802 1116 3857 catholicae
1150 3804 1424 3869 convenit,
1474 3818 1596 3873 quae
1650 3813 1704 3858 ct
1759 3803 1970 3859 Veteris
1995 3815 2049 3860 et
2076 3804 2210 3859 Novi

637 3887 971 3945 Testamenti
1011 3906 1175 3947 unam
1199 3893 1392 3948 asserit
1415 3893 1831 3962 providentiam,
1876 3909 1975 3949 uec
2015 3892 2212 3949 distin-

632 3982 749 4052 guit
778 3982 832 4037 in
862 3993 1101 4053 tempore
1130 3999 1265 4055 quos
1286 3983 1526 4042 conditio
1551 3986 1795 4041 sociavit.
1833 4004 1851 4038 ι

706 4071 797 4127 Sic
842 4080 897 4126 et
943 4084 1165 4130 sanctus
1212 4075 1545 4145 Augustinus
1611 4076 1681 4131 ad
1746 4074 2112 4131 Marcellinum
2158 4078 2214 4131 in

635 4163 776 4220 libro
803 4165 1042 4221 secundo
1070 4165 1136 4222 de
1164 4166 1437 4237 Baptismo
1462 4166 1579 4240 (cap
1603 4168 1732 4240 i154),
1757 4168 1823 4224 de
1853 4169 2219 4239 redemptione

632 4265 935 4335 primorum
976 4265 1279 4331 hominum,
1312 4281 1431 4336 quae
1474 4276 1559 4323 est
1604 4267 1658 4322 in
1697 4268 1959 4338 sanguine
1984 4266 2213 4333 Chi-isti,

634 4356 711 4412 ita
739 4357 910 4413 dicit;
959 4376 979 4409 ι
1013 4356 1314 4412 Mirandum
1336 4374 1444 4413 non
1475 4366 1580 4423 est,
1622 4367 1679 4414 et
1702 4368 1931 4414 mortem
1972 4359 2218 4429 corporis

638 4464 745 4503 non
775 4446 943 4503 fuisse
964 4456 1249 4504 venturam
1278 4448 1508 4515 homini,
1549 4448 1653 4504 nisi
1697 4452 2066 4519 praecessisset
2091 4465 2216 4520 pec-

639 4548 851 4605 catum,
887 4540 1041 4611 cujus
1090 4541 1252 4595 etiam
1297 4539 1419 4595 talis
1455 4553 1616 4610 poena
1665 4548 2108 4610 consequeretur,
2160 4547 2219 4594 et

635 4640 763 4701 post
777 4632 1151 4687 remissionem
1173 4641 1544 4703 peccatorum,
1572 4646 1693 4687 eam
1714 4632 1959 4687 ﬁdelibus
1979 4632 2214 4697 evenire,

638 4733 703 4779 ut
755 4724 811 4779 in
861 4725 979 4796 ejus
1015 4726 1205 4782 timore
1238 4726 1517 4785 vincendo
1564 4734 1885 4784 exerceatur
1961 4726 2222 4783 fortitudo

631 4817 882 4887 justitim.
914 4818 1055 4873 Caro
1083 4818 1225 4874 enim
1268 4834 1387 4888 quae
1429 4819 1605 4889 primo
1648 4818 1788 4873 facta
1831 4828 1932 4881 est,
1966 4834 2072 4872 non
2101 4825 2225 4872 erat

582 4936 589 4945 -
637 4923 767 4963 caro
812 4909 1042 4979 peccati,
1102 4908 1153 4963 in
1199 4924 1304 4978 qua
1366 4908 1537 4965 noluit
1598 4909 1760 4963 homo
1806 4896 1949 4961 inter
1993 4906 2225 4962 delicias

575 4999 583 5073 ἦ
637 4999 877 5068 paradisi
926 5013 1143 5054 servare
1167 4997 1452 5067 justitiam.
1510 4998 1665 5053 Unde
1720 4998 1909 5053 statuit
1955 4997 2120 5063 Deus,
2163 5005 2225 5052 ut

580 5090 586 5137 Ἴ
637 5097 764 5158 post
801 5088 935 5157 ejus.
974 5100 1257 5159 peccatum
1329 5074 1620 5160 propagata
1676 5104 1804 5144 caro
1856 5088 2086 5156 peccati,
2158 5089 2226 5144 ad

638 5180 1007 5249 recipiendam
1031 5179 1298 5248 justitiam
1345 5181 1623 5237 laboribus
1654 5188 1709 5235 et
1730 5179 1993 5236 molestiis
2021 5181 2225 5236 nitere-

641 5282 750 5326 tur.
799 5270 1022 5342 Propter
1055 5272 1155 5327 hoc
1177 5272 1340 5328 etiam
1369 5272 1433 5327 de
1468 5272 1720 5342 paradiso
1748 5271 2004 5326 dimissus
2025 5270 2220 5335 Adam,

642 5373 832 5418 contra
860 5363 1010 5420 Eden
1039 5364 1324 5428 habitavit,
1355 5364 1408 5419 id
1446 5372 1532 5419 est
1560 5371 1751 5419 contra
1787 5362 1971 5417 sedem
2002 5361 2229 5417 delicia-

642 5464 893 5509 rumzut
942 5453 1275 5525 signiﬁcaret
1322 5454 1466 5525 quod
1519 5455 1574 5509 in
1618 5454 1917 5518 laboribus,
1957 5452 2050 5521 qui
2104 5460 2232 5506 sunt

646 5546 855 5603 deliciis
879 5548 1160 5613 contrarii,
1194 5549 1488 5603 erudienda
1515 5557 1661 5603 esset
1694 5562 1822 5601 caro
1845 5545 2075 5616 peccati,
2108 5559 2230 5613 quae

650 5636 706 5691 in
727 5636 935 5693 deliciis
955 5639 1319 5694 obedientiam
1352 5655 1459 5696 non
1488 5639 1726 5694 servavit
1750 5648 2041 5708 antequam
2081 5642 2233 5690 esset

650 5746 779 5789 caro
806 5733 1031 5802 peccati.
1068 5731 1221 5789 Sicut
1266 5748 1396 5803 ergo
1431 5732 1505 5788 illi
1542 5732 1703 5802 primi
1749 5730 1995 5787 homines
2042 5737 2227 5799 postea

2314 1876 2418 1932 nisi
2441 1877 2570 1948 quia
2600 1879 2903 1935 rectissime
2927 1880 3008 1935 sic
3048 1881 3252 1935 dictum
3284 1879 3484 1934 fuerit?
3513 1879 3822 1948 Respondebi-

2315 1977 2403 2025 tur
2431 1970 2805 2026 remissionem
2860 1970 3006 2027 illam
3035 1971 3244 2041 peccati
3287 1969 3502 2033 factam,
3546 1985 3609 2025 ne
3648 1970 3775 2023 homo
3800 1985 3823 2023 a

2311 2063 2652 2135 percipienda
2704 2064 2814 2119 vita
2862 2063 3215 2134 impediretur
3256 2072 3480 2119 aeterna.
3528 2060 3826 2118 Subsecutum

2311 2170 2442 2211 vero
2478 2156 2621 2210 illius
2654 2154 3090 2211 comminationis
3110 2155 3389 2219 ell'ectum,
3420 2163 3477 2207 ut
3502 2153 3660 2224 pietas
3699 2151 3826 2206 homi-

2309 2244 2395 2301 nis
2424 2244 2478 2299 in
2500 2244 2591 2299 illa
2635 2245 2938 2301 humilitate
2962 2254 3318 2301 exerceretur
3351 2254 3511 2313 atque
3540 2243 3819 2314 probaretur.

2312 2334 2403 2392 Sic
2427 2345 2483 2392 et
2512 2345 2742 2392 mortem
2770 2338 3032 2408 corporis,
3065 2346 3120 2393 et
3142 2347 3371 2408 propter
3418 2343 3677 2406 peccatum
3717 2334 3823 2389 Deus

2311 2429 2517 2485 homini
2570 2429 2782 2494 inﬁixit,
2836 2439 2892 2483 ct
2940 2437 3061 2499 post
3113 2437 3464 2499 peccatorum
3514 2424 3824 2481 remissionem

2309 2527 2530 2588 propter
2558 2520 2913 2574 exercendam
2939 2519 3204 2589 justitiam
3236 2534 3349 2572 non
3380 2517 3588 2571 ademit.
3623 2534 3641 2567 s

2384 2607 2548 2681 244
2580 2608 2647 2663 Ει
2681 2608 2806 2663 hinc
2836 2618 3058 2663 sanctus
3088 2606 3387 2678 Gregorius
3432 2608 3484 2662 in
3537 2602 3731 2675 epistola
3771 2600 3819 2654 ad

2313 2701 2598 2771 Eulogium
2648 2700 3094 2765 Alexandrinum,
3130 2708 3185 2754 et
3211 2702 3282 2754 ad
3312 2697 3645 2753 Anastasium
3684 2692 3823 2748 Antio-

2310 2794 2539 2851 cbcnum
2566 2793 2844 2863 episcopos
2869 2791 2981 2862 (lib.
3013 2807 3084 2854 vt,
3117 2792 3275 2860 epist.
3300 2792 3389 2862 51)
3422 2809 3434 2843 :
3469 2809 3485 2841 ι
3507 2788 3641 2851 Adae,
3673 2783 3821 2854 ἱηίιυίίι

2312 2884 2542 2939 animam
2601 2893 2867 2938 mortuam
2902 2883 2953 2936 in
2982 2890 3205 2952 peccato
3259 2882 3504 2944 dicimus,
3554 2892 3649 2933 non
3675 2891 3699 2930 a
3724 2874 3820 2929 sub-

2310 2977 2506 3034 stantia
2532 2975 2766 3035 vivendi.
2806 2975 2899 3029 sed
2928 2989 2957 3027 a
2992 2973 3260 3043 qualitate
3283 2972 3513 3028 vivendi.
3549 2968 3669 3038 Quia
3712 2964 3820 3022 enim

2312 3069 2455 3124 aliud
2493 3078 2575 3123 cst
2615 3066 2915 3122 substantia
2967 3075 3128 3135 atque
3174 3065 3325 3119 aliud
3356 3064 3597 3133 qualitas,
3638 3074 3727 3115 non
3762 3064 3821 3110 est

2312 3161 2491 3216 anima
2536 3161 2610 3215 ita
2658 3168 2869 3213 mortua
2907 3167 2968 3212 ut
3016 3174 3122 3213 non
3156 3167 3327 3223 esset,
3361 3157 3451 3213 sed
3478 3156 3547 3211 ita
3576 3159 3750 3208 mortua
3780 3154 3821 3198 ut

2312 3251 2469 3304 beata
2513 3264 2619 3304 non
2650 3256 2832 3304 esset:
2865 3247 2959 3318 qui
2997 3257 3177 3302 tamen
3217 3246 3393 3303 Adam
3420 3241 3723 3316 postmodum
3753 3247 3823 3306 per

2312 3338 2682 3409 paenitentiam
2723 3341 2790 3394 ad
2826 3339 2990 3393 vitam
3020 3338 3200 3393 rediit.
3261 3358 3282 3392 ι
3319 3338 3383 3394 Et
3417 3344 3623 3392 sanctus
3645 3328 3820 3386 Ambro-

2315 3431 2426 3487 sius
2475 3430 2526 3484 in
2579 3429 2714 3483 libro
2764 3430 2831 3484 de
2877 3428 3136 3485 Paradiso
3164 3428 3308 3499 (cap.
3350 3427 3438 3498 10)
3482 3445 3495 3482 :
3549 3445 3567 3477 ί
3608 3412 3823 3476 Vcrumsi

2315 3519 2644 3584 consideres,
2676 3519 2800 3589 quia
2829 3520 2939 3574 Deo
2967 3518 3339 3573 universitatis
3367 3526 3449 3573 est
3472 3529 3610 3578 cura,
3636 3504 3821 3564 invenies

2314 3611 2435 3682 plus
2477 3611 2691 3682 placere
2736 3610 2965 3666 Domino
2986 3609 3238 3666 debuisse
3270 3610 3325 3665 id
3346 3608 3400 3663 in
3426 3621 3529 3677 quo
3555 3610 3679 3660 esset
3704 3606 3825 3652 causa

2315 3702 2709 3768 universitatis,
2739 3716 2902 3774 quam
2932 3700 3406 3755 condemnandum
3452 3696 3608 3752 fuisse
3642 3685 3762 3749 illud,
3785 3683 3825 3737 in

2316 3810 2425 3866 quo
2472 3803 2618 3850 esset
2646 3808 2812 3848 causa
2857 3793 3089 3863 peccati.
3122 3792 3191 3847 Et
3221 3792 3348 3848 ideo
3376 3791 3497 3861 quia
3540 3803 3599 3842 ex
3624 3784 3719 3837 viro
3741 3774 3826 3833 solo

2319 3906 2424 3946 non
2448 3896 2659 3961 poterat
2702 3887 2925 3943 humani
2975 3901 3094 3943 esse
3137 3887 3357 3957 generis
3399 3880 3822 3956 propagatio.pro-

2319 3980 2588 4035 nuntiavit
2617 3978 2875 4033 Dominus
2909 3992 3015 4032 non
3045 3990 3168 4032 esse
3189 3977 3391 4032 bonum
3410 3973 3572 4029 solum
3592 3965 3825 4024 hominem.

2319 4073 2506 4130 Maluit
2533 4072 2678 4126 enim
2718 4071 2860 4127 Deus
2882 4069 3065 4141 plures
3115 4083 3257 4134 esse,
3307 4082 3443 4138 quos
3496 4063 3655 4121 salvos
3696 4055 3830 4111 facere

2321 4172 2526 4235 posset,
2558 4170 2613 4219 et
2654 4162 2850 4231 quibus
2903 4160 3133 4216 donaret
3181 4168 3488 4229 peccatum,
3537 4165 3679 4223 quam
3706 4154 3829 4235 unum

2322 4233 2494 4311 solum
2532 4255 2704 4309 Adam
2754 4251 2845 4322 qui
2888 4251 3027 4306 liber
3064 4258 3211 4306 esset
3246 4251 3424 4320 culpa.
3482 4244 3700 4311 Denique
3722 4233 3823 4305 'qtliI

2322 4348 2463 4405 idem
2525 4346 2810 4415 utriusque
2853 4352 3044 4399 auctor
3093 4351 3179 4398 est
3228 4342 3431 4413 operis,
3476 4336 3612 4392 venit
3642 4334 3687 4387 in
3725 4329 3832 4383 hunc

2324 4438 2581 4493 mundum
2604 4447 2662 4491 ut
2688 4436 2866 4492 salvos
2893 4434 3101 4490 laceret
3130 4441 3463 4504 peccatores.
3486 4425 3830 4519 Postremonnet

2321 4530 2455 4587 Cain
2494 4529 2776 4601 parricidii
2822 4527 3355 4598 reum,‘priusquam
3393 4521 3655 4592 generaret
3701 4508 3823 4564 ﬁlios.

2321 4638 2514 4693 passus
2561 4631 2645 4677 est
2712 4621 2954 4676 interire.
3008 4619 3151 4690 Ergo
3218 4625 3440 4689 propter
3488 4603 3827 4693 generationem

2323 4714 2683 4773 successionis
2712 4713 2961 4769 humana:
2987 4712 3172 4768 debuit
3209 4710 3402 4767 mulier
3430 4702 3598 4773 adjici
3620 4696 3741 4795 viro.
3759 4687 3833 4795 DE

2325 4811 2489 4882 nique
2516 4810 2622 4864 hoc
2649 4809 2763 4878 ipsa
2810 4806 2979 4861 verba
3033 4802 3314 4860 declarant
3368 4793 3586 4856 dicentis
3620 4786 3719 4882 Dei,

2329 4879 2530 4955 bonum
2554 4898 2726 4955 solum
2754 4896 3029 4952 hominem
3058 4911 3198 4951 esse.
3227 4893 3364 4949 Nam
3388 4899 3441 4945 et
3460 4887 3504 4944 si
3534 4879 3707 4940 mulier
3722 4879 3833 4975 p‘rltlf

2326 5001 2579 5063 peccator
2623 4999 2759 5053 erat,
2809 4997 2988 5042 tamen
3040 4985 3459 5055 redemptionem
3506 4974 3604 5032 sibi
3645 4967 3834 5063 parit":a

2327 5047 2434 5136 non
2483 5080 2666 5136 debuit
2713 5047 2784 5133 ab
2848 5093 2950 5134 usu
3024 5047 3244 5132 divinae-
3276 5066 3594 5145 operatioan
3641 5047 3830 5115 excludi-

2327 5172 2586 5241 Quamvis
2630 5171 2773 5226 enim
2812 5168 2984 5224 Adam
3024 5184 3130 5224 non
3162 5175 3248 5223 est
3274 5165 3540 5223 seductus,
3570 5148 3737 5210 mulier
3758 5149 3833 5241 att-

2330 5240 2436 5320 tcm
2464 5265 2683 5321 seducta
2699 5270 2755 5317 et
2771 5262 2823 5316 in
2842 5259 3287 5331 praevaricatione
3310 5254 3489 5317 fuerit,
3516 5245 3647 5304 salva
3674 5240 3830 5331 tamen:

2333 5361 2527 5430 inquit,
2560 5358 2662 5414 erit
2710 5372 2807 5425 per
2840 5329 3070 5410 ﬁliorum
3113 5351 3527 5424 generationem,
3566 5339 3691 5434 inter
3716 5329 3832 5434 ξιυῇ

2334 5418 2611 5522 generavit
2637 5456 2693 5505 et
2711 5418 3027 5503 -Christum.
3067 5466 3087 5500 ι
3114 5418 3199 5500 ⁷Ει
3225 5451 3438 5500 sanctus
3463 5418 3833 5522 Αυειιείίυυξεθῗ

2332 5497 2721 5612 ξῖξιξῖξιῖόίξιῖιῖο
2741 5497 2836 5594 1;;
2849 5497 3567 5619 'fiiii'c'eiuiini“(nais
3590 5497 3827 5619 c1}?-

2341 5596 2361 5687 ζ
2420 5596 2567 5687 Talis
2619 5602 2976 5723 populuSLm
3043 5596 3320 5723 ντωάίιῇξ
3344 5596 3832 5723 ἐτυδῗίυιῗξῖωηξξξ

2337 5725 2595 5784 caelorum
2738 5721 2844 5776 duo
2861 5689 3236 5787 Testamenta,
3261 5715 3421 5773 Vetus
3443 5714 3497 5762 et
3535 5698 3733 5755 Novum.
3751 5689 3803 5733 ηο
