3992 6336
182 325 300 383 ως)

945 329 1033 385 οε
1072 326 1750 386 remons'rmmonr.
1787 292 2246 386 DiSSERTATIO
2279 327 2694 387 rosrsmon.

3350 328 3456 387 310

180 435 537 495 declinansiu
550 435 831 494 dexteram
851 437 1082 507 superba
1098 438 1767 510 praesumptionejustitize,
1799 444 1848 502 Α
1878 440 2151 494 rationem.
2187 438 2444 497 Similiter
2462 442 2678 497 calicem
2714 452 2988 514 postquam
3009 444 3227 499 coenavit
3255 445 3454 501 dicens;
3530 465 3537 472 ·

180 542 370 597 neque
426 525 482 581 in
524 528 797 583 sinistram
841 543 1032 583 secura
1095 528 1384 585 dilatione
1433 530 1662 601 peccati,
1718 529 1775 584 in

182 626 397 675 terram
428 620 862 690 repromissionis
884 621 1052 677 intrat
1093 639 1107 676 :
1140 622 1229 676 ubi
1249 622 1363 692 jam
1385 631 1605 693 peccata
1633 620 1775 677 ulte-

180 712 304 768 rius
332 728 439 768 nec
467 712 624 768 nobis
651 713 899 769 donanda
939 722 1209 784 optemus,
1265 729 1365 770 nec
1404 715 1461 770 in
1486 714 1645 769 nobis
1678 728 1779 784 pu-

182 804 394 860 nienda
438 804 751 871 timeamus,
800 805 984 861 abillo
1028 806 1388 877 Redemptore
1426 807 1661 874 liberati,
1685 805 1779 877 qui

180 914 294 953 non
342 899 688 953 venundatus
723 898 823 954 sub
850 907 1075 969 peccato
1118 899 1348 955 redemit
1375 899 1539 956 Israel
1562 900 1631 955 ab
1662 914 1779 956 om-

180 992 353 1047 nibus
396 990 772 1065 iniquitatibus
821 990 963 1061 ejus,
1028 993 1144 1047 sive
1186 992 1405 1062 propria
1457 990 1778 1063 cujusquam

179 1083 297 1137 vita
352 1081 679 1144 commissis,
733 1082 847 1138 sive
909 1082 1248 1154 originaliter
1297 1083 1506 1139 tractis.
1560 1101 1580 1137 ι
1626 1083 1787 1141 υιιάθη

179 1182 431 1238 constat,
460 1173 600 1228 sicut
648 1182 872 1228 sanctus
910 1172 1229 1229 Ambrosius
1260 1181 1501 1230 tractans
1557 1184 1781 1230 senten-

182 1264 325 1320 tiam
356 1264 599 1336 Apostoli
657 1282 672 1321 :
724 1265 790 1320 Et
830 1266 1017 1335 peribit
1062 1266 1153 1337 qui
1187 1266 1434 1336 inﬁrmus
1477 1277 1554 1323 est
1595 1268 1651 1322 in
1686 1277 1780 1323 tua

178 1355 414 1410 scientia
439 1356 628 1426 frater,
668 1372 762 1427 pro
805 1372 909 1427 quo
927 1354 1169 1411 Christus
1190 1368 1429 1413 mortuus
1452 1368 1526 1413 est
1573 1357 1624 1430 (Ι
1654 1357 1777 1414 Cor.

180 1461 309 1512 νιιι,
332 1447 427 1517 li)
444 1448 687 1518 exponit,
713 1447 767 1502 id
793 1455 897 1513 est,
931 1465 957 1501 «η
986 1456 1074 1502 tua
1098 1448 1291 1520 peritia
1316 1448 1700 1516 illum'occidit,
1726 1456 1783 1505 et

181 1545 241 1593 tu
295 1540 418 1595 eris
473 1539 700 1595 occasio.
725 1541 916 1596 mortis
974 1540 1179 1609 fratris,
1234 1554 1397 1612 quem
1435 1540 1681 1599 Christus
1722 1550 1784 1598 ut

179 1632 491 1688 redimeret
531 1633 778 1705 cruciilgi
824 1649 882 1690 se
908 1633 1175 1704 permisit.
1207 1654 1224 1688 ι
1259 1634 1445 1691 Potest
1476 1620 1657 1706 perire
1686 1635 1780 1707 qui

175 1724 295 1796 jam
320 1725 524 1781 donum
548 1724 937 1795 redemptionis
948 1724 1211 1795 suscepit,
1234 1723 1484 1780 videlicet
1499 1726 1623 1800 quia
1638 1724 1781 1780 dono

182 1818 400 1873 abusus
448 1815 653 1887 periit:
683 1831 782 1873 cur
822 1830 927 1871 non
959 1816 1172 1872 dicatur
1193 1815 1357 1872 etiam
1393 1797 1642 1872 Christus
1679 1830 1782 1888 pro
1812 1797 1856 1857 Β

182 1908 269 1964 eis
292 1922 496 1977 passus
520 1907 614 1977 qui
647 1907 838 1961 redi-mi
866 1906 1177 1972 noluerunt,
1206 1907 1299 1977 qui
1326 1907 1372 1963 si
1401 1908 1781 1973 credidissent,

181 1999 386 2067 utique
409 1998 832 2062 redimerentur,
861 1999 1001 2052 sicut
1043 2005 1100 2053 et
1129 1997 1217 2052 illi
1239 1996 1502 2067 redempti
1533 1998 1780 2069 suntqui

184 2090 579 2147 crediderunt?
622 2090 775 2157 Quod
801 2100 857 2146 et
883 2089 1118 2161 Prosper
1160 2098 1353 2147 contra
1396 2092 1785 2148 Vineentianos

184 2181 503 2251 obiectione
540 2182 717 2252 prima
746 2181 1084 2237 demonstrat
1133 2178 1322 2238 dicens
1367 2198 1382 2235 :
1437 2180 1637 2239 Contra
1667 2182 1783 2238 vnl-

185 2286 297 2329 tms
324 2271 607 2342 originalis
644 2271 871 2342 peccati,
895 2286 1004 2343 quo
1034 2272 1087 2326 in
1139 2271 1311 2327 Adam
1333 2273 1575 2327 omnium
1604 2273 1782 2329 homi-

184 2375 326 2421 num
378 2371 633 2431 corrupta
669 2370 724 2417 et
781 2361 1107 2417 mortiﬁcata
1162 2369 1357 2419 natura
1406 2372 1509 2430 est,
1557 2372 1612 2420 et
1640 2366 1784 2422 unde

184 2454 761 2524 concupiscentiarum
792 2455 1013 2510 morbus
1036 2453 1477 2521 inoIeVit,verum
1510 2464 1565 2510 et
1591 2465 1786 2526 potens

190 2563 261 2605 ac
310 2548 585 2620 singulare
634 2546 1059 2603 remediumest
1086 2561 1237 2603 mors
1284 2547 1403 2602 Filii
1435 2549 1527 2603 Dei
1570 2548 1783 2604 Domini

191 2639 326 2697 Iesu
373 2641 599 2706 Christi,
642 2642 743 2716 _qni
794 2641 931 2698 liber
958 2656 991 2697 a
1034 2642 1223 2698 mortis
1269 2641 1430 2715 25.5
1468 2643 1673 2719 debito,
1731 2651 1786 2699 et

189 2730 349 2790 solus
384 2733 591 2802 absque
631 2741 878 2804 peccato,
908 2748 1005 2804 pro
1038 2735 1414 2804 peccatoribus
1439 2741 1497 2790 et
1522 2732 1783 2790 debitori-

191 2826 302 2883 bus
323 2827 520 2881 mortis
545 2833 627 2883 est
642 2838 909 2884 mortuus.
937 2827 1088 2896 Quod
1107 2844 1236 2901 ergo
1269 2829 1335 2883 ad
1359 2828 1782 2901 magnitudinem

192 2923 254 2971 et
273 2917 576 2986 potentiam
618 2917 801 2988 pretii,
831 2926 887 2973 et
911 2918 1054 2988 quod
1099 2919 1166 2974 ad
1206 2933 1367 2973 unam
1400 2920 1635 2988 pertinet
1658 2933 1784 2974 cau-

196 3023 320 3065 sam
358 3008 575 3080 generis
602 3010 843 3076 humani,
885 3009 1105 3082 sanguis
1132 3009 1333 3065 Christi
1367 3009 1664 3079 redemptio
1700 3017 1785 3065 est

198 3099 370 3155 totius
410 3099 614 3154 mundi.
646 3100 754 3156 Sed
793 3102 883 3171 qui
917 3102 1021 3157 hoc
1047 3101 1302 3156 saeculum
1334 3101 1451 3157 sine
1488 3101 1591 3156 ﬁde
1625 3100 1785 3157 Chri-

197 3189 290 3256 sti,
319 3198 377 3246 et
400 3191 516 3246 sine
553 3193 979 3263 regenerationis
1009 3202 1352 3249 sacramento
1378 3202 1783 3265 pertranseunt,
1814 3162 1862 3226 Ο

199 3296 232 3337 a
260 3283 636 3354 redemptione
664 3284 823 3339 alieni
857 3294 1005 3340 sunt.

267 3374 337 3428 Et
364 3377 493 3444 quia
513 3390 618 3430 una
646 3377 941 3435 eademque
966 3375 1068 3432 iide
1092 3376 1306 3431 salvaue
1327 3384 1453 3432 sunt
1480 3376 1651 3431 turba:
1670 3390 1790 3446 qua:

200 3474 596 3531 praecesserunt
620 3473 679 3521 et
705 3480 823 3536 quae
851 3453 1271 3536 subsequuntur,
1301 3474 1514 3521 constat
1539 3465 1667 3521 licet
1684 3466 1793 3519 sint

202 3562 545 3610 sacramenta
568 3555 824 3625 disparia,
845 3557 969 3627 quia
995 3556 1165 3611 simili
1181 3554 1500 3611 infidelitate
1519 3565 1573 3611 et
1596 3556 1790 3625 iniqui-

204 3639 312 3699 tate
339 3647 682 3716 pereuntium
706 3649 874 3704 turbae
895 3665 1016 3720 qum
1038 3658 1429 3719 praecesserunt
1451 3659 1645 3721 etquae
1666 3650 1791 3705 sub-

204 3747 508 3806 sequuntur
552 3740 845 3797 intereunt.
894 3740 999 3796 Sed
1040 3747 1094 3795 et
1140 3740 1426 3809 Apostolus
1454 3734 1791 3796 demonstrat

203 3825 328 3895 quia
356 3841 468 3883 uno
511 3828 808 3899 eodemque
850 3831 992 3885 bono
1019 3830 1184 3885 odore
1228 3829 1317 3885 alii
1365 3829 1661 3896 salvantur,
1699 3829 1790 3886 alii

203 3925 454 3984 pereunt,
483 3917 668 3975 dicens
693 3937 707 3974 :
737 3920 936 3976 Christi
977 3920 1150 3976 bonus
1179 3921 1314 3975 odor
1340 3937 1526 3976 sumus
1566 3921 1705 3989 Deo;
1735 3921 1789 3976 in

204 4010 288 4069 his
317 4012 413 4081 qui
443 4010 743 4079 salvantur,
768 4026 822 4069 et
853 4016 905 4069 in
938 4014 1023 4070 bis
1052 4014 1143 4083 qui
1184 4022 1432 4083 pereunt.
1462 4014 1530 4069 Et
1556 4014 1789 4070 Ambro-

205 4103 338 4168 sius,
380 4117 660 4173 exponens
695 4120 995 4160 sermonem
1025 4105 1263 4176 Apostoli
1305 4105 1372 4160 de
1406 4120 1562 4161 omna
1603 4105 1787 4161 Domi-

203 4190 348 4257 nica,
375 4192 432 4247 in
466 4191 636 4263 Epist.
681 4194 747 4249 ad
776 4194 1087 4251 Corinthios
1112 4196 1307 4267 prima,
1340 4194 1413 4250 ita
1458 4195 1587 4249 dicit
1613 4195 1679 4250 de
1708 4194 1793 4250 his

205 4285 296 4355 qui
324 4300 393 4339 ex
419 4299 481 4340 ea
501 4284 730 4340 salutem
757 4286 1046 4356 accipiunt.
1085 4306 1103 4338 ι
1133 4285 1389 4341 Medicina
1408 4283 1792 4358 enimlspirita-

204 4373 270 4430 lis
320 4384 580 4447 est,~qn:e
621 4390 746 4430 cum
773 4376 1075 4431 reverentia
1104 4375 1380 4447 degustata
1411 4374 1659 4445 puriﬁcat
1686 4375 1789 4431 sibi

207 4466 486 4521 devotum.
541 4466 798 4521 Memoria
849 4466 995 4522 enim
1046 4466 1434 4538 redemptionis
1463 4464 1661 4522 nostra:
1685 4477 1786 4534 est,

206 4562 265 4610 ut
280 4555 659 4625 Redemptoris
680 4569 949 4610 memores
972 4553 1177 4624 majora
1201 4555 1270 4609 ab
1289 4570 1354 4610 eo
1381 4556 1638 4625 consequi
1675 4572 1790 4611 me—
1818 4538 1871 4599 Β

207 4662 448 4703 reamur.
476 4666 496 4699 ι
529 4647 658 4703 Item
682 4648 749 4703 de
789 4648 875 4703 his
913 4647 1005 4718 qui
1030 4663 1097 4703 ex
1141 4663 1206 4703 ea
1239 4647 1373 4705 vitio
1400 4662 1498 4702 suo
1527 4646 1790 4716 judicium

209 4741 308 4795 sibi
339 4740 652 4810 accipiunt:
685 4759 705 4792 ς
734 4740 992 4797 Futurum
1013 4750 1119 4807 est,
1142 4741 1335 4811 inquit,
1358 4749 1417 4796 ut
1444 4741 1792 4811 quemadmo-

211 4832 331 4887 dum
354 4832 563 4887 accedit
588 4834 956 4906 unusquisque
975 4834 1163 4889 reddat
1184 4848 1374 4889 causas
1392 4833 1444 4888 in
1469 4833 1555 4888 die
1581 4832 1795 4906 Domini

209 4922 331 4978 Jesu
363 4924 566 4979 Christi
595 4942 609 4955 ·
633 4926 758 4994 quia
788 4926 903 4980 sine
933 4924 1213 4994 disciplina
1246 4925 1551 4982 traditionis
1575 4934 1631 4981 et
1657 4939 1789 4980 con-

211 5014 535 5069 versationis
558 5014 649 5083 qui
680 5016 963 5080 accedunt,
995 5016 1072 5070 rei
1103 5022 1229 5071 sunt
1270 5014 1515 5083 corporis
1557 5021 1615 5069 et
1660 5028 1792 5070 san-

212 5105 384 5171 guinis
408 5103 642 5159 Domini.
669 5104 807 5171 Quid
829 5112 911 5159 est
939 5113 1119 5161 autem
1143 5119 1265 5161 reos
1310 5120 1449 5172 esse,
1474 5104 1577 5161 nisi
1604 5120 1794 5176 poenas

212 5195 339 5250 dare
370 5196 565 5252 mortis
587 5195 845 5251 Domini?
862 5195 1087 5253 Occisus
1102 5207 1195 5262 est
1212 5198 1356 5254 enim
1387 5198 1550 5254 etiam
1584 5213 1685 5269 pro
1710 5199 1797 5254 his

214 5290 302 5357 qui
342 5288 666 5343 beneﬁcium
713 5290 830 5359 ejus
876 5289 935 5343 in
960 5289 1173 5344 irritum
1224 5291 1445 5346 ducunt.
1474 5309 1493 5343 ι
1527 5291 1669 5347 Ecce
1696 5306 1795 5361 pro

214 5377 298 5433 his
326 5394 520 5448 passus
545 5378 763 5445 dicitur,
790 5380 882 5450 qui
924 5396 1032 5436 non
1070 5380 1184 5450 ejus
1211 5383 1465 5452 passione
1493 5382 1788 5437 salvantur.

217 5470 363 5537 Quod
407 5472 463 5526 in
507 5472 802 5543 Evangelia
851 5477 1147 5530 secundum
1195 5474 1395 5531 Lucam
1453 5474 1794 5546 apertissime

218 5561 633 5645 demonstratur,
659 5579 782 5621 cum
813 5565 1010 5621 dicitur
1034 5583 1049 5619 :
1073 5565 1142 5619 Et
1171 5576 1378 5635 accepto
1414 5581 1567 5636 pane,
1595 5566 1794 5636 gratias

218 5652 315 5720 egit
339 5663 387 5707 et
404 5654 580 5723 fregit,
604 5663 652 5709 et
676 5655 816 5710 dedit
834 5657 905 5711 eis
923 5657 1099 5711 dicens
1122 5671 1140 5710 :
1164 5654 1279 5710 Hoc
1302 5665 1377 5712 est
1403 5673 1589 5726 corpus
1601 5674 1791 5725 meum,

209 5730 353 5809 'quod
381 5759 477 5813 pro
501 5745 643 5805 vobis
666 5746 844 5812 datur,
881 5746 976 5801 hoc
1003 5746 1158 5817 facite
1191 5747 1245 5801 in
1280 5761 1444 5801 meam
1487 5762 1795 5802 commemo.

1880 527 1984 585 Hic
2021 539 2099 585 est
2130 530 2274 587 calix
2310 549 2498 590 novum
2528 543 2893 590 testamentum
2930 537 2987 592 in
3017 538 3275 605 sanguine
3320 530 3457 607 meo,

1842 673 1851 680 .
1876 622 1966 693 qui
1992 639 2088 693 pro
2115 624 2255 679 vobis
2277 624 2529 694 fundetur
2554 625 2703 697 (Luc.
2730 644 2866 695 xm,
2894 628 3004 701 19).
3037 629 3107 684 Et
3136 630 3208 685 ibi
3234 638 3354 686 erat
3372 629 3463 686 Ju-
3504 664 3519 677 -

1880 714 1977 770 das
2003 714 2145 769 inter
2170 716 2464 785 apostolos,
2487 717 2612 773 licet
2635 719 2853 789 quidam
2875 720 2942 774 de
2974 720 3260 791 praecipuis
3281 722 3466 776 docto.

1880 805 2030 861 ribus
2056 806 2339 863 catholicis
2364 807 2521 864 aliter
2537 809 2711 865 dicat.
2745 808 2851 866 Sed
2878 810 3115 867 Joannes
3141 812 3465 885 Chrysosto-

1880 912 2003 954 mus
2029 898 2082 953 in
2106 898 2327 957 humilia
2354 900 2422 956 de
2444 901 2748 970 proditione
2767 900 2936 967 ludar,
2969 912 3023 959 et
3046 911 3266 961 sanctus
3284 903 3492 975 Αιιπιιο·
3534 968 3537 975 ,

1881 991 2055 1046 stinus
2073 992 2126 1047 in
2152 993 2487 1063 expositione
2503 992 2694 1064 psalmi
2720 994 2937 1062 decimi,
2956 1005 3010 1051 et
3031 995 3142 1052 Leo
3169 996 3223 1052 in
3245 997 3465 1052 homilia

1882 1083 2040 1139 tertia
2071 1084 2137 1140 de
2162 1084 2422 1141 Passione
2462 1084 2699 1152 Domini,
2727 1087 2975 1143 eumdem
3013 1088 3346 1158 proditorem
3394 1089 3467 1145 ibi

1883 1173 2050 1231 fuisse
2072 1176 2463 1232 demonstrant.
2484 1178 2551 1233 Et
2570 1186 2690 1247 post
2711 1180 2987 1249 praemissa
3005 1180 3281 1252 Evangelii
3302 1181 3466 1237 verba

1884 1283 2011 1325 mox
2055 1269 2255 1327 ibidem
2299 1272 2687 1342 subsequitur:
2714 1270 3087 1328 Verumtamen
3129 1289 3245 1329 ecce
3281 1289 3469 1331 manus

1884 1359 2141 1415 tradentis
2177 1376 2258 1415 me
2278 1376 2480 1416 mecum
2503 1369 2578 1416 est
2613 1362 2667 1416 in
2689 1378 2865 1417 mensa
2890 1362 3073 1435 (Joan.
3104 1379 3227 1430 xm,
3260 1363 3369 1436 ii).
3395 1364 3472 1419 De

1885 1465 1993 1522 quo
2018 1450 2279 1522 scriptum
2305 1459 2389 1509 est
2415 1468 2429 1506 :
2456 1451 2524 1506 Et
2548 1467 2696 1507 nemo
2724 1454 2898 1524 periit,
2924 1454 3026 1509 nisi
3049 1454 3196 1525 ﬁlius
3220 1455 3473 1527 perditio-

1884 1543 2007 1600 nis:
2051 1557 2212 1613 quem
2251 1551 2309 1599 et
2342 1544 2659 1615 praesciebat
2685 1558 2745 1600 se
2773 1545 3120 1613 traditurum,
3151 1545 3291 1602 sicut
3331 1545 3469 1601 scri-

1883 1644 2036 1708 ptum
2061 1645 2145 1693 est
2163 1655 2176 1693 :
2192 1636 2315 1707 Ipse
2334 1637 2468 1692 enim
2489 1630 2679 1693 sciebat
2704 1638 2821 1708 quis
2848 1647 2978 1693 esset
3003 1654 3122 1694 eum
3142 1638 3437 1693 traditurus
3451 1653 3471 1693 :

1884 1737 2157 1800 propterea
2177 1728 2308 1785 dixit
2325 1745 2344 1784 :
2370 1729 2494 1784 Non
2523 1730 2647 1785 estis
2660 1730 2842 1783 mundi
2863 1745 3060 1785 omnes.
3099 1729 3168 1786 Et
3203 1730 3292 1785 hic
3316 1743 3472 1784 vera-

1883 1820 2021 1876 citer
2048 1821 2310 1892 scriptum
2355 1830 2477 1877 est:
2507 1820 2624 1876 Hoc
2649 1831 2726 1876 est
2750 1838 2937 1892 corpus
2972 1838 3168 1888 meum,
3196 1822 3337 1893 quod
3376 1838 3471 1893 pro

1883 1911 2024 1966 vobis
2056 1912 2235 1967 datur.
2268 1912 2336 1968 Et
2361 1931 2374 1968 :
2403 1912 2506 1967 Hic
2531 1923 2604 1969 est
2631 1912 2772 1968 calix
2806 1929 2994 1968 novum
3022 1922 3393 1970 testamentum
3415 1914 3472 1968 in

1883 2003 2137 2072 sanguine
2186 2020 2323 2070 meo,
2350 2004 2442 2075 qui
2475 2020 2571 2074 pro
2601 2002 2742 2059 vobis
2780 2002 3051 2073 fundatur.
3079 2003 3219 2059 Hinc
3242 2003 3481 2075 quisque

1881 2099 2252 2179 contradictor
2285 2099 2627 2170 respondeat,
2677 2106 2861 2155 utrum
2905 2114 3004 2171 pro
3040 2098 3145 2155 illis
3189 2098 3339 2167 solis,
3377 2097 3471 2169 qui

1885 2192 1950 2248 de
1974 2208 2135 2249 manu
2170 2191 2313 2247 illius
2336 2192 2423 2247 illa
2455 2207 2607 2248 sacra
2637 2200 2983 2263 acceperant,
3009 2192 3094 2247 vel
3108 2192 3200 2262 qui
3224 2192 3296 2247 ibi
3327 2191 3460 2248 ade-

1884 2292 2033 2350 rant,
2079 2299 2147 2339 an
2180 2291 2235 2339 et
2276 2299 2377 2355 pro
2424 2282 2568 2348 aliis,
2605 2283 2761 2341 nobis
2806 2284 3033 2350 scilicet,
3087 2284 3181 2355 qui
3227 2284 3281 2339 in
3346 2297 3481 2339 eum

1885 2372 2142 2429 credituri
2172 2387 2410 2428 eramus.
2444 2372 2659 2428 Scimus
2682 2373 2807 2444 quia
2840 2373 2999 2430 facile
3028 2372 3392 2445 respondebit,
3417 2381 3473 2430 et

1884 2476 1987 2534 pro
2015 2463 2267 2519 omnibus
2305 2463 2359 2518 in
2396 2478 2520 2519 eum
2547 2464 2914 2529 credentibus,
2944 2465 3069 2535 quia
3111 2465 3185 2521 ibi
3212 2465 3471 2536 scriptum

1883 2563 1968 2612 est
2006 2554 2162 2610 :Hoc
2207 2554 2365 2625 facite
2411 2555 2466 2610 in
2516 2572 2685 2610 meum
2732 2557 3275 2611 commemorationem
3319 2555 3470 2626 (Luc.

1887 2662 2020 2713 χιιι,
2044 2646 2154 2718 i9).
2182 2646 2323 2717 Ergo
2344 2646 2467 2715 quia
2493 2646 2682 2711 turbae,
2706 2661 2825 2716 quae
2846 2646 3224 2715 praecedebant
3241 2653 3296 2701 et
3310 2643 3476 2717 246

1886 2753 2007 2808 qua:
2050 2738 2438 2808 sequebantur,
2489 2737 2796 2792 clamabant
2824 2737 3065 2793 dicentes
3116 2737 3332 2794 Osanna
3362 2736 3475 2793 ﬁlio

1886 2827 2076 2893 David,
2133 2828 2267 2883 sicut
2321 2842 2417 2898 pro
2448 2826 2917 2897 subsequentibus,
2948 2827 3023 2882 ita
3050 2824 3111 2881 et
3132 2839 3474 2904 pro‘prtece-

1888 2920 2159 2987 dentibus,
2205 2928 2267 2976 ut
2312 2920 2509 2978 Petrus
2539 2921 2690 2986 dicit,
2716 2937 2809 2991 per
2827 2921 3054 2991 gratiam
3084 2919 3180 2975 Dei
3206 2916 3468 2975 credimus

1887 3014 2104 3080 salvari,
2131 3012 2569 3084 quemadmodum
2592 3020 2640 3067 et
2670 3011 2748 3066 illi
2770 3012 2904 3083 (Act.
2932 3026 3021 3066 xv.
3054 3010 3163 3083 i0).

1961 3106 2041 3161 Ad
2094 3105 2324 3161 alterum
2365 3105 2524 3160 modo
2568 3119 2693 3160 eum
2736 3104 3064 3174 respondere
3114 3117 3222 3158 non
3272 3102 3473 3174 pigeat,

1892 3194 2106 3266 quando
2133 3195 2305 3250 dixit:
2334 3193 2449 3248 Hoc
2478 3204 2553 3249 est
2579 3209 2767 3264 corpus
2808 3210 2977 3248 meum
3016 3193 3155 3259 quod
3196 3210 3292 3265 pro
3331 3193 3476 3249 vobis

1891 3287 2086 3352 datur;
2116 3295 2170 3341 et
2192 3301 2206 3340 :
2226 3284 2329 3341 Hic
2357 3294 2432 3340 est
2453 3281 2593 3340 ralia:
2619 3284 2710 3355 qui
2736 3300 2830 3354 pro
2869 3283 3012 3338 vobis
3050 3282 3318 3353 fundetur,
3346 3282 3474 3354 quia

1890 3377 2082 3435 ludam
2114 3392 2221 3432 non
2258 3377 2490 3447 excepit,
2521 3382 2704 3431 utrum
2746 3374 2895 3429 illum
2925 3374 3176 3443 excipere
3221 3372 3479 3429 audebit?

1893 3467 2106 3523 Scimus
2148 3466 2273 3536 quia
2305 3464 2593 3520 Dominum
2624 3464 2907 3519 mentitum
2940 3462 3124 3529 fuisse,
3154 3462 3282 3518 licet
3310 3461 3478 3516 multa

1891 3567 2206 3630 przesumat,
2236 3557 2417 3613 dicere
2444 3570 2552 3612 non
2588 3556 2824 3612 audebit.
2861 3556 2931 3611 Et
2956 3556 3001 3610 si
3031 3554 3287 3611 Dominus
3315 3569 3344 3609 a
3385 3569 3475 3610 re-

1892 3652 2201 3723 demptione
2226 3650 2375 3706 illum
2432 3664 2539 3706 non
2589 3649 2823 3720 excepit,
2873 3648 2968 3705 sed
3010 3649 3125 3719 ipse
3154 3649 3281 3703 licet
3329 3645 3475 3702 illam

1893 3744 2146 3814 indignus
2171 3741 2490 3812 susceperit,
2520 3756 2579 3797 se
2601 3740 2836 3796 alienum
2865 3738 3066 3805 effecit,
3096 3739 3223 3810 quid
3247 3744 3483 3809 peccant

1893 3835 2143 3892 doctores
2172 3833 2422 3889 catholici
2467 3831 2874 3888 dicentes:Pro
2925 3831 3178 3888 omnibus
3223 3829 3489 3887 Christus.

1893 3942 2086 3999 passus
2113 3936 2218 3993 est,
2247 3926 2376 3983 licet
2410 3940 2516 3981 non
2546 3939 2737 3981 omnes
2765 3923 3032 3994 passionis
3072 3922 3188 3994 ejus
3211 3921 3473 3994 mysterio

1893 4019 2250 4083 redimantur,
2280 4017 2370 4087 qui
2402 4015 2640 4073 omnium
2667 4013 3199 4083 suscepitnaturam,
3231 4021 3277 4066 et
3300 4025 3477 4065 omnes

1895 4108 2006 4164 vult
2043 4108 2216 4163 salvos
2244 4107 2382 4177 ﬁeri,
2418 4115 2467 4162 et
2507 4104 2762 4161 neminem
2807 4100 2919 4157 vult
2943 4101 3146 4173 perire,
3190 4106 3248 4154 ut
3274 4097 3475 4154 Paulus

1894 4209 1947 4257 et
1974 4198 2168 4261 Petrus
2194 4199 2399 4263 dicunt,
2426 4196 2551 4252 licet
2571 4210 2677 4250 non
2706 4206 2897 4249 omnes
2931 4192 3251 4248 solventur?
3282 4190 3351 4246 Et
3374 4205 3476 4245 nos

1894 4286 2022 4357 quid
2065 4284 2396 4339 contrarium
2439 4282 2564 4337 ildei
2609 4278 2891 4336 catholicae
2945 4277 3201 4342 diximus,
3259 4276 3478 4346 quando

1893 4377 2107 4432 illorum
2151 4382 2207 4429 et
2250 4388 2468 4430 sensum
2512 4380 2587 4432 et.
2621 4371 2785 4427 verba
2815 4366 3471 4441 ponentesrscripsimus:

1897 4468 2006 4524 Pro
2063 4442 2302 4521 omnibus
2350 4465 2588 4521 Christus
2623 4478 2810 4534 passus
2851 4470 2949 4528 est,
2988 4459 3105 4515 licet
3157 4475 3262 4513 non
3292 4474 3471 4514 omnes

1895 4559 2154 4634 passionis
2189 4572 2303 4628 ejus
2337 4556 2582 4627 mysterio
2620 4554 2977 4609 redimantur:
2994 4551 3118 4624 quia
3156 4566 3270 4606 vero
3298 4566 3477 4605 omnes

1897 4651 2156 4726 passionis
2199 4649 2313 4720 ejus
2341 4647 2586 4719 mysterio
2612 4662 2716 4701 non
2758 4646 3103 4709 redimuntur,
3133 4659 3236 4698 non
3265 4642 3471 4714 respicit
3537 4696 3541 4701 ,

1897 4742 1967 4797 ad
1990 4738 2402 4812 magnitudinem
2448 4738 2622 4808 pretii,
2662 4736 2753 4791 sed
2792 4736 2861 4790 ad
2898 4735 3191 4805 inﬁdelium
3232 4743 3477 4805 partem;

1898 4831 2021 4903 quia
2049 4828 2294 4902 poculum
2322 4828 2567 4882 humana:
2595 4826 2806 4889 salutis,
2829 4826 2967 4897 quod
2993 4824 3285 4895 confectum
3321 4824 3479 4879 estde

1897 4920 2201 4989 inﬁmitate
2220 4928 2398 4972 nostra
2422 4926 2471 4971 et
2494 4917 2681 4971 virtute
2707 4916 2906 4981 divina,
2931 4915 3082 4971 habet
3109 4914 3318 4985 quidem
3341 4914 3396 4968 in
3422 4931 3479 4969 se

1899 5018 1955 5065 ut
1971 5008 2209 5063 omnibus
2235 5008 2421 5078 prosit,
2444 5005 2533 5061 sed
2578 5006 2625 5059 si
2670 5020 2773 5059 non
2801 5005 3015 5070 bibitur,
3058 5020 3161 5058 non
3208 5003 3481 5058 medetur?

1898 5099 2053 5168 Quod
2082 5098 2396 5168 spiritaliter
2427 5098 2679 5153 biberunt
2705 5104 2760 5150 et
2779 5090 2950 5150 sancti
2982 5094 3036 5149 in
3066 5092 3245 5149 Veteri
3288 5090 3479 5148 Testa-

1898 5197 2084 5246 mento
2113 5202 2177 5242 ac
2209 5185 2403 5242 salvati
2430 5195 2576 5253 sunt,
2626 5192 2858 5240 testante
2900 5182 3174 5254 Apostolo,
3221 5181 3480 5237 Bibebant

1899 5284 1964 5339 de
1988 5280 2215 5353 spiritali
2240 5281 2293 5353 (ι
2320 5281 2445 5337 Cor.
2473 5297 2528 5347 ι,
2559 5280 2615 5352 4)
2642 5297 2655 5335 :
2682 5280 2823 5336 sicut
2849 5289 2903 5335 et
2920 5293 3066 5335 nunc
3090 5276 3282 5333 bibunt
3301 5277 3480 5333 devoti

1898 5375 1952 5429 in
1979 5373 2327 5429 Testamento
2348 5372 2497 5428 Novo
2521 5380 2576 5428 et
2597 5371 2731 5428 salvi
2756 5371 2909 5425 ﬁunt.
2930 5369 3188 5425 Biberunt
3216 5364 3480 5423 increduli

1897 5465 1953 5521 in
1990 5451 2338 5521 Testamento
2387 5463 2591 5528 Veteri,
2630 5462 2758 5517 licet
2804 5460 2993 5530 impari
3047 5458 3172 5514 fidei
3198 5457 3483 5515 devotione

1898 5569 2021 5611 cum
2053 5556 2278 5621 sanctis,
2312 5561 2369 5609 et
2395 5553 2633 5609 damnati
2679 5559 2825 5617 sunt,
2861 5551 3002 5609 sicut
3031 5558 3085 5605 et
3121 5549 3482 5605 manducaveo

1900 5663 2028 5711 runt
2059 5669 2251 5710 manna
2282 5661 2338 5709 et
2362 5652 2559 5708 mortui
2579 5658 2722 5707 sunt.
2755 5649 3033 5718 Quomodo
3060 5646 3405 5705 manducavit
3424 5652 3485 5702 et

1899 5748 2037 5804 bibit
2057 5746 2242 5814 Judas,
2272 5754 2327 5803 et
2355 5760 2460 5803 non
2493 5744 2667 5803 solum
2696 5743 3084 5817 temporaliter.
3112 5741 3208 5798 sed
3237 5748 3291 5796 et
3329 5748 3481 5796 aeter-
