3992 6336
545 268 643 324 ΞΗ

1520 268 1851 326 IIlNCMARI
1890 264 2281 324 RIIEMENSIS
2318 267 2838 326 ARCHIEPISCOI’I

3716 267 3812 328 δη

545 382 743 439 naliter
758 390 1003 439 mortuus
1024 391 1126 438 est.
1155 384 1221 438 Et
1246 382 1387 438 sicut
1413 382 1698 453 Apostolus
1724 383 1790 438 de
1804 381 2129 453 quibusdam
2156 382 2203 441 A
2230 381 2574 449 studuerunt,
2627 384 2729 453 ipsi
2776 399 2856 448 se,
2905 384 3047 437 sicut
3089 382 3145 437 in
3186 380 3460 453 passione
3488 394 3587 438 sua
3611 388 3667 440 et
3703 394 3814 456 post

546 474 909 529 irreverenter
931 473 1384 529 manducantibus
1408 466 1464 530 et
1484 473 1797 529 bibentibus
1817 472 1949 527 dicit
1967 470 2127 526 :Ideo

543 561 699 616 multi
732 562 788 616 iu
814 562 956 617 vobis
997 562 1238 629 invalidi,
1278 572 1327 617 et
1354 564 1556 634 wgroti,
1585 572 1634 618 et
1660 563 1930 617 dormiunt
1975 559 2129 615 multi
2163 617 2171 624 ,

545 650 599 720 (1
634 651 755 708 Cor.
788 669 867 721 xi,
894 652 1009 725 '50).
1040 653 1177 722 Quia
1200 668 1330 711 vero
1357 655 1423 711 de
1449 670 1648 711 manna
1668 669 1733 711 ex
1756 653 1938 710 verbis
1953 652 2129 709 sancti

544 744 830 815 Augustini
856 760 1019 816 supra
1049 746 1406 813 ostendimus,
1435 747 1502 802 de
1527 755 1658 817 potu
1701 745 1951 818 spiritali,
1983 744 2129 800 unde

544 834 834 903 Apostolus
861 836 1032 891 dixit:
1061 836 1129 891 Et
1161 853 1340 893 omnes
1362 838 1601 892 eumdem
1622 846 1805 909 potum
1838 834 2127 907 spiritalem

544 926 783 983 biberunt
831 927 883 1000 (ι
935 926 1059 984 Cor.
1096 947 1151 995 ι,
1205 929 1286 1001 4),
1325 929 1505 986 verbis
1534 929 1709 985 sancti
1745 928 2017 984 Ambrosii
2061 944 2128 984 ex

543 1015 685 1072 libro
712 1017 836 1074 vide
884 1016 1253 1075 Saeramentis
1280 1020 1523 1077 dicamus
1551 1019 1690 1092 (cap.
1722 1020 1777 1089 I)
1804 1037 1818 1073 :
1850 1037 1870 1071 ‹
1899 1018 2034 1076 Cum
2060 1018 2129 1073 si-

542 1107 675 1164 tiret
693 1108 923 1180 pepulus
945 1109 1275 1180 indecorum,
1299 1120 1354 1167 et
1377 1119 1739 1167 murmuraret
1761 1111 1907 1181 quod
1932 1124 2127 1180 aquam

542 1197 792 1254 invenire
820 1213 927 1255 non
965 1208 1172 1270 posset,
1200 1199 1369 1271 jussit
1415 1201 1560 1257 Deus
1588 1200 1760 1273 Moysi
1790 1209 1849 1257 ut
1881 1209 2131 1272 tangeret

540 1297 754 1360 petram
785 1289 853 1345 de
890 1290 1062 1362 virga.
1097 1290 1297 1362 Tetigit
1342 1299 1572 1362 petram,
1623 1301 1680 1347 et
1722 1301 1878 1364 petra
1928 1291 2130 1348 undam

541 1379 835 1435 maximam
865 1379 1024 1449 fudit,
1045 1383 1187 1438 sicut
1211 1384 1503 1454 Apostolus
1529 1385 1606 1443 ait
1633 1400 1648 1439 :
1674 1383 1928 1443 Bibebant
1954 1394 2129 1439 autem

542 1471 609 1524 de
633 1473 964 1542 consequenti
996 1482 1166 1544 petra,
1197 1484 1346 1543 petra
1375 1483 1549 1529 autem
1582 1485 1695 1530 erat
1721 1471 1980 1531 Christus.
2012 1474 2129 1531 Non

541 1565 834 1623 immobilis
867 1574 1041 1637 petra,
1085 1582 1205 1638 quae
1244 1568 1500 1639 populum
1541 1570 1873 1640 sequebatur
1925 1587 1937 1622 :
1985 1577 2041 1624 et
2072 1578 2129 1623 tu

540 1656 689 1724 bibe,
726 1668 786 1713 ut
814 1667 868 1714 te
895 1659 1142 1716 Christus
1171 1669 1449 1731 sequatur.
1485 1682 1504 1715 ι
1539 1662 1607 1717 Et
1631 1670 1852 1719 sanctus
1874 1662 2132 1734 Augusti-1

2231 473 2535 543 passionem
2560 489 2714 530 suam
2745 473 3011 540 fecerunt,
3034 474 3269 541 faciunt,
3303 483 3364 529 et
3398 472 3601 530 facturi
3633 486 3816 544 suut,a

2230 566 2600 637 redemptione
2654 566 2931 637 proposita
2987 564 3193 622 alienos
3238 564 3521 622 fecerunt.
3589 564 3657 621 Et
3695 568 3819 625 sicut

2230 669 2375 710 nunc
2401 655 2572 726 ipsius
2593 657 2776 728 passio
2804 656 2912 712 illis
2936 671 3044 713 non
3074 656 3326 728 prodest,
3358 655 3459 711 sed
3490 655 3549 711 in
3575 653 3818 725 judicium

2229 746 2354 813 erit,
2384 746 2478 817 qui
2512 747 2568 802 in
2607 746 2923 803 inﬁdelitate
2954 747 3042 802 vel
3084 748 3275 818 pravis
3314 746 3585 818 cperibus
3620 748 3685 804 de
3729 749 3820 807 isto

2229 835 2427 893 saeculo
2466 845 2668 893 exeunt
2698 855 2711 891 :
2741 838 2821 893 sic
2845 844 2901 893 et
2926 851 3027 893 nec
3054 837 3160 893 illis
3198 836 3446 908 profuit,
3477 837 3590 893 imo
3614 839 3668 893 in
3687 839 3819 909 judia

2232 927 2374 981 cium
2404 926 2549 983 illius
2576 928 2755 997 passio
2803 928 3046 996 exstitit,
3097 936 3310 1002 exstat,
3367 934 3540 998 atque
3582 930 3820 997 exstabit;

2231 1019 2325 1088 qui
2352 1034 2451 1089 per
2489 1019 2637 1074 illam
2678 1020 2869 1076 redimi
2901 1027 3154 1091 poterant
3200 1019 3254 1076 si
3307 1018 3650 1088 voluissent,
3696 1021 3821 1077 sicut

2235 1111 2498 1182 redempti
2527 1120 2654 1167 sunt
2683 1112 2772 1181 qui
2816 1112 2870 1167 in
2909 1111 3061 1166 illum
3110 1120 3420 1167 venturum
3469 1112 3822 1181 crediderunt,

2231 1208 2286 1257 et
2312 1202 2430 1273 ejus
2458 1202 2709 1272 passione
2755 1202 2954 1258 salvari
2998 1210 3349 1258 meruerunt.
3403 1200 3503 1257 Sic
3529 1210 3589 1257 et
3620 1211 3820 1259 sanctus

2231 1292 2586 1366 Augustinus,
2626 1304 2687 1350 ut
2731 1295 3113 1365 prtemisimus,
3146 1297 3216 1351 de
3251 1296 3349 1350 his
3378 1295 3481 1365 qui
3526 1309 3720 1351 manna
3742 1309 3820 1352 co-

2234 1387 2514 1451 mederant
2558 1387 2733 1442 dicit:
2767 1387 3234 1442 Manducaverunt
3266 1386 3496 1458 Moyses
3539 1395 3599 1449 et
3637 1386 3816 1454 Aaron,

2233 1487 2288 1532 et
2336 1476 2516 1532 caeteri
2546 1477 2722 1532 sancti
2751 1477 2843 1547 qui
2891 1478 3109 1532 fuerunt
3158 1477 3212 1531 in
3254 1475 3490 1547 populo,
3541 1490 3731 1532 manna
3772 1485 3820 1533 et

2235 1582 2339 1622 non
2384 1549 2756 1632 suntmortui,
2808 1566 2932 1636 quia
2981 1567 3312 1638 spiritaliter
3337 1566 3621 1623 visibilem
3655 1567 3815 1623 cibum

2233 1660 2633 1729 intellexerunt,
2688 1661 3001 1731 spiritaliter
3053 1662 3412 1728 esurierunt;
3476 1661 3572 1716 alii
3616 1660 3818 1717 mandu-

541 1763 643 1804 nus
668 1748 722 1804 in
746 1749 1006 1820 Exposito
1032 1750 1308 1822 Evangelii
1339 1749 1584 1817 Joannis,
1607 1751 1767 1823 paulo
1792 1761 1919 1807 ante
1944 1752 2080 1807 dixit
2107 1771 2121 1806 :
2157 1737 2199 1795 Β
2227 1740 2489 1806 caverunt
2534 1759 2591 1807 et
2643 1759 3058 1822 permanserunt
3100 1752 3157 1807 in
3185 1750 3547 1817 inﬁdelitate,
3591 1764 3655 1806 ac
3682 1765 3812 1806 mor-

542 1837 667 1893 Nisi
707 1840 1149 1896 manducaveritis
1188 1858 1400 1896 carnem
1418 1841 1519 1911 ﬁlii
1537 1841 1784 1908 hominis,
1808 1850 1857 1896 et
1893 1840 2124 1895 biberitis

540 1929 658 1998 ejus
685 1932 1015 2001 sanguinem,
1062 1949 1168 1989 non
1203 1932 1458 1990 habebitis
1490 1932 1647 1987 vitam
1671 1933 1726 1987 in
1768 1932 1908 1987 vobis
1935 1930 2121 2003 (Joan.

538 2033 622 2086 vr,
648 2020 773 2088 54),
797 2029 853 2077 et
876 2022 1037 2081 modo
1066 2023 1196 2081 dicit
1230 2041 1243 2079 :
1277 2020 1415 2080 Caro
1445 2028 1549 2079 rion
1589 2023 1799 2094 prodest
1838 2022 2125 2093 quidquam

540 2109 722 2181 (ibid.,
748 2111 861 2181 65),
881 2112 1051 2178 idest,
1070 2111 1115 2169 si
1138 2113 1431 2170 carnaliter
1447 2103 1619 2170 vultis
1636 2112 1954 2185 intelligere.
1977 2111 2124 2179 Quo-

541 2200 690 2259 circa
717 2202 772 2255 in
799 2203 983 2260 Veteri
1013 2203 1365 2260 Testamento
1386 2205 1659 2275 spiritales
1686 2204 2000 2281 spiritaliter
2045 2204 2126 2259 in-.

541 2289 849 2363 telligentes
882 2292 1180 2362 spiritalem
1208 2303 1393 2364 potum
1435 2295 1713 2363 biberunt,
1749 2302 1806 2350 et
1834 2311 1864 2349 a
1892 2292 2127 2365 peccatis

541 2394 609 2436 ac
631 2380 810 2452 poenis
838 2381 1031 2437 salvati
1057 2391 1204 2450 sunt,
1237 2382 1412 2439 donec
1440 2383 1591 2439 venit
1627 2383 1717 2439 ille
1753 2398 1913 2439 verus
1942 2383 2127 2455 Agnus

541 2472 636 2542 qui
665 2472 804 2531 tollit
828 2482 1048 2546 peccata
1078 2475 1292 2542 mundi,
1320 2475 1373 2530 in
1400 2475 1554 2545 cujus
1581 2477 1753 2547 ﬁgura
1772 2516 1788 2543 ,
1810 2491 1909 2548 per
1936 2475 2127 2531 immo-

540 2562 803 2619 lationem
834 2565 957 2635 agni
997 2564 1220 2621 Paschte
1244 2566 1464 2633 veteris,
1494 2565 1561 2623 de
1586 2566 1838 2638 {Egyptia
1869 2566 2128 2622 servitute

540 2655 808 2727 redempti
824 2665 966 2712 sunt.
981 2657 1148 2728 Cujus
1160 2657 1440 2730 sanguine,
1456 2657 1597 2714 sicut
1614 2656 1797 2714 verbis
1817 2664 2128 2714 sanctorum

540 2746 831 2821 Augustini
857 2749 1019 2823 247
1051 2760 1210 2823 atque
1228 2750 1501 2807 Ambrosii
1521 2765 1681 2821 supra
1704 2748 2128 2814 ostendimus,et

541 2841 707 2914 primi
738 2842 987 2900 homines
1015 2843 1276 2914 redempti
1304 2851 1450 2912 sunt,
1486 2852 1543 2901 et
1585 2843 1837 2903 omnibus
1878 2842 2128 2904 incarna-

545 2935 710 2992 tionis
739 2951 804 2993 ac
831 2937 1099 3009 passionis
1125 2939 1242 3010 ejus
1275 2940 1596 3012 mysterium
1638 2939 1982 2996 credentibus
2021 2951 2131 2993 εω-

2231 1841 2304 1896 tui
2351 1849 2497 1905 sunt,
2545 1857 2653 1897 non
2680 1842 2853 1899 solum
2899 1852 3075 1899 morte
3103 1842 3409 1913 corporali,
3450 1857 3647 1898 verum
3668 1842 3813 1898 etiam

2227 1939 2403 1986 morte
2449 1930 2699 2000 spiritali.
2749 1930 2842 1986 Sic
2886 1932 3040 1987 etde
3091 1932 3377 2002 baptismo
3425 1944 3537 2002 quo
3580 1930 3811 2000 baptizati

2227 2028 2354 2076 sunt
2405 2029 2620 2077 constat
2680 2021 2882 2077 debere
2948 2021 3209 2090 intelligi,
3272 2028 3335 2077 et
3394 2036 3467 2077 ex
3500 2019 3810 2076 ttestimonio

2228 2110 2375 2166 beati
2421 2110 2566 2168 Petri
2602 2126 2667 2166 ex
2703 2110 2871 2183 258
2902 2126 3031 2168 arca
3081 2119 3136 2168 et
3183 2111 3398 2169 diluvio
3441 2125 3607 2183 supra
3650 2117 3808 2165 osten-

2228 2203 2426 2260 dimus.
2492 2201 2647 2259 Nunc
2702 2204 2828 2273 quia
2885 2202 3232 2260 manifestum
3287 2212 3412 2270 est,
3469 2203 3627 2259 nobis
3675 2215 3807 2258 meu-

2228 2294 2438 2351 daciter
2484 2294 2653 2352 fuisse
2703 2294 3093 2361 calumniatos,
3140 2296 3275 2366 quia
3326 2296 3635 2352 dixerimus
3680 2292 3802 2364 quod

2228 2400 2336 2442 non
2387 2385 2646 2451 diximus,
2676 2386 2797 2456 pro
2846 2384 2953 2442 illis
3006 2385 3189 2456 impiis
3240 2386 3547 2442 Dominum
3599 2397 3794 2455 passum

2229 2477 2416 2543 fuisse,
2454 2478 2611 2548 quia
2654 2477 2839 2541 mundi
2889 2478 3114 2534 exordio
3147 2493 3332 2550 usque
3390 2477 3463 2533 ad
3518 2476 3795 2548 passionem

2230 2567 2443 2624 Domini
2472 2567 2527 2622 iu
2555 2581 2652 2624 sua
2683 2567 2963 2639 impietate
2994 2568 3217 2634 mortui,
3249 2577 3464 2625 aeterna
3487 2565 3799 2624 damnatione

2228 2662 2401 2733 puniti
2426 2669 2575 2729 sunt,
2605 2661 2757 2732 quasi
2790 2660 2864 2717 illi
2895 2661 3157 2732 redempti
3197 2661 3314 2717 sint
3347 2646 3630 2731 sanguinis
3656 2656 3798 2728 ipsius

2229 2754 2510 2812 elfusione.
2557 2752 2665 2811 Sed
2706 2754 2806 2810 sic.
2830 2753 3069 2810 diximus
3113 2755 3377 2811 omnibus
3409 2762 3654 2827 paratam
3690 2760 3791 2803 esse

2230 2844 2482 2910 salutem,
2510 2843 2601 2914 qui
2632 2852 2758 2913 ante
2786 2844 3217 2906 incarnationem
3247 2843 3407 2899 illius
3444 2841 3678 2905 fuerunt,
3706 2835 3798 2893 sic-

2232 2945 2293 2993 ut
2344 2945 2400 2994 et
2442 2938 2528 2993 his
2569 2937 2661 3008 qui
2706 2945 2828 3007 post
2857 2938 3166 3007 passionem
3210 2936 3374 2992 illius
3426 2933 3540 2990 nati
3587 2936 3719 2995 sunt,
3754 2933 3800 2982 et

544 3026 701 3084 lestis
723 3027 874 3100 regni
894 3027 1117 3100 jauuam
1141 3029 1417 3100 patefecit.
1450 3030 1683 3087 Credere
1720 3038 1899 3088 autem
1942 3028 2129 3084 nolen-
2163 3088 2200 3100 _
2233 3027 2494 3085 nascituri
2521 3035 2646 3084 sunt
2676 3042 2692 3082 :
2733 3036 2942 3084 tantum
2981 3036 3043 3083 ut
3082 3027 3327 3083 credant
3355 3041 3420 3082 ea
3447 3025 3555 3080 ﬁde
3584 3035 3694 3093 quae
3718 3030 3799 3090 per

550 3119 717 3189 tibus,
740 3088 816 3177 etv
825 3088 1118 3177 carnaliter
1141 3088 1576 3194 intelligentihus
1601 3130 1764 3193 atque
1803 3121 2127 3187 viventibus,
2156 3088 2202 3153 (ἶ
2232 3119 2579 3177 dilectionem
2607 3127 2883 3192 operatur,
2912 3120 3054 3176 sicut
3083 3119 3445 3176 crediderunt
3473 3116 3548 3174 illi
3575 3088 3658 3187 qui
3684 3088 3794 3170 salvi

543 3209 688 3267 etin
718 3209 1032 3268 inﬁdelitate
1060 3220 1222 3284 atque
1250 3211 1535 3282 iniquitate
1563 3210 2057 3282 perseverantibus,
2076 3217 2134 3266 et

548 3301 809 3373 spiritalis
833 3302 923 3359 ille
951 3303 1105 3360 cibus
1130 3318 1195 3359 ac
1218 3313 1401 3374 potus,
1426 3313 1482 3360 et
1506 3303 1620 3358 veri
1649 3303 1771 3375 agni
1807 3301 2048 3372 sanguis,
2077 3301 2131 3356 in

546 3391 809 3462 judicium
845 3393 1208 3453 damnationis
1233 3402 1359 3450 est:
1395 3393 1536 3450 sicut
1571 3401 1626 3449 et
1667 3400 1791 3464 post
1824 3391 2130 3463 passionem

549 3480 714 3548 illius,
738 3495 847 3539 non
870 3482 1237 3550 credentibus,
1268 3482 1351 3538 vel
1379 3482 1432 3537 in
1455 3481 1739 3551 judicium,
1760 3489 1820 3536 ut
1843 3480 2133 3552 Apostolus

550 3571 705 3638 dicit,
748 3573 815 3628 ad
847 3573 952 3629 hoc
982 3588 1198 3629 sacrum
1225 3573 1545 3645 mysterium
1584 3572 1980 3644 suscipiendum
2008 3587 2134 3629 con-

548 3662 921 3731 venientibus,
939 3663 1178 3720 existere
1200 3662 1462 3719 noscitur.
1489 3662 1556 3718 Et
1590 3662 1732 3719 sicut
1757 3672 1977 3719 sanctus
1999 3661 2133 3718 Gre-

548 3754 731 3824 gorius
756 3753 824 3808 de
861 3753 1183 3825 Sanctorum
1223 3753 1679 3825 persecutoribus,
1707 3753 1851 3825 quod
1891 3759 1947 3809 et
1979 3765 2132 3822 aeque

546 3846 605 3899 in
633 3846 863 3917 reproba
890 3847 998 3902 vita
1023 3846 1334 3903 ﬁnientibus
1355 3847 1514 3903 debet
1541 3847 1786 3920 intelligi,
1812 3848 1866 3902 in
1914 3846 2131 3902 homilia

548 3935 827 4008 trigesima
872 3946 1061 3993 octava
1105 3938 1280 3994 dicit:
1327 3956 1346 3989 ι
1377 3937 1513 4006 Quia
1557 3953 1658 3995 nec
1698 3940 1766 3995 ad
1815 3938 2131 3995 memoriam

549 4036 796 4084 nostram
822 4029 909 4085 vel
935 4030 989 4085 in
1015 4038 1348 4087 mortuorum
1379 4045 1607 4086 numero
1640 4031 1879 4087 veniunt.
1919 4049 1937 4083 ι
1970 4030 2047 4086 Ita
2077 4038 2133 4086 et

546 4118 624 4175 illi
652 4120 922 4191 spiritales
957 4122 1061 4177 viri
1103 4122 1158 4178 in
1203 4122 1556 4179 Testamento
1586 4120 1760 4177 Veteri
1792 4120 1859 4177 de
1888 4121 2132 4191 reprobis

546 4209 691 4266 illius
733 4211 995 4281 temporis
1046 4213 1282 4268 sensisse
1324 4212 1665 4268 creduntur:
1705 4224 1910 4281 quanto
1960 4210 2133 4282 magis

546 4317 651 4359 nos
668 4303 775 4359 hoc
807 4305 1014 4359 sentire
1042 4305 1142 4360 iste
1167 4304 1533 4359 coutradictor
1568 4310 1751 4358 uoster
1788 4303 2012 4365 credere
2039 4303 2131 4358 de-

543 4394 760 4463 buerat,
789 4397 883 4466 qui
917 4392 1130 4451 Domini
1156 4394 1628 4466 apostolorumque
1667 4393 1804 4463 ejus,
1836 4410 1900 4450 ac
1941 4395 2131 4452 catho-

537 4484 774 4542 iicorum
811 4486 1192 4557 magistrorum
1238 4485 1485 4541 doctrina
1513 4484 1949 4542 manifestissime
1976 4500 2129 4542 reve-

546 4574 681 4641 lata,
713 4575 1092 4645 cognoscimus
1128 4590 1249 4645 quas
1280 4574 1385 4632 illis
1427 4575 1483 4630 in
1521 4575 1696 4648 ﬁgura
1724 4575 1900 4633 velato
1934 4587 2131 4649 myste—

547 4665 652 4732 rio,
677 4672 737 4720 ut
762 4665 894 4722 dicit
922 4666 1234 4737 Apostolus,
1268 4667 1628 4740 contigerunt.

1082 4779 1310 4836 CAPUT
1357 4780 1593 4837 XXXIII.

546 4874 627 4929 Ab
652 4875 775 4929 hinc
819 4874 1055 4946 sequitur
1080 4876 1310 4945 qualiter
1335 4875 1531 4946 docent
1562 4885 1865 4929 sanctarum
1895 4875 2128 4946 Scriptu—

620 4947 1147 5015 rarumrauctoritate
1191 4945 1436 5000 catholici
1485 4945 1584 4999 viri
1629 4945 1941 5015 generaliter
1977 4945 2131 4999 Chri-

621 5024 761 5069 stum
792 5014 956 5084 [uisse
985 5033 1198 5084 passum
1226 5032 1320 5086 pro
1352 5015 1613 5070 omnibus.

617 5125 801 5183 Claret
837 5143 905 5183 ex
938 5128 1022 5183 his
1065 5143 1227 5197 supra
1262 5128 1452 5199 positis
1488 5127 1846 5193 testimoniis,
1888 5129 2012 5198 quia
2047 5145 2132 5185 re—

547 5216 789 5287 demptio
819 5218 1147 5287 captivitatis
1180 5218 1452 5283 humanae,
1478 5215 1727 5273 Christus
1753 5217 1928 5283 Iesus,
1959 5219 2132 5274 omni-

546 5304 652 5361 bus
678 5314 806 5361 ante
833 5307 1263 5363 incarnationem
1292 5316 1347 5363 et
1387 5308 1694 5377 passionem
1738 5308 1878 5364 illius
1904 5317 2128 5363 ventura

546 5406 686 5462 erat,
728 5408 784 5454 et
822 5401 1129 5472 quicunque
1157 5401 1375 5456 credere
1400 5401 1705 5467 voluerunt,
1733 5416 1796 5456 ac
1837 5401 1960 5457 lidci
1995 5417 2125 5456 con-

548 5488 699 5558 gruis
739 5490 994 5558 operibus
1019 5491 1200 5545 vivere
1229 5491 1571 5556 studuerunt,
1599 5506 1698 5561 per
1723 5489 1988 5560 passionis
2012 5488 2130 5557 ejus

549 5580 872 5649 mysterium
909 5582 1171 5652 redempti
1205 5592 1369 5654 atque
1396 5585 1585 5641 salvati
1616 5592 1778 5641 sunt:
1816 5584 1908 5653 qui
1945 5593 2127 5639 autem

550 5668 776 5728 credere
798 5669 1102 5739 noluerunt,
1131 5688 1307 5743 neque
1338 5675 1441 5732 ﬁde
1462 5674 1639 5747 dignis
1666 5675 1921 5746 operibus
1948 5674 2129 5729 vivere

2232 3211 2363 3268 facti
2393 3221 2540 3278 sunt,
2567 3220 2624 3267 et
2665 3211 2757 3282 qui
2802 3224 2948 3265 nunc
2993 3209 3308 3277 salvantur,
3339 3209 3545 3281 quique
3588 3200 3793 3263 salvandi

2234 3311 2379 3358 sunt.
2423 3301 2490 3357 Et
2537 3302 2681 3358 sicut
2719 3300 2912 3357 salvati
2959 3308 3087 3357 sunt
3137 3301 3207 3357 ab
3235 3300 3501 3373 originali
3544 3302 3789 3370 peccatus

2232 3392 2425 3451 mundi
2451 3392 2676 3453 exordio
2698 3406 2873 3463 usque
2899 3390 2966 3446 ad
3006 3398 3253 3462 tempora
3292 3392 3436 3447 datae
3462 3384 3792 3447 circumcisio-

2232 3484 2341 3551 nis,
2372 3482 2461 3538 vel
2485 3489 2609 3553 post
2635 3480 2819 3537 datam
2860 3479 3366 3548 circumcisionem,
3395 3481 3464 3537 de
3501 3477 3618 3535 aliis
3638 3472 3788 3530 natio-

2233 3575 2393 3631 nibus
2420 3572 2512 3644 qui
2550 3572 2662 3629 Deo
2695 3572 3034 3643 placuerunt,
3081 3571 3163 3628 vel
3202 3572 3517 3629 hostiarum
3539 3561 3788 3625 oblationi-

2231 3664 2353 3730 bus,
2378 3663 2460 3718 vel
2499 3670 2650 3719 certe
2694 3662 2810 3718 sola
2857 3662 2985 3719 ﬁdei
3032 3662 3257 3729 virtute,
3317 3677 3448 3719 suas
3498 3665 3787 3722 suorumque

2232 3754 2444 3808 animas
2467 3752 2713 3808 Creatori
2743 3751 3212 3807 commendantes.
3240 3749 3405 3809 Sicut
3428 3750 3590 3806 etiam
3609 3745 3671 3801 ah
3691 3740 3783 3815 prio

2232 3844 2426 3919 ginalis
2458 3844 2668 3915 peccati
2696 3849 2940 3908 vulnere,
2970 3850 3096 3913 post
3125 3850 3376 3913 tempora
3418 3840 3554 3896 data:
3588 3834 3785 3892 cireum-

2232 3937 2475 4003 cisronis,
2502 3936 2558 3991 bi
2601 3936 2695 4006 qui
2737 3933 3161 3991 circumcidendi
3199 3941 3366 3990 erant
3405 3926 3685 3989 secundum
3721 3920 3783 3975 le-

2232 4042 2375 4099 gem,
2407 4024 2824 4082 circumcisione
2865 4022 3160 4095 puriﬁcati,
3195 4031 3257 4078 et
3297 4038 3399 4095 per
3431 4020 3586 4076 ﬁdem
3609 4010 3783 4099 media-

2232 4098 2370 4174 toris
2411 4124 2540 4173 tunc
2589 4114 2825 4181 venturi,
2876 4129 3023 4169 nunc
3067 4112 3180 4182 jam
3211 4128 3243 4168 a
3279 4112 3530 4170 ﬁdelibus
3559 4098 3779 4172 suscepti.

2232 4206 2425 4267 salvati
2455 4212 2601 4262 sunt.
2634 4204 2698 4260 Et
2738 4204 2864 4274 quia
2896 4203 3124 4260 istorum
3154 4201 3518 4273 capitulorum
3543 4193 3781 4264 coniector

2232 4298 2607 4356 testimonium
2644 4295 3000 4367 apostolicum
3056 4295 3268 4367 posuit,
3318 4308 3427 4367 quo
3471 4290 3608 4348 sicut
3648 4278 3779 4339 nobis

2233 4393 2446 4448 videtur
2471 4392 2846 4448 demonstrare
2871 4388 3059 4456 voluit,
3100 4389 3229 4459 quia
3256 4403 3370 4445 non
3416 4398 3515 4458 pro
3560 4375 3780 4475 omnibus

2195 4479 2204 4540 Ϊ
2233 4483 2485 4542 Christus
2519 4498 2715 4555 passus
2743 4482 2835 4549 sit,
2861 4481 2990 4538 licet
3017 4497 3125 4538 non
3152 4496 3366 4548 omnes,
3389 4480 3529 4536 sicut
3552 4487 3644 4530 nos
3665 4479 3778 4524 scn-

2231 4578 2472 4648 psimus,
2520 4572 2788 4647 passionis
2842 4572 2963 4643 ejus
3019 4572 3279 4644 mysterio
3320 4568 3662 4658 redimantur,

2234 4670 2438 4739 dempti
2472 4683 2538 4724 ac
2563 4666 2865 4724 redimendi
2887 4666 3016 4731 sint,
3046 4665 3295 4722 scribens
3319 4661 3574 4722 Christus,
3604 4652 3771 4719 inqni‘r

2235 4762 2393 4817 semel
2429 4760 2643 4827 oblatus
2669 4768 2746 4814 est
2778 4760 2848 4814 ad
2887 4757 3176 4813 multorum
3203 4750 3559 4840 exhauriendo
3593 4745 3775 4840 peccem

2233 4852 2421 4925 (Hebr.
2449 4867 2527 4919 ιι,
2556 4851 2688 4921 28);
2721 4858 2778 4905 et
2806 4850 3036 4905 domnus
3060 4848 3388 4904 Prudentius
3411 4859 3475 4898 ex
3497 4829 3771 4925 Evangelia.

2233 4918 2289 4997 et
2318 4941 2441 4998 aliis
2469 4918 2768 5010 Scripturis
2818 4938 3041 5001 sanctis,
3090 4936 3159 4991 ad
3204 4938 3347 4992 hanc
3387 4918 3770 4989 conﬁrmandam

2233 5033 2590 5090 assertionem
2619 5031 2775 5100 plura
2804 5029 2957 5100 ponit
2983 5027 3251 5097 exempla,
3281 5025 3514 5094 dicitque
3552 5017 3602 5071 in
3631 5017 3768 5100 sui)?“l

2236 5131 2537 5179 memorata
2581 5097 2822 5192 epistola
2865 5119 3043 5190 capite
3093 5117 3295 5174 tertio:
3344 5134 3364 5168 ι
3402 5112 3472 5169 Ut
3515 5102 3683 5163 credat
3721 5097 3767 5145 δι

2235 5214 2581 5279 conﬁteatur,
2634 5210 2844 5266 scilicet
2887 5209 3239 5275 ordinandus,
3283 5221 3405 5263 cum
3440 5195 3766 5290 omnii)???

2238 5307 2471 5368 tltolicis,
2506 5302 2823 5373 sanguinem
2862 5300 3079 5357 Domini
3104 5299 3276 5355 nostri
3319 5295 3442 5352 Jesu
3475 5282 3762 5373 (.‘rbrialil3m

2233 5396 2488 5451 omnibus
2515 5392 2825 5449 hominibus
2851 5406 2914 5445 ex
2948 5398 3061 5445 toto
3090 5389 3293 5445 mundo
3323 5388 3374 5442 in
3419 5392 3537 5438 eum
3571 5365 3763 5460 creden-

2235 5487 2374 5541 tibus
2419 5483 2595 5539 fusum
2630 5501 2644 5536 :
2676 5498 2783 5537 non
2826 5488 3007 5536 autem
3040 5494 3139 5548 pro
3170 5479 3276 5534 illis
3312 5474 3401 5546 qui
3443 5469 3688 5533 ιιιιηίῖυί1111
3714 5461 3757 5502 ¹¹¹

2234 5596 2356 5634 cum
2404 5576 2776 5641 crediderunt,
2804 5589 2904 5630 nec
2947 5573 3218 5643 hodieque
3260 5553 3759 5651 ενεάυηιν-ξλυξξφῗξῗ

2237 5685 2336 5725 nec
2371 5667 2632 5726 credituri
2659 5640 2804 5731 sunt,
2828 5664 3043 5739 dicente
3081 5640 3202 5742 ipso
3223 5656 3462 5720 Domino,
3493 5641 3626 5700 Venit
3643 5640 3754 5688 enim
