3930 5586
554 307 673 381 διε

1505 325 1837 383 ιιιΝειιΑιιι
1876 326 2271 384 RHEMENSIS
2309 327 2852 391 ARCHIEPISCOPI'.

3707 345 3800 403 κϐ

552 433 739 490 volens
765 433 876 503 pati
903 442 1065 504 atque
1099 437 1274 503 mori,
1296 437 1391 493 sed
1428 439 1520 508 qui
1561 453 1746 495 secum
1777 456 1940 511 super
1966 440 2133 496 totius
2160 439 2209 499 A
2237 443 2449 511 generis
2506 447 2678 502 nostri
2728 449 2880 517 prius
2923 451 3191 520 proditam
3247 453 3486 508 animam
3539 458 3801 526 suscepit,

553 523 736 594 populi
770 524 1048 593 impietate
1072 534 1357 589 mereret,
1388 536 1445 582 et
1468 529 1561 598 qui
1587 529 1823 600 seipsum
1849 531 1961 600 ipsa
1991 545 2130 585 moe-

558 615 730 669 rentis
755 629 937 670 secum
967 615 1142 669 salute
1166 617 1559 684 consolaretur,
1604 627 1663 673 ut
1693 620 1944 674 omnibus
1986 628 2137 675 tanto

557 706 764 762 scelere
797 705 1093 776 perfunctis
1114 749 1127 774 ,
1173 711 1427 765 solatium
1460 712 1515 765 in
1546 713 1631 767 his
1660 713 1850 767 saltem
1884 714 1975 783 qui
2002 713 2135 767 salvi

557 795 751 853 ﬁerent
778 799 1082 866 acciperet,
1113 802 1409 855 secundum
1440 802 1570 858 illud
1592 842 1609 867 ,
1644 802 1707 855 Et
1747 804 1802 857 in
1832 805 1991 857 servis
2026 804 2137 857 suis

556 887 912 942 consolabitur
952 889 1033 952 (ll
1088 891 1265 944 Much.
1309 908 1415 958 vu,
1466 893 1542 961 6).
1578 911 1597 945 ι
1646 893 1778 948 Item
1828 893 1880 946 in
1928 892 2138 962 psalmo

554 991 717 1033 cxxrx
743 996 756 1032 :
790 998 807 1030 ι
845 980 982 1042 Quia
1013 983 1153 1051 apud
1190 991 1238 1035 te
1271 984 1572 1054 propitiutio
1596 995 1691 1037 est.
1723 984 1815 1037 Est
1839 986 1983 1038 enim
2012 985 2138 1040 uni-

554 1071 767 1140 genitus
813 1071 905 1125 Dci
936 1071 1105 1127 Filius
1147 1074 1289 1129 Deus
1324 1074 1554 1130 Verbum
1588 1075 1887 1144 redemptio
1925 1085 2134 1142 nostra,

556 1176 661 1231 pax
684 1172 893 1226 nostra,
910 1164 963 1216 in
986 1165 1139 1234 cujus
1161 1165 1422 1236 sanguine
1438 1166 1772 1221 reconciliati
1795 1166 1906 1222 Deo
1927 1180 2136 1222 sumus.

560 1253 660 1308 Hic
685 1257 883 1326 estqui
915 1258 1064 1312 venit
1096 1258 1284 1312 tollere
1327 1268 1549 1328 peccata
1599 1259 1803 1324 mundi,
1850 1259 1941 1329 qui
1989 1259 2137 1314 cruci

557 1346 979 1418 chirographum
1028 1349 1162 1420 legis
1208 1350 1451 1421 abigens,
1496 1352 1731 1407 edictum
1778 1351 2140 1406 damnationis

558 1438 759 1492 veteris
789 1439 1007 1494 delevit.
1045 1460 1064 1492 ι
1094 1441 1160 1495 Ει
1201 1452 1320 1510 post
1350 1441 1665 1510 aliquanta:
1699 1460 1716 1492 ι
1753 1441 1889 1509 Quia
1932 1442 2140 1497 miseri-

560 1542 685 1584 cors
710 1514 812 1593 est,
841 1532 967 1599 quia
992 1532 1211 1599 copiosa
1239 1533 1379 1601 apud
1408 1548 1530 1587 cum
1564 1532 1864 1602 redemptio
1887 1542 1987 1596 est,
2012 1534 2139 1602 quia

558 1624 787 1678 redimet
824 1625 893 1679 ab
935 1625 1310 1695 iniquitatibus
1353 1626 1468 1681 suis
1512 1628 1812 1682 universos.
1850 1646 1869 1679 ›
1905 1626 2034 1682 [tem
2084 1627 2139 1681 in

554 1715 763 1784 psalmo
789 1733 968 1771 cxxxv
993 1735 1006 1772 :
1038 1738 1056 1769 ι
1085 1718 1332 1773 Redemit
1362 1735 1460 1777 nos
1488 1736 1585 1789 per
1610 1721 1926 1791 sanguinem
1955 1736 2137 1787 suum,

2237 544 2456 604 propter
2481 537 2875 597 inobedientem
2902 544 3096 599 anima:
3117 559 3358 608 carnem,
3383 555 3604 617 propter
3624 550 3803 606 malam

2237 625 2597 683 obedientiam
2617 671 2632 693 ,
2678 646 2918 703 proqua
2948 643 3005 690 et
3039 636 3199 690 simul
3226 640 3587 693 condemnata
3618 649 3727 706 est,
3754 652 3807 696 ut

2238 716 2375 770 sicut
2408 718 2460 772 in
2487 735 2652 778 carne
2689 731 2743 777 et
2777 725 2956 779 anima
2989 726 3162 781 fuerat
3187 729 3599 795 condemnatio,
3643 731 3713 785 ita
3758 743 3807 787 et

2238 808 2291 862 in
2337 824 2502 864 carne
2549 822 2602 865 et
2645 814 2823 868 anima
2863 815 3016 872 lleret
3060 817 3224 872 salus.
3262 818 3511 874 Christus
3548 835 3677 889 ergo
3718 812 3808 890 pro

2237 897 2407 953 Adam
2436 940 2452 964 ,
2494 916 2592 970 pro
2634 917 2700 958 eo
2734 906 2823 974 qui
2859 905 3035 962 factus
3068 918 3152 963 est
3185 909 3286 963 sub
3318 920 3577 978 peccato,
3609 912 3698 966 ille
3724 914 3807 982 qui

2238 997 2358 1043 erat
2383 992 2500 1044 sine
2524 1002 2749 1061 peccato
2777 996 3155 1063 introducitur,
3186 1015 3285 1069 pro
3312 1008 3496 1054 vetere
3520 1016 3691 1055 novus
3714 1043 3729 1065 ,
3756 1013 3809 1058 ut

2239 1079 2401 1150 hujus
2422 1084 2672 1150 passione
2693 1084 2999 1141 voluntaria
3027 1087 3115 1143 ille
3146 1090 3237 1160 qui
3267 1089 3470 1145 invitus
3494 1106 3691 1161 passus
3712 1090 3813 1147 fue-

2240 1180 2325 1226 rat
2349 1184 2632 1230 curaretur
2658 1193 2673 1230 :
2702 1192 2809 1246 quo
2835 1178 3040 1234 scilicet
3073 1188 3128 1235 et
3153 1195 3252 1249 pro
3275 1181 3508 1252 singulis
3539 1183 3699 1237 nobis
3716 1182 3812 1238 hoc

2240 1265 2381 1333 quod
2417 1280 2580 1334 supra
2610 1282 2708 1322 nos
2734 1277 2817 1324 est
2847 1269 3183 1325 redderetur.
3233 1290 3252 1324 ›
3302 1272 3435 1326 Item
3477 1272 3532 1325 in
3573 1287 3812 1328 sermone

2241 1356 2307 1411 de
2333 1355 2519 1413 Natale
2552 1359 2761 1415 Domini
2788 1378 2803 1416 :
2853 1380 2874 1414 ι
2906 1361 3033 1417 Haec
3057 1370 3140 1417 est
3167 1362 3268 1417 ista
3301 1363 3623 1418 solemnitas
3647 1403 3665 1428 ,
3709 1363 3813 1419 hac

2242 1457 2325 1503 est
2363 1449 2466 1503 diei
2508 1450 2667 1516 hujus
2697 1468 2887 1524 magna
2918 1462 2972 1508 et
2997 1453 3230 1523 gloriosa
3268 1454 3563 1511 festivitas.
3611 1455 3812 1510 Adven-

2244 1545 2355 1592 tum
2387 1538 2599 1594 Domini
2624 1539 2825 1596 factum
2853 1543 2919 1596 ad
2956 1544 3199 1599 homines
3220 1543 3584 1609 celebramus,
3615 1553 3678 1600 ut
3726 1562 3810 1601 nos

2243 1631 2309 1685 ad
2370 1632 2538 1687 Deum
2592 1634 3036 1702 proﬁciscamur,
3096 1636 3204 1691 imo
3260 1643 3320 1691 ut
3369 1646 3715 1692 revertamur
3756 1636 3810 1692 ad

2249 1724 2435 1781 Deum.
2466 1724 2557 1779 Sic
2581 1726 2724 1779 enim
2764 1728 2965 1782 rectius
3004 1727 3230 1793 dicitur,
3276 1736 3336 1782 ut
3379 1737 3567 1783 vetere
3610 1728 3814 1784 homine

554 1824 653 1879 per
678 1810 982 1879 passionem
1013 1827 1187 1874 suam,
1213 1828 1309 1881 per
1331 1814 1780 1869 resurrectionem
1815 1829 1965 1869 suam
1985 1832 1998 1867 :
2022 1815 2137 1869 haec
2169 1790 2218 1851 Β
2243 1813 2488 1883 deposito
2507 1856 2522 1879 ,
2573 1831 2713 1870 novo
2750 1816 3057 1883 induantur,
3100 1827 3155 1873 et
3187 1818 3327 1873 sicut
3357 1818 3410 1873 in
3437 1818 3613 1873 Adam
3639 1834 3835 1877 omnes.

557 1916 751 1970 magna
795 1903 918 1957 vitae
965 1914 1163 1959 nostrae
1208 1907 1380 1975 pretia
1407 1917 1553 1961 sunt.
1601 1907 1795 1977 Magno
1841 1909 2017 1971 enim,
2062 1909 2139 1963 ait

557 1992 866 2063 Apostolus,
914 1997 1079 2063 pretio
1130 1997 1381 2065 redempti
1416 1998 1538 2050 estis
1586 1997 1637 2069 (I
1685 1997 1808 2051 Cor.
1839 1998 2053 2069 vr,20),
2085 2007 2139 2054 et

555 2084 821 2146 redempti
852 2083 918 2136 ab
960 2085 1213 2147 inimicis,
1250 2102 1276 2138 a
1310 2087 1546 2149 diabolo,
1591 2087 1658 2140 ab
1691 2087 1896 2155 angelis
1940 2089 2076 2157 ejus,
2108 2103 2138 2142 a

557 2172 670 2227 ﬁlio
699 2173 1039 2242 perditionis,
1070 2190 1097 2227 a
1140 2175 1474 2245 principibus
1505 2179 1669 2238 aeris,
1700 2193 1729 2231 a
1766 2179 1947 2231 mundi
1983 2188 2139 2247 pote-

559 2266 813 2329 statibus,
839 2266 908 2320 ab
936 2267 1149 2320 inimica
1174 2277 1382 2321 inerte:
1416 2278 1473 2321 et
1505 2269 1733 2322 redemit
1762 2284 1943 2325 escam
1964 2271 2141 2324 dando

558 2356 704 2409 omni
737 2357 905 2409 carui.
938 2356 1038 2423 Qui
1080 2360 1173 2410 dat
1215 2373 1395 2412 escam
1428 2360 1573 2412 omni
1603 2359 1776 2422 carni,
1807 2360 1859 2413 id
1889 2368 1990 2426 est,
2021 2375 2153 2428 quae.

558 2447 836 2517 redempta
869 2448 1025 2518 251
1052 2458 1155 2513 est,
1188 2450 1280 2503 dat
1306 2466 1487 2505 escam
1517 2452 1882 2521 incorruptam
1914 2461 1968 2506 et
1989 2462 2142 2507 aiter~

558 2553 682 2592 nam
729 2540 885 2609 panis
920 2540 1050 2603 vivi,
1084 2541 1240 2611 panis
1280 2543 1537 2597 cmlestis.
1590 2543 1657 2596 Et
1694 2544 1744 2597 in
1778 2543 1862 2597 his
1892 2544 2136 2614 singulis,

559 2629 701 2697 quod
740 2629 1001 2700 redempti
1053 2646 1261 2698 sumus,
1312 2633 1453 2701 quod
1509 2634 1689 2688 omnis
1740 2634 2139 2705 redemptorum

555 2735 686 2775 caro
716 2736 896 2776 escam
939 2724 1158 2793 accipit,
1184 2739 1247 2778 ea
1277 2739 1437 2780 causa
1466 2735 1570 2789 est,
1603 2728 1857 2796 quoniam
1885 2728 1937 2782 in
1971 2743 2139 2783 sazcu-

556 2810 669 2866 lum
714 2812 1081 2868 misericordia
1128 2815 1262 2882 ejus.
1306 2816 1457 2893 Quod
1500 2818 1729 2884 ctelmn,
1780 2821 1923 2888 quod
1972 2829 2137 2886 terra,

555 2903 701 2971 quod
730 2912 925 2957 caetera
966 2915 1121 2966 Sunt,
1170 2917 1224 2961 et
1271 2907 1442 2975 ipsum
1495 2908 1623 2963 illud
1664 2910 1805 2979 quod
1836 2925 2023 2965 sumus
2047 2910 2139 2980 qui

558 3006 666 3045 non
712 2991 943 3059 fuimus,
972 2996 1114 3064 quod
1145 2997 1349 3052 erimus
1378 3000 1519 3066 quod
1552 3016 1655 3054 non
1688 3016 1894 3064 sumus,
1917 3016 2139 3055 causam

560 3082 723 3136 aliam
751 3100 856 3137 non
892 3085 1071 3150 habet,
1108 3087 1211 3141 nisi
1245 3089 1628 3145 misericordiae
1657 3090 1769 3153 Dei,
1800 3092 1890 3161 qui
1922 3093 1988 3145 ad
2010 3104 2141 3147 con-

559 3177 786 3230 sortium
817 3176 1080 3231 bonormn
1129 3194 1348 3234 suorum
1390 3182 1537 3235 nasci
1585 3197 1683 3237 nos
1726 3183 1895 3237 voluit
1930 3183 2019 3239 ille
2045 3184 2153 3255 qui.

557 3268 731 3323 bonus
755 3278 839 3324 est
865 3270 1125 3327 Dominus
1151 3281 1334 3328 noster
1361 3272 1518 3329 Jesns
1539 3275 1806 3331 Christus.
1836 3296 1855 3329 ι

628 3359 696 3413 Et
717 3371 939 3416 sanctus
968 3361 1295 3419 Athanasius
1328 3366 1392 3419 ad
1426 3366 1727 3435 Epictetum
1756 3384 1768 3420 :
1805 3386 1823 3419 ι
1850 3367 2141 3438 Pmpterea

558 3451 680 3519 quia
714 3462 904 3507 natura
933 3454 1074 3508 Deus
1098 3469 1321 3510 manens
1344 3456 1578 3510 Verbum
1603 3469 1686 3511 est
1716 3458 2063 3527 impossibile,
2090 3468 2146 3515 et

559 3542 675 3612 ipse
704 3544 921 3613 quidem
960 3545 1314 3616 incorporalis
1342 3556 1459 3602 erat
1497 3549 1548 3601 in
1591 3562 1815 3618 corpore
1861 3550 2100 3617 passibili
2124 3591 2140 3617 ,

557 3645 756 3701 corpus
782 3642 960 3687 autem
993 3636 1221 3690 habebat
1250 3638 1301 3690 in
1335 3652 1393 3692 se
1416 3637 1650 3692 Verbum
1678 3639 2023 3708 impossibile,
2058 3641 2148 3697 de-

557 3731 774 3778 struens
805 3725 1145 3781 infirmitates
1178 3729 1348 3797 ipsius
1375 3731 1639 3800 corporis.
1671 3730 1929 3788 Faciebat
1965 3742 2143 3789 autem

559 3814 666 3871 hoc
691 3826 745 3871 et
774 3816 960 3882 fiebat,
986 3818 1056 3873 ita
1082 3829 1141 3874 ut
1160 3830 1344 3875 nostra
1370 3822 1482 3892 ipse
1510 3825 1811 3893 suscipiens
1837 3833 1893 3880 et
1915 3824 2146 3881 offerens

560 3905 615 3960 in
645 3909 969 3965 sacrificium
1000 3913 1339 3979 destrueret,
1374 3926 1427 3969 et
1458 3916 1572 3971 suis
1601 3934 1698 3972 nos
1717 3916 1830 3987 jam
1861 3918 2111 3988 operiens
2130 3960 2145 3986 ,

559 3994 1090 4070 faceretApostolum
1121 4004 1322 4071 dicere,
1353 4004 1565 4077 Oportet
1595 4010 1929 4075 corruptibile
1956 4013 2052 4064 hoc
2072 4013 2149 4065 in-

562 4091 723 4146 duere
742 4093 1213 4165 incorruptionem,
1244 4109 1291 4152 et
1315 4100 1537 4154 mortale
1561 4104 1658 4155 lioc
1690 4102 1907 4156 induere
1933 4103 2148 4156 immor-

562 4182 819 4238 talitatem
881 4185 1086 4257 (I.Cor.
1134 4205 1225 4255 xv,
1285 4191 1399 4259 5'5).
1427 4191 1581 4245 Ahsit
1607 4203 1809 4257 autem,
1836 4201 1894 4247 ut
1922 4193 2149 4263 figurate

560 4274 664 4330 ista
698 4275 839 4331 facta
872 4278 999 4344 sint,
1026 4281 1167 4335 sicut
1195 4281 1413 4350 quidam
1442 4284 1635 4337 iterum
1670 4285 2022 4351 arbitrantur;
2052 4287 2148 4342 sed

558 4379 689 4421 vere
713 4367 931 4422 homine
960 4368 1102 4423 facto
1128 4371 1426 4435 Salvatore,
1456 4373 1620 4427 totius
1645 4373 1880 4427 hominis
1906 4373 2045 4430 facta
2065 4383 2149 4431 est

561 4459 727 4513 salus.
761 4479 780 4511 ι
815 4461 881 4513 Ει
902 4462 1029 4514 item
1059 4479 1072 4515 :
1108 4481 1127 4513 ι
1159 4462 1216 4517 Si
1246 4472 1464 4534 propter
1489 4465 1631 4533 quod
1659 4474 1743 4519 est
1774 4476 1829 4521 et
1855 4467 2052 4520 dicitur
2090 4467 2142 4522 in

563 4548 861 4619 Scripturis
899 4564 964 4605 ex
996 4552 1161 4606 Maria
1193 4569 1310 4608 esse
1338 4563 1393 4607 ct
1415 4555 1705 4608 humanum
1735 4571 1931 4626 corpus
1960 4555 2145 4611 Salva-

563 4639 720 4700 toris,
755 4648 943 4709 putant
970 4656 1067 4710 pro
1103 4641 1365 4696 Trinitate
1391 4645 1811 4712 quateruitatem
1836 4647 1964 4710 dici,
1997 4650 2142 4718 quod

561 4728 704 4783 facta
748 4730 1047 4799 adjectionc
1084 4742 1304 4804 propter
1336 4751 1552 4807 corpus,
1585 4737 1813 4793 multum
1844 4748 2031 4794 errant
2061 4740 2143 4794 fa-

564 4826 773 4874 cturam
821 4834 1163 4892 cozequantes
1208 4824 1395 4879 facturi
1425 4866 1439 4889 ,
1495 4835 1551 4880 et
1601 4828 1948 4896 StISpicantur
1989 4844 2146 4898 posse

567 4911 821 4967 deitatem
851 4915 1050 4984 aliquid
1084 4915 1402 4983 adjectionis
1432 4917 1700 4987 accipere,
1729 4927 1784 4973 et
1808 4920 2145 4987 ignorarunt,

567 5004 691 5073 quia
725 5021 828 5059 non
859 5017 1079 5076 propter
1105 5008 1461 5079 adjectionem
1501 5009 1714 5089 deitatis
1742 5010 1978 5066 Verbum
2021 5027 2149 5066 caro

566 5094 769 5151 factum
799 5108 911 5164 est,
944 5100 1036 5155 sed
1071 5108 1130 5154 ut
1158 5118 1287 5156 caro
1334 5111 1581 5173 resurgat
1610 5120 1623 5155 :
1666 5117 1842 5172 neque
1871 5112 1931 5158 ut
1958 5104 2148 5159 melio-

567 5198 780 5243 raretur
808 5188 1037 5246 Verbum
1059 5194 1321 5263 processit
1346 5208 1413 5249 ex
1439 5194 1629 5262 Maria,
1655 5195 1750 5251 sed
1772 5204 1831 5250 ut
1853 5196 2148 5255 humanum

566 5293 735 5349 genus
766 5281 1038 5339 liberaret.
1076 5304 1094 5336 ι

637 5370 932 5443 Gregorius
965 5374 1339 5431 Nazianzenus
1382 5376 1435 5430 in
1472 5376 1610 5431 libro
1652 5375 1929 5446 Apologia:
1975 5376 2147 5431 dicit:

574 5484 595 5517 ι
621 5465 917 5537 Propterea
967 5485 1199 5540 namque
1228 5470 1373 5525 Deus
1411 5471 1626 5540 corpori
1669 5469 1849 5523 anima
1881 5468 2154 5523 mediante

2172 4507 2223 4567 D

2244 1907 2440 1960 mortui
2490 1922 2709 1970 sumus,
2756 1908 2829 1961 ita
2874 1908 2927 1962 in
2975 1907 3192 1963 Christo
3229 1909 3375 1964 cruci
3417 1907 3731 1980 amgatnur,
3771 1919 3816 1964 et

2243 1996 2675 2066 consepeliamur
2707 1997 2756 2051 ei
2801 1998 2852 2051 in
2897 2006 3101 2059 morte,
3138 2006 3197 2051 ut
3234 2013 3356 2054 cum
3391 1998 3512 2068 ipso
3541 1998 3708 2053 etiam
3737 2013 3813 2054 re-

2243 2101 2527 2155 surgamus
2557 2086 2622 2139 ad
2649 2087 2811 2139 vitam
2845 2085 3023 2156 (Rom.
3055 2102 3141 2149 VI,
3171 2086 3249 2157 4).
3292 2085 3527 2142 Necesse
3563 2098 3646 2143 est
3684 2088 3813 2142 enim

2243 2192 2344 2232 nos
2372 2176 2576 2246 perpeti
2606 2176 2788 2230 utilem
2824 2177 2966 2231 hanc
3005 2184 3060 2230 et
3101 2177 3467 2231 necessariam
3493 2176 3812 2231 vicissitudi-

2243 2283 2387 2329 nem,
2427 2275 2484 2320 ut
2519 2267 2657 2319 sicut
2683 2281 2749 2321 ex
2781 2266 2940 2321 bonis
2970 2266 3132 2337 252
3162 2266 3230 2320 ad
3260 2267 3439 2321 tristia
3466 2266 3709 2322 devoluti
3739 2282 3815 2321 suo

2243 2373 2382 2421 mus,
2414 2358 2484 2415 ita
2502 2371 2573 2413 ex
2588 2357 2834 2411 tristibus
2856 2357 2923 2411 ad
2948 2358 3170 2412 meliora
3198 2372 3533 2427 reparemur.
3561 2356 3662 2411 Ubi
3682 2358 3813 2411 enim

2244 2447 2525 2501 abundauit
2564 2454 2853 2515 peccatum,
2879 2444 3322 2515 superabundavit
3351 2447 3526 2516 gratia
3556 2445 3740 2517 (Rom.
3768 2459 3811 2509 ν,

2243 2535 2360 2606 30),
2396 2544 2454 2589 ut
2481 2550 2618 2606 quos
2645 2543 2834 2605 gustus
2860 2535 2990 2605 ligni
3012 2537 3213 2590 vetitus
3234 2536 3641 2599 condemnavit,
3670 2535 3814 2590 Chri-

2243 2630 2310 2683 sti
2335 2643 2466 2682 crux
2492 2629 2665 2699 gratia
2688 2627 3209 2699 largiorejuStiftcet.
3230 2646 3248 2680 ι
3276 2628 3343 2684 Ει
3361 2629 3492 2684 item
3519 2628 3575 2683 in
3594 2629 3810 2684 eodem:

2248 2742 2267 2776 ι
2296 2724 2403 2778 Sed
2430 2724 2557 2793 quid
2584 2725 2737 2778 aiunt
2767 2724 2922 2778 nobis
2951 2723 3002 2776 in
3037 2725 3139 2778 hoc
3174 2721 3292 2776 loco
3332 2720 3656 2776 calumniosi
3705 2719 3812 2784 isti,

2242 2815 2334 2885 qui
2362 2814 2517 2868 nobis
2540 2813 2685 2868 velut
2711 2814 3038 2869 severissimi
3065 2813 3282 2882 quidam
3316 2811 3659 2868 discussores
3683 2809 3811 2863 diri-

2242 2906 2432 2960 nitatis
2460 2905 2799 2974 procedunt,
2842 2912 3161 2959 accusantes
3190 2917 3252 2956 ea
3281 2895 3403 2971 qbaa
3426 2901 3575 2956 omni
3602 2912 3813 2955 venera-

2243 2997 2391 3051 tione
2414 2997 2573 3067 digna
2604 3005 2726 3050 sunt
2752 3004 2808 3051 et
2837 2995 3084 3050 honore?
3109 2994 3385 3049 tenebrosi
3410 2994 3576 3049 etiam
3607 2993 3661 3046 in
3686 2992 3810 3055 luce,

2247 3086 2480 3157 imperiti
2506 3102 2635 3158 erga
2656 3086 2998 3156 sapientiam,
3030 3100 3131 3156 pro
3159 3084 3354 3155 quibus
3380 3082 3629 3139 Christus
3658 3081 3814 3153 gratis

2248 3191 2491 3235 mortuus
2516 3189 2629 3245 est,
2666 3188 2931 3234 creatura:
2975 3180 3199 3250 ingratae
3225 3178 3490 3234 adversus
3515 3174 3817 3231 Creatorem

2246 3287 2400 3327 suum
2420 3311 2436 3337 ,
2467 3271 2720 3342 ﬁgmenta
2747 3269 2978 3334 diaboli,
3009 3269 3403 3339 exprobrantes
3425 3267 3539 3321 Deo
3567 3262 3833 3321 beneﬁcia.

2246 3376 2364 3417 sua.
2408 3361 2698 3431 Propterea
2740 3361 2916 3415 minor
2959 3369 3075 3426 est,
3113 3360 3239 3429 quia
3278 3367 3501 3429 propter
3530 3366 3583 3412 te
3608 3353 3817 3411 humilis

2246 3456 2370 3512 est?
2398 3474 2416 3506 ι
2458 3454 2592 3509 ltem
2634 3454 2686 3507 in
2724 3468 2973 3511 sermone
3004 3453 3069 3508 de
3108 3451 3403 3521 Epiphania
3433 3465 3448 3504 :
3486 3468 3506 3502 ι
3533 3449 3669 3503 Nam
3696 3461 3819 3518 quo-

2246 3546 2392 3601 niam
2421 3546 2669 3600 inimicus
2710 3554 2899 3601 noster
2925 3551 3100 3598 artem
3129 3557 3279 3597 suam
3311 3540 3666 3611 sophisticam
3687 3536 3815 3593 vinci

2246 3651 2353 3693 non
2383 3651 2540 3707 posse
2565 3643 3002 3705 praesumpserat,
3030 3633 3171 3689 sicut
3202 3633 3317 3702 ipse
3342 3646 3444 3686 nos
3473 3646 3571 3700 spe
3605 3630 3817 3699 decepe-

2247 3739 2331 3784 rat
2364 3728 2589 3783 Deitatis
2607 3727 2915 3798 |promissre
2955 3726 3172 3785 dicens:
3219 3724 3386 3778 Erilis
3414 3724 3554 3777 sicut
3579 3719 3814 3792 dii(6¢s.

2247 3836 2330 3886 ιιι,
2364 3820 2440 3891 5),
2472 3820 2546 3873 ita
2578 3835 2723 3873 nunc
2748 3820 2862 3889 ipse
2892 3820 3074 3874 carnis
3100 3815 3407 3885 obiectione
3445 3814 3745 3884 decipitur,
3768 3816 3817 3864 et

2247 3914 2394 3969 velut
2421 3913 2581 3968 hamo
2624 3929 2748 3969 esca
2795 3915 3087 3982 adoperto,
3131 3919 3324 3965 natura
3366 3908 3544 3963 Adam
3574 3918 3815 3962 carneum

2248 4007 2395 4075 cupit
2416 4020 2640 4069 vorare,
2677 4006 2845 4060 Deum
2874 4004 3202 4059 intrinsecus
3232 4001 3435 4056 invenit
3466 4000 3812 4069 adepertnm:

2248 4107 2303 4153 et
2328 4099 2399 4153 ita
2432 4113 2602 4152 novus
2624 4098 2712 4153 hic
2737 4097 2907 4152 Adam
2936 4106 3175 4152 veterem
3201 4102 3455 4165 reparat,
3494 4103 3555 4148 et
3582 4092 3819 4148 condem-

2247 4189 2399 4244 natio
2438 4189 2635 4258 prioris
2667 4188 2994 4249 absolvitur;
3025 4188 3153 4241 dum
3180 4202 3311 4241 caro
3339 4200 3438 4255 pro
3469 4200 3642 4240 carne
3676 4181 3815 4238 resti-

2250 4278 2438 4343 tuitur,
2483 4287 2537 4333 et
2565 4293 2663 4347 pro
2699 4287 2874 4331 morte
2913 4292 3060 4331 mors
3104 4276 3368 4341 redditur,
3411 4276 3523 4329 imo
3565 4277 3691 4329 dum
3732 4284 3818 4341 per

2249 4378 2477 4423 mortem
2527 4370 2640 4439 ipse
2682 4376 2872 4422 auctor
2913 4368 3103 4422 mortis
3144 4366 3384 4437 punitur.
3436 4383 3456 4417 ι
3510 4365 3579 4420 Et
3612 4364 3737 4419 item
3769 4362 3816 4415 in

2250 4461 2481 4515 eodem:
2519 4477 2537 4509 ι
2568 4457 2677 4513 Νεε
2709 4457 2992 4513 confundit
3036 4466 3087 4511 te
3122 4457 3248 4512 Jesu
3286 4456 3662 4511 misericordia
3683 4495 3699 4520 ,
3734 4452 3818 4522 qui

2254 4550 2598 4607 inﬁrmitates
2624 4558 2837 4605 nostras
2863 4550 3108 4619 accepit,
3142 4558 3198 4603 et
3234 4547 3586 4619 aegritudines
3626 4555 3819 4602 nostras

2250 4644 2486 4711 portavit
2509 4640 2644 4712 (Isa.
2671 4655 2783 4702 LIII,
2810 4639 2890 4708 4),
2913 4640 3003 4709 qui
3028 4654 3133 4693 non
3156 4638 3299 4692 venit
3325 4653 3523 4693 vocare
3542 4636 3714 4706 justas
3733 4634 3817 4689 sed

2251 4742 2564 4804 peccatores
2596 4734 2646 4787 in
2678 4732 3048 4802 paenitentiam
3071 4730 3267 4799 (Marc.
3295 4745 3369 4793 ιι,
3400 4729 3515 4800 17),
3548 4729 3641 4799 qui
3666 4726 3820 4796 magis

2254 4822 2682 4878 misericordiam
2708 4822 2821 4876 vult
2841 4837 3002 4893 quam
3027 4820 3353 4875 sacriﬁcium
3376 4817 3596 4887 (Matth.
3621 4833 3694 4880 ix,
3718 4815 3823 4881 13).

2255 4916 2344 4985 qui
2390 4915 2696 4985 septuagics
2726 4915 2926 4984 septies
2952 4911 3237 4982 ptenitenti
3267 4910 3380 4965 vult
3408 4920 3636 4981 peccata
3664 4906 3821 4963 laxari

2259 5003 2475 5074 (Matth.
2502 5020 2658 5069 xvm,
2684 5004 2798 5073 22).
2843 5022 2861 5054 ι
2906 5002 3039 5057 Item
3069 5002 3124 5056 in
3151 5016 3402 5057 sermone
3431 4995 3821 5056 intercessionis

2257 5111 2356 5165 pro
2393 5096 2625 5166 quodam
2662 5097 2727 5149 ad
2768 5095 3146 5163 imperatorem
3174 5111 3188 5148 :
3222 5110 3241 5143 ι
3270 5091 3451 5161 ipsum
3484 5093 3583 5148 tibi
3609 5090 3821 5146 adhibeo

2257 5190 2528 5246 Christum
2548 5233 2562 5253 ,
2596 5192 2689 5261 qui
2718 5190 3067 5259 semetipsum
3095 5189 3430 5253 exinanivit,
3472 5197 3536 5244 ut
3561 5187 3709 5243 nobis
3732 5185 3822 5238 bo-

2257 5282 2492 5337 minibus
2523 5282 2837 5352 loqueretur
2865 5298 2877 5334 :
2911 5280 3081 5351 ipsius
3109 5279 3463 5349 impassibilis
3489 5279 3587 5334 tibi
3608 5274 3823 5335 adbibeo

2257 5378 2556 5446 passiones,
2583 5373 2752 5430 offero
2783 5373 2880 5429 tibi
2910 5374 2977 5428 ad
3004 5372 3452 5427 intercessionem
3484 5389 3492 5400 ·

2259 5477 2314 5523 et
2340 5469 2519 5525 clavos
2536 5511 2550 5535 ,
2593 5469 2789 5520 quibus
