3992 6336
603 362 713 424 35‘)

1581 358 1915 418 HINCMARI
1952 348 2347 415 RHEMENSIS
2386 354 2898 416 ARCHIEPISCOPI

3737 366 3837 427 δῇ).

603 474 1139 545 nerentjuveuculaz,
1158 474 1285 545 quia
1306 472 1523 529 duritize
1544 474 1686 529 ﬁlius
1712 488 1914 546 paucos
1944 473 2185 543 decepit;
2218 479 2275 535 Α.
2295 470 2535 523 omnibus
2579 479 2816 524 mortuus
2862 478 2937 523 est
2993 467 3102 541 (11
3141 468 3265 527 Cor.
3304 485 3372 535 v,
3418 469 3556 543 l4),
3605 478 3827 545 quoniam

604 571 851 627 Christus
874 576 1040 623 totum
1066 567 1324 622 mundum
1347 566 1596 622 redemit.
1633 585 1651 617 ι
1680 566 1812 621 Item
1839 580 1962 620 cum
1992 571 2190 618 tracta-

604 668 709 724 ret,
737 658 1028 714 Tribulatio
1047 666 1097 712 et
1114 656 1372 727 angustiae
1385 656 1690 710 inuenerunt
1708 672 1790 710 me
1808 653 1980 724 (Psal.
1998 669 2186 718 cxvut,

604 749 729 821 I43)
758 766 774 803 :
817 767 837 801 ι
870 747 986 804 Noli
1029 748 1224 803 iterum
1266 760 1517 817 peccare,
1550 746 1648 810 ait,
1676 754 1799 816 post
1839 745 2184 814 baptismum.

603 840 863 897 Omnibus
888 841 944 895 in
975 853 1263 896 commune
1284 838 1445 895 simul
1468 846 1712 892 mortuus
1737 846 1821 893 est
1840 836 2109 902 Christus,
2133 844 2189 892 et

601 933 828 1003 singulis
880 932 1050 988 semel
1100 930 1351 996 moritur,
1394 944 1501 985 non
1548 928 1880 999 frequenter.
1943 947 1962 981 ι
2007 928 2183 983 Item:

610 1041 630 1075 ‹
665 1024 814 1080 Calix
859 1023 1074 1079 Domini
1103 1022 1353 1078 remissio
1383 1028 1730 1091 peccatorum
1759 1029 1874 1087 est,
1906 1035 2016 1090 quo
2057 1035 2184 1075 san-

599 1114 718 1183 guis
757 1112 1064 1169 eﬁ'undetur
1092 1113 1183 1183 qui
1214 1112 1380 1166 totius
1406 1110 1633 1166 redemit
1671 1118 1893 1180 peccata
1920 1110 2126 1165 mundi.
2160 1128 2180 1162 ι

596 1204 731 1259 Item
776 1205 830 1257 in
878 1210 1111 1257 tractatu
1159 1200 1400 1272 epistolae
1453 1200 1519 1255 ad
1555 1199 1830 1255 Romanos
1880 1199 2019 1270 (cap.
2067 1196 2182 1270 5):

606 1313 626 1346 s
662 1292 719 1347 In
751 1293 857 1349 hoc
889 1293 1031 1348 enim
1067 1291 1315 1348 Christus
1359 1298 1415 1347 et
1448 1290 1601 1357 vixit,
1629 1302 1685 1345 et
1724 1298 1972 1346 mortuus
1997 1298 2103 1355 est,
2130 1296 2186 1345 et

596 1385 916 1451 resurrexit,
947 1394 1005 1438 ut
1027 1392 1083 1438 et
1107 1385 1351 1439 vivorum
1385 1384 1714 1448 dominetur,
1738 1391 1793 1437 et
1823 1390 2180 1437 mortuorum.

595 1472 703 1529 Per
728 1473 1002 1529 Christum
1034 1474 1320 1529 Dominum
1359 1462 1500 1529 facta
1530 1481 1613 1529 est
1647 1482 1919 1538 creatura,
1946 1488 2066 1542 quae
2086 1484 2183 1543 pro

601 1573 828 1635 peccato
851 1564 1081 1619 alienata
1109 1573 1213 1631 est,
1242 1564 1311 1619 ab
1330 1574 1551 1619 auctore
1583 1563 1724 1619 facta
1746 1562 1976 1633 captiva.
2008 1561 2182 1629 Quam

599 1654 745 1709 Deus
773 1653 953 1721 Pater,
987 1669 1057 1709 ne
1086 1668 1221 1725 opus
1241 1653 1357 1722 ejus
1379 1653 1601 1723 periret,
1628 1652 1792 1708 misso
1822 1648 1959 1706 Filio
1981 1652 2048 1707 de
2072 1666 2184 1707 cte-

594 1744 663 1798 lis
687 1743 755 1798 ad
784 1753 979 1810 terras,
1011 1744 1193 1799 docuit
1232 1744 1361 1813 quid
1394 1742 1642 1799 faciendo
1672 1757 1864 1798 manus
1882 1743 2182 1812 piratarum

2291 559 2539 615 Christus
2565 559 2797 630 diligens
2820 573 2991 629 genus
3019 559 3316 614 humanum
3336 599 3353 626 ,
3376 568 3436 614 ut
3461 573 3553 616 eos
3575 563 3839 623 redimeret;

2290 655 2453 709 morti
2501 670 2559 710 se
2602 655 2767 710 dedit.
2801 674 2821 707 ι
2850 654 2917 709 Ει
2964 654 3095 709 item
3144 653 3364 725 (ibid.)
3400 671 3416 708 :
3450 673 3470 707 ι
3506 655 3643 726 Ergo
3675 675 3826 715 omnes

2289 745 2480 798 mertui
2508 753 2628 799 sunt
2646 785 2662 811 ,
2696 754 2745 799 et
2772 761 2869 816 pro
2898 744 3139 800 omnibus
3179 754 3421 800 mortuus
3447 756 3543 802 est.
3581 746 3706 814 Quia
3732 765 3829 805 om-

2290 851 2390 892 nes
2420 852 2644 893 necesse
2664 845 2752 893 est
2776 838 2913 893 mori
2944 851 3107 915 causa
3135 836 3294 903 Adae,
3321 852 3424 908 pro
3446 838 3687 893 omnibus
3710 855 3827 895 mor-

2289 938 2413 985 tuus
2438 937 2525 986 est
2547 930 2798 986 Christus
2815 971 2830 996 ,
2856 939 2913 985 ut
2942 945 3038 985 eos
3067 944 3096 984 a
3124 929 3364 985 secunda
3391 938 3563 985 morte
3586 930 3827 987 liberaret.

2285 1018 2519 1089 Ideoque
2559 1020 2652 1090 qui
2686 1020 2878 1074 vivunt
2912 1019 2966 1073 in
3002 1033 3270 1089 corpore,
3307 1017 3550 1073 scientes
3583 1017 3826 1074 Christum

2288 1104 2568 1165 mortuum
2609 1125 2729 1167 esse
2767 1126 2868 1182 pro
2903 1126 2963 1166 se
2987 1151 3009 1177 ,.
3053 1111 3165 1165 sint
3213 1110 3261 1166 ei
3290 1109 3508 1165 subditi
3546 1109 3828 1179 proﬁtentes

2289 1201 2438 1257 hunc
2493 1203 2800 1259 Dominum.
2853 1202 3063 1269 Quibus
3097 1199 3244 1256 enim
3278 1201 3505 1271 prodest
3536 1214 3675 1255 mors
3702 1201 3829 1271 ejus,

2287 1295 2654 1351 testimonium
2676 1295 2924 1365 perhibet
2943 1293 3376 1349 resurrectionis.
3423 1310 3443 1344 ι
3488 1291 3556 1346 Et
3595 1289 3712 1346 item
3732 1293 3827 1361 epi-

2285 1384 2420 1440 stola
2475 1386 2541 1439 ad
2573 1384 2834 1455 Ephesios
2860 1391 2997 1455 (cap.
3031 1383 3121 1454 4),
3158 1381 3441 1437 Veritatem
3472 1390 3639 1434 autem
3665 1380 3827 1449 facien-

2286 1485 2397 1542 tes,
2446 1477 2503 1530 in
2546 1476 2801 1530 charitate
2838 1491 3123 1546 augeamus
3163 1474 3220 1528 in
3256 1474 3433 1544 ipsum
3473 1472 3825 1540 omniaquiest

2285 1580 2440 1639 caput
2485 1569 2726 1625 Christus
2766 1568 3004 1642 (Ephes.
3045 1586 3119 1635 IV,
3153 1570 3294 1637 I5),
3333 1588 3353 1622 ι
3383 1569 3534 1626 Hanc
3572 1569 3692 1625 dicit
3724 1584 3823 1625 esse

2286 1661 2599 1726 veritatem,
2629 1668 2690 1714 ut
2717 1674 2959 1715 amorem
3000 1659 3201 1716 Christi
3229 1660 3611 1732 respicientes,
3639 1674 3734 1729 quo
3757 1659 3822 1713 di-

2285 1750 2417 1805 lexit
2446 1764 2580 1816 nos,
2614 1758 2670 1804 et
2696 1749 2921 1804 tradidit
2950 1764 3009 1805 se
3041 1765 3141 1821 pro
3163 1749 3327 1805 nobis
3347 1791 3363 1816 ,
3394 1764 3581 1805 omnes
3606 1748 3822 1816 subjicia-

592 1834 868 1906 eil‘ugeret.
915 1835 1143 1905 Propter
1184 1836 1326 1905 quod
1347 1842 1404 1889 et
1435 1833 1611 1891 occidi
1654 1849 1712 1890 se
1753 1849 1948 1905 passus
1992 1840 2077 1888 est
2113 1833 2182 1888 ab
2212 1831 2256 1889 B
2290 1857 2416 1897 ιιιιι·
2460 1843 2543 1907 ei,
2576 1843 2820 1898 scientes
2847 1842 2973 1912 quia
3001 1843 3243 1897 omnium
3277 1852 3470 1898 auctor
3503 1848 3585 1896 est
3615 1841 3754 1905 vitae,
3775 1847 3821 1894 ut

593 1925 861 1991 inimicis,
886 1934 948 1980 ut
993 1925 1325 1981 descendens
1375 1924 1443 1979 ad
1490 1922 1715 1989 inferos,
1756 1923 1884 1993 quia
1925 1923 2183 1978 innocens

593 2022 714 2068 erat
736 2014 971 2079 occisus,
994 2029 1147 2068 reum
1168 2012 1373 2069 faceret
1393 2021 1697 2084 peccatum,
1727 2022 1787 2066 ut
1804 2027 1940 2081 quos
1967 2011 2184 2067 tenebat

592 2103 735 2174 apud
762 2102 968 2159 inferos
990 2104 1286 2159 amitteret.
1332 2103 1595 2171 Quoniam
1622 2118 1752 2175 ergo
1775 2103 1915 2158 vivis
1944 2104 2181 2158 ostendit

589 2194 736 2248 viam
762 2193 973 2259 salutis,
1002 2210 1067 2249 ac
1095 2210 1153 2249 se
1194 2194 1390 2249 obtulit
1416 2210 1514 2264 pro
1543 2195 1647 2260 eis,
1689 2204 1932 2250 mortuos
1955 2209 2083 2249 vero
2114 2194 2179 2249 li-

590 2285 805 2342 beravit
832 2286 898 2343 de
927 2286 1161 2353 inferno,
1206 2295 1315 2341 tam
1354 2287 1597 2341 vivorum
1640 2301 1801 2356 quam
1843 2296 2179 2341 mortuorum

591 2377 919 2432 dominatur.
951 2376 1030 2431 Ex
1054 2378 1283 2448 perditis
1309 2377 1453 2432 enim
1492 2376 1686 2431 iterum
1734 2375 2049 2432 reformavit
2076 2376 2177 2431 sibi

590 2465 713 2522 illos
735 2467 789 2520 in
812 2482 1018 2523 servos.
1047 2486 1065 2518 ι
1094 2468 1160 2521 Εῑ
1179 2469 1306 2523 item
1325 2467 1462 2539 (cap.
1487 2466 1658 2537 eod.):
1684 2486 1703 2518 ‹
1727 2467 1828 2536 Qui
1845 2467 1985 2522 enim
2007 2466 2058 2521 in
2075 2467 2178 2522 hoc

592 2557 763 2613 servit
782 2557 1021 2624 Christo,
1048 2556 1223 2629 placet
1257 2559 1383 2624 Deo,
1408 2559 1663 2627 quoniam
1685 2558 1935 2615 Christus
1962 2573 2060 2616 nos
2091 2573 2177 2613 re-

591 2649 779 2704 demit.
823 2649 975 2713 Ideo,
1016 2651 1121 2715 ait,
1166 2653 1256 2720 qui
1301 2651 1354 2705 in
1401 2652 1505 2707 hoc
1551 2651 1720 2707 servit
1763 2651 2004 2715 Christo,
2036 2665 2175 2719 qua-

594 2740 701 2795 re?
747 2740 908 2811 255
946 2741 1082 2808 Quia
1131 2742 1245 2812 ipse
1292 2742 1438 2797 misit
1485 2740 1759 2798 Christum
1794 2750 1852 2797 ut
1885 2743 2174 2797 redimeret

593 2846 765 2902 genus
794 2832 1110 2887 humanum.
1146 2853 1164 2885 ι
1198 2832 1330 2887 Item
1379 2833 1431 2888 in
1474 2833 1700 2902 epistola
1750 2834 1818 2889 ad
1863 2833 2172 2889 Corinthios

593 2922 785 2992 (epist.
835 2938 887 2989 I,
925 2940 973 2976 c.
1004 2925 1027 2977 I
1056 2924 1074 2995 )
1104 2942 1117 2978 :
1152 2942 1169 2975 ι
1206 2923 1429 2978 Verbum
1472 2926 1609 2979 enim
1639 2925 1810 2980 crucis
1834 2924 2170 2995 pereuntibus

588 3012 797 3081 quidem
825 3014 1049 3068 stultitia
1075 3024 1148 3068 est
1175 3015 1193 3085 (
1217 3015 1247 3069 Ι
1277 3012 1398 3069 Cor.
1428 3031 1482 3080 I,
1510 3016 1578 3070 18
1601 3016 1639 3084 ).
1684 3013 2025 3068 Manifestum
2086 3023 2169 3069 est

594 3100 723 3169 quia
754 3101 952 3171 quibus
980 3119 1112 3158 crux
1145 3104 1344 3160 Christi
1373 3105 1602 3161 stultitia
1632 3114 1750 3171 est,
1781 3105 1834 3159 in
1864 3104 2169 3175 perditione

2282 1938 2438 2011 quasi
2481 1939 2644 2009 capiti
2675 1938 2919 1994 membra
2956 1937 3278 2005 subdantur,
3323 1945 3384 1992 ut
3424 1937 3471 1991 si
3514 1935 3631 1999 alii,
3670 1948 3831 1990 errore-

2280 2031 2366 2086 vel
2401 2030 2767 2085 malivolentia
2789 2069 2805 2093 ,
2861 2043 2968 2083 non
3008 2027 3244 2083 fatentur
3283 2027 3524 2084 omnium
3561 2031 3707 2094 caput
3739 2022 3816 2077 hs.

2278 2120 2392 2175 beri
2436 2119 2731 2183 Christum,
2778 2118 2903 2188 quia
2949 2116 3019 2171 ab
3080 2117 3199 2188 ipso
3246 2116 3392 2172 facta
3429 2122 3555 2171 sunt
3586 2111 3828 2167 voluntate

2278 2209 2459 2265 Patris
2486 2228 2500 2263 :
2543 2223 2643 2264 nos
2686 2219 2867 2263 tamen
2899 2208 2989 2277 qui
3023 2207 3311 2263 catholica:
3342 2205 3465 2260 ﬁdei
3490 2204 3821 2265 adhaeremus.

2281 2304 2385 2357 hoc
2412 2302 2559 2359 omni
2588 2301 2875 2357 devotione
2901 2308 2954 2354 et
2984 2314 3113 2354 cura
3140 2313 3309 2371 agere
3336 2298 3615 2361 debemus,
3641 2302 3693 2349 ut
3714 2292 3823 2347 huic:

2280 2391 2403 2447 ﬁdei
2458 2405 2557 2446 nos
2609 2390 2901 2456 damnum,
2946 2388 3041 2444 sed
3081 2388 3293 2444 lucrum
3339 2385 3645 2450 aderamus,
3677 2380 3816 2453 persia

2281 2492 2492 2541 stentes
2513 2484 2567 2539 in
2592 2484 2693 2538 hac
2717 2482 3135 2545 asseveratione,
3153 2489 3211 2536 ut
3233 2480 3651 2557 comprimantur
3668 2486 3807 2545 prave

2278 2576 2478 2632 mentis
2514 2575 2784 2645 colloquia
2813 2573 3074 2628 adversus
3098 2574 3386 2628 veritatem
3416 2577 3633 2626 armata.
3658 2586 3677 2619 ι
3699 2565 3807 2620 Item

2275 2666 2335 2724 in
2360 2667 2586 2739 epistola
2614 2666 2681 2720 ad
2709 2665 3053 2719 Timotheum
3082 2665 3242 2737 (cap.
3277 2667 3338 2720 ll
3371 2662 3551 2735 ),'Qui
3594 2659 3717 2714 dedit
3737 2672 3802 2711 sc-

2273 2758 2548 2828 ntetipsum
2592 2756 2995 2825 redemptionem
3022 2771 3117 2825 pro
3142 2754 3386 2809 omnibus
3412 2750 3474 2823 (1
3499 2749 3623 2804 Tim.
3650 2762 3711 2811 ll,
3732 2745 3799 2813 6).

2280 2866 2299 2899 ί
2332 2848 2595 2916 Quoniam
2642 2846 2804 2901 homo
2829 2844 2960 2914 'jam
3013 2843 3401 2899 reconciliatus
3444 2841 3549 2896 Deo
3583 2834 3800 2893 obnoxius

2273 2949 2390 2994 erat
2437 2939 2596 3003 morti
2638 2938 2897 3001 infernae,
2939 2951 3009 2991 ne
3046 2937 3111 2991 ad
3156 2951 3283 2991 eum
3337 2934 3424 2991 cui
3468 2928 3798 2988 reconciliatus

2274 3027 2454 3082 fuerat
2481 3036 2663 3098 posset
2691 3028 3009 3090 ascendere,
3034 3024 3283 3081 Salvator
3317 3033 3375 3080 ut
3398 3020 3660 3078 arbitrium
3682 3029 3811 3071 suum

2275 3116 2341 3169 ad
2378 3115 2629 3172 effectum
2670 3116 3029 3188 perduceret,
3063 3116 3199 3170 mori
3226 3131 3286 3171 se
3326 3126 3513 3185 passus
3548 3120 3625 3166 est
3653 3114 3803 3164 contra

591 3199 748 3258 sunt;
781 3192 1008 3248 inferna:
1032 3195 1175 3249 enim
1208 3196 1369 3250 morti
1400 3211 1506 3251 non
1538 3205 1666 3252 sunt
1690 3198 1881 3265 erepti.
1925 3195 2025 3251 liis
2068 3213 2164 3249 au—
2194 3179 2242 3243 ϐ
2267 3207 2378 3279 ius,
2413 3220 2471 3265 υι
2497 3179 2837 3265 ἀθπρῇάθηε
2865 3209 2931 3264 ad
2960 3207 3125 3279 256
3150 3179 3380 3269 infero—3,
3407 3212 3622 3260 mortem
3643 3198 3798 3255 deim-

590 3289 696 3337 tem
726 3284 818 3352 qui
854 3284 989 3338 salvi
1020 3284 1153 3353 ﬁunt
1194 3286 1357 3340 uirtus
1392 3285 1491 3340 Dei
1528 3296 1602 3341 est
1635 3286 1807 3359 (ibid.
1833 3286 1875 3360 ).
1931 3285 2047 3342 Non
2085 3297 2169 3343 est

590 3373 887 3429 obscurum
907 3415 924 3440 ,
950 3376 1075 3445 quia
1102 3376 1186 3431 his
1210 3377 1301 3447 qui
1328 3377 1555 3433 credunt
1584 3378 1676 3433 Dei
1709 3379 1879 3433 virtus
1906 3387 2009 3433 est.
2038 3378 2168 3434 Cre-

595 3464 731 3519 dunt
756 3466 902 3520 enim
930 3507 946 3533 ,
980 3482 1084 3522 non
1113 3468 1489 3524 inﬁrmitatem
1519 3480 1640 3524 esse
1670 3484 1885 3525 erucem
1924 3470 2124 3525 Christi
2149 3510 2165 3537 ,

592 3557 687 3611 sed
713 3558 1005 3614 virtutem:
1033 3560 1395 3632 iutelligentes
1423 3571 1653 3618 mortem
1681 3564 1876 3619 victam
1903 3564 1954 3618 in
1984 3580 2165 3628 cruce,

593 3647 748 3716 cujus
774 3651 987 3722 signum
1016 3652 1112 3723 qui
1143 3653 1345 3709 habent
1373 3655 1505 3709 salvi
1547 3664 1707 3720 sunt,
1735 3657 1826 3726 qui
1859 3656 1928 3710 ab
1963 3657 2053 3711 illa
2094 3666 2170 3713 te-

588 3741 706 3794 neri
736 3755 842 3795 non
873 3751 1118 3812 possunt.
1153 3742 1304 3814 (Cap.
1334 3744 1409 3815 6)
1454 3743 1577 3799 Non
1627 3748 1749 3800 estis
1792 3748 1979 3831 vestri,
2008 3748 2167 3818 empti

589 3830 728 3884 enim
783 3833 908 3886 estis
946 3834 1112 3902 pretio
1152 3833 1224 3902 (Ι
1254 3832 1378 3888 Cor.
1406 3850 1487 3900 vr,
1518 3835 1646 3907 I9).
1690 3830 2032 3891 Manifestum
2086 3845 2170 3893 est

594 3923 719 3993 quia
746 3924 838 3993 qui
867 3935 1084 3995 emptus
1121 3934 1239 3991 est,
1270 3943 1376 3982 non
1407 3936 1489 3983 est
1519 3930 1603 3983 sui
1638 3930 1847 3984 arbitrii
1868 3970 1885 3994 ,
1923 3929 2016 3985 sed
2052 3930 2169 4001 ejus

593 4029 625 4069 a
663 4029 770 4083 quo
804 4025 1019 4087 emptus
1056 4025 1172 4083 est,
1227 4026 1293 4087 ut
1319 4035 1425 4073 non
1465 4036 1652 4086 suam,
1692 4019 1785 4075 sed
1827 4020 1968 4076 illius
2006 4019 2170 4077 faciat

600 4103 934 4162 voluntatem
967 4125 980 4161 :
1014 4115 1068 4163 et
1096 4108 1220 4178 quia
1237 4109 1406 4164 chara
1432 4111 1593 4180 empti
1625 4125 1828 4172 sumus.
1850 4112 2168 4181 propensius

596 4194 708 4251 Deo
733 4197 939 4253 servire
963 4198 1253 4267 debemus,
1285 4215 1352 4255 ne
1376 4200 1615 4257 offensus
1637 4218 1668 4255 a
1692 4218 1796 4272 qua
1820 4218 1919 4257 nos
1943 4204 2171 4259 redemit

591 4287 752 4341 morti
776 4301 876 4343 nos
903 4289 1112 4344 reddat.
1147 4289 1321 4358 Quam
1347 4292 1491 4347 enim
1520 4292 1843 4348 charissimo
1864 4295 2039 4363 pretio
2071 4310 2169 4351 nos

592 4377 755 4444 emit,
798 4386 859 4432 ut
906 4381 1222 4450 sanguinem
1272 4397 1430 4436 suum
1481 4383 1636 4437 daret
1673 4396 1769 4452 pro
1807 4384 2005 4440 nobis?
2035 4405 2054 4437 ι
2102 4386 2170 4441 Et

588 4468 716 4523 item
749 4468 767 4540 (
792 4486 906 4540 cap.
942 4471 975 4525 9
1002 4472 1020 4539 )
1046 4485 1061 4524 :
1095 4490 1114 4523 ι
1145 4471 1329 4526 Omnis
1357 4483 1535 4528 autem
1562 4475 1650 4545 qui
1680 4475 1733 4528 in
1761 4493 1928 4545 agone
1954 4487 2167 4532 conten-

588 4558 701 4623 dit,
731 4559 798 4612 ab
825 4562 1063 4614 omnibus
1092 4579 1147 4615 se
1175 4562 1399 4617 abstinet
1432 4563 1500 4636 (Ι
1525 4564 1734 4639 Cor.»
1756 4607 1770 4632 ,
1796 4568 1870 4623 25
1893 4566 1946 4640 ),
1983 4571 2051 4624 ab
2082 4570 2168 4627 his

584 4650 872 4715 omnibus,
898 4668 1016 4721 quae
1040 4652 1256 4707 vitanda
1287 4654 1475 4710 eadem
1509 4656 1673 4711 tradit
1700 4658 2011 4729 disciplina,
2041 4677 2164 4716 cum

588 4739 766 4794 sciant
795 4756 962 4796 unum
992 4745 1366 4800 coronandum
1394 4765 1406 4801 :
1433 4758 1639 4817 quanto
1670 4750 1843 4820 magis
1870 4752 2167 4807 observan-

585 4830 710 4884 dum
764 4832 923 4888 nobis
968 4844 1084 4900 est,
1130 4835 1224 4905 qui
1270 4837 1521 4892 omnibus
1567 4840 1837 4909 promissa
1878 4842 2009 4897 est?
2044 4862 2061 4893 ι
2101 4844 2165 4898 Et

589 4924 717 4980 item
746 4925 896 4998 (cap.
926 4929 1034 4999 10)
1062 4948 1076 4984 :
1112 4949 1130 4981 ι
1164 4931 1286 4985 Νοη
1313 4935 1524 5002 potestis
1559 4951 1753 4989 mensa:
1785 4936 1995 4991 Domini
2024 4954 2162 4991 cont-

584 5018 853 5072 municare
912 5029 961 5073 et
1020 5036 1215 5074 mensa:
1278 5019 1680 5077 dwmoniorum.
1745 5025 1955 5081 Idcirco
2016 5027 2162 5080 enim

593 5107 842 5164 Christus
886 5110 1179 5165 cruciﬁxus
1223 5120 1339 5178 est,
1386 5116 1510 5184 quia
1558 5115 1813 5172 dissolvit
1845 5134 2009 5189 opera
2049 5118 2165 5174 dia-

584 5197 691 5253 boli
716 5199 739 5251 ?
769 5199 872 5266 Qui
910 5216 1043 5272 ergo
1082 5201 1214 5258 facit
1252 5219 1417 5274 opera
1461 5206 1695 5273 diaboli,
1742 5208 1960 5265 Christo
1999 5226 2160 5281 repu-

582 5295 731 5358 gnat.
764 5307 783 5340 ι
814 5289 883 5344 Et
909 5290 1037 5345 item
1060 5292 1217 5363 (cap.
1248 5292 1345 5366 Il)
1375 5314 1393 5346 ι
1421 5294 1559 5353 Reus
1584 5299 1679 5351 erit
1705 5302 1937 5370 corporis
1960 5310 2009 5356 et
2034 5319 2160 5355 san-

579 5382 755 5451 guinis
786 5382 998 5439 Domini
1031 5385 1100 5457 (I
1126 5386 1249 5442 Cor.
1278 5405 1332 5444 χι
1354 5429 1368 5455 ,
1393 5391 1463 5445 27
1488 5391 1527 5463 ).
1558 5391 1699 5459 Quid
1724 5401 1807 5447 est
1833 5402 2012 5448 autem
2041 5410 2162 5450 reos

580 5485 703 5527 esse
723 5512 739 5539 ,
768 5472 872 5529 nisi
904 5490 1097 5545 plenas
1127 5479 1256 5534 dare
1295 5482 1490 5536 mortis
1527 5483 1785 5538 Domini?
1818 5482 2044 5539 Occisus
2076 5494 2163 5540 est

580 5562 728 5617 enim
757 5564 923 5620 etiam
951 5583 1050 5637 pro
1089 5569 1176 5625 his
1210 5571 1302 5642 qui
1340 5572 1663 5630 beneﬁcium
1699 5575 1818 5645 ejus
1849 5556 1907 5628 in
1941 5575 2165 5643 irritum

580 5650 804 5707 ducunt.
842 5673 860 5707 ι
912 5655 981 5711 Et
1027 5657 1225 5714 iterum
1274 5662 1433 5732 (cap.
1479 5663 1599 5736 5):
1661 5682 1681 5718 ι
1721 5663 1971 5719 Charitas
2020 5668 2159 5721 enim

582 5741 781 5799 Christi
811 5757 957 5818 urget
995 5765 1122 5818 nos,
1160 5752 1257 5807 hoc
1287 5752 1613 5824 iudicantes,
1652 5756 1793 5827 quod
1831 5756 1877 5811 si
1903 5773 2038 5812 unus
2066 5774 2161 5824 pro

2270 3301 2469 3372 Pielale
2495 3316 2658 3369 quam
2689 3300 2742 3354 in
2769 3313 2835 3354 eo
2872 3306 3116 3368 gesserat
3147 3298 3462 3360 damnaret,
3501 3292 3719 3348 auferens
3739 3284 3811 3340 eis.

2275 3404 2410 3459 quos
2459 3389 2717 3444 tenebat:
2766 3396 2827 3442 ut
2868 3388 2935 3442 de
2980 3395 3177 3441 caetero
3216 3388 3453 3457 quisque
3493 3383 3679 3452 signum
3708 3372 3795 3442 ei“!

2277 3481 2534 3546 haberet,
2565 3480 2635 3536 ab
2663 3495 2727 3535 ea
2760 3480 2930 3533 teneri
2979 3494 3085 3534 non
3127 3487 3343 3548 posset.
3385 3475 3543 3546 Cujus
3576 3471 3642 3527 rei
3679 3464 3796 3522 testi-

2272 3575 2511 3631 monium
2542 3582 2785 3643 tempore
2809 3588 2916 3642 quo
2943 3572 3242 3626 resurrexit
3263 3568 3522 3628 ostendit.
3546 3555 3796 3620 Destruclio

2270 3669 2414 3726 enim
2444 3669 2632 3724 mortis
2659 3667 2982 3723 resurrectio
3006 3674 3349 3722 mortuorum
3384 3670 3481 3720 est.
3509 3679 3527 3711 ι
3550 3658 3664 3714 Item
3689 3651 3795 3707 idem

2275 3769 2498 3818 sanctus
2525 3759 2856 3831 Augustinus
2885 3758 2938 3812 iu
2969 3757 3107 3812 libro
3141 3756 3210 3812 de
3251 3755 3460 3827 Spiritu
3500 3755 3671 3804 sancto
3703 3737 3789 3810 (II

2269 3868 2489 3924 prooem.
2519 3835 2608 3904 lib.
2636 3852 2723 3919 r),
2751 3862 3031 3919 exponens
3061 3846 3392 3902 sententiam
3438 3839 3553 3897 libri
3595 3832 3792 3924 iudicant

2272 3912 2337 3998 de
2362 3941 2579 3998 Gedeou
2609 3912 2764 4011 (ad.
2792 3912 2868 4008 vi)
2899 3956 2913 3993 ε
2947 3957 2966 3990 ι
3001 3937 3136 4003 Cum
3166 3936 3406 3992 audisset
3434 3930 3631 3988 Gedeon
3650 3962 3663 3988 ,
3684 3912 3793 4021 quod

2271 4040 2649 4096 deﬁcientibus
2686 4037 2815 4092 licet
2853 4034 3171 4105 populorum
3216 4031 3456 4086 millibus
3491 4026 3543 4080 in
3580 4031 3676 4105 uno
3702 4020 3790 4105 περ

2274 4131 2534 4186 Dominus
2562 4127 2775 4199 plebem
2801 4096 2957 4181 suam
2985 4124 3053 4179 ab
3077 4121 3327 4178 hostibus
3347 4118 3619 4174 liberaret,
3638 4096 3789 4159 obtulit

2272 4223 2484 4278 luedum
2522 4233 2841 4289 caprarum,
2885 4216 3040 4287 cujus
3083 4228 3345 4279 carnem,
3386 4206 3656 4266 secundum
3688 4202 3791 4262 Pm‘

2271 4321 2427 4383 cepta
2458 4311 2669 4381 angeli,
2695 4318 2752 4365 et
2780 4323 2971 4380 azyma
2995 4322 3156 4377 supra
3186 4314 3401 4376 petram
3440 4294 3635 4371 posuit,
3666 4292 3713 4340 ei
3740 4290 3788 4333 8³

2268 4382 2390 4476 jure
2418 4403 2678 4477 perfudit.
2724 4403 2856 4470 Qum
2885 4400 3049 4455 simul
3077 4407 3136 4454 ut
3161 4398 3331 4470 virgre
3371 4387 3633 4452 cacttmine
3662 4382 3787 4477 (ιιιξξη

2273 4464 2493 4567 gerebat
2522 4464 2865 4565 angelusvDei
2897 4491 3155 4563 contigit,
3184 4464 3438 4560 dcvpetra
3467 4479 3594 4553 ignis
3619 4464 3786 4567 erupit:

2275 4562 2434 4657 atque
2475 4587 2551 4641 ita
2591 4562 2921 4640 sacriﬁcium
2966 4562 3109 4652 quad
3144 4579 3470 4635 offerebatur
3503 4562 3787 4657 absum???

2271 4638 2750 4742 estTQuoin‘dicio
2777 4638 3112 4726 declaratum
3163 4667 3377 4723 videtur
3402 4658 3536 4734 quod
3560 4660 3693 4726 petra
3720 4638 3785 4742 illa

2276 4738 2461 4836 typum
2490 4763 2741 4820 habuerit
2765 4762 3013 4831 corporis
3036 4758 3238 4816 Christi
3257 4800 3273 4824 ,
3300 4756 3424 4828 quia
3446 4748 3679 4816 scriptum
3697 4738 3783 4836 esi:

2274 4825 2527 4908 Dibebant
2566 4853 2632 4907 de
2672 4825 3005 4921 consequenti
3047 4868 3134 4905 eos
3160 4825 3339 4921 petra,
3368 4853 3509 4918 petra
3531 4844 3683 4930 alii":

2272 4943 2515 4998 Christus
2545 4942 2609 5015 (Ι
2641 4941 2766 4997 Cor.
2795 4919 2866 5008 xi,
2899 4941 2986 5013 4).
3022 4919 3178 5009 Quod
3208 4941 3395 5010 utique
3422 4947 3521 4989 non
3548 4924 3609 4981 ad
3633 4919 3785 5012 (ἤνωξ’

2268 5045 2434 5092 tatem
2484 5034 2632 5106 ejus,
2682 5036 2775 5092 sed
2814 5035 2882 5090 ad
2921 5049 3140 5091 carnem
3181 5034 3406 5089 relatum
3444 5031 3558 5087 est.
3594 5018 3783 5109 «ποτε,

2269 5128 2456 5181 tientia
2501 5104 2664 5183 corda
2707 5124 3023 5196 populorum
3050 5123 3276 5194 perenni
3304 5122 3416 5177 rivo
3439 5113 3517 5172 sui
3555 5104 3781 5196 sensu-i915

2268 5217 2565 5272 inundavit.
2595 5192 2724 5270 Jani
2754 5192 2880 5270 tunc
2925 5192 3088 5285 igitur
3126 5214 3180 5268 in
3221 5207 3473 5284 mysterio
3504 5192 3778 5285 declaratur:

2266 5318 2349 5364 εει
2368 5350 2383 5375 ν
2411 5309 2539 5379 Quia
2565 5308 2829 5364 Dominus
2856 5306 3018 5362 Jesus
3042 5307 3095 5361 in
3122 5320 3286 5362 carne
3324 5315 3417 5359 sua
3452 5292 3601 5351 totius
3633 5268 3777 5379 tituli“

2269 5369 2491 5468 peccata
2514 5398 2806 5454 cruciﬁxus
2829 5396 3098 5461 aboleret,
3130 5412 3230 5452 nec
3256 5393 3423 5451 soluat
3450 5380 3623 5440 delicta
3645 5369 3777 5468 facta:

2274 5462 2393 5545 tum
2417 5530 2434 5556 ,
2467 5491 2563 5546 sed
2591 5489 2755 5545 etiam
2783 5489 3110 5560 cupiditates
3148 5487 3471 5542 animorum:
3506 5471 3632 5560 Caro
3663 5462 3774 5560 Citii"

2275 5551 2430 5635 haedi
2455 5578 2524 5633 ad
2553 5578 2768 5649 culpam
2797 5551 2927 5632 facti
2960 5577 3212 5643 refertur,
3239 5575 3328 5646 jus
3351 5568 3416 5625 ad
3439 5554 3684 5654 diecula-ff?

2274 5669 2561 5741 piditatum
2582 5709 2598 5735 ,
2627 5643 2767 5724 sicut
2796 5669 3058 5738 scriptum
3102 5677 3185 5725 est
3205 5709 3221 5735 ,
3241 5643 3387 5732 'Quia
3419 5643 3675 5741 εοηίκξίνξί

2271 5728 2427 5833 putus
2453 5728 2793 5833 cupiditatem
2825 5728 3140 5832 pessimam,
3169 5728 3218 5816 et
3255 5728 3484 5814 dixerunt
3509 5753 3526 5792 :
3558 5730 3671 5799 Ωκίε
3699 5728 3771 5773 ‘0‘
