3992 6336
215 354 330 410 5.9.!

988 355 1074 410 DE
1113 319 1777 410 PRAEDESTINATIONE
1816 352 2268 411 DISSERTATIO
2304 352 2713 442 POSTERIOR.

3389 359 3499 420 59.2

219 466 426 521 cibabit
454 481 614 520 carne
644 462 855 537 (Nam.
887 464 1030 537 x1)?
1061 466 1214 533 Quod
1247 467 1408 536 igitur
1437 465 1679 520 extendit
1707 471 1818 519 an-‘
1836 467 1884 528 Α
1913 479 2017 534 que
2056 466 2375 536 sanguinem
2416 465 2626 524 Domini
2667 471 2950 536 sumimus,
2997 480 3231 529 mortem
3279 475 3495 532 Domini

216 558 382 629 gelus
407 557 617 628 virgam
636 596 651 622 ,
679 564 734 610 et
761 556 937 626 tetigit
965 567 1174 626 petram
1207 558 1272 612 de
1300 572 1405 626 qua
1439 555 1580 626 ignis
1609 555 1807 620 exivit,

215 647 469 704 ostendit
495 648 639 717 quod
675 661 802 701 caro
832 646 1068 712 Domini,
1105 647 1304 718 Spiritu
1347 647 1546 716 repleta
1594 646 1806 709 divino;

207 745 446 809 peccata
478 737 661 792 omnia
685 737 937 792 humana:
965 738 1294 792 conditionis
1335 743 1608 792 exureret.
1656 735 1807 791 Unde

212 839 276 884 et
308 829 572 884 Dominus
599 827 676 881 ait
700 814 926 897 :Jgnem
959 827 1071 882 veni
1098 829 1301 880 mittere
1327 826 1380 878 in
1411 836 1600 879 terram
1631 824 1804 895 (Luc.

212 935 335 984 xu,
367 917 502 989 49).
540 938 560 971 ι
591 917 659 972 Et
699 917 829 972 item
867 917 1082 988 (ibid.)
1127 934 1140 970 :
1183 938 1200 968 ι
1239 917 1391 971 Sicut
1432 916 1548 985 ipse
1590 915 1803 979 dixisti;

210 1009 491 1074 Domine,
537 1008 889 1078 sequentibus
937 1017 1030 1072 te,
1078 1018 1354 1078 serpentes
1397 1016 1452 1062 et
1498 1007 1808 1076 scorpiones

205 1099 428 1169 possim
481 1098 694 1154 calcare
737 1097 964 1165 vestigio
1016 1096 1186 1169 (Luc.
1222 1115 1253 1152 ι
1279 1139 1294 1162 ,
1325 1097 1454 1169 19).
1506 1097 1806 1152 Redemisti

201 1189 509 1254 mundum,
540 1187 748 1242 redime
773 1187 933 1240 unius
961 1187 1197 1241 animam
1225 1187 1544 1256 peccatoris.
1571 1185 1698 1240 Haec
1723 1195 1809 1244 est

205 1278 475 1350 specialis
501 1287 588 1332 tua
616 1277 973 1347 prterogativa
1003 1277 1219 1346 pietatis
1239 1317 1252 1341 ,
1285 1292 1393 1347 qua
1436 1285 1606 1331 totum
1636 1291 1805 1329 mun-z

199 1367 350 1426 Ilum
402 1372 457 1425 in
497 1370 724 1438 singulis
758 1370 1054 1425 redemisti.
1087 1389 1104 1421 ι
1135 1370 1203 1424 Ει
1245 1370 1298 1424 in
1345 1369 1484 1425 libro
1531 1368 1804 1448 Apologia:

197 1462 434 1533 David:
469 1482 486 1514 ‹
518 1463 634 1518 Non
681 1464 851 1533 liquet
898 1463 1041 1532 quod
1087 1464 1250 1518 etiam
1301 1473 1548 1518 sanctum
1597 1463 1800 1530 David,

198 1553 324 1609 ﬁde
351 1554 622 1618 nobilem,
648 1553 1154 1623 praestantissimum
1183 1553 1617 1619 mansuetudine,
1639 1568 1802 1607 manu

197 1641 418 1700 Tox-tem
451 1645 684 1715 probare
713 1643 981 1710 voluerit,
1013 1643 1464 1713 quemadmodum
1495 1643 1685 1698 vitium
1718 1653 1800 1700 te-

204 1745 408 1809 geret,
441 1736 650 1806 lapsum
677 1735 1022 1800 emendaret,
1057 1742 1116 1787 ut
1147 1749 1252 1789 non
1285 1735 1506 1789 doceret
1545 1735 1803 1803 quemad-

1915 559 2318 615 annuntiamus.
2354 559 2506 616 Sicut
2538 577 2668 633 ergo
2695 562 2862 618 semel
2885 577 2985 633 pro
3018 565 3270 621 omnibus
3297 567 3494 625 immo-

1911 648 2054 703 latus
2081 657 2182 713 est,
2226 658 2297 703 ita
2327 661 2752 722 quotiescunque
2784 661 3006 721 peccata
3033 653 3322 721 donantur,
3371 671 3495 712 cor-

1910 740 2058 810 poris
2086 740 2202 810 ejus
2227 751 2624 797 sacramentum
2648 745 2933 810 sumimus,
2957 753 3017 799 ut
3042 759 3142 814 per
3170 747 3487 816 sanguinem

1909 829 2028 898 ejus
2051 829 2142 884 ﬁat
2169 840 2512 900 peccatorum
2535 833 2803 888 remissio.
2838 853 2857 885 ι
2883 835 2950 888 Et
2971 835 3099 889 item
3125 851 3137 887 :
3170 854 3188 886 r
3211 835 3311 902 Qui
3338 837 3490 906 lapsu

1909 918 2085 973 alieno
2115 919 2339 989 gaudet,
2370 920 2564 975 diaboli
2597 922 2794 992 gaudet
2817 922 3063 988 victoria,
3086 931 3140 976 et
3161 923 3283 978 ideo
3309 925 3491 981 dolere

1909 1008 2082 1079 magis
2113 1010 2389 1074 debemus,
2424 1025 2546 1065 cum
2575 1011 2822 1066 audimus
2843 1012 3050 1081 perisse
3075 1013 3368 1080 hominem,
3391 1031 3489 1087 pro

1908 1110 2015 1165 quo
2057 1095 2303 1150 Christus
2338 1106 2584 1152 mortuus
2623 1107 2722 1153 est.
2778 1118 2796 1150 ι
2842 1099 2910 1153 Et
2951 1100 3004 1153 in
3043 1100 3182 1155 libro
3210 1102 3386 1170 primo
3417 1103 3488 1158 de

1907 1199 2134 1240 excessu
2164 1184 2348 1240 fratris
2384 1200 2397 1239 :
2433 1204 2451 1236 ι
2491 1185 2781 1257 Propterea
2808 1187 2952 1242 enim
2978 1204 3078 1257 pro
3107 1190 3357 1246 onmibus
3394 1206 3484 1246 se-
3511 1203 3519 1213 ‘

1906 1277 2142 1330 cundum
2173 1289 2394 1330 carnem
2429 1277 2678 1333 Christus
2718 1288 2962 1334 mortuus
2990 1288 3104 1344 est,
3136 1288 3195 1333 ut
3238 1295 3336 1335 nos
3376 1295 3486 1347 non

1907 1365 2035 1419 solis
2060 1366 2216 1420 nobis
2248 1367 2433 1421 vivere
2457 1368 2809 1424 disceremus.
2857 1388 2876 1420 ι
2914 1369 2980 1423 Et
3009 1369 3135 1422 item
3179 1385 3193 1423 :
3247 1371 3300 1425 in
3341 1371 3480 1427 libro

1907 1457 2185 1511 secundo:
2221 1475 2238 1508 ι
2283 1455 2429 1510 Venit
2465 1458 2625 1522 enim,
2654 1468 2709 1512 ut
2739 1458 2988 1529 legimus,
3016 1457 3252 1514 Christus
3283 1461 3486 1514 salvum

1905 1546 2079 1616 facere
2106 1547 2246 1618 quod
2285 1548 2508 1617 perierat
2557 1547 2772 1618 (Matth.
2803 1565 2958 1614 xvnt,
2984 1549 3093 1618 11).
3133 1550 3238 1605 Sed
3269 1559 3329 1606 ut
3374 1568 3482 1608 non

1904 1637 2078 1694 solum
2120 1639 2387 1704 vivorum,
2435 1639 2530 1694 sed
2571 1640 2734 1693 etiam
2766 1649 3103 1696 mortuorum
3154 1642 3483 1699 dominetur.

1903 1732 2111 1803 Lapsus
2139 1747 2258 1787 sum
2299 1731 2353 1786 in
2398 1731 2592 1798 Adam,
2639 1733 2704 1788 de
2732 1721 2986 1803 paradiso
3032 1735 3237 1805 ejectus
3278 1752 3398 1792 sum
3428 1737 3485 1794 in

197 1831 439 1887 modum
476 1829 746 1899 possimus
767 1827 1062 1882 admissum
1092 1826 1307 1896 operire
1351 1834 1654 1896 peccatum.
1686 1825 1800 1880 Nisi
1832 1823 1876 1882 B
1904 1821 2100 1888 Adam,
2133 1831 2376 1877 mortuus
2404 1838 2523 1877 sum
2551 1823 2606 1877 in
2648 1823 2840 1890 Adam,
2886 1839 3047 1895 quem
3094 1837 3329 1893 revocat,
3379 1828 3484 1884 nisi

197 1923 355 1979 forte
387 1923 511 1978 vilis
541 1936 705 1976 causa
734 1919 897 1974 alicui
925 1920 1158 1983 videtur,
1189 1927 1248 1972 ut
1286 1926 1510 1988 propter
1559 1927 1802 1973 nostram

198 2013 611 2070 correctionem
643 2019 824 2066 tantus
866 2017 1076 2066 erraret
1105 2009 1366 2080 propheta
1385 2049 1400 2075 ,
1431 2022 1555 2062 eum
1584 2015 1807 2076 propter

191 2106 456 2161 Omnium
482 2103 912 2173 redemptionem
942 2100 1290 2156 inﬁrmitates
1318 2099 1804 2155 nostras‘Christus

197 2195 545 2266 susceperit,
569 2194 661 2263 qui
690 2202 972 2262 peceatum
1001 2207 1101 2263 pro
1129 2191 1284 2248 nobis
1313 2191 1488 2246 factus
1517 2200 1632 2258 est,
1666 2206 1790 2246 cum

195 2297 502 2362 peccatum
529 2304 639 2344 non
667 2286 1003 2358 cognoverit.
1045 2286 1158 2343 Nec
1199 2285 1495 2342 verisimile
1535 2284 1799 2350 creditur,

193 2380 357 2452 quod
391 2379 567 2434 David
595 2387 820 2450 propter
846 2377 1180 2448 posteritatis
1207 2377 1505 2448 profectum
1536 2377 1695 2432 unius
1724 2375 1802 2430 la-

195 2486 338 2541 psus
364 2469 724 2540 opprobrium
752 2467 1040 2535 inciderit,
1080 2483 1204 2523 cum
1245 2467 1360 2537 ipse
1401 2467 1663 2522 Dominus
1701 2479 1801 2536 pro

196 2563 365 2617 nobis
393 2562 467 2618 sit
494 2561 672 2618 factus
698 2560 1048 2632 Opprobrium
1071 2600 1084 2625 ,
1115 2561 1254 2616 sicut
1279 2561 1394 2630 ipse
1419 2560 1528 2625 ait,
1561 2558 1674 2630 Ego
1705 2576 1800 2613 au-

194 2653 308 2705 tem
339 2669 459 2705 sum
489 2655 678 2706 vermis
713 2660 760 2705 et
792 2666 896 2704 non
924 2651 1108 2716 homo,
1153 2650 1487 2721 opprobrium
1527 2649 1797 2704 hominum

193 2752 240 2796 et
273 2742 510 2811 abjectio
539 2740 700 2811 plebis
731 2740 905 2811 (Psal.
929 2757 1022 2794 ΠΙ
1040 2781 1054 2806 ,
1079 2741 1174 2812 7).
1206 2742 1274 2796 Et
1303 2740 1430 2796 alibi
1459 2760 1472 2795 :
1504 2739 1796 2811 Opprobria

193 2829 641 2900 exprobrantium
663 2822 958 2884 ceciderunt
976 2847 1133 2901 super
1153 2847 1233 2884 me
1255 2830 1427 2902 (Psal.
1444 2846 1630 2896 vam,
1651 2829 1756 2902 10).
1771 2849 1790 2882 ι

194 2921 262 2975 Et
293 2922 434 2976 item
463 2937 478 2974 :
512 2938 529 2971 ι
557 2920 615 2974 lu
640 2920 810 2990 ﬁgura
836 2935 1010 2976 atreus
1031 2936 1256 2991 serpens
1277 2929 1529 2990 tanquam
1553 2920 1795 2976 conﬁxus

196 3022 281 3068 est
320 3011 513 3076 cruci,
543 3012 670 3081 quia
707 3026 868 3066 verus
911 3012 1314 3084 cruciﬁgendus
1353 3012 1538 3083 generi
1579 3027 1791 3067 annun-~

192 3104 447 3158 tiabatur
466 3104 727 3169 humano,
750 3103 842 3173 qui
864 3104 1134 3172 serpentis
1155 3104 1350 3159 diaboli
1374 3119 1580 3159 venena
1601 3121 1792 3161 vacua-

1910 1929 1996 1970 me
2032 1915 2085 1969 in
2114 1915 2285 1969 Adam
2326 1914 2627 1970 invenerit?
2659 1923 2715 1970 ut
2751 1917 2892 1970 sicut
2915 1916 2969 1969 in
2999 1915 3087 1970 illo
3121 1917 3291 1986 culpa:
3315 1919 3484 1974 obno-

1907 2005 2055 2059 xium
2075 2045 2091 2071 ,
2119 2005 2282 2060 morti
2307 2005 2548 2060 debitum
2567 2045 2583 2071 ,
2621 2004 2694 2058 ita
2722 2005 2776 2059 in
2803 2003 3017 2060 Christo
3043 2003 3420 2072 iustiﬁcatum.
3458 2025 3479 2060 ι

1907 2095 1975 2151 Et
2000 2096 2127 2151 item
2154 2115 2166 2150 :
2205 2115 2224 2148 ι
2255 2096 2425 2152 Unius
2448 2107 2626 2153 morte
2654 2098 2888 2153 mundus
2913 2099 3222 2168 redemptus
3248 2107 3348 2153 est.
3380 2098 3486 2154 Po-

1905 2188 2008 2243 tuit
2028 2189 2171 2244 enim
2196 2189 2442 2244 Christus
2472 2198 2658 2244 noster
2680 2206 2785 2247 non
2812 2191 2973 2256 mori,
3003 2191 3048 2246 si
3071 2191 3340 2246 voluisset.
3374 2190 3483 2247 Sed

1903 2297 2077 2354 neque
2112 2282 2485 2355 refugiendam
2517 2294 2746 2340 mortem
2779 2286 2932 2356 quasi
2974 2285 3218 2357 ignavem
3253 2286 3482 2356 putavit,

1902 2390 2078 2446 neque
2113 2375 2304 2431 melius
2335 2391 2434 2432 nos
2460 2392 2624 2447 quam
2654 2378 2934 2432 moriendo
2967 2387 3254 2432 servasset.
3299 2376 3484 2446 itaque

1901 2481 2049 2520 mors
2071 2464 2187 2534 ejus
2201 2466 2311 2520 vita
2331 2476 2415 2522 est
2433 2469 2674 2523 omnium
2699 2485 2712 2522 :
2737 2468 2877 2522 sicut
2898 2483 2994 2536 per
3018 2468 3289 2523 hominem
3313 2483 3479 2531 mors,

1899 2553 1972 2608 ita
2019 2562 2073 2608 et
2112 2569 2209 2624 per
2256 2555 2530 2610 hominem
2577 2557 2906 2612 resurrectio
2940 2565 3294 2610 mortuorum.
3340 2556 3483 2624 Ergo

1899 2648 2198 2701 resurrexit
2221 2647 2402 2714 homo,
2430 2647 2682 2716 quoniam
2705 2651 2867 2701 homo
2883 2655 3127 2701 mortuus
3147 2655 3265 2700 est:
3301 2661 3482 2702 resus-

1896 2738 2091 2794 citatus
2125 2739 2307 2803 homo,
2335 2738 2428 2794 sed
2454 2739 2784 2794 resuscitans
2809 2739 2970 2792 Deus.
2999 2735 3148 2792 Tunc
3181 2737 3479 2793 secundum

1897 2847 2116 2888 carnem
2164 2833 2345 2899 homo,
2388 2848 2530 2888 nunc
2573 2848 2671 2904 per
2703 2832 2886 2887 omnia
2915 2831 3077 2886 Dens.
3125 2829 3281 2885 Nunc
3330 2830 3476 2886 enim

1896 2924 2192 2977 secundum
2227 2939 2446 2979 carnem
2469 2921 2582 2992 jam
2620 2939 2726 2978 non
2757 2924 3006 2979 novimus
3034 2921 3335 2989 Christum,
3381 2923 3477 2978 sed

1893 3012 2074 3068 carnis
2094 3012 2325 3084 gratiam
2353 3021 2616 3078 tenemus,
2642 3022 2699 3068 ut
2723 3013 2895 3083 ipsum
2912 3013 3180 3082 primitias
3196 3012 3480 3082 quiescen-

1894 3102 2051 3167 tium,
2101 3103 2275 3172 ipsum
2324 3103 2742 3173 primogenitum
2774 3117 2842 3157 ex
2881 3101 3108 3156 mortuis
3141 3103 3475 3158 noverimus.

194 3201 301 3257 ret,
329 3193 389 3246 in
415 3193 584 3262 ﬁgura
609 3191 948 3258 maledictus,
972 3192 1026 3246 in
1050 3193 1280 3247 veritate
1302 3202 1482 3248 autem
1505 3195 1598 3263 qui
1626 3195 1790 3249 totius
1819 3179 1861 3240 C
1894 3194 2152 3249 Primitiae
2179 3195 2363 3263 utique
2393 3194 2635 3264 ejusdem
2659 3202 2784 3248 sunt
2810 3193 3024 3264 generis
3052 3201 3213 3261 atque
3244 3201 3471 3260 natura,

197 3282 397 3337 mundi
423 3280 708 3336 maledicta
735 3281 960 3336 deleret.
994 3301 1012 3334 ι
1043 3281 1110 3335 Et
1140 3281 1267 3336 item
1302 3300 1314 3336 :
1347 3299 1366 3333 r
1395 3280 1792 3337 Convenienter

196 3373 365 3445 257
411 3373 576 3428 etiam
620 3371 750 3427 illud
797 3370 994 3440 adjecit
1033 3372 1160 3443 quia
1209 3388 1316 3428 non
1361 3374 1624 3444 pepercit.
1671 3373 1788 3428 Non

197 3463 344 3518 enim
371 3463 614 3532 pepercit
639 3461 741 3517 sibi
770 3461 1043 3529 Christus,
1067 3471 1126 3517 ut
1149 3463 1400 3519 omnibus
1423 3464 1751 3518 subveniret.
1767 3483 1784 3514 ι

197 3553 414 3607 Etitem
435 3553 492 3606 in
513 3552 653 3607 libro
674 3551 739 3607 de
757 3551 954 3621 Joseph
980 3553 1195 3624 (cap.7)
1223 3568 1238 3607 :
1269 3571 1287 3604 ι
1339 3553 1470 3608 Eme
1490 3554 1652 3624 igitur
1693 3554 1790 3609 tibi

193 3644 516 3709 Christum,
552 3658 659 3698 non
689 3659 756 3699 eo
794 3643 936 3714 quod
971 3644 1131 3713 pauci
1157 3643 1391 3711 habent,
1423 3644 1520 3700 sed
1549 3661 1613 3700 eo
1644 3646 1788 3714 quod

196 3749 391 3792 omnes
421 3737 642 3792 habent.
691 3734 890 3792 Omnes
931 3736 1133 3792 habent
1174 3744 1591 3805 per'naturam,
1629 3739 1789 3808 pauci

196 3827 437 3884 oﬁ'erunt
466 3832 563 3896 per
591 3827 858 3882 timorem.
901 3826 1070 3882 Suum
1103 3838 1188 3884 est
1225 3829 1371 3899 quod
1397 3843 1427 3882 a
1454 3837 1505 3884 te
1539 3828 1792 3885 Christus

197 3918 457 3990 reposcit.
489 3917 606 3988 lpse
624 3917 785 3970 vitam
809 3917 1061 3972 omnibus
1090 3917 1258 3983 dedit,
1283 3917 1397 3988 ipse
1418 3933 1517 3987 pro
1538 3920 1790 3975 omnibus

197 4020 433 4065 mortem
463 4023 618 4062 suam
654 4007 871 4062 obtulit.
902 4007 1063 4063 Solve
1096 4025 1196 4078 pro
1226 4016 1450 4063 auctore
1476 4009 1620 4078 quod
1641 4009 1790 4064 solu-

194 4106 360 4153 turus
387 4113 449 4152 es
475 4097 609 4168 lege.
647 4116 668 4149 ›
697 4097 766 4150 Ει
791 4097 844 4150 in
875 4097 1012 4152 libro
1041 4099 1107 4153 de
1133 4097 1470 4154 Patriarchis
1505 4099 1642 4170 (cap.
1679 4099 1785 4166 4)‘:

1893 3287 2046 3356 cujus
2067 3297 2120 3340 et
2144 3285 2336 3356 reliqui
2370 3285 2601 3352 fructus,
2630 3301 2860 3356 quorum
2882 3285 3174 3356 prolixiore
3204 3294 3474 3354 proventu

1891 3377 2163 3446 primitiva
2183 3378 2293 3432 Deo
2315 3391 2536 3430 munera
2561 3376 2892 3432 deferuntur.
2911 3376 3137 3431 Sacrum
3161 3392 3354 3430 munus
3376 3391 3477 3447 pro

1891 3469 2164 3532 omnibus,
2193 3477 2246 3521 et
2275 3469 2425 3536 quasi
2461 3467 2627 3539 258
2662 3477 2926 3538 reparatae
2947 3468 3188 3537 quaedam
3218 3467 3474 3522 libamina
3521 3461 3530 3465 ’

1893 3565 2117 3610 naturte.
2170 3556 2429 3612 Primitia:
2466 3573 2597 3629 ergo
2643 3559 3036 3628 quiescentium
3075 3556 3347 3624 Christus,
3377 3558 3476 3613 sed

1891 3655 2072 3702 utrum
2101 3663 2320 3702 suorum
2349 3646 2764 3718 quiescentium,
2788 3649 2879 3718 qui
2907 3653 3059 3718 quasi
3081 3649 3268 3703 mortis
3289 3661 3479 3704 exsor-

1892 3747 1974 3794 tes
1999 3738 2138 3793 dulci
2161 3740 2390 3809 quodam
2419 3755 2612 3810 sopore
2642 3749 2942 3807 teneantur,
2969 3756 3038 3795 an
3063 3740 3304 3795 omnium
3334 3753 3478 3797 mc!-

1893 3831 2140 3885 tuorum?
2163 3829 2271 3886 Sed
2307 3831 2448 3885 sicut
2471 3832 2525 3886 in
2554 3832 2726 3887 Adam
2753 3847 2942 3887 omnes
2965 3832 3290 3899 moriuntur,
3314 3831 3388 3887 ita
3419 3835 3477 3887 in

1891 3919 2110 3976 Christo
2153 3933 2342 3976 omnes
2391 3921 2753 3977 viviﬁcantur.
2808 3923 2993 3992 Itaque
3037 3923 3178 3978 sicut
3226 3922 3478 3992 primitize

1892 4011 2081 4067 mortis
2107 4010 2161 4064 in
2191 4010 2384 4078 Adam,
2409 4011 2482 4068 ita
2505 4013 2668 4068 etiam
2699 4014 2949 4085 primitiae
2979 4013 3394 4070 resurrectionis
3420 4015 3476 4070 in

1891 4102 2128 4158 Christo.
2154 4101 2356 4158 Omnes
2377 4113 2688 4172 resurgunt,
2711 4105 2804 4159 sed
2824 4119 2984 4159 nemo
3005 4105 3277 4173 desperet,
3301 4119 3478 4175 neque

201 4212 218 4243 ε
258 4194 342 4247 Ex
368 4193 610 4264 germine
631 4233 646 4257 ,
677 4192 750 4247 ﬁli
773 4193 879 4258 mi,
906 4195 1195 4250 ascendisti
1215 4235 1231 4262 ,
1261 4209 1328 4250 eo
1351 4195 1492 4264 quod
1533 4203 1787 4266 tanquam
1884 4193 2064 4264 justus
2087 4191 2265 4248 doleat
2291 4207 2578 4250 commune
2601 4194 2933 4250 consortium
2971 4195 3283 4265 resurgendi
3306 4233 3322 4260 ,
3351 4210 3476 4251 cum

193 4284 380 4340 frutex
417 4294 577 4340 terra:
611 4286 666 4340 in
701 4286 821 4341 alvo
851 4286 1087 4358 Virginis
1129 4288 1471 4358 germinavit,
1502 4297 1556 4343 et
1591 4296 1652 4343 ut
1688 4287 1787 4344 llos

195 4374 326 4431 boni
351 4375 562 4443 odoris,
583 4375 651 4430 ad
675 4375 1102 4448 redemptionem
1128 4379 1314 4434 mundi
1339 4379 1504 4435 totius
1527 4382 1788 4436 maternis

195 4466 506 4523 visceribus
528 4467 581 4521 in
604 4467 890 4538 splendore
911 4484 1066 4524 novae
1101 4469 1239 4526 lucis
1265 4471 1496 4526 emissus
1524 4473 1783 4528 ascende-

197 4560 290 4614 rit.
335 4577 356 4610 ι
389 4559 460 4613 Et
489 4559 618 4614 item
643 4560 782 4630 (cap.
807 4559 896 4631 4):
923 4579 942 4611 ι
965 4560 1180 4616 Lavabit
1210 4563 1265 4616 in
1281 4564 1399 4617 vino
1417 4603 1432 4630 ,
1462 4563 1654 4633 inquit,
1678 4573 1785 4618 sto-

197 4654 304 4707 lam
331 4669 484 4707 suam
513 4651 665 4721 (Gen.
696 4668 843 4718 xux,
883 4653 992 4724 11).
1021 4653 1166 4708 Bona
1195 4655 1331 4709 stola
1361 4663 1445 4710 est
1466 4671 1594 4711 caro
1621 4654 1782 4711 Chri-

197 4744 264 4798 sti
290 4784 309 4810 ,
338 4759 459 4814 qua:
501 4743 744 4798 omnium
789 4749 1010 4812 peccata
1036 4747 1284 4815 operuit,
1317 4747 1558 4801 omnium
1589 4746 1782 4802 delicta

199 4836 462 4905 suscepit,
491 4836 732 4892 omnium
757 4850 974 4891 errores
999 4837 1150 4890 texit.
1182 4835 1328 4890 Bona
1351 4836 1485 4890 stola
1517 4851 1636 4905 qua:
1665 4836 1786 4890 uni-

197 4941 393 4983 versos
419 4926 594 4981 induit
613 4924 1152 4994 vestejucunditatis.
1193 4947 1210 4978 ›
1238 4927 1304 4981 Et
1326 4927 1452 4982 item
1481 4927 1620 4998 (cap.
1651 4926 1738 4998 11)
1764 4940 1780 4980 :

205 5035 224 5068 ι
272 5015 678 5086 Primogenitus
725 5015 861 5068 tauri
910 5015 1073 5070 decus
1123 5013 1271 5085 ejus,
1326 5016 1532 5072 habens
1578 5032 1784 5072 cornua

202 5106 510 5170 unieornui,
547 5105 602 5159 in
632 5105 825 5175 quibus
850 5114 1039 5176 gentes
1066 5106 1364 5162 ventilabit.
1397 5107 1465 5161 Et
1493 5107 1630 5163 bene
1659 5117 1783 5163 tau-

206 5212 322 5262 rus,
366 5196 521 5266 quasi
560 5197 736 5252 hostia
775 5213 873 5267 pro
919 5197 1150 5266 delictis,
1191 5209 1247 5255 et
1289 5200 1452 5256 totius
1491 5201 1678 5256 mundi
1703 5203 1783 5256 vi-

206 5288 388 5353 ctima,
419 5296 479 5341 ut
497 5287 810 5357 paciﬁcaret
837 5289 1043 5344 omnia.
1078 5309 1097 5342 »
1125 5292 1192 5346 Ει
1214 5292 1342 5347 item
1365 5292 1418 5346 in
1445 5293 1584 5348 libro
1607 5294 1784 5363 primo

207 5381 272 5432 de
307 5378 628 5435 Ptenitentia
668 5380 807 5451 (cap.
837 5381 926 5454 15)
963 5400 977 5438 :
1018 5402 1038 5435 ι
1079 5383 1286 5440 Etenim
1314 5383 1524 5441 Pascha
1549 5398 1786 5442 nostrum

208 5471 507 5526 immolatus
527 5482 602 5527 est
630 5471 872 5528 Christus
901 5475 952 5547 (Ι
985 5474 1110 5536 Cor.
1136 5493 1189 5545 v,
1225 5478 1300 5549 7),
1331 5479 1433 5534 hoc
1469 5489 1575 5546 est,
1607 5482 1786 5552 passio

210 5561 420 5618 Domini
463 5565 713 5621 omnibus
751 5566 1004 5637 praefuit,
1042 5577 1098 5623 et
1147 5573 1524 5640 peccatoribus
1565 5574 1786 5629 donavit

211 5655 629 5726 redemptionem
651 5698 665 5722 ,
693 5673 826 5727 quos
855 5658 1040 5731 ﬂagitii
1064 5662 1312 5730 paenituit
1356 5663 1600 5718 admissi.
1650 5685 1670 5718 ›
1719 5666 1785 5720 Et

213 5744 338 5802 item
356 5747 408 5802 in
423 5747 564 5806 libro
587 5751 827 5806 secundo
842 5753 980 5823 (cap.
1009 5753 1064 5824 5)
1096 5771 1109 5809 :
1144 5773 1160 5808 ι
1190 5753 1403 5810 Etenim
1431 5757 1783 5825 quotiescun-

1891 4283 2216 4354 prmcipuum
2238 4281 2471 4339 fructum
2490 4285 2708 4340 virtutis
2724 4291 3019 4354 exspectet.
3044 4284 3244 4340 Omnes
3256 4285 3474 4354 quidem

1889 4373 2315 4444 resurgunt,_sed
2343 4375 2735 4444 unusquisque,
2763 4383 2822 4428 ut
2857 4375 2932 4428 ait
2958 4374 3270 4445 Apostolus,
3298 4375 3351 4428 in
3375 4390 3475 4431 suo

1889 4466 2078 4522 ordine
2105 4464 2157 4538 (I
2185 4465 2307 4521 Cor.
2333 4464 2446 4536 xv).
2469 4465 2784 4522 Communis
2808 4474 2893 4522 est
2912 4464 3108 4521 divinae
3130 4464 3338 4521 fructus
3361 4465 3474 4521 cle-

1888 4559 2134 4625 mentize,
2183 4559 2277 4614 sed
2310 4559 2596 4616 distinctus
2619 4559 2752 4620 ordo
2778 4560 3116 4614 meritorum.
3145 4558 3270 4614 Dies
3296 4559 3474 4614 omni-

1887 4649 1988 4705 bus
2019 4648 2183 4715 lucet,
2207 4647 2286 4704 sol
2308 4662 2498 4704 omnes
2526 4648 2750 4720 populos
2778 4647 2944 4714 fovet,
2976 4657 3032 4704 et
3059 4647 3239 4718 pluvia
3260 4663 3474 4719 posses-

1887 4741 2089 4797 siones.
2109 4741 2310 4797 Omnes
2331 4740 2685 4811 resurgimus,
2707 4741 2804 4796 sed
2831 4741 2887 4796 in
2907 4749 3137 4811 utroque
3156 4740 3238 4796 vel
3262 4741 3474 4796 vivendi

1886 4835 1974 4891 vel
2012 4835 2366 4890 revivisceudi
2401 4835 2575 4905 gratia
2609 4835 2824 4904 dispar,
2870 4833 3084 4890 diversa
3127 4833 3383 4889 conditio.
3414 4832 3472 4887 In

1889 4936 2161 4982 momento
2191 4928 2335 4982 enim
2365 4927 2540 4994 oculi,
2574 4929 2629 4983 in
2658 4928 2952 4985 novissima
2983 4929 3109 4982 tuba
3135 4967 3150 4993 ,
3189 4935 3244 4982 et
3275 4927 3470 4982 mortui

1889 5028 2174 5092 resurgent
2217 5020 2548 5091 incorrupti,
2593 5027 2650 5075 et
2683 5033 2782 5076 nos
2825 5019 3231 5076 immutabimur
3272 5017 3471 5090 (ibid.).

1889 5112 2028 5178 Quin
2057 5113 2222 5167 etiam
2245 5112 2299 5166 in
2339 5113 2452 5183 ipsa
2487 5120 2662 5167 morte
2689 5112 2979 5182 quiescunt
3005 5111 3118 5175 alii,
3145 5121 3333 5165 vivunt
3354 5110 3468 5164 alii.

1887 5206 2035 5261 Bona
2061 5206 2234 5276 quies,
2265 5206 2360 5262 sed
2400 5208 2510 5262 vita
2549 5206 2759 5262 melior.
2791 5205 3034 5275 Denique
3061 5204 3258 5260 Paulus
3291 5205 3358 5259 ad
3386 5205 3469 5259 vi-

1888 5309 1997 5354 tam
2024 5292 2224 5370 excitat
2257 5299 2625 5368 quiescentem
2647 5299 2832 5354 dicens
2862 5315 2875 5350 :
2907 5296 3094 5367 Surge,
3126 5297 3216 5366 qui
3249 5295 3468 5361 dormis,

1890 5401 1936 5447 et
1961 5408 2180 5462 exsurge
2201 5410 2232 5446 a
2249 5393 2491 5457 mortuis,
2514 5401 2562 5446 et
2578 5390 2896 5446 illuminabit
2919 5399 2967 5468 te
2990 5387 3229 5444 Christus
3251 5389 3468 5460 (Ep/tes.

1890 5497 1945 5547 v,
1978 5482 2089 5552 14).
2129 5482 2270 5554 Ergo
2299 5484 2387 5538 hic
2419 5483 2689 5538 excitatur
2729 5490 2790 5536 ut
2820 5482 2986 5546 vivat,
3017 5489 3076 5535 ut
3101 5481 3291 5535 similis
3315 5479 3468 5536 Pauli

1889 5573 1979 5637 sit,
2007 5583 2067 5627 ut
2091 5573 2262 5643 possit
2284 5573 2464 5628 dicere
2490 5588 2504 5626 :
2541 5571 2678 5638 Quia
2710 5589 2802 5626 nos
2840 5574 2930 5643 qui
2964 5573 3180 5627 vivimus
3207 5589 3308 5626 non
3336 5588 3463 5641 prte-

1891 5666 2150 5720 veniemus
2188 5681 2273 5720 eos
2313 5665 2402 5732 qui
2439 5664 2760 5718 dormierunt
2804 5664 2852 5736 (ι
2889 5663 3066 5718 Thess.
3100 5679 3176 5730 tv,
3212 5661 3323 5735 M).
3353 5661 3469 5717 Non

1889 5759 2032 5814 enim
2062 5771 2406 5815 communem
2435 5757 2578 5814 hunc
2612 5758 2827 5815 vivendi
2864 5756 3101 5828 loquitur
3136 5771 3293 5811 usum
3317 5795 3332 5821 ,
3363 5753 3448 5823 spi
