3992 6336
566 428 675 484 323

1538 417 1871 477 HINCMARI
1914 414 2313 473 RHEMENSIS
2349 416 2873 475 ARCHIEPISCOPI

3710 426 3793 484 ω

571 540 839 609 randique
856 536 1264 600 commercium,
1286 534 1379 591 sed
1396 534 1646 589 meritum
1670 532 2006 604 resurgendi.
2026 530 2162 584 Nam
2189 534 2241 592 Α
2268 531 2361 586 sed
2393 531 2604 586 mollire
2636 532 2927 588 desiderat.
2968 531 3036 587 Et
3064 531 3183 587 ideo
3207 546 3303 588 eos
3334 532 3388 587 in
3412 532 3635 592 Cantieis
3655 544 3796 598 cauti-

573 645 698 684 cum
720 628 945 683 dixisset
970 646 984 683 :
1010 626 1078 680 Et
1105 627 1298 681 mortui
1319 625 1408 695 qui
1433 624 1489 677 in
1513 621 1721 677 Christo
1742 632 1861 675 sunt
1891 628 2159 689 resurgent

572 723 751 794 primi,
782 721 1029 792 subjecit,
1064 719 1263 774 Deinde
1290 728 1337 772 et
1368 734 1461 772 nos
1489 716 1578 786 qui
1616 713 1832 769 vivimus
1856 711 2014 767 simul
2039 727 2160 765 cum

574 811 678 864 illis
730 811 996 880 rapiemur
1049 809 1104 862 in
1149 807 1372 861 nubibus
1417 806 1618 860 obviam
1664 802 1875 858 Christo
1924 804 1980 856 in
2035 818 2161 855 aera

575 900 623 970 (I
655 899 838 953 Thess.
873 915 949 963 tv,
975 899 1074 962 15,
1107 897 1219 968 16).
1251 897 1447 967 Utique
1478 904 1721 950 mortuus
1750 902 1832 948 est
1856 893 2073 958 Paulus,
2107 899 2163 947 et

574 993 829 1063 passione
860 990 1156 1046 venerabili
1189 991 1355 1044 vitam
1403 987 1648 1057 corporis
1697 1002 1819 1041 cum
1868 983 2159 1040 immortali

575 1081 745 1153 gloria
776 1082 1147 1137 commutavit.
1184 1080 1297 1134 Non
1337 1079 1528 1134 fefellit
1555 1093 1718 1147 ergo,
1761 1076 1850 1145 qui
1890 1091 1947 1130 se
1979 1077 2162 1130 viven-

576 1180 685 1227 tem
714 1173 935 1242 scripsit
966 1172 1020 1225 in
1049 1172 1280 1225 nubibus
1310 1171 1525 1225 obviam
1558 1168 1776 1223 Christo
1806 1182 1926 1222 esse
1949 1166 2161 1235 rapien-

576 1263 704 1317 dum
729 1302 745 1327 ,
789 1282 808 1314 ι
837 1270 893 1316 et
928 1261 1150 1330 reliqua.
1202 1261 1334 1315 Item
1382 1261 1435 1315 in
1482 1260 1715 1314 eodem:
1754 1275 1773 1309 ι
1817 1256 2162 1313 Advertimus

578 1370 738 1425 quam
772 1370 936 1426 grave
962 1355 1031 1410 sit
1061 1354 1404 1425 sacrilegium
1429 1351 1883 1407 resurrectionem
1910 1365 2017 1404 non
2047 1364 2163 1404 cre-

576 1448 726 1504 dere.
758 1447 815 1501 Si
846 1448 991 1502 enim
1024 1462 1131 1502 non
1175 1446 1529 1513 resurgimus,
1557 1458 1688 1514 ergo
1717 1441 1966 1497 Christus
1992 1440 2161 1511 gratis

576 1552 825 1598 mortuus
852 1552 964 1610 est,
995 1558 1126 1613 ergo
1150 1540 1398 1597 Christus
1439 1555 1545 1594 non
1576 1536 1894 1592 resurrexit.
1929 1534 1987 1589 Si
2014 1535 2161 1590 enim

577 1635 734 1691 nobis
758 1649 863 1689 non
894 1634 1213 1694 resurrexit.
1241 1632 1427 1702 utique
1454 1645 1565 1685 non
1609 1626 2025 1696 resurrexitqui
2058 1624 2160 1680 sibi

575 1741 676 1783 cur
700 1734 1004 1797 resurgeret
1030 1741 1136 1779 non
1169 1725 1422 1780 habebat.
1467 1721 1784 1777 Resurrexit
1813 1720 1869 1774 in
1903 1733 1971 1774 eo
2000 1733 2160 1771 mun-

574 1816 695 1882 dus,
729 1816 1029 1871 resurrexit
1055 1816 1109 1869 in
1130 1830 1195 1870 eo
1220 1814 1439 1878 cadum,
1466 1810 1763 1866 resurrexit
1785 1809 1839 1863 in
1869 1823 1934 1863 eo
1963 1816 2108 1863 terra
2138 1823 2152 1860 :

2262 638 2447 678 eorum
2492 624 2766 690 Ecclesia,
2809 625 2864 679 in
2907 624 3196 696 Evangelio
3241 624 3484 682 Christus
3523 628 3697 687 invitat
3730 635 3795 689 di-

2262 729 2390 769 cens
2424 731 2437 767 :
2480 711 2658 768 Venite
2686 715 2756 768 ad
2787 732 2886 779 me,
2926 732 3103 769 omnes
3145 716 3232 785 qui
3269 715 3513 769 laboratis
3550 729 3594 771 et
3629 724 3797 776 onerati

2260 806 2405 869 estis,
2434 814 2484 859 et
2519 822 2611 874 ego
2642 822 2730 859 uos
2760 805 3012 874 reﬁciam.
3060 804 3249 859 Tollite
3279 804 3465 875 jugum
3494 823 3649 863 meum
3672 828 3799 882 super

2261 912 2369 959 vos,
2400 904 2446 948 et
2475 895 2658 948 discite
2685 913 2716 948 a
2742 912 2822 948 me
2862 896 2986 965 quia
3019 894 3157 948 mitis
3192 911 3307 948 sum
3349 905 3394 948 et
3439 895 3638 951 humilis
3671 902 3798 955 corde

2265 985 2481 1057 (Matth.
2507 1002 2584 1050 xr,
2616 986 2705 1049 28,
2736 986 2849 1055 29).
2886 1006 2904 1037 ι
2937 986 3001 1040 Ει
3033 986 3157 1039 item
3196 986 3250 1039 in
3283 1001 3529 1040 sermone
3554 990 3795 1057 Apostoli:

2262 1074 2500 1130 Christus
2537 1092 2629 1129 nos
2657 1076 2868 1128 redemit
2892 1075 2957 1129 de
2984 1074 3257 1128 maledicto
3280 1075 3406 1144 legis
3438 1074 3568 1145 (Gal.
3595 1093 3667 1142 ιιι,
3694 1078 3795 1150 l5):

2268 1186 2287 1220 ι
2327 1167 2635 1239 Sanguine,
2680 1168 2883 1237 inquit,
2929 1168 3166 1237 pretioso
3216 1168 3479 1233 redempti
3526 1170 3669 1229 estis.
3713 1186 3798 1227 non

2262 1262 2384 1331 agni
2426 1262 2612 1330 utique
2635 1301 2651 1325 ,
2697 1261 2790 1316 sed
2823 1262 2940 1331 ejus
2977 1261 3067 1329 qui
3103 1260 3515 1314 mansuetudine
3548 1270 3598 1315 et
3624 1262 3782 1317 humili

2264 1362 2375 1409 tate
2404 1362 2660 1422 tanquam
2690 1369 2862 1424 agnus
2889 1352 3128 1414 advenit,
3165 1359 3221 1406 et
3252 1359 3423 1406 totum
3454 1354 3688 1405 mundum
3714 1367 3798 1408 unt

2261 1445 2344 1503 sui
2394 1444 2638 1513 corporis
2686 1442 2864 1499 hostia
2898 1442 3176 1508 liberavit,
3218 1443 3361 1496 sicut
3399 1441 3509 1510 ipse
3546 1443 3651 1495 ait:
3679 1440 3798 1497 Sicut

2262 1553 2433 1609 agnus
2469 1517 2660 1592 ductus
2693 1550 2811 1591 sum
2852 1537 2918 1590 ad
2961 1534 3371 1590 immolandum.
3414 1533 3560 1589 Unde
3599 1543 3649 1588 et
3669 1515 3799 1589 Joh-

2261 1643 2360 1683 nes
2394 1628 2472 1683 ait
2510 1644 2525 1680 :
2565 1626 2702 1681 Ecce
2747 1644 2914 1696 agnus
2968 1625 3065 1680 Dei
3091 1664 3107 1690 ,
3154 1640 3270 1678 ecce
3320 1625 3410 1694 qui
3457 1624 3585 1679 tollit
3625 1634 3796 1694 peccata

2259 1719 2444 1772 mundi
2486 1717 2668 1790 (Joan.
2705 1733 2743 1781 ι,
2772 1717 2884 1785 29).
2929 1737 2948 1769 ι
3002 1716 3070 1770 Ει
3106 1716 3157 1769 in
3189 1713 3329 1769 libro
3368 1714 3433 1769 de
3474 1714 3798 1771 lncaruatioue

2261 1811 2475 1866 Domini
2530 1809 2667 1881 (cap.
2693 1808 2747 1880 6)
2791 1826 2805 1865 :
2846 1809 3120 1863 Didicistis
3149 1808 3341 1877 igitur,
3372 1808 3494 1877 quia
3519 1808 3796 1862 sacriﬁcium

574 1908 681 1964 erit
701 1908 845 1964 enim
874 1907 1072 1963 cmlum
1103 1922 1323 1971 novum,
1350 1913 1406 1959 et
1447 1914 1595 1959 terra
1640 1918 1799 1957 nova.
1834 1901 1948 1957 Sibi
1976 1907 2158 1955 autem
2194 1884 2236 1944 Β
2264 1901 2375 1958 Deo
2406 1910 2591 1957 nostro
2616 1901 2830 1956 obtulit.
2862 1900 2995 1954 Nam
3028 1915 3147 1971 qua:
3174 1907 3296 1953 erat
3327 1913 3486 1952 causa
3521 1898 3798 1952 incarnatio-

573 1999 664 2054 ubi
692 2007 810 2054 erat
840 1999 1147 2053 necessaria
1173 1996 1526 2060 resurrectio,
1549 2010 1710 2065 quem
1736 1993 1927 2048 mortis
1949 1990 2161 2047 vincula

572 2104 679 2145 non
704 2089 997 2144 tenebant?
1024 2087 1160 2143 Nam
1189 2097 1245 2143 et
1285 2089 1331 2143 si
1383 2087 1676 2142 secundum
1714 2085 1984 2139 hominem
2012 2099 2161 2137 mor-

573 2186 718 2246 tuus,
764 2179 818 2234 in
864 2180 996 2249 ipsis
1037 2189 1218 2234 tamen
1252 2187 1372 2233 erat
1417 2178 1555 2232 liber
1604 2174 1852 2231 infernis.
1897 2173 1991 2229 Vis
2018 2173 2161 2229 scire

572 2283 737 2339 quam
780 2267 949 2323 liber?
983 2264 1183 2321 Factus
1230 2284 1347 2321 sum
1388 2268 1521 2321 sicut
1552 2266 1704 2321 homo
1745 2265 1857 2319 sine
1894 2263 2159 2334 adjutorio

570 2357 710 2413 inter
738 2368 969 2411 mortuos
1008 2356 1137 2410 liber
1165 2354 1336 2427 (Psal.
1374 2372 1622 2420 Lxxxvn,
1659 2356 1736 2425 5).
1768 2373 1789 2407 ι
1818 2354 1884 2409 Et
1911 2363 2033 2424 post
2058 2353 2157 2407 ali-

572 2456 812 2517 quanta:
843 2467 860 2499 ι
891 2446 995 2502 Sed
1027 2463 1132 2501 non
1164 2447 1334 2502 solum
1377 2446 1743 2517 singulorum,
1772 2460 1961 2503 verum
1991 2445 2157 2501 etiam

574 2538 944 2592 universitatis
972 2536 1074 2591 ista
1102 2538 1355 2607 mysteria
1388 2546 1532 2592 sunt.
1561 2536 1799 2591 Adverte
1833 2536 1976 2590 enim
1999 2533 2159 2603 juxta

574 2636 757 2698 typum
797 2627 930 2698 legis
956 2628 1202 2682 ordinem
1230 2628 1439 2698 gratia}.
1465 2626 1602 2683 Cum
1645 2628 1768 2682 tuba
1812 2627 1987 2695 prima
2012 2625 2158 2681 ceci-

573 2719 738 2783 nerit,
766 2717 1068 2773 Orientales
1100 2729 1414 2789 congregat,
1439 2718 1594 2787 quasi
1633 2717 1929 2788 pracipuos
1957 2725 2013 2772 et
2045 2716 2159 2771 ele-

571 2818 709 2865 ctos.
742 2808 878 2864 Cum
920 2810 1182 2874 secunda,
1211 2811 1458 2880 supparis
1504 2810 1681 2864 meriti
1722 2810 1813 2879 qui
1859 2809 2157 2865 secundum

572 2898 837 2954 Libanum
863 2898 954 2953 siti
979 2898 1389 2968 dereliqueruut
1433 2899 1666 2954 ludibria
1695 2899 1992 2953 nationum.
2023 2897 2158 2955 Cum

573 2988 764 3053 tertia,
796 3004 889 3043 eos
912 2991 1003 3057 qui
1030 3000 1283 3058 tanquam
1314 2990 1368 3044 in
1399 2990 1534 3044 mari
1559 2990 1817 3059 exagitati
1841 2990 1996 3044 istius
2020 2989 2161 3045 freto

574 3081 799 3146 mundi,
842 3080 1023 3135 smeuli
1081 3079 1240 3150 hujus
1287 3080 1536 3137 ﬂuctibus
1580 3081 1986 3137 vacillaverunt.
2023 3080 2157 3136 Cum

574 3181 806 3243 quarta,
855 3171 975 3226 illos
1026 3172 1119 3241 qui
1166 3172 1300 3225 dura
1344 3172 1607 3226 mentium
1652 3186 1994 3241 nequaquam
2028 3172 2160 3226 satis

2261 1992 2366 2057 nis,
2395 1992 2495 2046 nisi
2526 2000 2584 2046 ut
2607 2006 2734 2047 caro
2758 2008 2877 2060 quae
2907 1998 3232 2061 peccaverat
3257 2005 3353 2060 per
3380 2004 3439 2043 se
3464 1986 3797 2043 redimeretur?

2261 2080 2413 2148 Quod
2443 2089 2767 2150 peccaverat
2794 2080 2957 2149 igitur
2987 2082 3090 2135 hoc
3116 2080 3454 2148 redemptum
3484 2085 3580 2133 est.
3617 2076 3714 2131 Non
3736 2085 3798 2130 est

2261 2189 2391 2243 ergo
2432 2172 2707 2228 immolata
2737 2173 2994 2227 divinitas
3020 2171 3210 2236 Verbi,
3245 2172 3372 2241 quia
3397 2187 3499 2224 non
3529 2178 3797 2241 peccaverat

2260 2267 2513 2324 divinitas
2541 2267 2723 2323 Verbi.
2752 2286 2771 2320 ι
2816 2267 2879 2322 Ει
2910 2268 3039 2322 item
3067 2268 3206 2337 (cap.
3239 2267 3295 2336 7)
3328 2284 3343 2320 :
3383 2285 3401 2318 ι
3434 2264 3563 2319 Illud
3590 2279 3702 2334 ergo
3724 2275 3796 2332 pro

2259 2360 2415 2415 nobis
2438 2359 2694 2428 suscepit,
2723 2358 2865 2428 quod
2900 2358 2954 2412 in
2982 2358 3138 2413 nobis
3164 2356 3403 2427 amplius
3427 2355 3794 2426 periclitabatur.

2260 2449 2397 2517 Quid
2446 2460 2625 2505 autem
2667 2438 2887 2518 prodest
2929 2449 3061 2503 mihi
3089 2487 3105 2513 ,
3149 2448 3195 2502 si
3238 2457 3411 2503 totum
3445 2463 3529 2502 me
3558 2462 3656 2501 non
3682 2443 3796 2498 rede

2259 2540 2398 2594 mit?
2441 2538 2546 2594 Sed
2580 2548 2752 2594 totum
2784 2554 2871 2594 me
2901 2538 3152 2611 redemit,
3181 2538 3280 2607 qui
3308 2538 3384 2592 ait
3412 2554 3424 2591 :
3459 2536 3796 2603 Mihiiudigntt-

2260 2633 2387 2689 mini
2429 2633 2557 2704 quia
2605 2642 2771 2686 totum
2819 2633 3080 2686 hominem
3129 2647 3324 2684 sanum
3374 2630 3471 2699 feci
3517 2630 3567 2683 in
3609 2627 3791 2683 Subban

2261 2725 2445 2798 (Joan.
2476 2739 2575 2789 vn,
2607 2724 2736 2791 23)?
2782 2723 2975 2779 Totum
3003 2723 3263 2789 redemit,
3294 2722 3418 2792 quia
3446 2722 3497 2776 in
3524 2721 3679 2775 virum
3702 2731 3795 2785 per-

2260 2814 2463 2870 fectum
2492 2813 2665 2869 lidelis
2687 2829 2793 2867 non
2819 2828 2884 2867 ex
2909 2822 3062 2883 parte
3094 2812 3187 2866 sed
3213 2820 3362 2866 totus
3389 2810 3623 2879 resurgit.
3647 2827 3665 2859 ι
3688 2805 3792 2861 Sunt

2261 2906 2391 2962 hinc
2420 2912 2474 2959 et
2510 2903 2829 2974 quamplura
2864 2903 3172 2958 testimonia
3202 2902 3261 2956 in
3289 2901 3440 2957 libris
3470 2901 3615 2954 istius
3649 2899 3792 2952 docto-

2262 2996 2360 3061 ris,
2391 2996 2444 3051 in
2472 2995 2612 3050 libro
2638 2995 2847 3050 scilicet
2878 2995 2944 3049 de
2977 2994 3258 3049 Abraham
3291 3002 3346 3048 et
3380 2993 3444 3048 de
3469 2984 3604 3061 Fuga
3628 2986 3789 3051 seaculi,

2262 3085 2330 3140 de
2359 3084 2510 3140 Isaae
2535 3096 2594 3140 et
2621 3085 2839 3150 Anima,
2864 3084 2932 3139 de
2953 3082 3121 3139 Jacob
3144 3094 3199 3139 et
3235 3086 3357 3141 Vita
3388 3084 3561 3149 beata,
3588 3082 3646 3137 de
3677 3079 3791 3133 Bono

2264 3177 2479 3241 mortis,
2516 3184 2570 3231 et
2595 3175 2716 3231 aliis
2761 3174 2877 3245 ejus
2920 3176 3200 3246 operibus,
3247 3192 3367 3247 quae
3386 3163 3499 3239 ‘hic,
3542 3189 3606 3229 ne
3641 3167 3789 3226 lectori

572 3266 851 3339 potuerint
873 3264 1071 3332 eloquii
1101 3262 1360 3333 spiritalis
1389 3263 1909 3333 mollireprtecepto.
1935 3264 2056 3318 Ideo
2080 3279 2161 3319 se-
2188 3242 2233 3305 (ἶ
2265 3268 2662 3332 increscereut,
2690 3242 3071 3336 quoniam—illa
3103 3268 3156 3320 in
3184 3242 3304 3322 suis
3329 3266 3458 3322 locis
3493 3262 3714 3335 prtevalet
3734 3260 3791 3314 in-

572 3357 806 3412 eundum
831 3353 1061 3411 Boream
1090 3354 1268 3408 vocati
1298 3362 1444 3409 sunt.
1476 3354 1677 3408 Boreas
1698 3353 1841 3406 enim
1861 3355 2157 3409 secundum

574 3445 918 3502 Salomonem
939 3446 1106 3500 durus
1123 3454 1206 3500 est
1228 3453 1439 3500 ventus.
1462 3444 1649 3515 Itaque
1662 3444 1787 3498 licet
1809 3445 1862 3499 in
1886 3455 2158 3501 momento

575 3538 967 3594 resuscitemur
988 3552 1400 3601 omnes,omnes
1426 3545 1605 3590 tamen
1633 3537 1947 3599 meritorum
1968 3539 2159 3594 ordine

575 3626 741 3696 259
772 3627 1124 3681 suscitantur.
1153 3625 1221 3680 Et
1243 3624 1363 3680 ideo
1392 3626 1552 3695 primi
1579 3635 1886 3696 resurgunt,
1917 3628 2010 3695 qui
2041 3643 2158 3681 ma-

577 3718 685 3771 turi
717 3717 1020 3771 devotionis
1047 3732 1297 3781 occursu,
1327 3726 1384 3772 et
1411 3719 1641 3785 quodam
1671 3717 2003 3771 antelucana:
2033 3718 2157 3774 lidei

573 3817 767 3866 exortu
797 3809 1148 3878 prodeuntes,
1182 3807 1324 3863 Solis
1364 3808 1554 3862 aeterni
1598 3807 1778 3863 radios
1816 3817 2154 3878 receperunt.

573 3898 729 3967 Quod
753 3899 837 3953 vel
866 3898 933 3952 de
961 3898 1286 3969 patriarchis
1316 3896 1473 3966 juxta
1505 3898 1717 3953 Veteris
1747 3899 1943 3953 seriem
1970 3899 2157 3955 Testa-

573 3991 765 4056 menti,
792 3991 875 4046 vel
894 3990 962 4047 de
983 3991 1238 4061 apostolis
1256 3989 1413 4058 juxta
1440 3990 1788 4061 Evangelium
1810 3989 1935 4060 jure
1956 4008 2160 4047 memo—

574 4082 830 4138 raverim.
864 4080 1101 4138 Secundi
1134 4094 1313 4137 autem
1337 4122 1352 4147 ,
1399 4082 1492 4151 qui
1524 4082 1684 4137 ritum
1722 4083 1960 4150 gentium
1994 4083 2159 4138 relin-

572 4182 819 4245 quentes,
855 4175 924 4229 ab
947 4188 1136 4229 errore
1164 4172 1428 4243 sacrilego
1458 4174 1791 4230 transierunt
1820 4174 1875 4231 in
1903 4173 2159 4230 Ecclesia:

573 4266 935 4335 disciplinam.
988 4266 1056 4320 Et
1090 4266 1209 4322 ideo
1246 4266 1320 4321 illi
1352 4267 1512 4337 primi
1553 4283 1622 4321 ex
1655 4267 1923 4337 patribus,
1954 4268 2045 4324 isti
2075 4282 2159 4325 sc-

572 4359 732 4414 cundi
768 4374 834 4413 ex
863 4358 1136 4429 gentibus.
1181 4358 1264 4413 Ab
1294 4358 1400 4412 illis
1436 4359 1581 4414 enim
1612 4358 1701 4413 lux
1730 4358 1856 4414 ﬁdei
1884 4361 2071 4432 erepit,
2101 4359 2159 4417 in

573 4448 692 4504 istis
740 4465 912 4520 usque
964 4453 1034 4506 ad
1087 4453 1271 4507 mundi
1319 4468 1573 4508 occasum
1623 4468 1872 4525 suscepta
1921 4456 2156 4511 durabit.

577 4539 749 4594 'l'ertii
784 4543 1140 4608 suscitantur,
1191 4545 1283 4615 qui
1332 4544 1403 4600 ab
1447 4546 1647 4601 Austro
1689 4555 1743 4601 et
1785 4546 1856 4602 ab
1892 4547 2157 4619 Aquilone

574 4641 722 4687 sunt.
762 4634 855 4688 His
889 4646 1126 4705 quatuor
1173 4646 1319 4692 terra
1375 4640 1743 4711 distinguitur,
1794 4641 1879 4696 his
1925 4652 2157 4712 quatuor

572 4737 748 4781 annus
777 4726 1089 4793 includitur,
1119 4728 1204 4783 his
1233 4738 1468 4799 quatuor
1496 4732 1727 4787 numdus
1754 4732 2036 4802 impletur,
2068 4732 2157 4788 his

575 4828 811 4891 quatuor
856 4817 1095 4873 Ecclesia
1147 4830 1524 4892 congregatur.
1578 4820 1777 4878 Omnes
1826 4824 1971 4878 enim
1999 4863 2015 4889 ,
2064 4822 2156 4892 qui

571 4920 934 4968 sacrosanctae
970 4909 1223 4965 Ecclesia:
1252 4912 1487 4981 copulati
1522 4913 1686 4969 divini
1713 4915 1947 4970 nominis
1975 4915 2158 4986 appel-

574 5005 776 5061 latione
824 5013 1135 5069 censentur,
1181 5006 1596 5076 praerogativam
1643 5008 2055 5063 resurrectionis
2102 5017 2158 5064 et

573 5094 947 5152 delectationis
970 5103 1184 5150 atterunt
1203 5096 1434 5166 gratiam
1456 5107 1874 5168 consequentur,
1898 5100 2155 5169 quoniam

571 5182 790 5243 venient
817 5190 887 5243 ab
912 5187 1135 5243 Oriente
1179 5197 1236 5244 et
1280 5188 1591 5254 Occidente,
1630 5200 1686 5244 et
1714 5190 1782 5245 ab
1810 5191 2074 5261 Aquilone
2103 5201 2160 5249 et

569 5280 795 5346 Austro,
825 5289 879 5335 et
924 5281 1242 5337 recumbent
1279 5280 1334 5336 in
1372 5296 1541 5351 regno
1569 5281 1684 5336 Dei.
1724 5281 1839 5336 Non
1870 5284 2013 5339 enim
2045 5284 2158 5339 exi-

572 5389 677 5445 gua
751 5374 1011 5429 mundum
1081 5389 1238 5430 suum
1299 5374 1545 5430 Christus
1595 5373 1716 5429 luce
1759 5374 2155 5444 complectitur,

574 5466 1013 5535 quandoquidem
1043 5483 1076 5518 a
1111 5482 1318 5523 summa
1364 5465 1493 5522 caelo
1537 5467 1759 5536 egressio
1783 5465 1931 5535 ejus,
1975 5476 2024 5523 et
2069 5482 2156 5519 oc-

572 5572 759 5611 cursus
796 5558 914 5628 ejus
957 5574 1118 5623 usque
1157 5557 1227 5612 ad
1270 5574 1532 5612 sumntum
1563 5556 1677 5626 ejus
1700 5596 1716 5620 ,
1746 5573 1839 5610 nec
1866 5566 1943 5611 est
1978 5557 2068 5627 qui
2108 5574 2162 5612 se

578 5651 867 5707 abscondat
908 5670 943 5708 α
986 5653 1159 5708 calore
1203 5652 1319 5721 ejus
1368 5650 1558 5724 (Psal.
1605 5666 1757 5716 xvnt,
1810 5652 1903 5724 7).
1961 5650 2163 5707 Omnes

574 5745 722 5804 enim
767 5746 1035 5817 benignus
1090 5745 1353 5810 illustrat,
1398 5760 1500 5801 nec
1551 5745 1788 5802 refutare
1821 5746 2016 5811 levem,
2066 5745 2160 5802 sed

572 5836 867 5895 emendare
918 5836 1035 5892 vult
1084 5853 1099 5892 :
1151 5850 1255 5892 nec
1305 5835 1595 5905 excludere
1646 5837 1836 5892 durum
1897 5836 2155 5902 Ecclesia,

2260 3358 2471 3423 venire,
2499 3358 2806 3413 distulimus
2833 3352 2997 3411 causa
3026 3358 3335 3426 compendii
3366 3369 3576 3427 ponere.

2332 3448 2566 3504 Sanetus
2593 3463 2724 3504 vero
2759 3446 2999 3503 Joannes
3035 3445 3459 3517 Cbrysostomus
3503 3447 3554 3501 in
3601 3445 3790 3497 tractatu

2260 3539 2511 3609 Epistulae
2553 3538 2621 3593 ad
2667 3538 2922 3593 Hebraeos
2965 3538 3041 3592 ita
3081 3537 3217 3593 dicit
3258 3552 3273 3591 :
3311 3558 3330 3590 ι
3363 3535 3556 3592 Deinde
3582 3528 3787 3593 ostendit,

2260 3630 2511 3699 inquiens
2532 3668 2547 3693 ,
2588 3628 2843 3698 quoniam
2873 3627 3042 3699 gloria
3073 3628 3241 3699 260
3281 3638 3337 3683 et
3373 3628 3538 3683 bonor
3571 3638 3685 3680 crux
3708 3624 3788 3681 est,

2261 3720 2402 3775 sicut
2431 3718 2543 3788 ipse
2567 3734 2687 3772 eam
2715 3733 2929 3788 semper
2962 3729 3120 3773 vocat
3156 3718 3347 3773 dicens
3378 3732 3392 3771 :
3426 3715 3488 3791 Ut
3524 3712 3789 3787 glori/iretur

2259 3809 2401 3879 ﬁlius
2449 3809 2675 3863 hominis
2726 3807 2910 3880 (Joan.
2962 3825 3043 3875 x1,
3076 3808 3183 3879 14).
3246 3809 3305 3865 Si
3352 3808 3438 3864 ille
3484 3821 3544 3862 ea
3586 3818 3689 3874 quae
3714 3810 3788 3867 PN

2260 3899 2433 3955 servis
2474 3915 2668 3970 passus
2713 3908 2798 3954 est
2845 3899 3070 3971 gloriam
3117 3909 3296 3964 vocat,
3331 3899 3495 3953 multo
3522 3893 3787 3964 ampliustu

2260 4008 2380 4063 quae
2408 4009 2507 4064 pro
2531 3992 2759 4048 Domino
2788 3992 3012 4061 pateris.
3045 3990 3210 4047 Vides
3235 3992 3412 4048 crucis
3442 3989 3635 4055 fructus
3656 3993 3787 4053 quan-

2262 4094 2350 4143 tus
2377 4087 2466 4143 sit.
2520 4085 2708 4145 Timeo
2742 4099 2871 4155 ergo
2899 4086 3040 4141 banc
3068 4084 3226 4139 rem?
3275 4082 3452 4139 Triste
3500 4078 3693 4151 quidem
3717 4066 3790 4125 tibi

2260 4177 2496 4242 videtur,
2532 4177 2626 4232 sed
2670 4177 2856 4232 decem
2901 4175 3069 4231 millia
3113 4182 3342 4246 generat
3386 4174 3542 4229 bona.
3589 4160 3790 4224 Ostendit

2260 4271 2424 4328 etiam
2452 4285 2520 4326 ex
2552 4270 2654 4325 hoc
2684 4269 2998 4325 tentationis
3029 4268 3345 4335 utilitatem,
3380 4267 3454 4322 ita
3481 4264 3668 4323 dicens,
3693 4268 3790 4324 qua-

2261 4363 2386 4421 liter
2431 4363 2605 4433 gratia
2654 4361 2748 4416 Dei
2790 4377 2889 4431 pro
2946 4361 3199 4415 omnibus
3248 4358 3541 4431 gustaverit
3584 4358 3787 4407 mortem.

2262 4453 2522 4522 Qualiter,
2553 4452 2744 4523 inquit,
2774 4451 2948 4521 gratia
2989 4451 3117 4505 Dei?
3162 4449 3231 4504 Et
3259 4450 3346 4505 ille
3381 4448 3588 4519 quidem
3615 4444 3791 4513 ρτοριετ

2264 4544 2355 4599 Dei
2386 4545 2614 4614 gratiam
2634 4522 2762 4612 qua:
2790 4542 2944 4596 nobis
2972 4543 3095 4595 data
3124 4548 3208 4595 est
3246 4541 3362 4595 hac
3385 4551 3567 4610 passus
3591 4540 3683 4587 est.
3711 4522 3790 4614 illi

2258 4612 2503 4711 proprio,
2550 4632 2749 4702 inquit,
2796 4630 2939 4685 Filio
2978 4648 3082 4685 non
3121 4631 3389 4701 pepercit,
3431 4626 3519 4683 sed
3556 4638 3641 4696 pro
3676 4612 3790 4672 nobis

2260 4726 2499 4782 omnibus
2521 4724 2741 4779 tradidit
2771 4723 2919 4776 illum
2952 4720 3126 4792 (Rom.
3155 4736 3269 4784 vm,
3299 4720 3411 4792 5'2).
3440 4715 3593 4784 Cuius
3615 4711 3681 4766 rei
3701 4719 3791 4777 gra-

2261 4816 2370 4871 tia?
2399 4831 2504 4870 non
2536 4814 2679 4869 enim
2710 4812 3046 4868 debebantur
3076 4812 3190 4866 haec
3216 4810 3386 4873 nobis,
3420 4808 3509 4864 sed
3535 4802 3687 4877 gratia
3714 4798 3790 4850 hoc

2258 4905 2408 4962 fecit.
2446 4905 2514 4960 Et
2552 4906 2747 4959 iterum
2777 4904 2960 4958 dixit:
2993 4902 3159 4957 Multo
3198 4903 3363 4972 magis
3405 4898 3570 4975 gratia
3608 4890 3722 4951 Dei,
3754 4892 3789 4937 ει

2258 5002 2457 5057 donum
2488 5000 2643 5054 unius
2670 4998 2894 5053 hominis
2925 4996 3051 5051 Jesu
3083 4994 3276 5050 Christi
3310 4997 3363 5048 in
3394 4994 3573 5047 multos
3600 4978 3789 5039 abunda-

2260 5093 2331 5147 vit
2380 5091 2559 5164 (Rom.
2591 5106 2645 5157 v,
2678 5089 2763 5159 l5)
2791 5105 2805 5155 ;
2844 5089 3078 5159 qualiter
3110 5087 3282 5158 gratia
3315 5084 3407 5140 Dei
3444 5097 3542 5155 pro
3583 5072 3789 5164 omnibus:

2260 5156 2557 5253 gustaverit
2603 5156 2833 5236 mortem
2860 5156 2888 5234 —:
2922 5196 3030 5234 non
3075 5156 3172 5249 pro
3206 5177 3450 5232 ﬁdelibus
3483 5156 3790 5253 tantundem!

2259 5251 2360 5344 pro
2391 5273 2591 5328 mundo
2635 5273 2908 5327 universo.
2954 5272 3024 5327 Et
3053 5271 3166 5341 ipse
3204 5269 3417 5338 quidem
3462 5278 3556 5335 pro
3583 5251 3788 5344 omnibus

2262 5374 2505 5422 mortuus
2551 5374 2656 5419 est.
2707 5365 2846 5431 Quid
2895 5373 3075 5419 autem
3116 5363 3161 5418 si
3202 5376 3309 5416 nun
3351 5371 3530 5414 omnes
3570 5334 3786 5406 creduit”

2242 5459 2354 5514 “ille
2382 5460 2525 5528 quod
2556 5474 2712 5513 suum
2741 5468 2858 5513 erat
2887 5458 3147 5528 implevit.
3191 5456 3259 5509 Et
3284 5452 3494 5525 proprie
3517 5443 3639 5503 dixit
3663 5453 3674 5491 :
3701 5432 3784 5486 Ρη)

2263 5553 2501 5607 omnibus
2542 5553 2765 5622 gustavit
2808 5561 3047 5607 mortem.
3088 5549 3204 5604 Non
3241 5547 3374 5602 dixit
3401 5561 3416 5597 ε
3446 5541 3509 5596 Ut
3533 5531 3780 5622 moriatur;

2265 5660 2451 5701 revera
2483 5646 2627 5700 enim
2654 5645 2811 5700 sicuti
2841 5646 2932 5716 qui
2963 5652 3162 5715 gustat,
3195 5641 3271 5696 sic
3305 5638 3461 5692 breve
3493 5617 3781 5716 intervallum

2266 5743 2320 5799 in
2345 5743 2435 5798 illa
2458 5741 2663 5798 faciens
2687 5741 2972 5797 confestim
2996 5739 3252 5795 surrexit.
3281 5754 3300 5788 ι
3329 5733 3396 5789 Et
3416 5731 3538 5786 item
3606 5738 3623 5771 ι

2266 5835 2535 5891 constituit
2576 5836 2835 5890 hcrredem
2880 5835 3109 5890 omnium
3141 5848 3159 5886 .'
3188 5831 3274 5887 hic
3302 5836 3508 5885 carnem
3542 5807 3779 5886 signiﬁcat-
