  <div class='ocr_page' id='page_1' title='image "/cluster/home/n/w/nwhite01/storage/ocr_20150623/125/hvd.32044015471667/168.png"; bbox 0 0 3992 6336; ppageno 0'>
   <div class='ocr_carea' id='block_1_1' title="bbox 146 352 247 415">
    <p class='ocr_par' dir='ltr' id='par_1_1' title="bbox 146 352 247 415">
     <span class='ocr_line' id='line_1_1' title="bbox 146 352 247 415; baseline 0.01 -1"><span class='ocrx_word' id='word_1_1' title='bbox 146 352 247 415; x_wconf 68' lang='grc' dir='ltr'><strong>3ὶὸ</strong></span> 
     </span>
    </p>
   </div>
   <div class='ocr_carea' id='block_1_2' title="bbox 876 345 2609 411">
    <p class='ocr_par' dir='ltr' id='par_1_2' title="bbox 876 345 2609 411">
     <span class='ocr_line' id='line_1_2' title="bbox 876 345 2609 411; baseline -0.002 -2"><span class='ocrx_word' id='word_1_2' title='bbox 876 355 964 410; x_wconf 78' lang='lat' dir='ltr'><strong>DE</strong></span> <span class='ocrx_word' id='word_1_3' title='bbox 1000 346 1672 411; x_wconf 56' lang='lat' dir='ltr'><strong>PBEDESTINATIONE</strong></span> <span class='ocrx_word' id='word_1_4' title='bbox 1706 345 2165 406; x_wconf 77' lang='lat' dir='ltr'><strong>DISSERTATIO</strong></span> <span class='ocrx_word' id='word_1_5' title='bbox 2204 345 2609 408; x_wconf 75' lang='lat' dir='ltr'><strong>POSTERIOR.</strong></span> 
     </span>
    </p>
   </div>
   <div class='ocr_carea' id='block_1_3' title="bbox 3288 357 3395 415">
    <p class='ocr_par' dir='ltr' id='par_1_3' title="bbox 3288 357 3395 415">
     <span class='ocr_line' id='line_1_3' title="bbox 3288 357 3395 415; baseline -0.019 0"><span class='ocrx_word' id='word_1_6' title='bbox 3288 357 3395 415; x_wconf 65' lang='lat'><strong>326</strong></span> 
     </span>
    </p>
   </div>
   <div class='ocr_carea' id='block_1_4' title="bbox 151 458 3395 541">
    <p class='ocr_par' dir='ltr' id='par_1_4' title="bbox 151 458 3395 541">
     <span class='ocr_line' id='line_1_4' title="bbox 151 458 3395 541; baseline 0 -14"><span class='ocrx_word' id='word_1_7' title='bbox 151 473 292 528; x_wconf 89' lang='lat' dir='ltr'><strong>Sicut</strong></span> <span class='ocrx_word' id='word_1_8' title='bbox 318 469 477 524; x_wconf 84' lang='lat' dir='ltr'><strong>etiam</strong></span> <span class='ocrx_word' id='word_1_9' title='bbox 509 467 563 522; x_wconf 92' lang='lat' dir='ltr'><strong>in</strong></span> <span class='ocrx_word' id='word_1_10' title='bbox 594 466 832 541; x_wconf 78' lang='lat' dir='ltr'><strong>secundo</strong></span> <span class='ocrx_word' id='word_1_11' title='bbox 871 465 1079 536; x_wconf 84' lang='lat' dir='ltr'><strong>psalmo</strong></span> <span class='ocrx_word' id='word_1_12' title='bbox 1121 465 1360 520; x_wconf 77' lang='lat' dir='ltr'><strong>dicitur:</strong></span> <span class='ocrx_word' id='word_1_13' title='bbox 1394 461 1521 517; x_wconf 90' lang='lat' dir='ltr'><strong>Pete</strong></span> <span class='ocrx_word' id='word_1_14' title='bbox 1550 479 1581 516; x_wconf 91' lang='lat' dir='ltr'><strong>a</strong></span> <span class='ocrx_word' id='word_1_15' title='bbox 1610 475 1714 523; x_wconf 85' lang='lat' dir='ltr'><strong>me,</strong></span> <span class='ocrx_word' id='word_1_16' title='bbox 1742 458 1795 518; x_wconf 83' lang='lat' dir='ltr'><strong>A</strong></span> <span class='ocrx_word' id='word_1_17' title='bbox 1820 459 1942 513; x_wconf 94' lang='lat' dir='ltr'><strong>tulit</strong></span> <span class='ocrx_word' id='word_1_18' title='bbox 1962 500 1978 527; x_wconf 88' lang='lat'><strong>,</strong></span> <span class='ocrx_word' id='word_1_19' title='bbox 2008 470 2228 531; x_wconf 77' lang='lat' dir='ltr'><strong>propter</strong></span> <span class='ocrx_word' id='word_1_20' title='bbox 2275 466 2415 535; x_wconf 88' lang='lat' dir='ltr'><strong>quod</strong></span> <span class='ocrx_word' id='word_1_21' title='bbox 2441 466 2749 522; x_wconf 91' lang='lat' dir='ltr'><strong>noluerunt.</strong></span> <span class='ocrx_word' id='word_1_22' title='bbox 2786 464 2924 534; x_wconf 85' lang='lat' dir='ltr'><strong>Quid</strong></span> <span class='ocrx_word' id='word_1_23' title='bbox 2950 476 3128 523; x_wconf 85' lang='lat' dir='ltr'><strong>autem</strong></span> <span class='ocrx_word' id='word_1_24' title='bbox 3152 478 3231 527; x_wconf 90' lang='lat' dir='ltr'><strong>est</strong></span> <span class='ocrx_word' id='word_1_25' title='bbox 3262 469 3395 527; x_wconf 82' lang='lat' dir='ltr'><strong>Pec-</strong></span> 
     </span>
    </p>
   </div>
   <div class='ocr_carea' id='block_1_5' title="bbox 148 551 1716 629">
    <p class='ocr_par' dir='ltr' id='par_1_5' title="bbox 148 551 1716 629">
     <span class='ocr_line' id='line_1_5' title="bbox 148 551 1716 629; baseline -0.008 -12"><span class='ocrx_word' id='word_1_26' title='bbox 148 558 332 629; x_wconf 88' lang='lat' dir='ltr'><strong>inquit,</strong></span> <span class='ocrx_word' id='word_1_27' title='bbox 361 556 496 610; x_wconf 82' lang='lat' dir='ltr'><strong>dabo</strong></span> <span class='ocrx_word' id='word_1_28' title='bbox 536 556 628 611; x_wconf 92' lang='lat' dir='ltr'><strong>tibi</strong></span> <span class='ocrx_word' id='word_1_29' title='bbox 665 565 838 625; x_wconf 78' lang='lat' dir='ltr'><strong>gentes</strong></span> <span class='ocrx_word' id='word_1_30' title='bbox 870 555 1223 609; x_wconf 65' lang='lat' dir='ltr'><strong>hereditatem</strong></span> <span class='ocrx_word' id='word_1_31' title='bbox 1261 564 1425 607; x_wconf 85' lang='lat' dir='ltr'><strong>tuam.</strong></span> <span class='ocrx_word' id='word_1_32' title='bbox 1466 551 1581 605; x_wconf 84' lang='lat' dir='ltr'><strong>Non</strong></span> <span class='ocrx_word' id='word_1_33' title='bbox 1601 551 1716 619; x_wconf 89' lang='lat' dir='ltr'><strong>jam</strong></span> 
     </span>
    </p>
   </div>
   <div class='ocr_carea' id='block_1_6' title="bbox 149 640 1718 719">
    <p class='ocr_par' dir='ltr' id='par_1_6' title="bbox 149 640 1718 719">
     <span class='ocr_line' id='line_1_6' title="bbox 149 640 1718 719; baseline -0.004 -17"><span class='ocrx_word' id='word_1_34' title='bbox 149 648 312 719; x_wconf 89' lang='lat' dir='ltr'><strong>portio</strong></span> <span class='ocrx_word' id='word_1_35' title='bbox 343 645 551 700; x_wconf 82' lang='lat' dir='ltr'><strong>Domini</strong></span> <span class='ocrx_word' id='word_1_36' title='bbox 581 653 788 698; x_wconf 91' lang='lat' dir='ltr'><strong>tantum</strong></span> <span class='ocrx_word' id='word_1_37' title='bbox 818 644 1002 708; x_wconf 89' lang='lat' dir='ltr'><strong>Jacob,</strong></span> <span class='ocrx_word' id='word_1_38' title='bbox 1035 652 1090 698; x_wconf 85' lang='lat' dir='ltr'><strong>et</strong></span> <span class='ocrx_word' id='word_1_39' title='bbox 1117 659 1243 713; x_wconf 89' lang='lat' dir='ltr'><strong>pars</strong></span> <span class='ocrx_word' id='word_1_40' title='bbox 1268 644 1385 713; x_wconf 83' lang='lat' dir='ltr'><strong>ejus</strong></span> <span class='ocrx_word' id='word_1_41' title='bbox 1408 641 1593 705; x_wconf 85' lang='lat' dir='ltr'><strong>lsrael,</strong></span> <span class='ocrx_word' id='word_1_42' title='bbox 1622 640 1718 695; x_wconf 88' lang='lat' dir='ltr'><strong>sed</strong></span> 
     </span>
    </p>
   </div>
   <div class='ocr_carea' id='block_1_7' title="bbox 148 731 1718 807">
    <p class='ocr_par' dir='ltr' id='par_1_7' title="bbox 148 731 1718 807">
     <span class='ocr_line' id='line_1_7' title="bbox 148 731 1718 807; baseline -0.004 -13"><span class='ocrx_word' id='word_1_43' title='bbox 148 751 324 794; x_wconf 87' lang='lat' dir='ltr'><strong>omnes</strong></span> <span class='ocrx_word' id='word_1_44' title='bbox 355 736 605 807; x_wconf 87' lang='lat' dir='ltr'><strong>protinus</strong></span> <span class='ocrx_word' id='word_1_45' title='bbox 636 735 904 796; x_wconf 88' lang='lat' dir='ltr'><strong>nationes,</strong></span> <span class='ocrx_word' id='word_1_46' title='bbox 930 734 1033 790; x_wconf 90' lang='lat' dir='ltr'><strong>hoc</strong></span> <span class='ocrx_word' id='word_1_47' title='bbox 1062 742 1166 797; x_wconf 88' lang='lat' dir='ltr'><strong>est,</strong></span> <span class='ocrx_word' id='word_1_48' title='bbox 1196 731 1390 786; x_wconf 88' lang='lat' dir='ltr'><strong>Filium</strong></span> <span class='ocrx_word' id='word_1_49' title='bbox 1436 732 1718 787; x_wconf 87' lang='lat' dir='ltr'><strong>Dominum</strong></span> 
     </span>
    </p>
   </div>
   <div class='ocr_carea' id='block_1_8' title="bbox 146 821 1719 883">
    <p class='ocr_par' dir='ltr' id='par_1_8' title="bbox 146 821 1719 883">
     <span class='ocr_line' id='line_1_8' title="bbox 146 821 1719 883; baseline -0.004 0"><span class='ocrx_word' id='word_1_50' title='bbox 146 826 410 883; x_wconf 83' lang='lat' dir='ltr'><strong>constituit</strong></span> <span class='ocrx_word' id='word_1_51' title='bbox 438 827 834 881; x_wconf 85' lang='lat' dir='ltr'><strong>universorum.</strong></span> <span class='ocrx_word' id='word_1_52' title='bbox 876 826 983 881; x_wconf 86' lang='lat' dir='ltr'><strong>Sed</strong></span> <span class='ocrx_word' id='word_1_53' title='bbox 1009 825 1173 880; x_wconf 89' lang='lat' dir='ltr'><strong>etiam</strong></span> <span class='ocrx_word' id='word_1_54' title='bbox 1200 834 1256 879; x_wconf 90' lang='lat' dir='ltr'><strong>et</strong></span> <span class='ocrx_word' id='word_1_55' title='bbox 1287 824 1340 878; x_wconf 88' lang='lat' dir='ltr'><strong>in</strong></span> <span class='ocrx_word' id='word_1_56' title='bbox 1371 823 1592 878; x_wconf 80' lang='lat' dir='ltr'><strong>Actibus</strong></span> <span class='ocrx_word' id='word_1_57' title='bbox 1621 821 1719 876; x_wconf 85' lang='lat' dir='ltr'><strong>Pe-</strong></span> 
     </span>
    </p>
   </div>
   <div class='ocr_carea' id='block_1_9' title="bbox 149 915 1720 988">
    <p class='ocr_par' dir='ltr' id='par_1_9' title="bbox 149 915 1720 988">
     <span class='ocr_line' id='line_1_9' title="bbox 149 915 1720 988; baseline -0.004 -15"><span class='ocrx_word' id='word_1_58' title='bbox 149 929 252 973; x_wconf 90' lang='lat' dir='ltr'><strong>trus</strong></span> <span class='ocrx_word' id='word_1_59' title='bbox 273 918 533 988; x_wconf 73' lang='lat' dir='ltr'><strong>loQuitur,</strong></span> <span class='ocrx_word' id='word_1_60' title='bbox 556 919 740 974; x_wconf 88' lang='lat' dir='ltr'><strong>dicens</strong></span> <span class='ocrx_word' id='word_1_61' title='bbox 770 937 783 973; x_wconf 88' lang='lat'><strong>:</strong></span> <span class='ocrx_word' id='word_1_62' title='bbox 813 917 880 972; x_wconf 87' lang='lat' dir='ltr'><strong>Et</strong></span> <span class='ocrx_word' id='word_1_63' title='bbox 912 919 1192 983; x_wconf 83' lang='lat' dir='ltr'><strong>Dominum</strong></span> <span class='ocrx_word' id='word_1_64' title='bbox 1218 934 1357 981; x_wconf 88' lang='lat' dir='ltr'><strong>eum,</strong></span> <span class='ocrx_word' id='word_1_65' title='bbox 1380 927 1426 970; x_wconf 92' lang='lat' dir='ltr'><strong>et</strong></span> <span class='ocrx_word' id='word_1_66' title='bbox 1454 915 1720 970; x_wconf 77' lang='lat' dir='ltr'><strong>Christum</strong></span> 
     </span>
    </p>
   </div>
   <div class='ocr_carea' id='block_1_10' title="bbox 148 1006 1721 1080">
    <p class='ocr_par' dir='ltr' id='par_1_10' title="bbox 148 1006 1721 1080">
     <span class='ocr_line' id='line_1_10' title="bbox 148 1006 1721 1080; baseline -0.001 -17"><span class='ocrx_word' id='word_1_67' title='bbox 148 1011 256 1080; x_wconf 77' lang='lat' dir='ltr'><strong>fecit</strong></span> <span class='ocrx_word' id='word_1_68' title='bbox 278 1009 421 1064; x_wconf 88' lang='lat' dir='ltr'><strong>Deus</strong></span> <span class='ocrx_word' id='word_1_69' title='bbox 448 1010 587 1077; x_wconf 84' lang='lat' dir='ltr'><strong>(Act.</strong></span> <span class='ocrx_word' id='word_1_70' title='bbox 614 1025 676 1074; x_wconf 79' lang='grc' dir='ltr'><strong>ιι,</strong></span> <span class='ocrx_word' id='word_1_71' title='bbox 700 1010 812 1078; x_wconf 79' lang='grc'><strong>56).</strong></span> <span class='ocrx_word' id='word_1_72' title='bbox 845 1029 863 1062; x_wconf 77' lang='grc' dir='ltr'><strong>ι</strong></span> <span class='ocrx_word' id='word_1_73' title='bbox 897 1010 961 1065; x_wconf 83' lang='grc' dir='ltr'>Ει</span> <span class='ocrx_word' id='word_1_74' title='bbox 990 1010 1116 1064; x_wconf 86' lang='lat' dir='ltr'><strong>item</strong></span> <span class='ocrx_word' id='word_1_75' title='bbox 1151 1023 1166 1063; x_wconf 90' lang='lat'><strong>:</strong></span> <span class='ocrx_word' id='word_1_76' title='bbox 1200 1029 1217 1061; x_wconf 78' lang='grc' dir='ltr'><strong>ι</strong></span> <span class='ocrx_word' id='word_1_77' title='bbox 1246 1006 1510 1076; x_wconf 82' lang='lat' dir='ltr'><strong>Quoniam</strong></span> <span class='ocrx_word' id='word_1_78' title='bbox 1538 1008 1721 1075; x_wconf 80' lang='lat' dir='ltr'><strong>itaque</strong></span> 
     </span>
    </p>
   </div>
   <div class='ocr_carea' id='block_1_11' title="bbox 150 1099 1720 1170">
    <p class='ocr_par' dir='ltr' id='par_1_11' title="bbox 150 1099 1720 1170">
     <span class='ocr_line' id='line_1_11' title="bbox 150 1099 1720 1170; baseline 0.001 -17"><span class='ocrx_word' id='word_1_79' title='bbox 150 1099 293 1153; x_wconf 85' lang='lat' dir='ltr'><strong>talem</strong></span> <span class='ocrx_word' id='word_1_80' title='bbox 318 1101 582 1156; x_wconf 82' lang='lat' dir='ltr'><strong>habemus</strong></span> <span class='ocrx_word' id='word_1_81' title='bbox 604 1100 935 1170; x_wconf 90' lang='lat' dir='ltr'><strong>pontiﬁcem,</strong></span> <span class='ocrx_word' id='word_1_82' title='bbox 958 1100 1232 1155; x_wconf 91' lang='lat' dir='ltr'><strong>imitemur</strong></span> <span class='ocrx_word' id='word_1_83' title='bbox 1252 1116 1396 1161; x_wconf 88' lang='lat' dir='ltr'><strong>eum.</strong></span> <span class='ocrx_word' id='word_1_84' title='bbox 1422 1099 1537 1168; x_wconf 86' lang='lat' dir='ltr'><strong>ejus</strong></span> <span class='ocrx_word' id='word_1_85' title='bbox 1559 1099 1720 1155; x_wconf 87' lang='lat' dir='ltr'><strong>vesti-</strong></span> 
     </span>
    </p>
   </div>
   <div class='ocr_carea' id='block_1_12' title="bbox 152 1189 1721 1265">
    <p class='ocr_par' dir='ltr' id='par_1_12' title="bbox 152 1189 1721 1265">
     <span class='ocr_line' id='line_1_12' title="bbox 152 1189 1721 1265; baseline 0.001 -21"><span class='ocrx_word' id='word_1_86' title='bbox 152 1192 227 1262; x_wconf 89' lang='lat' dir='ltr'><strong>gia</strong></span> <span class='ocrx_word' id='word_1_87' title='bbox 250 1205 672 1265; x_wconf 83' lang='lat' dir='ltr'><strong>consequamur.</strong></span> <span class='ocrx_word' id='word_1_88' title='bbox 724 1189 841 1245; x_wconf 79' lang='lat' dir='ltr'><strong>Non</strong></span> <span class='ocrx_word' id='word_1_89' title='bbox 872 1200 955 1246; x_wconf 90' lang='lat' dir='ltr'><strong>est</strong></span> <span class='ocrx_word' id='word_1_90' title='bbox 981 1190 1123 1245; x_wconf 87' lang='lat' dir='ltr'><strong>aliud</strong></span> <span class='ocrx_word' id='word_1_91' title='bbox 1153 1191 1479 1246; x_wconf 75' lang='lat' dir='ltr'><strong>sacrificium</strong></span> <span class='ocrx_word' id='word_1_92' title='bbox 1512 1208 1525 1245; x_wconf 90' lang='lat'>:</span> <span class='ocrx_word' id='word_1_93' title='bbox 1555 1207 1721 1246; x_wconf 85' lang='lat' dir='ltr'><strong>unum</strong></span> 
     </span>
    </p>
   </div>
   <div class='ocr_carea' id='block_1_13' title="bbox 149 1282 1716 1354">
    <p class='ocr_par' dir='ltr' id='par_1_13' title="bbox 149 1282 1716 1354">
     <span class='ocr_line' id='line_1_13' title="bbox 149 1282 1716 1354; baseline 0.001 -18"><span class='ocrx_word' id='word_1_94' title='bbox 149 1298 235 1337; x_wconf 90' lang='lat' dir='ltr'><strong>nos</strong></span> <span class='ocrx_word' id='word_1_95' title='bbox 255 1284 526 1352; x_wconf 82' lang='lat' dir='ltr'><strong>purgavit,</strong></span> <span class='ocrx_word' id='word_1_96' title='bbox 548 1292 668 1353; x_wconf 87' lang='lat' dir='ltr'><strong>post</strong></span> <span class='ocrx_word' id='word_1_97' title='bbox 697 1282 838 1338; x_wconf 88' lang='lat' dir='ltr'><strong>istud</strong></span> <span class='ocrx_word' id='word_1_98' title='bbox 864 1283 1003 1354; x_wconf 81' lang='lat' dir='ltr'><strong>ignis</strong></span> <span class='ocrx_word' id='word_1_99' title='bbox 1025 1291 1080 1339; x_wconf 91' lang='lat' dir='ltr'><strong>et</strong></span> <span class='ocrx_word' id='word_1_100' title='bbox 1103 1285 1368 1354; x_wconf 85' lang='lat' dir='ltr'><strong>gehenna.</strong></span> <span class='ocrx_word' id='word_1_101' title='bbox 1401 1303 1421 1336; x_wconf 68' lang='grc' dir='ltr'>υ</span> <span class='ocrx_word' id='word_1_102' title='bbox 1458 1283 1524 1336; x_wconf 85' lang='grc' dir='ltr'>Ει</span> <span class='ocrx_word' id='word_1_103' title='bbox 1549 1283 1675 1338; x_wconf 87' lang='lat' dir='ltr'><strong>item</strong></span> <span class='ocrx_word' id='word_1_104' title='bbox 1703 1298 1716 1338; x_wconf 88' lang='lat'><strong>:</strong></span> 
     </span>
    </p>
   </div>
   <div class='ocr_carea' id='block_1_14' title="bbox 154 1375 1725 1447">
    <p class='ocr_par' dir='ltr' id='par_1_14' title="bbox 154 1375 1725 1447">
     <span class='ocr_line' id='line_1_14' title="bbox 154 1375 1725 1447; baseline 0.003 -21"><span class='ocrx_word' id='word_1_105' title='bbox 154 1393 169 1426; x_wconf 82' lang='grc' dir='ltr'><strong>ι</strong></span> <span class='ocrx_word' id='word_1_106' title='bbox 200 1375 458 1430; x_wconf 78' lang='lat' dir='ltr'><strong>Mediator</strong></span> <span class='ocrx_word' id='word_1_107' title='bbox 488 1376 653 1447; x_wconf 90' lang='lat' dir='ltr'><strong>igitur</strong></span> <span class='ocrx_word' id='word_1_108' title='bbox 684 1376 860 1431; x_wconf 78' lang='lat' dir='ltr'><strong>factus</strong></span> <span class='ocrx_word' id='word_1_109' title='bbox 885 1384 968 1432; x_wconf 93' lang='lat' dir='ltr'><strong>est</strong></span> <span class='ocrx_word' id='word_1_110' title='bbox 992 1384 1178 1431; x_wconf 82' lang='lat' dir='ltr'><strong>noster</strong></span> <span class='ocrx_word' id='word_1_111' title='bbox 1205 1386 1260 1431; x_wconf 89' lang='lat' dir='ltr'><strong>et</strong></span> <span class='ocrx_word' id='word_1_112' title='bbox 1290 1377 1493 1444; x_wconf 84' lang='lat' dir='ltr'><strong>Patris,</strong></span> <span class='ocrx_word' id='word_1_113' title='bbox 1526 1385 1582 1431; x_wconf 90' lang='lat' dir='ltr'><strong>et</strong></span> <span class='ocrx_word' id='word_1_114' title='bbox 1607 1391 1725 1447; x_wconf 79' lang='lat' dir='ltr'><strong>per-</strong></span> 
     </span>
    </p>
   </div>
   <div class='ocr_carea' id='block_1_15' title="bbox 149 1467 1723 1538">
    <p class='ocr_par' dir='ltr' id='par_1_15' title="bbox 149 1467 1723 1538">
     <span class='ocr_line' id='line_1_15' title="bbox 149 1467 1723 1538; baseline 0.003 -17"><span class='ocrx_word' id='word_1_115' title='bbox 149 1468 302 1538; x_wconf 66' lang='lat' dir='ltr'><strong>suasit</strong></span> <span class='ocrx_word' id='word_1_116' title='bbox 330 1467 433 1521; x_wconf 91' lang='lat' dir='ltr'><strong>illi.</strong></span> <span class='ocrx_word' id='word_1_117' title='bbox 472 1467 540 1522; x_wconf 86' lang='lat' dir='ltr'><strong>Et</strong></span> <span class='ocrx_word' id='word_1_118' title='bbox 568 1469 697 1537; x_wconf 86' lang='lat' dir='ltr'><strong>quid</strong></span> <span class='ocrx_word' id='word_1_119' title='bbox 723 1469 914 1538; x_wconf 79' lang='lat' dir='ltr'><strong>igitur,</strong></span> <span class='ocrx_word' id='word_1_120' title='bbox 946 1469 1213 1538; x_wconf 90' lang='lat' dir='ltr'><strong>quomodo</strong></span> <span class='ocrx_word' id='word_1_121' title='bbox 1248 1470 1517 1525; x_wconf 85' lang='lat' dir='ltr'><strong>mediator</strong></span> <span class='ocrx_word' id='word_1_122' title='bbox 1546 1469 1723 1525; x_wconf 77' lang='lat' dir='ltr'><strong>iactus</strong></span> 
     </span>
    </p>
   </div>
   <div class='ocr_carea' id='block_1_16' title="bbox 151 1528 1726 1631">
    <p class='ocr_par' dir='ltr' id='par_1_16' title="bbox 151 1528 1726 1631">
     <span class='ocr_line' id='line_1_16' title="bbox 151 1528 1726 1631; baseline 0.002 -18"><span class='ocrx_word' id='word_1_123' title='bbox 151 1528 267 1613; x_wconf 45' lang='lat' dir='ltr'><strong>est?</strong></span> <span class='ocrx_word' id='word_1_124' title='bbox 307 1528 608 1616; x_wconf 69' lang='lat' dir='ltr'><strong>Sermones</strong></span> <span class='ocrx_word' id='word_1_125' title='bbox 655 1528 848 1615; x_wconf 62' lang='lat' dir='ltr'><strong>detulit</strong></span> <span class='ocrx_word' id='word_1_126' title='bbox 892 1528 1157 1617; x_wconf 46' lang='lat' dir='ltr'><strong>et-attulit</strong></span> <span class='ocrx_word' id='word_1_127' title='bbox 1195 1561 1349 1616; x_wconf 91' lang='lat' dir='ltr'><strong>nobis</strong></span> <span class='ocrx_word' id='word_1_128' title='bbox 1376 1576 1405 1616; x_wconf 91' lang='lat' dir='ltr'><strong>a</strong></span> <span class='ocrx_word' id='word_1_129' title='bbox 1438 1562 1599 1617; x_wconf 88' lang='lat' dir='ltr'><strong>Patre</strong></span> <span class='ocrx_word' id='word_1_130' title='bbox 1629 1577 1726 1631; x_wconf 89' lang='lat' dir='ltr'><strong>per</strong></span> 
     </span>
    </p>
   </div>
   <div class='ocr_carea' id='block_1_17' title="bbox 148 1649 1727 1727">
    <p class='ocr_par' dir='ltr' id='par_1_17' title="bbox 148 1649 1727 1727">
     <span class='ocr_line' id='line_1_17' title="bbox 148 1649 1727 1727; baseline 0.004 -25"><span class='ocrx_word' id='word_1_131' title='bbox 148 1657 558 1704; x_wconf 84' lang='lat' dir='ltr'><strong>transvectores.</strong></span> <span class='ocrx_word' id='word_1_132' title='bbox 606 1649 768 1705; x_wconf 81' lang='lat' dir='ltr'><strong>Addit</strong></span> <span class='ocrx_word' id='word_1_133' title='bbox 814 1650 981 1706; x_wconf 89' lang='lat' dir='ltr'><strong>etiam</strong></span> <span class='ocrx_word' id='word_1_134' title='bbox 1026 1660 1277 1727; x_wconf 87' lang='lat' dir='ltr'><strong>mortem.</strong></span> <span class='ocrx_word' id='word_1_135' title='bbox 1325 1650 1381 1705; x_wconf 92' lang='lat' dir='ltr'><strong>ln</strong></span> <span class='ocrx_word' id='word_1_136' title='bbox 1429 1650 1727 1709; x_wconf 77' lang='lat' dir='ltr'><strong>offensione</strong></span> 
     </span>
    </p>
   </div>
   <div class='ocr_carea' id='block_1_18' title="bbox 150 1742 1726 1814">
    <p class='ocr_par' dir='ltr' id='par_1_18' title="bbox 150 1742 1726 1814">
     <span class='ocr_line' id='line_1_18' title="bbox 150 1742 1726 1814; baseline 0.003 -20"><span class='ocrx_word' id='word_1_137' title='bbox 150 1742 338 1813; x_wconf 30' lang='lat' dir='ltr'><strong>quippe.</strong></span> <span class='ocrx_word' id='word_1_138' title='bbox 353 1756 578 1797; x_wconf 86' lang='lat' dir='ltr'><strong>eramus</strong></span> <span class='ocrx_word' id='word_1_139' title='bbox 595 1775 617 1809; x_wconf 94' lang='lat'><strong>-,</strong></span> <span class='ocrx_word' id='word_1_140' title='bbox 664 1743 801 1799; x_wconf 89' lang='lat' dir='ltr'><strong>mori</strong></span> <span class='ocrx_word' id='word_1_141' title='bbox 828 1757 928 1798; x_wconf 88' lang='lat' dir='ltr'><strong>nos</strong></span> <span class='ocrx_word' id='word_1_142' title='bbox 956 1745 1317 1814; x_wconf 86' lang='lat' dir='ltr'><strong>opportebat;</strong></span> <span class='ocrx_word' id='word_1_143' title='bbox 1366 1754 1613 1801; x_wconf 89' lang='lat' dir='ltr'><strong>mortuus</strong></span> <span class='ocrx_word' id='word_1_144' title='bbox 1641 1751 1726 1799; x_wconf 91' lang='lat' dir='ltr'><strong>est</strong></span> 
     </span>
    </p>
   </div>
   <div class='ocr_carea' id='block_1_19' title="bbox 152 1809 1801 1905">
    <p class='ocr_par' dir='ltr' id='par_1_19' title="bbox 152 1809 1801 1905">
     <span class='ocr_line' id='line_1_19' title="bbox 152 1809 1801 1905; baseline 0.003 -19"><span class='ocrx_word' id='word_1_145' title='bbox 152 1809 243 1903; x_wconf 71' lang='lat' dir='ltr'><strong>pro</strong></span> <span class='ocrx_word' id='word_1_146' title='bbox 260 1809 443 1899; x_wconf 80' lang='lat' dir='ltr'><strong>nobis,</strong></span> <span class='ocrx_word' id='word_1_147' title='bbox 473 1842 529 1889; x_wconf 82' lang='lat' dir='ltr'><strong>et</strong></span> <span class='ocrx_word' id='word_1_148' title='bbox 557 1833 686 1889; x_wconf 83' lang='lat' dir='ltr'><strong>fecit</strong></span> <span class='ocrx_word' id='word_1_149' title='bbox 714 1850 814 1891; x_wconf 89' lang='lat' dir='ltr'><strong>nos</strong></span> <span class='ocrx_word' id='word_1_150' title='bbox 838 1809 1043 1905; x_wconf 70' lang='lat' dir='ltr'><strong>dignos</strong></span> <span class='ocrx_word' id='word_1_151' title='bbox 1064 1809 1391 1892; x_wconf 85' lang='lat' dir='ltr'><strong>testamenti.</strong></span> <span class='ocrx_word' id='word_1_152' title='bbox 1424 1836 1537 1892; x_wconf 84' lang='lat' dir='ltr'><strong>lloc</strong></span> <span class='ocrx_word' id='word_1_153' title='bbox 1564 1836 1725 1892; x_wconf 87' lang='lat' dir='ltr'><strong>modo</strong></span> <span class='ocrx_word' id='word_1_154' title='bbox 1752 1809 1801 1871; x_wconf 74' lang='grc' dir='ltr'><strong>Β</strong></span> 
     </span>
    </p>
   </div>
   <div class='ocr_carea' id='block_1_20' title="bbox 153 1923 1725 1998">
    <p class='ocr_par' dir='ltr' id='par_1_20' title="bbox 153 1923 1725 1998">
     <span class='ocr_line' id='line_1_20' title="bbox 153 1923 1725 1998; baseline 0.003 -20"><span class='ocrx_word' id='word_1_155' title='bbox 153 1924 345 1979; x_wconf 88' lang='lat' dir='ltr'><strong>ﬁrmum</strong></span> <span class='ocrx_word' id='word_1_156' title='bbox 374 1923 581 1981; x_wconf 78' lang='lat' dir='ltr'><strong>factum</strong></span> <span class='ocrx_word' id='word_1_157' title='bbox 614 1934 700 1981; x_wconf 87' lang='lat' dir='ltr'><strong>est</strong></span> <span class='ocrx_word' id='word_1_158' title='bbox 728 1935 1132 1983; x_wconf 87' lang='lat' dir='ltr'><strong>testamentum.</strong></span> <span class='ocrx_word' id='word_1_159' title='bbox 1165 1927 1358 1983; x_wconf 86' lang='lat' dir='ltr'><strong>Annon</strong></span> <span class='ocrx_word' id='word_1_160' title='bbox 1385 1928 1576 1998; x_wconf 83' lang='lat' dir='ltr'><strong>dignos</strong></span> <span class='ocrx_word' id='word_1_161' title='bbox 1610 1928 1725 1998; x_wconf 88' lang='lat' dir='ltr'><strong>jam</strong></span> 
     </span>
    </p>
   </div>
   <div class='ocr_carea' id='block_1_21' title="bbox 153 2014 1729 2088">
    <p class='ocr_par' dir='ltr' id='par_1_21' title="bbox 153 2014 1729 2088">
     <span class='ocr_line' id='line_1_21' title="bbox 153 2014 1729 2088; baseline 0.004 -19"><span class='ocrx_word' id='word_1_162' title='bbox 153 2014 303 2071; x_wconf 87' lang='lat' dir='ltr'><strong>laetos</strong></span> <span class='ocrx_word' id='word_1_163' title='bbox 328 2016 354 2069; x_wconf 86' lang='lat'><strong>?</strong></span> <span class='ocrx_word' id='word_1_164' title='bbox 394 2015 457 2070; x_wconf 89' lang='lat' dir='ltr'><strong>ln</strong></span> <span class='ocrx_word' id='word_1_165' title='bbox 486 2016 605 2086; x_wconf 88' lang='lat' dir='ltr'><strong>ipso</strong></span> <span class='ocrx_word' id='word_1_166' title='bbox 646 2018 864 2087; x_wconf 88' lang='lat' dir='ltr'><strong>quidem</strong></span> <span class='ocrx_word' id='word_1_167' title='bbox 895 2018 1048 2074; x_wconf 90' lang='lat' dir='ltr'><strong>initio</strong></span> <span class='ocrx_word' id='word_1_168' title='bbox 1080 2027 1264 2088; x_wconf 91' lang='lat' dir='ltr'><strong>utpote</strong></span> <span class='ocrx_word' id='word_1_169' title='bbox 1307 2019 1469 2075; x_wconf 87' lang='lat' dir='ltr'><strong>Pater</strong></span> <span class='ocrx_word' id='word_1_170' title='bbox 1503 2020 1556 2075; x_wconf 92' lang='lat' dir='ltr'><strong>in</strong></span> <span class='ocrx_word' id='word_1_171' title='bbox 1590 2019 1729 2076; x_wconf 90' lang='lat' dir='ltr'><strong>ﬁlios</strong></span> 
     </span>
    </p>
   </div>
   <div class='ocr_carea' id='block_1_22' title="bbox 153 2108 1727 2183">
    <p class='ocr_par' dir='ltr' id='par_1_22' title="bbox 153 2108 1727 2183">
     <span class='ocr_line' id='line_1_22' title="bbox 153 2108 1727 2183; baseline 0.006 -22"><span class='ocrx_word' id='word_1_172' title='bbox 153 2117 364 2165; x_wconf 84' lang='lat' dir='ltr'><strong>testatus</strong></span> <span class='ocrx_word' id='word_1_173' title='bbox 396 2118 499 2165; x_wconf 85' lang='lat' dir='ltr'><strong>est.</strong></span> <span class='ocrx_word' id='word_1_174' title='bbox 554 2108 663 2166; x_wconf 86' lang='lat' dir='ltr'><strong>Sed</strong></span> <span class='ocrx_word' id='word_1_175' title='bbox 702 2112 830 2181; x_wconf 85' lang='lat' dir='ltr'><strong>quia</strong></span> <span class='ocrx_word' id='word_1_176' title='bbox 860 2112 1063 2182; x_wconf 77' lang='lat' dir='ltr'><strong>indigni</strong></span> <span class='ocrx_word' id='word_1_177' title='bbox 1091 2111 1215 2168; x_wconf 84' lang='lat' dir='ltr'><strong>facti</strong></span> <span class='ocrx_word' id='word_1_178' title='bbox 1246 2129 1453 2180; x_wconf 85' lang='lat' dir='ltr'><strong>sumus,</strong></span> <span class='ocrx_word' id='word_1_179' title='bbox 1483 2130 1587 2169; x_wconf 90' lang='lat' dir='ltr'><strong>non</strong></span> <span class='ocrx_word' id='word_1_180' title='bbox 1611 2114 1727 2183; x_wconf 90' lang='lat' dir='ltr'><strong>jam</strong></span> 
     </span>
    </p>
   </div>
   <div class='ocr_carea' id='block_1_23' title="bbox 152 2202 1729 2278">
    <p class='ocr_par' dir='ltr' id='par_1_23' title="bbox 152 2202 1729 2278">
     <span class='ocr_line' id='line_1_23' title="bbox 152 2202 1729 2278; baseline 0.005 -24"><span class='ocrx_word' id='word_1_181' title='bbox 152 2209 467 2256; x_wconf 86' lang='lat' dir='ltr'><strong>testamento</strong></span> <span class='ocrx_word' id='word_1_182' title='bbox 511 2202 667 2259; x_wconf 85' lang='lat' dir='ltr'><strong>nobis</strong></span> <span class='ocrx_word' id='word_1_183' title='bbox 708 2218 846 2273; x_wconf 87' lang='lat' dir='ltr'><strong>opus</strong></span> <span class='ocrx_word' id='word_1_184' title='bbox 882 2214 1019 2266; x_wconf 87' lang='lat' dir='ltr'><strong>erat,</strong></span> <span class='ocrx_word' id='word_1_185' title='bbox 1060 2205 1155 2260; x_wconf 90' lang='lat' dir='ltr'><strong>sed</strong></span> <span class='ocrx_word' id='word_1_186' title='bbox 1184 2219 1364 2274; x_wconf 76' lang='lat' dir='ltr'><strong>pcena.</strong></span> <span class='ocrx_word' id='word_1_187' title='bbox 1402 2206 1539 2272; x_wconf 82' lang='lat' dir='ltr'><strong>Quid</strong></span> <span class='ocrx_word' id='word_1_188' title='bbox 1567 2208 1729 2278; x_wconf 91' lang='lat' dir='ltr'><strong>igitur</strong></span> 
     </span>
    </p>
   </div>
   <div class='ocr_carea' id='block_1_24' title="bbox 153 2292 1729 2368">
    <p class='ocr_par' dir='ltr' id='par_1_24' title="bbox 153 2292 1729 2368">
     <span class='ocr_line' id='line_1_24' title="bbox 153 2292 1729 2368; baseline 0.005 -23"><span class='ocrx_word' id='word_1_189' title='bbox 153 2292 409 2364; x_wconf 84' lang='lat' dir='ltr'><strong>gloriaris,</strong></span> <span class='ocrx_word' id='word_1_190' title='bbox 438 2293 635 2364; x_wconf 84' lang='lat' dir='ltr'><strong>inquit,</strong></span> <span class='ocrx_word' id='word_1_191' title='bbox 658 2294 889 2364; x_wconf 67' lang='lat' dir='ltr'><strong>in~lege2</strong></span> <span class='ocrx_word' id='word_1_192' title='bbox 917 2296 973 2350; x_wconf 88' lang='lat' dir='ltr'><strong>lu</strong></span> <span class='ocrx_word' id='word_1_193' title='bbox 998 2304 1205 2355; x_wconf 80' lang='lat' dir='ltr'><strong>tantum</strong></span> <span class='ocrx_word' id='word_1_194' title='bbox 1228 2306 1510 2366; x_wconf 87' lang='lat' dir='ltr'><strong>peccatum</strong></span> <span class='ocrx_word' id='word_1_195' title='bbox 1533 2300 1729 2368; x_wconf 87' lang='lat' dir='ltr'><strong>quippe</strong></span> 
     </span>
    </p>
   </div>
   <div class='ocr_carea' id='block_1_25' title="bbox 154 2385 1724 2458">
    <p class='ocr_par' dir='ltr' id='par_1_25' title="bbox 154 2385 1724 2458">
     <span class='ocr_line' id='line_1_25' title="bbox 154 2385 1724 2458; baseline 0.003 -19"><span class='ocrx_word' id='word_1_196' title='bbox 154 2399 238 2440; x_wconf 87' lang='lat' dir='ltr'><strong>nos</strong></span> <span class='ocrx_word' id='word_1_197' title='bbox 259 2385 653 2449; x_wconf 87' lang='lat' dir='ltr'><strong>constituit,ut</strong></span> <span class='ocrx_word' id='word_1_198' title='bbox 696 2385 892 2441; x_wconf 86' lang='lat' dir='ltr'><strong>salvari</strong></span> <span class='ocrx_word' id='word_1_199' title='bbox 936 2402 1043 2441; x_wconf 89' lang='lat' dir='ltr'><strong>non</strong></span> <span class='ocrx_word' id='word_1_200' title='bbox 1083 2401 1365 2456; x_wconf 87' lang='lat' dir='ltr'><strong>possemus</strong></span> <span class='ocrx_word' id='word_1_201' title='bbox 1411 2387 1724 2458; x_wconf 86' lang='lat' dir='ltr'><strong>aliquando,</strong></span> 
     </span>
    </p>
   </div>
   <div class='ocr_carea' id='block_1_26' title="bbox 155 2477 1732 2549">
    <p class='ocr_par' dir='ltr' id='par_1_26' title="bbox 155 2477 1732 2549">
     <span class='ocr_line' id='line_1_26' title="bbox 155 2477 1732 2549; baseline 0.002 -18"><span class='ocrx_word' id='word_1_202' title='bbox 155 2477 240 2533; x_wconf 88' lang='lat' dir='ltr'><strong>nisi</strong></span> <span class='ocrx_word' id='word_1_203' title='bbox 266 2477 537 2532; x_wconf 88' lang='lat' dir='ltr'><strong>Dominus</strong></span> <span class='ocrx_word' id='word_1_204' title='bbox 564 2493 663 2548; x_wconf 89' lang='lat' dir='ltr'><strong>pro</strong></span> <span class='ocrx_word' id='word_1_205' title='bbox 692 2478 848 2533; x_wconf 87' lang='lat' dir='ltr'><strong>nobis</strong></span> <span class='ocrx_word' id='word_1_206' title='bbox 881 2487 1222 2544; x_wconf 88' lang='lat' dir='ltr'><strong>moreretur;</strong></span> <span class='ocrx_word' id='word_1_207' title='bbox 1269 2494 1606 2549; x_wconf 79' lang='lat' dir='ltr'><strong>nequaquam</strong></span> <span class='ocrx_word' id='word_1_208' title='bbox 1644 2495 1732 2534; x_wconf 84' lang='lat' dir='ltr'><strong>va-</strong></span> 
     </span>
    </p>
   </div>
   <div class='ocr_carea' id='block_1_27' title="bbox 156 2563 1729 2636">
    <p class='ocr_par' dir='ltr' id='par_1_27' title="bbox 156 2563 1729 2636">
     <span class='ocr_line' id='line_1_27' title="bbox 156 2563 1729 2636; baseline 0.007 -20"><span class='ocrx_word' id='word_1_209' title='bbox 156 2563 269 2620; x_wconf 83' lang='lat' dir='ltr'><strong>leret</strong></span> <span class='ocrx_word' id='word_1_210' title='bbox 298 2566 419 2631; x_wconf 76' lang='lat' dir='ltr'><strong>lex,</strong></span> <span class='ocrx_word' id='word_1_211' title='bbox 463 2566 731 2636; x_wconf 82' lang='lat' dir='ltr'><strong>siquidem</strong></span> <span class='ocrx_word' id='word_1_212' title='bbox 767 2575 851 2623; x_wconf 89' lang='lat' dir='ltr'><strong>est</strong></span> <span class='ocrx_word' id='word_1_213' title='bbox 888 2566 1124 2621; x_wconf 88' lang='lat' dir='ltr'><strong>inﬁrma.</strong></span> <span class='ocrx_word' id='word_1_214' title='bbox 1169 2568 1235 2622; x_wconf 89' lang='lat' dir='ltr'><strong>Et</strong></span> <span class='ocrx_word' id='word_1_215' title='bbox 1269 2584 1372 2624; x_wconf 87' lang='lat' dir='ltr'><strong>non</strong></span> <span class='ocrx_word' id='word_1_216' title='bbox 1416 2579 1622 2624; x_wconf 89' lang='lat' dir='ltr'><strong>tantum</strong></span> <span class='ocrx_word' id='word_1_217' title='bbox 1660 2584 1729 2627; x_wconf 84' lang='lat' dir='ltr'><strong>ex</strong></span> 
     </span>
    </p>
   </div>
   <div class='ocr_carea' id='block_1_28' title="bbox 157 2658 1729 2725">
    <p class='ocr_par' dir='ltr' id='par_1_28' title="bbox 157 2658 1729 2725">
     <span class='ocr_line' id='line_1_28' title="bbox 157 2658 1729 2725; baseline 0.006 -16"><span class='ocrx_word' id='word_1_218' title='bbox 157 2659 415 2713; x_wconf 84' lang='lat' dir='ltr'><strong>communi</strong></span> <span class='ocrx_word' id='word_1_219' title='bbox 456 2659 850 2714; x_wconf 87' lang='lat' dir='ltr'><strong>consuetudine</strong></span> <span class='ocrx_word' id='word_1_220' title='bbox 887 2659 989 2713; x_wconf 89' lang='lat' dir='ltr'><strong>hoc</strong></span> <span class='ocrx_word' id='word_1_221' title='bbox 1016 2658 1318 2725; x_wconf 85' lang='lat' dir='ltr'><strong>conﬁrmat,</strong></span> <span class='ocrx_word' id='word_1_222' title='bbox 1349 2662 1444 2717; x_wconf 88' lang='lat' dir='ltr'><strong>sed</strong></span> <span class='ocrx_word' id='word_1_223' title='bbox 1468 2662 1631 2717; x_wconf 85' lang='lat' dir='ltr'><strong>etiam</strong></span> <span class='ocrx_word' id='word_1_224' title='bbox 1660 2678 1729 2718; x_wconf 82' lang='lat' dir='ltr'><strong>ex</strong></span> 
     </span>
    </p>
   </div>
   <div class='ocr_carea' id='block_1_29' title="bbox 155 2749 1729 2823">
    <p class='ocr_par' dir='ltr' id='par_1_29' title="bbox 155 2749 1729 2823">
     <span class='ocr_line' id='line_1_29' title="bbox 155 2749 1729 2823; baseline 0.005 -20"><span class='ocrx_word' id='word_1_225' title='bbox 155 2749 227 2804; x_wconf 87' lang='lat' dir='ltr'><strong>his</strong></span> <span class='ocrx_word' id='word_1_226' title='bbox 255 2766 379 2821; x_wconf 73' lang='lat' dir='ltr'><strong>quae</strong></span> <span class='ocrx_word' id='word_1_227' title='bbox 407 2751 462 2805; x_wconf 89' lang='lat' dir='ltr'><strong>in</strong></span> <span class='ocrx_word' id='word_1_228' title='bbox 506 2750 688 2806; x_wconf 85' lang='lat' dir='ltr'><strong>Veteri</strong></span> <span class='ocrx_word' id='word_1_229' title='bbox 716 2751 1062 2807; x_wconf 82' lang='lat' dir='ltr'><strong>Testamento</strong></span> <span class='ocrx_word' id='word_1_230' title='bbox 1088 2753 1469 2823; x_wconf 84' lang='lat' dir='ltr'><strong>contingebant</strong></span> <span class='ocrx_word' id='word_1_231' title='bbox 1496 2755 1729 2811; x_wconf 78' lang='lat' dir='ltr'><strong>maxime</strong></span> 
     </span>
    </p>
   </div>
   <div class='ocr_carea' id='block_1_30' title="bbox 153 2842 1730 2913">
    <p class='ocr_par' dir='ltr' id='par_1_30' title="bbox 153 2842 1730 2913">
     <span class='ocr_line' id='line_1_30' title="bbox 153 2842 1730 2913; baseline 0.005 -19"><span class='ocrx_word' id='word_1_232' title='bbox 153 2855 235 2895; x_wconf 84' lang='lat' dir='ltr'><strong>eos</strong></span> <span class='ocrx_word' id='word_1_233' title='bbox 287 2842 611 2897; x_wconf 87' lang='lat' dir='ltr'><strong>introducit.</strong></span> <span class='ocrx_word' id='word_1_234' title='bbox 665 2842 855 2897; x_wconf 87' lang='lat' dir='ltr'><strong>Nullus</strong></span> <span class='ocrx_word' id='word_1_235' title='bbox 905 2842 1006 2903; x_wconf 80' lang='lat' dir='ltr'><strong>fuit</strong></span> <span class='ocrx_word' id='word_1_236' title='bbox 1054 2843 1145 2913; x_wconf 91' lang='lat' dir='ltr'><strong>qui</strong></span> <span class='ocrx_word' id='word_1_237' title='bbox 1196 2860 1300 2899; x_wconf 86' lang='lat' dir='ltr'><strong>non</strong></span> <span class='ocrx_word' id='word_1_238' title='bbox 1351 2856 1598 2901; x_wconf 90' lang='lat' dir='ltr'><strong>mortuus</strong></span> <span class='ocrx_word' id='word_1_239' title='bbox 1647 2855 1730 2902; x_wconf 87' lang='lat' dir='ltr'><strong>est</strong></span> 
     </span>
    </p>
   </div>
   <div class='ocr_carea' id='block_1_31' title="bbox 154 2929 1731 3005">
    <p class='ocr_par' dir='ltr' id='par_1_31' title="bbox 154 2929 1731 3005">
     <span class='ocr_line' id='line_1_31' title="bbox 154 2929 1731 3005; baseline 0.006 -21"><span class='ocrx_word' id='word_1_240' title='bbox 154 2929 266 2985; x_wconf 87' lang='lat' dir='ltr'><strong>illic.</strong></span> <span class='ocrx_word' id='word_1_241' title='bbox 315 2932 603 2999; x_wconf 81' lang='lat' dir='ltr'><strong>Quomodo</strong></span> <span class='ocrx_word' id='word_1_242' title='bbox 642 2948 771 3005; x_wconf 85' lang='lat' dir='ltr'><strong>ergo</strong></span> <span class='ocrx_word' id='word_1_243' title='bbox 798 2933 1012 2989; x_wconf 87' lang='lat' dir='ltr'><strong>ﬁrmqu</strong></span> <span class='ocrx_word' id='word_1_244' title='bbox 1043 2943 1124 2990; x_wconf 90' lang='lat' dir='ltr'><strong>est</strong></span> <span class='ocrx_word' id='word_1_245' title='bbox 1156 2938 1582 2991; x_wconf 84' lang='lat' dir='ltr'><strong>testamentum?</strong></span> <span class='ocrx_word' id='word_1_246' title='bbox 1626 2936 1731 2993; x_wconf 89' lang='lat' dir='ltr'><strong>Per</strong></span> 
     </span>
    </p>
   </div>
   <div class='ocr_carea' id='block_1_32' title="bbox 156 3021 1727 3095">
    <p class='ocr_par' dir='ltr' id='par_1_32' title="bbox 156 3021 1727 3095">
     <span class='ocr_line' id='line_1_32' title="bbox 156 3021 1727 3095; baseline 0.006 -21"><span class='ocrx_word' id='word_1_247' title='bbox 156 3021 395 3079; x_wconf 85' lang='lat' dir='ltr'><strong>eumdem</strong></span> <span class='ocrx_word' id='word_1_248' title='bbox 445 3023 620 3093; x_wconf 89' lang='lat' dir='ltr'><strong>ipsum</strong></span> <span class='ocrx_word' id='word_1_249' title='bbox 676 3024 891 3079; x_wconf 87' lang='lat' dir='ltr'><strong>modum</strong></span> <span class='ocrx_word' id='word_1_250' title='bbox 920 3064 936 3090; x_wconf 93' lang='lat'><strong>,</strong></span> <span class='ocrx_word' id='word_1_251' title='bbox 996 3024 1189 3095; x_wconf 91' lang='lat' dir='ltr'><strong>inquit.</strong></span> <span class='ocrx_word' id='word_1_252' title='bbox 1251 3025 1530 3093; x_wconf 85' lang='lat' dir='ltr'><strong>Quomodo</strong></span> <span class='ocrx_word' id='word_1_253' title='bbox 1584 3028 1727 3085; x_wconf 88' lang='lat' dir='ltr'><strong>enim</strong></span> 
     </span>
    </p>
   </div>
   <div class='ocr_carea' id='block_1_33' title="bbox 157 3111 1726 3186">
    <p class='ocr_par' dir='ltr' id='par_1_33' title="bbox 157 3111 1726 3186">
     <span class='ocr_line' id='line_1_33' title="bbox 157 3111 1726 3186; baseline 0.005 -21"><span class='ocrx_word' id='word_1_254' title='bbox 157 3111 251 3168; x_wconf 89' lang='lat' dir='ltr'><strong>illic</strong></span> <span class='ocrx_word' id='word_1_255' title='bbox 268 3115 513 3185; x_wconf 83' lang='lat' dir='ltr'><strong>sanguis,</strong></span> <span class='ocrx_word' id='word_1_256' title='bbox 538 3115 619 3171; x_wconf 90' lang='lat' dir='ltr'><strong>sic</strong></span> <span class='ocrx_word' id='word_1_257' title='bbox 641 3116 802 3170; x_wconf 88' lang='lat' dir='ltr'><strong>etiam</strong></span> <span class='ocrx_word' id='word_1_258' title='bbox 824 3115 915 3170; x_wconf 88' lang='lat' dir='ltr'><strong>hic</strong></span> <span class='ocrx_word' id='word_1_259' title='bbox 936 3117 1171 3186; x_wconf 82' lang='lat' dir='ltr'><strong>sanguis.</strong></span> <span class='ocrx_word' id='word_1_260' title='bbox 1197 3114 1254 3171; x_wconf 88' lang='lat' dir='ltr'><strong>Si</strong></span> <span class='ocrx_word' id='word_1_261' title='bbox 1279 3124 1459 3172; x_wconf 87' lang='lat' dir='ltr'><strong>autem</strong></span> <span class='ocrx_word' id='word_1_262' title='bbox 1484 3133 1588 3172; x_wconf 91' lang='lat' dir='ltr'><strong>non</strong></span> <span class='ocrx_word' id='word_1_263' title='bbox 1608 3126 1726 3173; x_wconf 88' lang='lat' dir='ltr'><strong>erat</strong></span> 
     </span>
    </p>
   </div>
   <div class='ocr_carea' id='block_1_34' title="bbox 161 3204 1724 3279">
    <p class='ocr_par' dir='ltr' id='par_1_34' title="bbox 161 3204 1724 3279">
     <span class='ocr_line' id='line_1_34' title="bbox 161 3204 1724 3279; baseline 0.003 -19"><span class='ocrx_word' id='word_1_264' title='bbox 161 3204 444 3262; x_wconf 86' lang='lat' dir='ltr'><strong>hicChristi</strong></span> <span class='ocrx_word' id='word_1_265' title='bbox 456 3208 814 3279; x_wconf 74' lang='lat' dir='ltr'><strong>sanguismon</strong></span> <span class='ocrx_word' id='word_1_266' title='bbox 824 3208 1063 3275; x_wconf 84' lang='lat' dir='ltr'><strong>mireris;</strong></span> <span class='ocrx_word' id='word_1_267' title='bbox 1080 3215 1236 3278; x_wconf 85' lang='lat' dir='ltr'><strong>typus</strong></span> <span class='ocrx_word' id='word_1_268' title='bbox 1250 3209 1392 3263; x_wconf 89' lang='lat' dir='ltr'><strong>enim</strong></span> <span class='ocrx_word' id='word_1_269' title='bbox 1406 3208 1724 3275; x_wconf 85' lang='lat' dir='ltr'><strong>erat.Unde,</strong></span> 
     </span>
    </p>
   </div>
   <div class='ocr_carea' id='block_1_35' title="bbox 165 3297 1728 3370">
    <p class='ocr_par' dir='ltr' id='par_1_35' title="bbox 165 3297 1728 3370">
     <span class='ocr_line' id='line_1_35' title="bbox 165 3297 1728 3370; baseline 0.004 -21"><span class='ocrx_word' id='word_1_270' title='bbox 165 3297 295 3364; x_wconf 76' lang='lat' dir='ltr'><strong>dixit,</strong></span> <span class='ocrx_word' id='word_1_271' title='bbox 314 3314 482 3370; x_wconf 82' lang='lat' dir='ltr'><strong>neque</strong></span> <span class='ocrx_word' id='word_1_272' title='bbox 496 3299 721 3365; x_wconf 84' lang='lat' dir='ltr'><strong>primum</strong></span> <span class='ocrx_word' id='word_1_273' title='bbox 744 3299 855 3354; x_wconf 84' lang='lat' dir='ltr'><strong>sine</strong></span> <span class='ocrx_word' id='word_1_274' title='bbox 875 3300 1128 3369; x_wconf 75' lang='lat' dir='ltr'><strong>sanguine</strong></span> <span class='ocrx_word' id='word_1_275' title='bbox 1147 3299 1444 3353; x_wconf 87' lang='lat' dir='ltr'><strong>dedicatum</strong></span> <span class='ocrx_word' id='word_1_276' title='bbox 1466 3309 1563 3354; x_wconf 86' lang='lat' dir='ltr'><strong>est.</strong></span> <span class='ocrx_word' id='word_1_277' title='bbox 1588 3300 1728 3367; x_wconf 84' lang='lat' dir='ltr'><strong>Quid</strong></span> 
     </span>
    </p>
   </div>
   <div class='ocr_carea' id='block_1_36' title="bbox 164 3388 1728 3457">
    <p class='ocr_par' dir='ltr' id='par_1_36' title="bbox 164 3388 1728 3457">
     <span class='ocr_line' id='line_1_36' title="bbox 164 3388 1728 3457; baseline 0.001 -15"><span class='ocrx_word' id='word_1_278' title='bbox 164 3398 251 3457; x_wconf 90' lang='lat' dir='ltr'><strong>est,</strong></span> <span class='ocrx_word' id='word_1_279' title='bbox 276 3390 581 3444; x_wconf 78' lang='lat' dir='ltr'><strong>dedicatum</strong></span> <span class='ocrx_word' id='word_1_280' title='bbox 608 3402 683 3444; x_wconf 89' lang='lat' dir='ltr'><strong>est</strong></span> <span class='ocrx_word' id='word_1_281' title='bbox 708 3391 733 3445; x_wconf 72' lang='grc' dir='ltr'><strong>ε’</strong></span> <span class='ocrx_word' id='word_1_282' title='bbox 772 3389 1015 3447; x_wconf 78' lang='lat' dir='ltr'><strong>Firmum</strong></span> <span class='ocrx_word' id='word_1_283' title='bbox 1054 3388 1255 3443; x_wconf 76' lang='lat' dir='ltr'><strong>factum</strong></span> <span class='ocrx_word' id='word_1_284' title='bbox 1284 3398 1387 3455; x_wconf 91' lang='lat' dir='ltr'><strong>est,</strong></span> <span class='ocrx_word' id='word_1_285' title='bbox 1416 3391 1728 3446; x_wconf 82' lang='lat' dir='ltr'><strong>roboratam</strong></span> 
     </span>
    </p>
   </div>
   <div class='ocr_carea' id='block_1_37' title="bbox 167 3479 1725 3550">
    <p class='ocr_par' dir='ltr' id='par_1_37' title="bbox 167 3479 1725 3550">
     <span class='ocr_line' id='line_1_37' title="bbox 167 3479 1725 3550; baseline 0.001 -16"><span class='ocrx_word' id='word_1_286' title='bbox 167 3488 252 3534; x_wconf 89' lang='lat' dir='ltr'><strong>est.</strong></span> <span class='ocrx_word' id='word_1_287' title='bbox 273 3479 429 3548; x_wconf 88' lang='lat' dir='ltr'><strong>Quod</strong></span> <span class='ocrx_word' id='word_1_288' title='bbox 451 3488 634 3535; x_wconf 88' lang='lat' dir='ltr'><strong>autem</strong></span> <span class='ocrx_word' id='word_1_289' title='bbox 658 3481 812 3547; x_wconf 81' lang='lat' dir='ltr'><strong>dixit,</strong></span> <span class='ocrx_word' id='word_1_290' title='bbox 835 3479 992 3546; x_wconf 77' lang='lat' dir='ltr'><strong>unde,</strong></span> <span class='ocrx_word' id='word_1_291' title='bbox 1021 3479 1128 3535; x_wconf 90' lang='lat' dir='ltr'><strong>tale</strong></span> <span class='ocrx_word' id='word_1_292' title='bbox 1148 3488 1232 3534; x_wconf 91' lang='lat' dir='ltr'><strong>est</strong></span> <span class='ocrx_word' id='word_1_293' title='bbox 1252 3480 1410 3550; x_wconf 82' lang='lat' dir='ltr'><strong>quale</strong></span> <span class='ocrx_word' id='word_1_294' title='bbox 1426 3480 1475 3536; x_wconf 89' lang='lat' dir='ltr'><strong>si</strong></span> <span class='ocrx_word' id='word_1_295' title='bbox 1500 3481 1725 3547; x_wconf 89' lang='lat' dir='ltr'><strong>diceret,</strong></span> 
     </span>
    </p>
   </div>
   <div class='ocr_carea' id='block_1_38' title="bbox 167 3568 1731 3643">
    <p class='ocr_par' dir='ltr' id='par_1_38' title="bbox 167 3568 1731 3643">
     <span class='ocr_line' id='line_1_38' title="bbox 167 3568 1731 3643; baseline 0.001 -17"><span class='ocrx_word' id='word_1_296' title='bbox 167 3568 303 3642; x_wconf 73' lang='lat'><strong>261</strong></span> <span class='ocrx_word' id='word_1_297' title='bbox 338 3570 636 3642; x_wconf 84' lang='lat' dir='ltr'><strong>Propterea</strong></span> <span class='ocrx_word' id='word_1_298' title='bbox 662 3574 948 3643; x_wconf 81' lang='lat' dir='ltr'><strong>Oportebat</strong></span> <span class='ocrx_word' id='word_1_299' title='bbox 988 3571 1295 3626; x_wconf 89' lang='lat' dir='ltr'><strong>testamenti</strong></span> <span class='ocrx_word' id='word_1_300' title='bbox 1335 3571 1731 3627; x_wconf 78' lang='lat' dir='ltr'><strong>solemnitatem</strong></span> 
     </span>
    </p>
   </div>
   <div class='ocr_carea' id='block_1_39' title="bbox 166 3662 1731 3733">
    <p class='ocr_par' dir='ltr' id='par_1_39' title="bbox 166 3662 1731 3733">
     <span class='ocr_line' id='line_1_39' title="bbox 166 3662 1731 3733; baseline 0.001 -17"><span class='ocrx_word' id='word_1_301' title='bbox 166 3662 406 3732; x_wconf 83' lang='lat' dir='ltr'><strong>compleri</strong></span> <span class='ocrx_word' id='word_1_302' title='bbox 423 3663 588 3717; x_wconf 87' lang='lat' dir='ltr'><strong>etiam</strong></span> <span class='ocrx_word' id='word_1_303' title='bbox 603 3678 699 3733; x_wconf 87' lang='lat' dir='ltr'><strong>per</strong></span> <span class='ocrx_word' id='word_1_304' title='bbox 714 3672 963 3718; x_wconf 88' lang='lat' dir='ltr'><strong>mortem.</strong></span> <span class='ocrx_word' id='word_1_305' title='bbox 983 3662 1029 3716; x_wconf 86' lang='grc' dir='ltr'><em>Ν</em></span> <span class='ocrx_word' id='word_1_306' title='bbox 1039 3679 1140 3718; x_wconf 83' lang='lat' dir='ltr'><strong>unc</strong></span> <span class='ocrx_word' id='word_1_307' title='bbox 1151 3673 1350 3729; x_wconf 86' lang='lat' dir='ltr'><strong>autem,</strong></span> <span class='ocrx_word' id='word_1_308' title='bbox 1365 3663 1562 3733; x_wconf 82' lang='lat' dir='ltr'><strong>inquit.</strong></span> <span class='ocrx_word' id='word_1_309' title='bbox 1574 3664 1731 3719; x_wconf 83' lang='lat' dir='ltr'><strong>semel</strong></span> 
     </span>
    </p>
   </div>
   <div class='ocr_carea' id='block_1_40' title="bbox 167 3749 1733 3825">
    <p class='ocr_par' dir='ltr' id='par_1_40' title="bbox 167 3749 1733 3825">
     <span class='ocr_line' id='line_1_40' title="bbox 167 3749 1733 3825; baseline 0.005 -25"><span class='ocrx_word' id='word_1_310' title='bbox 167 3749 214 3802; x_wconf 82' lang='lat' dir='ltr'><strong>in</strong></span> <span class='ocrx_word' id='word_1_311' title='bbox 231 3754 674 3808; x_wconf 85' lang='lat' dir='ltr'><strong>consummatione</strong></span> <span class='ocrx_word' id='word_1_312' title='bbox 685 3752 998 3808; x_wconf 66' lang='lat' dir='ltr'><strong>sa’culorum</strong></span> <span class='ocrx_word' id='word_1_313' title='bbox 1021 3752 1090 3808; x_wconf 89' lang='lat' dir='ltr'><strong>ad</strong></span> <span class='ocrx_word' id='word_1_314' title='bbox 1113 3752 1515 3809; x_wconf 79' lang='lat' dir='ltr'><strong>destructionem</strong></span> <span class='ocrx_word' id='word_1_315' title='bbox 1534 3754 1733 3825; x_wconf 81' lang='lat' dir='ltr'><strong>peccati</strong></span> 
     </span>
    </p>
   </div>
   <div class='ocr_carea' id='block_1_41' title="bbox 164 3844 1732 3915">
    <p class='ocr_par' dir='ltr' id='par_1_41' title="bbox 164 3844 1732 3915">
     <span class='ocr_line' id='line_1_41' title="bbox 164 3844 1732 3915; baseline 0.003 -21"><span class='ocrx_word' id='word_1_316' title='bbox 164 3856 246 3909; x_wconf 80' lang='lat' dir='ltr'><strong>per</strong></span> <span class='ocrx_word' id='word_1_317' title='bbox 269 3844 593 3912; x_wconf 72' lang='lat' dir='ltr'><strong>sacriﬁcium</strong></span> <span class='ocrx_word' id='word_1_318' title='bbox 618 3861 771 3899; x_wconf 86' lang='lat' dir='ltr'><strong>suum</strong></span> <span class='ocrx_word' id='word_1_319' title='bbox 795 3844 1159 3914; x_wconf 79' lang='lat' dir='ltr'><strong>manifestatus</strong></span> <span class='ocrx_word' id='word_1_320' title='bbox 1179 3854 1275 3899; x_wconf 85' lang='lat' dir='ltr'><strong>est.</strong></span> <span class='ocrx_word' id='word_1_321' title='bbox 1301 3844 1368 3899; x_wconf 84' lang='lat' dir='ltr'><strong>Et</strong></span> <span class='ocrx_word' id='word_1_322' title='bbox 1391 3844 1732 3915; x_wconf 84' lang='lat' dir='ltr'><strong>quemadmo-</strong></span> 
     </span>
    </p>
   </div>
   <div class='ocr_carea' id='block_1_42' title="bbox 166 3931 1736 4007">
    <p class='ocr_par' dir='ltr' id='par_1_42' title="bbox 166 3931 1736 4007">
     <span class='ocr_line' id='line_1_42' title="bbox 166 3931 1736 4007; baseline 0.003 -19"><span class='ocrx_word' id='word_1_323' title='bbox 166 3931 279 3988; x_wconf 75' lang='lat' dir='ltr'><strong>dum</strong></span> <span class='ocrx_word' id='word_1_324' title='bbox 314 3947 574 3991; x_wconf 83' lang='lat' dir='ltr'><strong>statutum</strong></span> <span class='ocrx_word' id='word_1_325' title='bbox 616 3947 692 3992; x_wconf 77' lang='lat' dir='ltr'><strong>est</strong></span> <span class='ocrx_word' id='word_1_326' title='bbox 737 3937 1030 3992; x_wconf 82' lang='lat' dir='ltr'><strong>hominibus</strong></span> <span class='ocrx_word' id='word_1_327' title='bbox 1076 3936 1233 3992; x_wconf 85' lang='lat' dir='ltr'><strong>semel</strong></span> <span class='ocrx_word' id='word_1_328' title='bbox 1287 3938 1443 4003; x_wconf 89' lang='lat' dir='ltr'><strong>mori,</strong></span> <span class='ocrx_word' id='word_1_329' title='bbox 1475 3947 1591 4007; x_wconf 88' lang='lat' dir='ltr'><strong>post</strong></span> <span class='ocrx_word' id='word_1_330' title='bbox 1637 3939 1736 3993; x_wconf 79' lang='lat' dir='ltr'><strong>hoc</strong></span> 
     </span>
    </p>
   </div>
   <div class='ocr_carea' id='block_1_43' title="bbox 167 4029 1736 4098">
    <p class='ocr_par' dir='ltr' id='par_1_43' title="bbox 167 4029 1736 4098">
     <span class='ocr_line' id='line_1_43' title="bbox 167 4029 1736 4098; baseline 0.005 -20"><span class='ocrx_word' id='word_1_331' title='bbox 167 4037 328 4081; x_wconf 61' lang='lat' dir='ltr'><strong>«tam</strong></span> <span class='ocrx_word' id='word_1_332' title='bbox 367 4029 656 4098; x_wconf 80' lang='lat' dir='ltr'><strong>judicium.</strong></span> <span class='ocrx_word' id='word_1_333' title='bbox 697 4029 900 4085; x_wconf 86' lang='lat' dir='ltr'><strong>Deinde</strong></span> <span class='ocrx_word' id='word_1_334' title='bbox 943 4030 1074 4084; x_wconf 89' lang='lat' dir='ltr'><strong>dicit</strong></span> <span class='ocrx_word' id='word_1_335' title='bbox 1107 4045 1121 4082; x_wconf 70' lang='grc' dir='ltr'><strong>ε</strong></span> <span class='ocrx_word' id='word_1_336' title='bbox 1152 4029 1220 4084; x_wconf 85' lang='lat' dir='ltr'><strong>Et</strong></span> <span class='ocrx_word' id='word_1_337' title='bbox 1272 4030 1429 4084; x_wconf 87' lang='lat' dir='ltr'><strong>semel</strong></span> <span class='ocrx_word' id='word_1_338' title='bbox 1476 4042 1736 4098; x_wconf 84' lang='lat' dir='ltr'><strong>mortuus,</strong></span> 
     </span>
    </p>
   </div>
   <div class='ocr_carea' id='block_1_44' title="bbox 167 4115 1736 4190">
    <p class='ocr_par' dir='ltr' id='par_1_44' title="bbox 167 4115 1736 4190">
     <span class='ocr_line' id='line_1_44' title="bbox 167 4115 1736 4190; baseline 0.006 -23"><span class='ocrx_word' id='word_1_339' title='bbox 167 4115 281 4182; x_wconf 81' lang='lat' dir='ltr'><strong>quia</strong></span> <span class='ocrx_word' id='word_1_340' title='bbox 309 4132 417 4188; x_wconf 89' lang='lat' dir='ltr'><strong>qua</strong></span> <span class='ocrx_word' id='word_1_341' title='bbox 457 4127 633 4176; x_wconf 85' lang='lat' dir='ltr'><strong>morte</strong></span> <span class='ocrx_word' id='word_1_342' title='bbox 660 4120 958 4190; x_wconf 88' lang='lat' dir='ltr'><strong>redemptio</strong></span> <span class='ocrx_word' id='word_1_343' title='bbox 983 4118 1126 4175; x_wconf 82' lang='lat' dir='ltr'><strong>facta</strong></span> <span class='ocrx_word' id='word_1_344' title='bbox 1150 4127 1253 4184; x_wconf 89' lang='lat' dir='ltr'><strong>est,</strong></span> <span class='ocrx_word' id='word_1_345' title='bbox 1278 4120 1581 4177; x_wconf 87' lang='lat' dir='ltr'><strong>institutum</strong></span> <span class='ocrx_word' id='word_1_346' title='bbox 1622 4130 1736 4187; x_wconf 89' lang='lat' dir='ltr'><strong>est,</strong></span> 
     </span>
    </p>
   </div>
   <div class='ocr_carea' id='block_1_45' title="bbox 167 4206 1740 4284">
    <p class='ocr_par' dir='ltr' id='par_1_45' title="bbox 167 4206 1740 4284">
     <span class='ocr_line' id='line_1_45' title="bbox 167 4206 1740 4284; baseline 0.006 -23"><span class='ocrx_word' id='word_1_347' title='bbox 167 4206 353 4278; x_wconf 88' lang='lat' dir='ltr'><strong>inquit,</strong></span> <span class='ocrx_word' id='word_1_348' title='bbox 373 4211 512 4266; x_wconf 89' lang='lat' dir='ltr'><strong>mori</strong></span> <span class='ocrx_word' id='word_1_349' title='bbox 540 4211 870 4268; x_wconf 90' lang='lat' dir='ltr'><strong>hominibus.</strong></span> <span class='ocrx_word' id='word_1_350' title='bbox 901 4212 1010 4268; x_wconf 85' lang='lat' dir='ltr'><strong>liae</strong></span> <span class='ocrx_word' id='word_1_351' title='bbox 1035 4227 1166 4284; x_wconf 87' lang='lat' dir='ltr'><strong>ergo</strong></span> <span class='ocrx_word' id='word_1_352' title='bbox 1194 4220 1363 4268; x_wconf 88' lang='lat' dir='ltr'><strong>semet</strong></span> <span class='ocrx_word' id='word_1_353' title='bbox 1385 4222 1630 4270; x_wconf 90' lang='lat' dir='ltr'><strong>mortuus</strong></span> <span class='ocrx_word' id='word_1_354' title='bbox 1656 4224 1740 4270; x_wconf 89' lang='lat' dir='ltr'><strong>est</strong></span> 
     </span>
    </p>
   </div>
   <div class='ocr_carea' id='block_1_46' title="bbox 166 4302 1741 4374">
    <p class='ocr_par' dir='ltr' id='par_1_46' title="bbox 166 4302 1741 4374">
     <span class='ocr_line' id='line_1_46' title="bbox 166 4302 1741 4374; baseline 0.006 -23"><span class='ocrx_word' id='word_1_355' title='bbox 166 4312 257 4366; x_wconf 89' lang='lat' dir='ltr'><strong>pro</strong></span> <span class='ocrx_word' id='word_1_356' title='bbox 283 4302 556 4358; x_wconf 88' lang='lat' dir='ltr'><strong>omnibus.</strong></span> <span class='ocrx_word' id='word_1_357' title='bbox 589 4302 727 4372; x_wconf 88' lang='lat' dir='ltr'><strong>Quid</strong></span> <span class='ocrx_word' id='word_1_358' title='bbox 751 4304 919 4374; x_wconf 88' lang='lat' dir='ltr'><strong>ergo?</strong></span> <span class='ocrx_word' id='word_1_359' title='bbox 963 4302 1082 4358; x_wconf 87' lang='lat' dir='ltr'><strong>Jam</strong></span> <span class='ocrx_word' id='word_1_360' title='bbox 1122 4320 1229 4359; x_wconf 89' lang='lat' dir='ltr'><strong>non</strong></span> <span class='ocrx_word' id='word_1_361' title='bbox 1256 4307 1536 4371; x_wconf 88' lang='lat' dir='ltr'><strong>morimur</strong></span> <span class='ocrx_word' id='word_1_362' title='bbox 1565 4314 1741 4361; x_wconf 89' lang='lat' dir='ltr'><strong>morte</strong></span> 
     </span>
    </p>
   </div>
   <div class='ocr_carea' id='block_1_47' title="bbox 169 4387 1734 4463">
    <p class='ocr_par' dir='ltr' id='par_1_47' title="bbox 169 4387 1734 4463">
     <span class='ocr_line' id='line_1_47' title="bbox 169 4387 1734 4463; baseline 0.005 -23"><span class='ocrx_word' id='word_1_363' title='bbox 169 4387 284 4442; x_wconf 82' lang='lat' dir='ltr'><strong>illa?</strong></span> <span class='ocrx_word' id='word_1_364' title='bbox 330 4388 593 4447; x_wconf 73' lang='lat' dir='ltr'><strong>Moriatur</strong></span> <span class='ocrx_word' id='word_1_365' title='bbox 616 4393 857 4463; x_wconf 89' lang='lat' dir='ltr'><strong>quidem.</strong></span> <span class='ocrx_word' id='word_1_366' title='bbox 889 4393 986 4448; x_wconf 86' lang='lat' dir='ltr'><strong>sed</strong></span> <span class='ocrx_word' id='word_1_367' title='bbox 1015 4408 1120 4449; x_wconf 89' lang='lat' dir='ltr'><strong>non</strong></span> <span class='ocrx_word' id='word_1_368' title='bbox 1174 4408 1458 4449; x_wconf 88' lang='lat' dir='ltr'><strong>manemus</strong></span> <span class='ocrx_word' id='word_1_369' title='bbox 1500 4395 1553 4448; x_wconf 91' lang='lat' dir='ltr'><strong>in</strong></span> <span class='ocrx_word' id='word_1_370' title='bbox 1609 4394 1734 4460; x_wconf 87' lang='lat' dir='ltr'><strong>illa,</strong></span> 
     </span>
    </p>
   </div>
   <div class='ocr_carea' id='block_1_48' title="bbox 1819 553 3394 618">
    <p class='ocr_par' dir='ltr' id='par_1_48' title="bbox 1819 553 3394 618">
     <span class='ocr_line' id='line_1_48' title="bbox 1819 553 3394 618; baseline 0.008 -13"><span class='ocrx_word' id='word_1_371' title='bbox 1819 561 1940 606; x_wconf 88' lang='lat' dir='ltr'><strong>cata</strong></span> <span class='ocrx_word' id='word_1_372' title='bbox 1962 553 2216 608; x_wconf 84' lang='lat' dir='ltr'><strong>abstulit?</strong></span> <span class='ocrx_word' id='word_1_373' title='bbox 2243 554 2397 611; x_wconf 89' lang='lat' dir='ltr'><strong>Sicut</strong></span> <span class='ocrx_word' id='word_1_374' title='bbox 2423 558 2566 611; x_wconf 90' lang='lat' dir='ltr'><strong>enim</strong></span> <span class='ocrx_word' id='word_1_375' title='bbox 2595 558 2650 612; x_wconf 94' lang='lat' dir='ltr'><strong>in</strong></span> <span class='ocrx_word' id='word_1_376' title='bbox 2692 558 2966 613; x_wconf 88' lang='lat' dir='ltr'><strong>oblatione</strong></span> <span class='ocrx_word' id='word_1_377' title='bbox 3015 576 3225 614; x_wconf 85' lang='lat' dir='ltr'><strong>sursum</strong></span> <span class='ocrx_word' id='word_1_378' title='bbox 3262 561 3394 618; x_wconf 62' lang='lat' dir='ltr'><strong>olfe-</strong></span> 
     </span>
    </p>
   </div>
   <div class='ocr_carea' id='block_1_49' title="bbox 1820 642 3396 715">
    <p class='ocr_par' dir='ltr' id='par_1_49' title="bbox 1820 642 3396 715">
     <span class='ocr_line' id='line_1_49' title="bbox 1820 642 3396 715; baseline 0.007 -20"><span class='ocrx_word' id='word_1_379' title='bbox 1820 642 1989 697; x_wconf 88' lang='lat' dir='ltr'><strong>rimus</strong></span> <span class='ocrx_word' id='word_1_380' title='bbox 2012 654 2258 714; x_wconf 89' lang='lat' dir='ltr'><strong>peccata,</strong></span> <span class='ocrx_word' id='word_1_381' title='bbox 2283 654 2337 700; x_wconf 90' lang='lat' dir='ltr'><strong>et</strong></span> <span class='ocrx_word' id='word_1_382' title='bbox 2367 647 2630 713; x_wconf 90' lang='lat' dir='ltr'><strong>dicimus,</strong></span> <span class='ocrx_word' id='word_1_383' title='bbox 2673 647 2797 704; x_wconf 86' lang='lat' dir='ltr'><strong>Sive</strong></span> <span class='ocrx_word' id='word_1_384' title='bbox 2844 649 3104 715; x_wconf 82' lang='lat' dir='ltr'><strong>volentes,</strong></span> <span class='ocrx_word' id='word_1_385' title='bbox 3144 650 3259 706; x_wconf 82' lang='lat' dir='ltr'><strong>sive</strong></span> <span class='ocrx_word' id='word_1_386' title='bbox 3303 668 3396 706; x_wconf 90' lang='lat' dir='ltr'><strong>no-</strong></span> 
     </span>
    </p>
   </div>
   <div class='ocr_carea' id='block_1_50' title="bbox 1819 732 3393 809">
    <p class='ocr_par' dir='ltr' id='par_1_50' title="bbox 1819 732 3393 809">
     <span class='ocr_line' id='line_1_50' title="bbox 1819 732 3393 809; baseline 0.004 -22"><span class='ocrx_word' id='word_1_387' title='bbox 1819 732 2014 799; x_wconf 90' lang='lat' dir='ltr'><strong>lentes,</strong></span> <span class='ocrx_word' id='word_1_388' title='bbox 2049 736 2409 804; x_wconf 80' lang='lat' dir='ltr'><strong>peccavimus,</strong></span> <span class='ocrx_word' id='word_1_389' title='bbox 2442 738 2687 809; x_wconf 85' lang='lat' dir='ltr'><strong>indulge;</strong></span> <span class='ocrx_word' id='word_1_390' title='bbox 2747 741 2851 795; x_wconf 91' lang='lat' dir='ltr'><strong>hoc</strong></span> <span class='ocrx_word' id='word_1_391' title='bbox 2898 750 3010 805; x_wconf 90' lang='lat' dir='ltr'><strong>est,</strong></span> <span class='ocrx_word' id='word_1_392' title='bbox 3063 742 3393 795; x_wconf 86' lang='lat' dir='ltr'><strong>mentionem</strong></span> 
     </span>
    </p>
   </div>
   <div class='ocr_carea' id='block_1_51' title="bbox 1820 827 3395 902">
    <p class='ocr_par' dir='ltr' id='par_1_51' title="bbox 1820 827 3395 902">
     <span class='ocr_line' id='line_1_51' title="bbox 1820 827 3395 902; baseline 0.002 -21"><span class='ocrx_word' id='word_1_393' title='bbox 1820 840 2008 881; x_wconf 89' lang='lat' dir='ltr'><strong>eorum</strong></span> <span class='ocrx_word' id='word_1_394' title='bbox 2035 827 2263 882; x_wconf 80' lang='lat' dir='ltr'><strong>facimus</strong></span> <span class='ocrx_word' id='word_1_395' title='bbox 2293 829 2551 898; x_wconf 90' lang='lat' dir='ltr'><strong>primum,</strong></span> <span class='ocrx_word' id='word_1_396' title='bbox 2579 838 2634 883; x_wconf 87' lang='lat' dir='ltr'><strong>et</strong></span> <span class='ocrx_word' id='word_1_397' title='bbox 2674 839 2800 885; x_wconf 90' lang='lat' dir='ltr'><strong>tunc</strong></span> <span class='ocrx_word' id='word_1_398' title='bbox 2849 832 3220 886; x_wconf 84' lang='lat' dir='ltr'><strong>remissionem</strong></span> <span class='ocrx_word' id='word_1_399' title='bbox 3255 833 3395 902; x_wconf 92' lang='lat' dir='ltr'><strong>peti-</strong></span> 
     </span>
    </p>
   </div>
   <div class='ocr_carea' id='block_1_52' title="bbox 1820 920 3398 979">
    <p class='ocr_par' dir='ltr' id='par_1_52' title="bbox 1820 920 3398 979">
     <span class='ocr_line' id='line_1_52' title="bbox 1820 920 3398 979; baseline 0.005 -8"><span class='ocrx_word' id='word_1_400' title='bbox 1820 933 1942 973; x_wconf 90' lang='lat' dir='ltr'><strong>mus</strong></span> <span class='ocrx_word' id='word_1_401' title='bbox 1977 935 1991 972; x_wconf 91' lang='lat'><strong>:</strong></span> <span class='ocrx_word' id='word_1_402' title='bbox 2025 920 2103 973; x_wconf 90' lang='lat' dir='ltr'><strong>sic</strong></span> <span class='ocrx_word' id='word_1_403' title='bbox 2127 929 2305 973; x_wconf 91' lang='lat' dir='ltr'><strong>autem</strong></span> <span class='ocrx_word' id='word_1_404' title='bbox 2330 932 2385 974; x_wconf 90' lang='lat' dir='ltr'><strong>et</strong></span> <span class='ocrx_word' id='word_1_405' title='bbox 2414 921 2503 974; x_wconf 90' lang='lat' dir='ltr'><strong>hic</strong></span> <span class='ocrx_word' id='word_1_406' title='bbox 2535 921 2877 976; x_wconf 79' lang='lat' dir='ltr'><strong>manifestum</strong></span> <span class='ocrx_word' id='word_1_407' title='bbox 2905 933 3006 977; x_wconf 63' lang='lat' dir='ltr'><strong>est.</strong></span> <span class='ocrx_word' id='word_1_408' title='bbox 3040 924 3106 977; x_wconf 84' lang='lat' dir='ltr'><strong>Et</strong></span> <span class='ocrx_word' id='word_1_409' title='bbox 3149 924 3238 976; x_wconf 93' lang='lat' dir='ltr'><strong>ubi</strong></span> <span class='ocrx_word' id='word_1_410' title='bbox 3294 925 3398 979; x_wconf 86' lang='lat' dir='ltr'><strong>hoc</strong></span> 
     </span>
    </p>
   </div>
   <div class='ocr_carea' id='block_1_53' title="bbox 1821 1008 3399 1083">
    <p class='ocr_par' dir='ltr' id='par_1_53' title="bbox 1821 1008 3399 1083">
     <span class='ocr_line' id='line_1_53' title="bbox 1821 1008 3399 1083; baseline 0.004 -21"><span class='ocrx_word' id='word_1_411' title='bbox 1821 1008 1950 1062; x_wconf 74' lang='lat' dir='ltr'><strong>fecit</strong></span> <span class='ocrx_word' id='word_1_412' title='bbox 1976 1009 2259 1064; x_wconf 86' lang='lat' dir='ltr'><strong>Christus?</strong></span> <span class='ocrx_word' id='word_1_413' title='bbox 2283 1011 2420 1064; x_wconf 90' lang='lat' dir='ltr'><strong>Audi</strong></span> <span class='ocrx_word' id='word_1_414' title='bbox 2446 1026 2568 1065; x_wconf 92' lang='lat' dir='ltr'><strong>eum</strong></span> <span class='ocrx_word' id='word_1_415' title='bbox 2597 1012 2863 1067; x_wconf 90' lang='lat' dir='ltr'><strong>dicentem</strong></span> <span class='ocrx_word' id='word_1_416' title='bbox 2890 1031 2903 1066; x_wconf 92' lang='lat'>:</span> <span class='ocrx_word' id='word_1_417' title='bbox 2932 1013 2995 1066; x_wconf 85' lang='lat' dir='ltr'><strong>Et</strong></span> <span class='ocrx_word' id='word_1_418' title='bbox 3019 1031 3112 1083; x_wconf 88' lang='lat' dir='ltr'><strong>pro</strong></span> <span class='ocrx_word' id='word_1_419' title='bbox 3146 1014 3248 1068; x_wconf 81' lang='lat' dir='ltr'><strong>illis</strong></span> <span class='ocrx_word' id='word_1_420' title='bbox 3270 1032 3399 1068; x_wconf 83' lang='lat' dir='ltr'><strong>san-</strong></span> 
     </span>
    </p>
   </div>
   <div class='ocr_carea' id='block_1_54' title="bbox 1822 1102 3399 1174">
    <p class='ocr_par' dir='ltr' id='par_1_54' title="bbox 1822 1102 3399 1174">
     <span class='ocr_line' id='line_1_54' title="bbox 1822 1102 3399 1174; baseline 0.002 -18"><span class='ocrx_word' id='word_1_421' title='bbox 1822 1102 1993 1171; x_wconf 81' lang='lat' dir='ltr'><strong>cti/ica</strong></span> <span class='ocrx_word' id='word_1_422' title='bbox 2041 1104 2398 1172; x_wconf 81' lang='lat' dir='ltr'><strong>memetipsttm</strong></span> <span class='ocrx_word' id='word_1_423' title='bbox 2453 1102 2635 1173; x_wconf 82' lang='lat' dir='ltr'><strong>(Joun.</strong></span> <span class='ocrx_word' id='word_1_424' title='bbox 2680 1105 2966 1174; x_wconf 72' lang='lat' dir='ltr'><strong>xvu,19).</strong></span> <span class='ocrx_word' id='word_1_425' title='bbox 3017 1105 3154 1159; x_wconf 83' lang='lat' dir='ltr'><strong>Ecce</strong></span> <span class='ocrx_word' id='word_1_426' title='bbox 3206 1106 3399 1159; x_wconf 81' lang='lat' dir='ltr'><strong>obtulit</strong></span> 
     </span>
    </p>
   </div>
   <div class='ocr_carea' id='block_1_55' title="bbox 1823 1193 3447 1262">
    <p class='ocr_par' dir='ltr' id='par_1_55' title="bbox 1823 1193 3447 1262">
     <span class='ocr_line' id='line_1_55' title="bbox 1823 1193 3447 1262; baseline 0.002 -17"><span class='ocrx_word' id='word_1_427' title='bbox 1823 1199 2069 1260; x_wconf 88' lang='lat' dir='ltr'><strong>peccata,</strong></span> <span class='ocrx_word' id='word_1_428' title='bbox 2094 1194 2322 1262; x_wconf 76' lang='lat' dir='ltr'><strong>sumpsit</strong></span> <span class='ocrx_word' id='word_1_429' title='bbox 2344 1207 2406 1247; x_wconf 89' lang='lat' dir='ltr'><strong>ea</strong></span> <span class='ocrx_word' id='word_1_430' title='bbox 2434 1193 2504 1246; x_wconf 86' lang='lat' dir='ltr'><strong>ab</strong></span> <span class='ocrx_word' id='word_1_431' title='bbox 2533 1193 2873 1257; x_wconf 85' lang='lat' dir='ltr'><strong>hominibus,</strong></span> <span class='ocrx_word' id='word_1_432' title='bbox 2896 1204 2949 1247; x_wconf 88' lang='lat' dir='ltr'><strong>et</strong></span> <span class='ocrx_word' id='word_1_433' title='bbox 2977 1194 3170 1247; x_wconf 88' lang='lat' dir='ltr'><strong>obtulit</strong></span> <span class='ocrx_word' id='word_1_434' title='bbox 3196 1209 3257 1248; x_wconf 88' lang='lat' dir='ltr'><strong>ea</strong></span> <span class='ocrx_word' id='word_1_435' title='bbox 3288 1211 3402 1248; x_wconf 89' lang='lat' dir='ltr'><strong>sur-</strong></span> <span class='ocrx_word' id='word_1_436' title='bbox 3432 1198 3447 1207; x_wconf 76' lang='lat'><strong>‘</strong></span> 
     </span>
    </p>
   </div>
   <div class='ocr_carea' id='block_1_56' title="bbox 1824 1284 3402 1356">
    <p class='ocr_par' dir='ltr' id='par_1_56' title="bbox 1824 1284 3402 1356">
     <span class='ocr_line' id='line_1_56' title="bbox 1824 1284 3402 1356; baseline 0.002 -17"><span class='ocrx_word' id='word_1_437' title='bbox 1824 1300 1944 1339; x_wconf 87' lang='lat' dir='ltr'><strong>sum</strong></span> <span class='ocrx_word' id='word_1_438' title='bbox 1970 1284 2138 1351; x_wconf 86' lang='lat' dir='ltr'><strong>Patri,</strong></span> <span class='ocrx_word' id='word_1_439' title='bbox 2168 1302 2271 1340; x_wconf 90' lang='lat' dir='ltr'><strong>non</strong></span> <span class='ocrx_word' id='word_1_440' title='bbox 2304 1294 2361 1339; x_wconf 94' lang='lat' dir='ltr'><strong>ut</strong></span> <span class='ocrx_word' id='word_1_441' title='bbox 2388 1284 2589 1356; x_wconf 88' lang='lat' dir='ltr'><strong>aliquid</strong></span> <span class='ocrx_word' id='word_1_442' title='bbox 2610 1286 2866 1341; x_wconf 89' lang='lat' dir='ltr'><strong>decernat</strong></span> <span class='ocrx_word' id='word_1_443' title='bbox 2890 1288 3150 1341; x_wconf 88' lang='lat' dir='ltr'><strong>adversus</strong></span> <span class='ocrx_word' id='word_1_444' title='bbox 3173 1303 3285 1351; x_wconf 87' lang='lat' dir='ltr'><strong>eos,</strong></span> <span class='ocrx_word' id='word_1_445' title='bbox 3308 1288 3402 1342; x_wconf 89' lang='lat' dir='ltr'><strong>sed</strong></span> 
     </span>
    </p>
   </div>
   <div class='ocr_carea' id='block_1_57' title="bbox 1825 1375 3399 1448">
    <p class='ocr_par' dir='ltr' id='par_1_57' title="bbox 1825 1375 3399 1448">
     <span class='ocr_line' id='line_1_57' title="bbox 1825 1375 3399 1448; baseline 0.001 -17"><span class='ocrx_word' id='word_1_446' title='bbox 1825 1385 1979 1431; x_wconf 89' lang='lat' dir='ltr'><strong>utea</strong></span> <span class='ocrx_word' id='word_1_447' title='bbox 2005 1376 2262 1429; x_wconf 84' lang='lat' dir='ltr'><strong>dimittat.</strong></span> <span class='ocrx_word' id='word_1_448' title='bbox 2323 1375 2392 1429; x_wconf 89' lang='lat' dir='ltr'><strong>In</strong></span> <span class='ocrx_word' id='word_1_449' title='bbox 2436 1377 2663 1432; x_wconf 84' lang='lat' dir='ltr'><strong>secundo</strong></span> <span class='ocrx_word' id='word_1_450' title='bbox 2703 1377 2814 1432; x_wconf 84' lang='lat' dir='ltr'><strong>sine</strong></span> <span class='ocrx_word' id='word_1_451' title='bbox 2860 1389 3071 1448; x_wconf 84' lang='lat' dir='ltr'><strong>peccato</strong></span> <span class='ocrx_word' id='word_1_452' title='bbox 3125 1379 3399 1446; x_wconf 76' lang='lat' dir='ltr'><strong>videbitur,</strong></span> 
     </span>
    </p>
   </div>
   <div class='ocr_carea' id='block_1_58' title="bbox 1825 1466 3402 1538">
    <p class='ocr_par' dir='ltr' id='par_1_58' title="bbox 1825 1466 3402 1538">
     <span class='ocr_line' id='line_1_58' title="bbox 1825 1466 3402 1538; baseline 0.002 -16"><span class='ocrx_word' id='word_1_453' title='bbox 1825 1466 2459 1537; x_wconf 75' lang='lat' dir='ltr'><strong>inquit,ea=spectantibus</strong></span> <span class='ocrx_word' id='word_1_454' title='bbox 2484 1485 2539 1522; x_wconf 87' lang='lat' dir='ltr'><strong>se</strong></span> <span class='ocrx_word' id='word_1_455' title='bbox 2579 1469 2631 1521; x_wconf 87' lang='lat' dir='ltr'><strong>in</strong></span> <span class='ocrx_word' id='word_1_456' title='bbox 2675 1468 2918 1524; x_wconf 84' lang='lat' dir='ltr'><strong>salutem.</strong></span> <span class='ocrx_word' id='word_1_457' title='bbox 2962 1470 3101 1538; x_wconf 91' lang='lat' dir='ltr'><strong>Quid</strong></span> <span class='ocrx_word' id='word_1_458' title='bbox 3144 1480 3226 1524; x_wconf 89' lang='lat' dir='ltr'><strong>est</strong></span> <span class='ocrx_word' id='word_1_459' title='bbox 3274 1470 3402 1525; x_wconf 83' lang='lat' dir='ltr'><strong>Sine</strong></span> 
     </span>
    </p>
   </div>
   <div class='ocr_carea' id='block_1_59' title="bbox 1826 1560 3403 1632">
    <p class='ocr_par' dir='ltr' id='par_1_59' title="bbox 1826 1560 3403 1632">
     <span class='ocr_line' id='line_1_59' title="bbox 1826 1560 3403 1632; baseline 0.003 -18"><span class='ocrx_word' id='word_1_460' title='bbox 1826 1561 2087 1632; x_wconf 88' lang='lat' dir='ltr'><strong>peccato?</strong></span> <span class='ocrx_word' id='word_1_461' title='bbox 2114 1560 2277 1615; x_wconf 88' lang='lat' dir='ltr'><strong>veluti</strong></span> <span class='ocrx_word' id='word_1_462' title='bbox 2302 1576 2406 1616; x_wconf 92' lang='lat' dir='ltr'><strong>non</strong></span> <span class='ocrx_word' id='word_1_463' title='bbox 2430 1570 2636 1631; x_wconf 82' lang='lat' dir='ltr'><strong>peccat.</strong></span> <span class='ocrx_word' id='word_1_464' title='bbox 2663 1560 2777 1616; x_wconf 81' lang='lat' dir='ltr'><strong>Non</strong></span> <span class='ocrx_word' id='word_1_465' title='bbox 2808 1563 2952 1616; x_wconf 87' lang='lat' dir='ltr'><strong>enim</strong></span> <span class='ocrx_word' id='word_1_466' title='bbox 2979 1563 3189 1617; x_wconf 86' lang='lat' dir='ltr'><strong>debitor</strong></span> <span class='ocrx_word' id='word_1_467' title='bbox 3214 1564 3403 1618; x_wconf 90' lang='lat' dir='ltr'><strong>mortis</strong></span> 
     </span>
    </p>
   </div>
   <div class='ocr_carea' id='block_1_60' title="bbox 1826 1655 3403 1727">
    <p class='ocr_par' dir='ltr' id='par_1_60' title="bbox 1826 1655 3403 1727">
     <span class='ocr_line' id='line_1_60' title="bbox 1826 1655 3403 1727; baseline 0.002 -18"><span class='ocrx_word' id='word_1_468' title='bbox 1826 1662 2072 1709; x_wconf 89' lang='lat' dir='ltr'><strong>mortuus</strong></span> <span class='ocrx_word' id='word_1_469' title='bbox 2099 1663 2197 1714; x_wconf 91' lang='lat' dir='ltr'><strong>est,</strong></span> <span class='ocrx_word' id='word_1_470' title='bbox 2223 1668 2397 1723; x_wconf 89' lang='lat' dir='ltr'><strong>neque</strong></span> <span class='ocrx_word' id='word_1_471' title='bbox 2425 1665 2644 1726; x_wconf 89' lang='lat' dir='ltr'><strong>propter</strong></span> <span class='ocrx_word' id='word_1_472' title='bbox 2662 1664 2965 1725; x_wconf 88' lang='lat' dir='ltr'><strong>peccatum.</strong></span> <span class='ocrx_word' id='word_1_473' title='bbox 3000 1655 3104 1710; x_wconf 87' lang='lat' dir='ltr'><strong>Sed</strong></span> <span class='ocrx_word' id='word_1_474' title='bbox 3133 1656 3403 1727; x_wconf 70' lang='lat' dir='ltr'><strong>quionwdo</strong></span> 
     </span>
    </p>
   </div>
   <div class='ocr_carea' id='block_1_61' title="bbox 1828 1747 3404 1819">
    <p class='ocr_par' dir='ltr' id='par_1_61' title="bbox 1828 1747 3404 1819">
     <span class='ocr_line' id='line_1_61' title="bbox 1828 1747 3404 1819; baseline 0.001 -18"><span class='ocrx_word' id='word_1_475' title='bbox 1828 1749 2133 1804; x_wconf 82' lang='lat' dir='ltr'><strong>videbitur?</strong></span> <span class='ocrx_word' id='word_1_476' title='bbox 2180 1747 2437 1814; x_wconf 87' lang='lat' dir='ltr'><strong>Puniens,</strong></span> <span class='ocrx_word' id='word_1_477' title='bbox 2467 1748 2658 1819; x_wconf 86' lang='lat' dir='ltr'><strong>inquit.</strong></span> <span class='ocrx_word' id='word_1_478' title='bbox 2702 1748 2807 1803; x_wconf 84' lang='lat' dir='ltr'><strong>Sed</strong></span> <span class='ocrx_word' id='word_1_479' title='bbox 2841 1764 2946 1802; x_wconf 92' lang='lat' dir='ltr'><strong>non</strong></span> <span class='ocrx_word' id='word_1_480' title='bbox 2984 1748 3087 1803; x_wconf 89' lang='lat' dir='ltr'><strong>hoc</strong></span> <span class='ocrx_word' id='word_1_481' title='bbox 3117 1749 3286 1812; x_wconf 81' lang='lat' dir='ltr'><strong>dixit,</strong></span> <span class='ocrx_word' id='word_1_482' title='bbox 3308 1748 3404 1803; x_wconf 88' lang='lat' dir='ltr'><strong>sed</strong></span> 
     </span>
    </p>
   </div>
   <div class='ocr_carea' id='block_1_62' title="bbox 1828 1833 3406 1908">
    <p class='ocr_par' dir='ltr' id='par_1_62' title="bbox 1828 1833 3406 1908">
     <span class='ocr_line' id='line_1_62' title="bbox 1828 1833 3406 1908; baseline -0.003 -17"><span class='ocrx_word' id='word_1_483' title='bbox 1828 1839 1971 1906; x_wconf 91' lang='lat' dir='ltr'><strong>quod</strong></span> <span class='ocrx_word' id='word_1_484' title='bbox 2001 1836 2252 1893; x_wconf 83' lang='lat' dir='ltr'><strong>festivum</strong></span> <span class='ocrx_word' id='word_1_485' title='bbox 2280 1847 2335 1891; x_wconf 88' lang='grc' dir='ltr'><strong>ει</strong></span> <span class='ocrx_word' id='word_1_486' title='bbox 2360 1846 2572 1908; x_wconf 89' lang='lat' dir='ltr'><strong>gratum</strong></span> <span class='ocrx_word' id='word_1_487' title='bbox 2598 1846 2701 1902; x_wconf 88' lang='lat' dir='ltr'><strong>est,</strong></span> <span class='ocrx_word' id='word_1_488' title='bbox 2731 1833 2854 1890; x_wconf 87' lang='lat' dir='ltr'><strong>Sine</strong></span> <span class='ocrx_word' id='word_1_489' title='bbox 2900 1847 3111 1906; x_wconf 81' lang='lat' dir='ltr'><strong>peccato</strong></span> <span class='ocrx_word' id='word_1_490' title='bbox 3150 1836 3406 1890; x_wconf 82' lang='lat' dir='ltr'><strong>videbitur</strong></span> 
     </span>
    </p>
   </div>
   <div class='ocr_carea' id='block_1_63' title="bbox 1828 1910 3405 1997">
    <p class='ocr_par' dir='ltr' id='par_1_63' title="bbox 1828 1910 3405 1997">
     <span class='ocr_line' id='line_1_63' title="bbox 1828 1910 3405 1997; baseline 0 -16"><span class='ocrx_word' id='word_1_491' title='bbox 1828 1910 2242 1997; x_wconf 75' lang='lat' dir='ltr'><strong>exspectantibus</strong></span> <span class='ocrx_word' id='word_1_492' title='bbox 2266 1944 2320 1982; x_wconf 91' lang='lat' dir='ltr'><strong>se</strong></span> <span class='ocrx_word' id='word_1_493' title='bbox 2343 1928 2396 1980; x_wconf 87' lang='lat' dir='ltr'><strong>in</strong></span> <span class='ocrx_word' id='word_1_494' title='bbox 2436 1926 2656 1982; x_wconf 77' lang='lat' dir='ltr'><strong>salutem</strong></span> <span class='ocrx_word' id='word_1_495' title='bbox 2688 1943 2707 1981; x_wconf 91' lang='lat'><em>:</em></span> <span class='ocrx_word' id='word_1_496' title='bbox 2737 1935 2795 1981; x_wconf 92' lang='lat' dir='ltr'><strong>ut</strong></span> <span class='ocrx_word' id='word_1_497' title='bbox 2828 1925 2942 1994; x_wconf 89' lang='lat' dir='ltr'><strong>jam</strong></span> <span class='ocrx_word' id='word_1_498' title='bbox 2974 1927 3039 1982; x_wconf 91' lang='lat' dir='ltr'><strong>de</strong></span> <span class='ocrx_word' id='word_1_499' title='bbox 3067 1936 3265 1982; x_wconf 62' lang='lat' dir='ltr'><strong>caetero</strong></span> <span class='ocrx_word' id='word_1_500' title='bbox 3295 1943 3405 1981; x_wconf 90' lang='lat' dir='ltr'><strong>non</strong></span> 
     </span>
    </p>
   </div>
   <div class='ocr_carea' id='block_1_64' title="bbox 1828 2017 3407 2088">
    <p class='ocr_par' dir='ltr' id='par_1_64' title="bbox 1828 2017 3407 2088">
     <span class='ocr_line' id='line_1_64' title="bbox 1828 2017 3407 2088; baseline -0.003 -13"><span class='ocrx_word' id='word_1_501' title='bbox 1828 2034 1964 2088; x_wconf 90' lang='lat' dir='ltr'><strong>opus</strong></span> <span class='ocrx_word' id='word_1_502' title='bbox 1986 2018 2221 2074; x_wconf 86' lang='lat' dir='ltr'><strong>habeant</strong></span> <span class='ocrx_word' id='word_1_503' title='bbox 2250 2018 2542 2082; x_wconf 88' lang='lat' dir='ltr'><strong>sacriﬁcio,</strong></span> <span class='ocrx_word' id='word_1_504' title='bbox 2571 2027 2628 2071; x_wconf 91' lang='lat' dir='ltr'><strong>ut</strong></span> <span class='ocrx_word' id='word_1_505' title='bbox 2668 2017 2961 2081; x_wconf 85' lang='lat' dir='ltr'><strong>salventur,</strong></span> <span class='ocrx_word' id='word_1_506' title='bbox 2991 2018 3083 2071; x_wconf 90' lang='lat' dir='ltr'><strong>sed</strong></span> <span class='ocrx_word' id='word_1_507' title='bbox 3136 2021 3188 2070; x_wconf 91' lang='lat' dir='ltr'><strong>in</strong></span> <span class='ocrx_word' id='word_1_508' title='bbox 3229 2017 3407 2086; x_wconf 89' lang='lat' dir='ltr'><strong>operi-</strong></span> 
     </span>
    </p>
   </div>
   <div class='ocr_carea' id='block_1_65' title="bbox 1826 2106 3405 2179">
    <p class='ocr_par' dir='ltr' id='par_1_65' title="bbox 1826 2106 3405 2179">
     <span class='ocr_line' id='line_1_65' title="bbox 1826 2106 3405 2179; baseline -0.003 -14"><span class='ocrx_word' id='word_1_509' title='bbox 1826 2109 1930 2165; x_wconf 88' lang='lat' dir='ltr'><strong>bus</strong></span> <span class='ocrx_word' id='word_1_510' title='bbox 1956 2109 2088 2179; x_wconf 84' lang='lat' dir='ltr'><strong>ipsis</strong></span> <span class='ocrx_word' id='word_1_511' title='bbox 2117 2110 2220 2163; x_wconf 90' lang='lat' dir='ltr'><strong>hoc</strong></span> <span class='ocrx_word' id='word_1_512' title='bbox 2260 2107 2485 2162; x_wconf 79' lang='lat' dir='ltr'><strong>faciant.</strong></span> <span class='ocrx_word' id='word_1_513' title='bbox 2518 2128 2537 2161; x_wconf 73' lang='grc' dir='ltr'><strong>ι</strong></span> <span class='ocrx_word' id='word_1_514' title='bbox 2566 2108 2631 2162; x_wconf 86' lang='grc' dir='ltr'><strong>Ει</strong></span> <span class='ocrx_word' id='word_1_515' title='bbox 2670 2108 2796 2163; x_wconf 86' lang='lat' dir='ltr'><strong>item</strong></span> <span class='ocrx_word' id='word_1_516' title='bbox 2831 2123 2847 2162; x_wconf 89' lang='lat'><strong>:</strong></span> <span class='ocrx_word' id='word_1_517' title='bbox 2881 2127 2899 2158; x_wconf 75' lang='grc' dir='ltr'><strong>ι</strong></span> <span class='ocrx_word' id='word_1_518' title='bbox 2936 2106 3019 2161; x_wconf 88' lang='lat' dir='ltr'><strong>Ne</strong></span> <span class='ocrx_word' id='word_1_519' title='bbox 3059 2108 3177 2173; x_wconf 89' lang='lat' dir='ltr'><strong>cui,</strong></span> <span class='ocrx_word' id='word_1_520' title='bbox 3210 2107 3405 2177; x_wconf 86' lang='lat' dir='ltr'><strong>inquit,</strong></span> 
     </span>
    </p>
   </div>
   <div class='ocr_carea' id='block_1_66' title="bbox 1829 2199 3408 2271">
    <p class='ocr_par' dir='ltr' id='par_1_66' title="bbox 1829 2199 3408 2271">
     <span class='ocr_line' id='line_1_66' title="bbox 1829 2199 3408 2271; baseline -0.002 -15"><span class='ocrx_word' id='word_1_521' title='bbox 1829 2211 2055 2256; x_wconf 79' lang='lat' dir='ltr'><strong>vestrum</strong></span> <span class='ocrx_word' id='word_1_522' title='bbox 2103 2200 2236 2255; x_wconf 80' lang='lat' dir='ltr'><strong>desit</strong></span> <span class='ocrx_word' id='word_1_523' title='bbox 2272 2200 2445 2271; x_wconf 86' lang='lat' dir='ltr'><strong>gratia</strong></span> <span class='ocrx_word' id='word_1_524' title='bbox 2482 2199 2600 2254; x_wconf 86' lang='lat' dir='ltr'><strong>Dei.</strong></span> <span class='ocrx_word' id='word_1_525' title='bbox 2642 2199 2781 2267; x_wconf 90' lang='lat' dir='ltr'><strong>Quid</strong></span> <span class='ocrx_word' id='word_1_526' title='bbox 2827 2199 2957 2254; x_wconf 91' lang='lat' dir='ltr'><strong>dicit</strong></span> <span class='ocrx_word' id='word_1_527' title='bbox 3000 2200 3229 2271; x_wconf 86' lang='lat' dir='ltr'><strong>gratiam</strong></span> <span class='ocrx_word' id='word_1_528' title='bbox 3278 2200 3408 2254; x_wconf 86' lang='lat' dir='ltr'><strong>Dei?</strong></span> 
     </span>
    </p>
   </div>
   <div class='ocr_carea' id='block_1_67' title="bbox 1829 2289 3410 2359">
    <p class='ocr_par' dir='ltr' id='par_1_67' title="bbox 1829 2289 3410 2359">
     <span class='ocr_line' id='line_1_67' title="bbox 1829 2289 3410 2359; baseline 0.001 -16"><span class='ocrx_word' id='word_1_529' title='bbox 1829 2291 1970 2346; x_wconf 86' lang='lat' dir='ltr'><strong>bona</strong></span> <span class='ocrx_word' id='word_1_530' title='bbox 2022 2289 2230 2355; x_wconf 79' lang='lat' dir='ltr'><strong>futura,</strong></span> <span class='ocrx_word' id='word_1_531' title='bbox 2261 2291 2622 2359; x_wconf 79' lang='lat' dir='ltr'><strong>evangelicam</strong></span> <span class='ocrx_word' id='word_1_532' title='bbox 2667 2292 2853 2355; x_wconf 86' lang='lat' dir='ltr'><strong>ﬁdem,</strong></span> <span class='ocrx_word' id='word_1_533' title='bbox 2888 2291 3144 2359; x_wconf 88' lang='lat' dir='ltr'><strong>optimam</strong></span> <span class='ocrx_word' id='word_1_534' title='bbox 3184 2305 3410 2345; x_wconf 66' lang='lat' dir='ltr'><strong>convec-</strong></span> 
     </span>
    </p>
   </div>
   <div class='ocr_carea' id='block_1_68' title="bbox 1830 2382 3409 2453">
    <p class='ocr_par' dir='ltr' id='par_1_68' title="bbox 1830 2382 3409 2453">
     <span class='ocr_line' id='line_1_68' title="bbox 1830 2382 3409 2453; baseline -0.001 -14"><span class='ocrx_word' id='word_1_535' title='bbox 1830 2385 2119 2439; x_wconf 85' lang='lat' dir='ltr'><strong>sationem.</strong></span> <span class='ocrx_word' id='word_1_536' title='bbox 2147 2382 2339 2438; x_wconf 88' lang='lat' dir='ltr'><strong>Omnia</strong></span> <span class='ocrx_word' id='word_1_537' title='bbox 2371 2383 2570 2453; x_wconf 82' lang='lat' dir='ltr'><strong>quippe</strong></span> <span class='ocrx_word' id='word_1_538' title='bbox 2602 2382 2694 2435; x_wconf 84' lang='lat' dir='ltr'><strong>Dei</strong></span> <span class='ocrx_word' id='word_1_539' title='bbox 2728 2392 2851 2437; x_wconf 89' lang='lat' dir='ltr'><strong>sunt</strong></span> <span class='ocrx_word' id='word_1_540' title='bbox 2885 2382 3089 2452; x_wconf 66' lang='lat' dir='ltr'><strong>gratiae.</strong></span> <span class='ocrx_word' id='word_1_541' title='bbox 3124 2382 3232 2436; x_wconf 67' lang='lat' dir='ltr'><strong>Nec</strong></span> <span class='ocrx_word' id='word_1_542' title='bbox 3279 2383 3409 2438; x_wconf 86' lang='lat' dir='ltr'><strong>mihi</strong></span> 
     </span>
    </p>
   </div>
   <div class='ocr_carea' id='block_1_69' title="bbox 1830 2472 3411 2543">
    <p class='ocr_par' dir='ltr' id='par_1_69' title="bbox 1830 2472 3411 2543">
     <span class='ocr_line' id='line_1_69' title="bbox 1830 2472 3411 2543; baseline -0.003 -13"><span class='ocrx_word' id='word_1_543' title='bbox 1830 2475 2002 2540; x_wconf 86' lang='lat' dir='ltr'><strong>dicas,</strong></span> <span class='ocrx_word' id='word_1_544' title='bbox 2031 2475 2155 2543; x_wconf 89' lang='lat' dir='ltr'><strong>quia</strong></span> <span class='ocrx_word' id='word_1_545' title='bbox 2188 2488 2327 2527; x_wconf 91' lang='lat' dir='ltr'><strong>unus</strong></span> <span class='ocrx_word' id='word_1_546' title='bbox 2368 2482 2450 2527; x_wconf 87' lang='lat' dir='ltr'><strong>est</strong></span> <span class='ocrx_word' id='word_1_547' title='bbox 2497 2472 2591 2542; x_wconf 88' lang='lat' dir='ltr'><strong>qui</strong></span> <span class='ocrx_word' id='word_1_548' title='bbox 2639 2473 2852 2541; x_wconf 83' lang='lat' dir='ltr'><strong>peribit.</strong></span> <span class='ocrx_word' id='word_1_549' title='bbox 2905 2472 3116 2526; x_wconf 81' lang='lat' dir='ltr'><strong>Etenim</strong></span> <span class='ocrx_word' id='word_1_550' title='bbox 3166 2472 3411 2526; x_wconf 86' lang='lat' dir='ltr'><strong>Christus</strong></span> 
     </span>
    </p>
   </div>
   <div class='ocr_carea' id='block_1_70' title="bbox 1830 2566 3413 2641">
    <p class='ocr_par' dir='ltr' id='par_1_70' title="bbox 1830 2566 3413 2641">
     <span class='ocr_line' id='line_1_70' title="bbox 1830 2566 3413 2641; baseline -0.004 -16"><span class='ocrx_word' id='word_1_551' title='bbox 1830 2579 2052 2641; x_wconf 88' lang='lat' dir='ltr'><strong>propter</strong></span> <span class='ocrx_word' id='word_1_552' title='bbox 2080 2586 2248 2623; x_wconf 89' lang='lat' dir='ltr'><strong>unum</strong></span> <span class='ocrx_word' id='word_1_553' title='bbox 2278 2577 2521 2623; x_wconf 92' lang='lat' dir='ltr'><strong>mortuus</strong></span> <span class='ocrx_word' id='word_1_554' title='bbox 2544 2574 2648 2621; x_wconf 93' lang='lat' dir='ltr'><strong>est.</strong></span> <span class='ocrx_word' id='word_1_555' title='bbox 2681 2566 2758 2619; x_wconf 82' lang='lat' dir='ltr'><strong>&#39;l‘u</strong></span> <span class='ocrx_word' id='word_1_556' title='bbox 2792 2580 2920 2633; x_wconf 78' lang='lat' dir='ltr'><strong>ergo</strong></span> <span class='ocrx_word' id='word_1_557' title='bbox 2943 2566 3165 2635; x_wconf 78' lang='lat' dir='ltr'><strong>negligis</strong></span> <span class='ocrx_word' id='word_1_558' title='bbox 3192 2570 3413 2635; x_wconf 75' lang='lat' dir='ltr'><strong>propter</strong></span> 
     </span>
    </p>
   </div>
   <div class='ocr_carea' id='block_1_71' title="bbox 1834 2658 3412 2733">
    <p class='ocr_par' dir='ltr' id='par_1_71' title="bbox 1834 2658 3412 2733">
     <span class='ocr_line' id='line_1_71' title="bbox 1834 2658 3412 2733; baseline -0.003 -17"><span class='ocrx_word' id='word_1_559' title='bbox 1834 2679 1994 2733; x_wconf 86' lang='lat' dir='ltr'><strong>quem</strong></span> <span class='ocrx_word' id='word_1_560' title='bbox 2022 2661 2272 2722; x_wconf 82' lang='lat' dir='ltr'><strong>Christus</strong></span> <span class='ocrx_word' id='word_1_561' title='bbox 2310 2660 2560 2728; x_wconf 87' lang='lat' dir='ltr'><strong>dignatus</strong></span> <span class='ocrx_word' id='word_1_562' title='bbox 2598 2666 2683 2713; x_wconf 90' lang='lat' dir='ltr'><strong>est</strong></span> <span class='ocrx_word' id='word_1_563' title='bbox 2725 2658 2897 2712; x_wconf 87' lang='lat' dir='ltr'><strong>mori?</strong></span> <span class='ocrx_word' id='word_1_564' title='bbox 2938 2678 2957 2709; x_wconf 72' lang='grc' dir='ltr'><strong>ι</strong></span> <span class='ocrx_word' id='word_1_565' title='bbox 3001 2658 3131 2711; x_wconf 86' lang='lat' dir='ltr'><strong>Item</strong></span> <span class='ocrx_word' id='word_1_566' title='bbox 3178 2659 3316 2712; x_wconf 86' lang='lat' dir='ltr'><strong>idem</strong></span> <span class='ocrx_word' id='word_1_567' title='bbox 3356 2658 3412 2712; x_wconf 90' lang='lat' dir='ltr'><strong>in</strong></span> 
     </span>
    </p>
   </div>
   <div class='ocr_carea' id='block_1_72' title="bbox 1832 2748 3414 2823">
    <p class='ocr_par' dir='ltr' id='par_1_72' title="bbox 1832 2748 3414 2823">
     <span class='ocr_line' id='line_1_72' title="bbox 1832 2748 3414 2823; baseline -0.004 -13"><span class='ocrx_word' id='word_1_568' title='bbox 1832 2754 2051 2810; x_wconf 90' lang='lat' dir='ltr'><strong>bomilia</strong></span> <span class='ocrx_word' id='word_1_569' title='bbox 2078 2754 2249 2823; x_wconf 90' lang='lat' dir='ltr'><strong>prima</strong></span> <span class='ocrx_word' id='word_1_570' title='bbox 2272 2754 2337 2806; x_wconf 88' lang='lat' dir='ltr'><strong>de</strong></span> <span class='ocrx_word' id='word_1_571' title='bbox 2371 2751 2578 2823; x_wconf 84' lang='lat' dir='ltr'><strong>psalmo</strong></span> <span class='ocrx_word' id='word_1_572' title='bbox 2613 2749 3058 2819; x_wconf 87' lang='lat' dir='ltr'><strong>quinquagesimo</strong></span> <span class='ocrx_word' id='word_1_573' title='bbox 3088 2767 3100 2802; x_wconf 91' lang='lat'><strong>:</strong></span> <span class='ocrx_word' id='word_1_574' title='bbox 3140 2768 3158 2799; x_wconf 74' lang='grc' dir='ltr'><strong>ι</strong></span> <span class='ocrx_word' id='word_1_575' title='bbox 3188 2748 3414 2815; x_wconf 89' lang='lat' dir='ltr'><strong>Quando</strong></span> 
     </span>
    </p>
   </div>
   <div class='ocr_carea' id='block_1_73' title="bbox 1830 2839 3414 2908">
    <p class='ocr_par' dir='ltr' id='par_1_73' title="bbox 1830 2839 3414 2908">
     <span class='ocr_line' id='line_1_73' title="bbox 1830 2839 3414 2908; baseline -0.006 -6"><span class='ocrx_word' id='word_1_576' title='bbox 1830 2848 2026 2903; x_wconf 89' lang='lat' dir='ltr'><strong>iterum</strong></span> <span class='ocrx_word' id='word_1_577' title='bbox 2055 2844 2205 2908; x_wconf 87' lang='lat' dir='ltr'><strong>dicit,</strong></span> <span class='ocrx_word' id='word_1_578' title='bbox 2235 2841 2503 2895; x_wconf 79' lang='lat' dir='ltr'><strong>Fuderunt</strong></span> <span class='ocrx_word' id='word_1_579' title='bbox 2535 2856 2721 2893; x_wconf 85' lang='lat' dir='ltr'><strong>manus</strong></span> <span class='ocrx_word' id='word_1_580' title='bbox 2748 2857 2887 2893; x_wconf 78' lang='lat' dir='ltr'><strong>meas</strong></span> <span class='ocrx_word' id='word_1_581' title='bbox 2912 2850 2958 2893; x_wconf 86' lang='lat' dir='ltr'><strong>et</strong></span> <span class='ocrx_word' id='word_1_582' title='bbox 2978 2841 3152 2908; x_wconf 83' lang='lat' dir='ltr'><strong>pedes,</strong></span> <span class='ocrx_word' id='word_1_583' title='bbox 3174 2839 3414 2892; x_wconf 85' lang='lat' dir='ltr'><strong>dinume-</strong></span> 
     </span>
    </p>
   </div>
   <div class='ocr_carea' id='block_1_74' title="bbox 1832 2929 3417 3001">
    <p class='ocr_par' dir='ltr' id='par_1_74' title="bbox 1832 2929 3417 3001">
     <span class='ocr_line' id='line_1_74' title="bbox 1832 2929 3417 3001; baseline -0.003 -10"><span class='ocrx_word' id='word_1_584' title='bbox 1832 2947 2077 2992; x_wconf 70' lang='lat' dir='ltr'><strong>raret-unt</strong></span> <span class='ocrx_word' id='word_1_585' title='bbox 2105 2935 2278 2988; x_wconf 86' lang='lat' dir='ltr'><strong>omnia</strong></span> <span class='ocrx_word' id='word_1_586' title='bbox 2312 2950 2429 2987; x_wconf 87' lang='lat' dir='ltr'><strong>ossa</strong></span> <span class='ocrx_word' id='word_1_587' title='bbox 2470 2948 2583 2986; x_wconf 88' lang='lat' dir='ltr'><strong>mea</strong></span> <span class='ocrx_word' id='word_1_588' title='bbox 2612 2929 2781 3001; x_wconf 84' lang='lat' dir='ltr'><strong>(Psal.</strong></span> <span class='ocrx_word' id='word_1_589' title='bbox 2809 2947 2924 2995; x_wconf 80' lang='lat' dir='ltr'><strong>xxr,</strong></span> <span class='ocrx_word' id='word_1_590' title='bbox 2954 2932 3061 2995; x_wconf 84' lang='lat' dir='ltr'><strong>i7),</strong></span> <span class='ocrx_word' id='word_1_591' title='bbox 3094 2947 3197 2985; x_wconf 93' lang='lat' dir='ltr'><strong>non</strong></span> <span class='ocrx_word' id='word_1_592' title='bbox 3230 2932 3417 3000; x_wconf 89' lang='lat' dir='ltr'><strong>utique</strong></span> 
     </span>
    </p>
   </div>
   <div class='ocr_carea' id='block_1_75' title="bbox 1832 3024 3417 3099">
    <p class='ocr_par' dir='ltr' id='par_1_75' title="bbox 1832 3024 3417 3099">
     <span class='ocr_line' id='line_1_75' title="bbox 1832 3024 3417 3099; baseline -0.003 -17"><span class='ocrx_word' id='word_1_593' title='bbox 1832 3028 2113 3099; x_wconf 87' lang='lat' dir='ltr'><strong>passiones</strong></span> <span class='ocrx_word' id='word_1_594' title='bbox 2148 3025 2434 3081; x_wconf 88' lang='lat' dir='ltr'><strong>annuntiat</strong></span> <span class='ocrx_word' id='word_1_595' title='bbox 2458 3039 2604 3089; x_wconf 91' lang='lat' dir='ltr'><strong>suas,</strong></span> <span class='ocrx_word' id='word_1_596' title='bbox 2637 3024 2728 3078; x_wconf 87' lang='lat' dir='ltr'><strong>sed</strong></span> <span class='ocrx_word' id='word_1_597' title='bbox 2755 3039 2968 3081; x_wconf 88' lang='lat' dir='ltr'><strong>crucem</strong></span> <span class='ocrx_word' id='word_1_598' title='bbox 2998 3024 3226 3089; x_wconf 89' lang='lat' dir='ltr'><strong>Domini,</strong></span> <span class='ocrx_word' id='word_1_599' title='bbox 3248 3024 3417 3078; x_wconf 82' lang='lat' dir='ltr'><strong>sacri-</strong></span> 
     </span>
    </p>
   </div>
   <div class='ocr_carea' id='block_1_76' title="bbox 1834 3114 3416 3185">
    <p class='ocr_par' dir='ltr' id='par_1_76' title="bbox 1834 3114 3416 3185">
     <span class='ocr_line' id='line_1_76' title="bbox 1834 3114 3416 3185; baseline -0.003 -11"><span class='ocrx_word' id='word_1_600' title='bbox 1834 3119 2015 3174; x_wconf 85' lang='lat' dir='ltr'><strong>licium</strong></span> <span class='ocrx_word' id='word_1_601' title='bbox 2047 3117 2197 3172; x_wconf 88' lang='lat' dir='ltr'><strong>orbis</strong></span> <span class='ocrx_word' id='word_1_602' title='bbox 2228 3126 2406 3180; x_wconf 71' lang='lat' dir='ltr'><strong>teme,</strong></span> <span class='ocrx_word' id='word_1_603' title='bbox 2439 3114 2665 3169; x_wconf 89' lang='lat' dir='ltr'><strong>salutem</strong></span> <span class='ocrx_word' id='word_1_604' title='bbox 2714 3116 2894 3185; x_wconf 88' lang='lat' dir='ltr'><strong>generi</strong></span> <span class='ocrx_word' id='word_1_605' title='bbox 2953 3115 3189 3170; x_wconf 84' lang='lat' dir='ltr'><strong>humano</strong></span> <span class='ocrx_word' id='word_1_606' title='bbox 3220 3116 3416 3185; x_wconf 59' lang='lat' dir='ltr'><strong>praedio</strong></span> 
     </span>
    </p>
   </div>
   <div class='ocr_carea' id='block_1_77' title="bbox 1832 3205 3419 3275">
    <p class='ocr_par' dir='ltr' id='par_1_77' title="bbox 1832 3205 3419 3275">
     <span class='ocr_line' id='line_1_77' title="bbox 1832 3205 3419 3275; baseline -0.003 -11"><span class='ocrx_word' id='word_1_607' title='bbox 1832 3213 1931 3265; x_wconf 79' lang='lat' dir='ltr'><strong>xit.</strong></span> <span class='ocrx_word' id='word_1_608' title='bbox 1972 3229 1992 3262; x_wconf 71' lang='grc' dir='ltr'><strong>ι</strong></span> <span class='ocrx_word' id='word_1_609' title='bbox 2025 3208 2153 3263; x_wconf 88' lang='lat' dir='ltr'><strong>Item</strong></span> <span class='ocrx_word' id='word_1_610' title='bbox 2197 3208 2254 3261; x_wconf 91' lang='lat' dir='ltr'><strong>in</strong></span> <span class='ocrx_word' id='word_1_611' title='bbox 2285 3205 2503 3261; x_wconf 85' lang='lat' dir='ltr'><strong>bomilia</strong></span> <span class='ocrx_word' id='word_1_612' title='bbox 2534 3207 2599 3261; x_wconf 91' lang='lat' dir='ltr'><strong>de</strong></span> <span class='ocrx_word' id='word_1_613' title='bbox 2630 3206 2932 3275; x_wconf 88' lang='lat' dir='ltr'><strong>proditione</strong></span> <span class='ocrx_word' id='word_1_614' title='bbox 2959 3205 3110 3260; x_wconf 75' lang='lat' dir='ltr'><strong>Juda:</strong></span> <span class='ocrx_word' id='word_1_615' title='bbox 3141 3225 3154 3261; x_wconf 88' lang='lat'><strong>:</strong></span> <span class='ocrx_word' id='word_1_616' title='bbox 3189 3226 3206 3257; x_wconf 80' lang='grc' dir='ltr'><strong>ι</strong></span> <span class='ocrx_word' id='word_1_617' title='bbox 3246 3206 3419 3260; x_wconf 83' lang='lat' dir='ltr'><strong>Dede-</strong></span> 
     </span>
    </p>
   </div>
   <div class='ocr_carea' id='block_1_78' title="bbox 1829 3298 3411 3371">
    <p class='ocr_par' dir='ltr' id='par_1_78' title="bbox 1829 3298 3411 3371">
     <span class='ocr_line' id='line_1_78' title="bbox 1829 3298 3411 3371; baseline -0.004 -14"><span class='ocrx_word' id='word_1_618' title='bbox 1829 3311 1956 3358; x_wconf 90' lang='lat' dir='ltr'><strong>runt</strong></span> <span class='ocrx_word' id='word_1_619' title='bbox 1990 3301 2223 3371; x_wconf 87' lang='lat' dir='ltr'><strong>pretium</strong></span> <span class='ocrx_word' id='word_1_620' title='bbox 2271 3298 2547 3369; x_wconf 81' lang='lat' dir='ltr'><strong>sanguinis</strong></span> <span class='ocrx_word' id='word_1_621' title='bbox 2587 3298 2678 3367; x_wconf 92' lang='lat' dir='ltr'><strong>qui</strong></span> <span class='ocrx_word' id='word_1_622' title='bbox 2729 3299 2959 3367; x_wconf 88' lang='lat' dir='ltr'><strong>pretium</strong></span> <span class='ocrx_word' id='word_1_623' title='bbox 3004 3314 3109 3352; x_wconf 91' lang='lat' dir='ltr'><strong>non</strong></span> <span class='ocrx_word' id='word_1_624' title='bbox 3158 3298 3411 3353; x_wconf 86' lang='lat' dir='ltr'><strong>habebat.</strong></span> 
     </span>
    </p>
   </div>
   <div class='ocr_carea' id='block_1_79' title="bbox 1831 3385 3417 3461">
    <p class='ocr_par' dir='ltr' id='par_1_79' title="bbox 1831 3385 3417 3461">
     <span class='ocr_line' id='line_1_79' title="bbox 1831 3385 3417 3461; baseline -0.005 -14"><span class='ocrx_word' id='word_1_625' title='bbox 1831 3393 1969 3461; x_wconf 89' lang='lat' dir='ltr'><strong>Quid</strong></span> <span class='ocrx_word' id='word_1_626' title='bbox 2018 3391 2310 3460; x_wconf 79' lang='lat' dir='ltr'><strong>accepisti,</strong></span> <span class='ocrx_word' id='word_1_627' title='bbox 2358 3388 2531 3445; x_wconf 81' lang='lat' dir='ltr'><strong>Juda?</strong></span> <span class='ocrx_word' id='word_1_628' title='bbox 2580 3388 2798 3458; x_wconf 86' lang='lat' dir='ltr'><strong>triginta</strong></span> <span class='ocrx_word' id='word_1_629' title='bbox 2853 3387 3119 3442; x_wconf 88' lang='lat' dir='ltr'><strong>denarios.</strong></span> <span class='ocrx_word' id='word_1_630' title='bbox 3166 3385 3417 3440; x_wconf 81' lang='lat' dir='ltr'><strong>Christus</strong></span> 
     </span>
    </p>
   </div>
   <div class='ocr_carea' id='block_1_80' title="bbox 1831 3477 3416 3557">
    <p class='ocr_par' dir='ltr' id='par_1_80' title="bbox 1831 3477 3416 3557">
     <span class='ocr_line' id='line_1_80' title="bbox 1831 3477 3416 3557; baseline -0.005 -17"><span class='ocrx_word' id='word_1_631' title='bbox 1831 3487 1999 3557; x_wconf 87' lang='lat' dir='ltr'><strong>gratis</strong></span> <span class='ocrx_word' id='word_1_632' title='bbox 2034 3484 2251 3540; x_wconf 87' lang='lat' dir='ltr'><strong>advenit</strong></span> <span class='ocrx_word' id='word_1_633' title='bbox 2294 3482 2611 3552; x_wconf 86' lang='lat' dir='ltr'><strong>sanguinem</strong></span> <span class='ocrx_word' id='word_1_634' title='bbox 2638 3494 2793 3535; x_wconf 89' lang='lat' dir='ltr'><strong>suum</strong></span> <span class='ocrx_word' id='word_1_635' title='bbox 2820 3495 2917 3551; x_wconf 91' lang='lat' dir='ltr'><strong>pro</strong></span> <span class='ocrx_word' id='word_1_636' title='bbox 2942 3480 3211 3535; x_wconf 89' lang='lat' dir='ltr'><strong>connnuni</strong></span> <span class='ocrx_word' id='word_1_637' title='bbox 3243 3477 3416 3533; x_wconf 87' lang='lat' dir='ltr'><strong>salute</strong></span> 
     </span>
    </p>
   </div>
   <div class='ocr_carea' id='block_1_81' title="bbox 1831 3569 3421 3645">
    <p class='ocr_par' dir='ltr' id='par_1_81' title="bbox 1831 3569 3421 3645">
     <span class='ocr_line' id='line_1_81' title="bbox 1831 3569 3421 3645; baseline -0.004 -13"><span class='ocrx_word' id='word_1_638' title='bbox 1831 3578 2066 3643; x_wconf 65' lang='lat' dir='ltr'><strong>(usurus,</strong></span> <span class='ocrx_word' id='word_1_639' title='bbox 2114 3574 2274 3645; x_wconf 72' lang='lat'><strong>262</strong></span> <span class='ocrx_word' id='word_1_640' title='bbox 2330 3583 2384 3629; x_wconf 89' lang='lat' dir='ltr'><strong>et</strong></span> <span class='ocrx_word' id='word_1_641' title='bbox 2430 3581 2486 3626; x_wconf 90' lang='lat' dir='ltr'><strong>tu</strong></span> <span class='ocrx_word' id='word_1_642' title='bbox 2539 3572 2605 3628; x_wconf 89' lang='lat' dir='ltr'><strong>de</strong></span> <span class='ocrx_word' id='word_1_643' title='bbox 2647 3572 2909 3644; x_wconf 82' lang='lat' dir='ltr'><strong>sanguine</strong></span> <span class='ocrx_word' id='word_1_644' title='bbox 2938 3569 3172 3627; x_wconf 69' lang='lat' dir='ltr'><strong>crtulelii</strong></span> <span class='ocrx_word' id='word_1_645' title='bbox 3199 3578 3421 3641; x_wconf 72' lang='lat' dir='ltr'><strong>peccata</strong></span> 
     </span>
    </p>
   </div>
   <div class='ocr_carea' id='block_1_82' title="bbox 1834 3662 3418 3740">
    <p class='ocr_par' dir='ltr' id='par_1_82' title="bbox 1834 3662 3418 3740">
     <span class='ocr_line' id='line_1_82' title="bbox 1834 3662 3418 3740; baseline -0.007 -13"><span class='ocrx_word' id='word_1_646' title='bbox 1834 3668 2150 3740; x_wconf 85' lang='lat' dir='ltr'><strong>componis?</strong></span> <span class='ocrx_word' id='word_1_647' title='bbox 2179 3692 2198 3721; x_wconf 71' lang='grc' dir='ltr'><strong><em>ο</em></strong></span> <span class='ocrx_word' id='word_1_648' title='bbox 2234 3668 2301 3722; x_wconf 82' lang='lat' dir='ltr'><strong>Et</strong></span> <span class='ocrx_word' id='word_1_649' title='bbox 2324 3667 2449 3721; x_wconf 90' lang='lat' dir='ltr'><strong>item</strong></span> <span class='ocrx_word' id='word_1_650' title='bbox 2480 3665 2533 3718; x_wconf 87' lang='lat' dir='ltr'><strong>in</strong></span> <span class='ocrx_word' id='word_1_651' title='bbox 2559 3666 2749 3719; x_wconf 83' lang='lat' dir='ltr'><strong>eadem</strong></span> <span class='ocrx_word' id='word_1_652' title='bbox 2776 3683 2789 3719; x_wconf 90' lang='lat'>:</span> <span class='ocrx_word' id='word_1_653' title='bbox 2820 3684 2839 3715; x_wconf 85' lang='grc'><strong><em>‹</em></strong></span> <span class='ocrx_word' id='word_1_654' title='bbox 2870 3664 3092 3720; x_wconf 88' lang='lat' dir='ltr'><strong>Occisus</strong></span> <span class='ocrx_word' id='word_1_655' title='bbox 3110 3662 3418 3735; x_wconf 87' lang='lat' dir='ltr'><strong>propositus</strong></span> 
     </span>
    </p>
   </div>
   <div class='ocr_carea' id='block_1_83' title="bbox 1834 3753 3420 3825">
    <p class='ocr_par' dir='ltr' id='par_1_83' title="bbox 1834 3753 3420 3825">
     <span class='ocr_line' id='line_1_83' title="bbox 1834 3753 3420 3825; baseline -0.007 -7"><span class='ocrx_word' id='word_1_656' title='bbox 1834 3763 2085 3819; x_wconf 89' lang='lat' dir='ltr'><strong>Christus</strong></span> <span class='ocrx_word' id='word_1_657' title='bbox 2108 3769 2213 3825; x_wconf 88' lang='lat' dir='ltr'><strong>est,</strong></span> <span class='ocrx_word' id='word_1_658' title='bbox 2244 3769 2298 3814; x_wconf 89' lang='lat' dir='ltr'><strong>et</strong></span> <span class='ocrx_word' id='word_1_659' title='bbox 2327 3775 2425 3814; x_wconf 91' lang='lat' dir='ltr'><strong>cur</strong></span> <span class='ocrx_word' id='word_1_660' title='bbox 2448 3762 2662 3816; x_wconf 89' lang='lat' dir='ltr'><strong>occisus</strong></span> <span class='ocrx_word' id='word_1_661' title='bbox 2691 3766 2775 3813; x_wconf 90' lang='grc' dir='ltr'><strong>εει</strong></span> <span class='ocrx_word' id='word_1_662' title='bbox 2812 3758 3092 3813; x_wconf 83' lang='lat' dir='ltr'><strong>videamus</strong></span> <span class='ocrx_word' id='word_1_663' title='bbox 3125 3775 3138 3810; x_wconf 91' lang='lat'><strong>:</strong></span> <span class='ocrx_word' id='word_1_664' title='bbox 3170 3764 3228 3809; x_wconf 91' lang='lat' dir='ltr'><strong>ut</strong></span> <span class='ocrx_word' id='word_1_665' title='bbox 3254 3753 3420 3811; x_wconf 73' lang='grc' dir='ltr'>υωιε-</span> 
     </span>
    </p>
   </div>
   <div class='ocr_carea' id='block_1_84' title="bbox 1837 3848 3423 3925">
    <p class='ocr_par' dir='ltr' id='par_1_84' title="bbox 1837 3848 3423 3925">
     <span class='ocr_line' id='line_1_84' title="bbox 1837 3848 3423 3925; baseline -0.006 -14"><span class='ocrx_word' id='word_1_666' title='bbox 1837 3856 1938 3911; x_wconf 86' lang='lat' dir='ltr'><strong>stia</strong></span> <span class='ocrx_word' id='word_1_667' title='bbox 1966 3853 2233 3925; x_wconf 86' lang='lat' dir='ltr'><strong>paciﬁcet,</strong></span> <span class='ocrx_word' id='word_1_668' title='bbox 2288 3861 2350 3906; x_wconf 93' lang='lat' dir='ltr'><strong>ut</strong></span> <span class='ocrx_word' id='word_1_669' title='bbox 2396 3851 2451 3907; x_wconf 92' lang='lat' dir='ltr'><strong>in</strong></span> <span class='ocrx_word' id='word_1_670' title='bbox 2510 3859 2651 3906; x_wconf 86' lang='lat' dir='ltr'><strong>terra</strong></span> <span class='ocrx_word' id='word_1_671' title='bbox 2697 3848 3009 3905; x_wconf 89' lang='lat' dir='ltr'><strong>reconciliet</strong></span> <span class='ocrx_word' id='word_1_672' title='bbox 3056 3848 3333 3911; x_wconf 89' lang='lat' dir='ltr'><strong>universa,</strong></span> <span class='ocrx_word' id='word_1_673' title='bbox 3362 3852 3423 3901; x_wconf 88' lang='lat' dir='ltr'><strong>ut</strong></span> 
     </span>
    </p>
   </div>
   <div class='ocr_carea' id='block_1_85' title="bbox 1838 3937 3422 4011">
    <p class='ocr_par' dir='ltr' id='par_1_85' title="bbox 1838 3937 3422 4011">
     <span class='ocr_line' id='line_1_85' title="bbox 1838 3937 3422 4011; baseline -0.006 -10"><span class='ocrx_word' id='word_1_674' title='bbox 1838 3945 2073 4001; x_wconf 84' lang='lat' dir='ltr'><strong>amicum</strong></span> <span class='ocrx_word' id='word_1_675' title='bbox 2130 3956 2181 3998; x_wconf 85' lang='lat' dir='ltr'><strong>te</strong></span> <span class='ocrx_word' id='word_1_676' title='bbox 2231 3944 2522 3998; x_wconf 87' lang='lat' dir='ltr'><strong>constituat</strong></span> <span class='ocrx_word' id='word_1_677' title='bbox 2575 3939 2918 4011; x_wconf 82' lang='lat' dir='ltr'><strong>angelorum,</strong></span> <span class='ocrx_word' id='word_1_678' title='bbox 2970 3946 3031 3994; x_wconf 91' lang='lat' dir='ltr'><strong>ut</strong></span> <span class='ocrx_word' id='word_1_679' title='bbox 3083 3938 3194 3994; x_wconf 90' lang='lat' dir='ltr'><strong>Deo</strong></span> <span class='ocrx_word' id='word_1_680' title='bbox 3249 3937 3422 3993; x_wconf 88' lang='lat' dir='ltr'><strong>societ</strong></span> 
     </span>
    </p>
   </div>
   <div class='ocr_carea' id='block_1_86' title="bbox 1839 4026 3424 4101">
    <p class='ocr_par' dir='ltr' id='par_1_86' title="bbox 1839 4026 3424 4101">
     <span class='ocr_line' id='line_1_86' title="bbox 1839 4026 3424 4101; baseline -0.004 -12"><span class='ocrx_word' id='word_1_681' title='bbox 1839 4032 2063 4089; x_wconf 86' lang='lat' dir='ltr'><strong>habenti</strong></span> <span class='ocrx_word' id='word_1_682' title='bbox 2086 4032 2325 4088; x_wconf 91' lang='lat' dir='ltr'><strong>omnium</strong></span> <span class='ocrx_word' id='word_1_683' title='bbox 2354 4038 2690 4101; x_wconf 81' lang='lat' dir='ltr'><strong>potestatem.</strong></span> <span class='ocrx_word' id='word_1_684' title='bbox 2736 4046 2755 4080; x_wconf 77' lang='grc' dir='ltr'><strong>ι</strong></span> <span class='ocrx_word' id='word_1_685' title='bbox 2809 4027 2940 4082; x_wconf 88' lang='lat' dir='ltr'><strong>Item</strong></span> <span class='ocrx_word' id='word_1_686' title='bbox 2984 4027 3038 4082; x_wconf 93' lang='lat' dir='ltr'><strong>in</strong></span> <span class='ocrx_word' id='word_1_687' title='bbox 3090 4026 3309 4083; x_wconf 90' lang='lat' dir='ltr'><strong>homilia</strong></span> <span class='ocrx_word' id='word_1_688' title='bbox 3355 4026 3424 4083; x_wconf 87' lang='lat' dir='ltr'><strong>de</strong></span> 
     </span>
    </p>
   </div>
   <div class='ocr_carea' id='block_1_87' title="bbox 1840 4114 3424 4188">
    <p class='ocr_par' dir='ltr' id='par_1_87' title="bbox 1840 4114 3424 4188">
     <span class='ocr_line' id='line_1_87' title="bbox 1840 4114 3424 4188; baseline -0.008 -5"><span class='ocrx_word' id='word_1_689' title='bbox 1840 4126 2054 4184; x_wconf 87' lang='lat' dir='ltr'><strong>Cruce:</strong></span> <span class='ocrx_word' id='word_1_690' title='bbox 2090 4144 2108 4176; x_wconf 78' lang='grc' dir='ltr'><strong>ι</strong></span> <span class='ocrx_word' id='word_1_691' title='bbox 2155 4123 2278 4179; x_wconf 87' lang='lat' dir='ltr'><strong>Ideo</strong></span> <span class='ocrx_word' id='word_1_692' title='bbox 2323 4137 2429 4177; x_wconf 90' lang='lat' dir='ltr'><strong>non</strong></span> <span class='ocrx_word' id='word_1_693' title='bbox 2477 4120 2577 4174; x_wconf 86' lang='lat' dir='ltr'><strong>sub</strong></span> <span class='ocrx_word' id='word_1_694' title='bbox 2628 4126 2773 4174; x_wconf 90' lang='lat' dir='ltr'><strong>tecto</strong></span> <span class='ocrx_word' id='word_1_695' title='bbox 2825 4132 3017 4188; x_wconf 87' lang='lat' dir='ltr'><strong>passus</strong></span> <span class='ocrx_word' id='word_1_696' title='bbox 3058 4125 3160 4181; x_wconf 90' lang='lat' dir='ltr'><strong>est,</strong></span> <span class='ocrx_word' id='word_1_697' title='bbox 3206 4131 3313 4171; x_wconf 88' lang='lat' dir='ltr'><strong>non</strong></span> <span class='ocrx_word' id='word_1_698' title='bbox 3367 4114 3424 4170; x_wconf 90' lang='lat' dir='ltr'><strong>in</strong></span> 
     </span>
    </p>
   </div>
   <div class='ocr_carea' id='block_1_88' title="bbox 1841 4204 3423 4288">
    <p class='ocr_par' dir='ltr' id='par_1_88' title="bbox 1841 4204 3423 4288">
     <span class='ocr_line' id='line_1_88' title="bbox 1841 4204 3423 4288; baseline -0.011 -13"><span class='ocrx_word' id='word_1_699' title='bbox 1841 4218 2042 4288; x_wconf 87' lang='lat' dir='ltr'><strong>templo</strong></span> <span class='ocrx_word' id='word_1_700' title='bbox 2081 4215 2324 4279; x_wconf 86' lang='lat' dir='ltr'><strong>Judaico,</strong></span> <span class='ocrx_word' id='word_1_701' title='bbox 2354 4227 2420 4267; x_wconf 90' lang='lat' dir='ltr'><strong>ne</strong></span> <span class='ocrx_word' id='word_1_702' title='bbox 2455 4210 2624 4266; x_wconf 64' lang='lat' dir='ltr'><strong>Judaei</strong></span> <span class='ocrx_word' id='word_1_703' title='bbox 2670 4208 3048 4264; x_wconf 89' lang='lat' dir='ltr'><strong>subtraherent</strong></span> <span class='ocrx_word' id='word_1_704' title='bbox 3075 4204 3423 4270; x_wconf 87' lang='lat' dir='ltr'><strong>sacriﬁcium,</strong></span> 
     </span>
    </p>
   </div>
   <div class='ocr_carea' id='block_1_89' title="bbox 1841 4295 3424 4370">
    <p class='ocr_par' dir='ltr' id='par_1_89' title="bbox 1841 4295 3424 4370">
     <span class='ocr_line' id='line_1_89' title="bbox 1841 4295 3424 4370; baseline -0.014 -4"><span class='ocrx_word' id='word_1_705' title='bbox 1841 4321 1897 4366; x_wconf 88' lang='lat' dir='ltr'><strong>et</strong></span> <span class='ocrx_word' id='word_1_706' title='bbox 1924 4310 2143 4364; x_wconf 85' lang='lat' dir='ltr'><strong>sibimet</strong></span> <span class='ocrx_word' id='word_1_707' title='bbox 2168 4304 2520 4367; x_wconf 84' lang='lat' dir='ltr'><strong>vindicarent,</strong></span> <span class='ocrx_word' id='word_1_708' title='bbox 2554 4314 2653 4354; x_wconf 89' lang='lat' dir='ltr'><strong>nec</strong></span> <span class='ocrx_word' id='word_1_709' title='bbox 2689 4307 2907 4370; x_wconf 90' lang='lat' dir='ltr'><strong>putares</strong></span> <span class='ocrx_word' id='word_1_710' title='bbox 2949 4311 3044 4367; x_wconf 87' lang='lat' dir='ltr'><strong>pro</strong></span> <span class='ocrx_word' id='word_1_711' title='bbox 3082 4295 3170 4350; x_wconf 90' lang='lat' dir='ltr'><strong>illa</strong></span> <span class='ocrx_word' id='word_1_712' title='bbox 3216 4301 3424 4347; x_wconf 89' lang='lat' dir='ltr'><strong>tantum</strong></span> 
     </span>
    </p>
   </div>
   <div class='ocr_carea' id='block_1_90' title="bbox 1842 4382 3424 4475">
    <p class='ocr_par' dir='ltr' id='par_1_90' title="bbox 1842 4382 3424 4475">
     <span class='ocr_line' id='line_1_90' title="bbox 1842 4382 3424 4475; baseline -0.013 -19"><span class='ocrx_word' id='word_1_713' title='bbox 1842 4403 1999 4475; x_wconf 86' lang='lat' dir='ltr'><strong>plebe</strong></span> <span class='ocrx_word' id='word_1_714' title='bbox 2049 4399 2289 4456; x_wconf 89' lang='lat' dir='ltr'><strong>oblatum</strong></span> <span class='ocrx_word' id='word_1_715' title='bbox 2343 4414 2356 4450; x_wconf 90' lang='lat'><strong>:</strong></span> <span class='ocrx_word' id='word_1_716' title='bbox 2412 4395 2537 4451; x_wconf 92' lang='lat' dir='ltr'><strong>ideo</strong></span> <span class='ocrx_word' id='word_1_717' title='bbox 2596 4391 2742 4449; x_wconf 83' lang='lat' dir='ltr'><strong>foras</strong></span> <span class='ocrx_word' id='word_1_718' title='bbox 2784 4389 3082 4453; x_wconf 86' lang='lat' dir='ltr'><strong>civitatem,</strong></span> <span class='ocrx_word' id='word_1_719' title='bbox 3108 4386 3231 4441; x_wconf 90' lang='lat' dir='ltr'><strong>ideo</strong></span> <span class='ocrx_word' id='word_1_720' title='bbox 3277 4382 3424 4475; x_wconf 81' lang='lat' dir='ltr'><strong>foras</strong></span> 
     </span>
    </p>
   </div>
   <div class='ocr_carea' id='block_1_91' title="bbox 170 4474 3426 4574">
    <p class='ocr_par' dir='ltr' id='par_1_91' title="bbox 170 4474 3426 4574">
     <span class='ocr_line' id='line_1_91' title="bbox 170 4474 3426 4574; baseline -0.001 -43"><span class='ocrx_word' id='word_1_721' title='bbox 170 4476 302 4548; x_wconf 90' lang='lat' dir='ltr'><strong>quod</strong></span> <span class='ocrx_word' id='word_1_722' title='bbox 332 4487 389 4533; x_wconf 89' lang='lat' dir='ltr'><strong>et</strong></span> <span class='ocrx_word' id='word_1_723' title='bbox 409 4481 521 4551; x_wconf 83' lang='lat' dir='ltr'><strong>jam</strong></span> <span class='ocrx_word' id='word_1_724' title='bbox 545 4497 721 4553; x_wconf 84' lang='lat' dir='ltr'><strong>neque</strong></span> <span class='ocrx_word' id='word_1_725' title='bbox 752 4483 1019 4538; x_wconf 89' lang='lat' dir='ltr'><strong>moriest.</strong></span> <span class='ocrx_word' id='word_1_726' title='bbox 1069 4483 1257 4539; x_wconf 85' lang='lat' dir='ltr'><strong>Mortis</strong></span> <span class='ocrx_word' id='word_1_727' title='bbox 1301 4484 1446 4539; x_wconf 88' lang='lat' dir='ltr'><strong>enim</strong></span> <span class='ocrx_word' id='word_1_728' title='bbox 1493 4484 1738 4554; x_wconf 83' lang='lat' dir='ltr'><strong>tyrannis</strong></span> <span class='ocrx_word' id='word_1_729' title='bbox 1765 4512 1819 4574; x_wconf 69' lang='grc' dir='ltr'><strong>Ι)</strong></span> <span class='ocrx_word' id='word_1_730' title='bbox 1846 4474 2060 4557; x_wconf 84' lang='lat' dir='ltr'><strong>muros,</strong></span> <span class='ocrx_word' id='word_1_731' title='bbox 2089 4498 2146 4545; x_wconf 93' lang='lat' dir='ltr'><strong>ut</strong></span> <span class='ocrx_word' id='word_1_732' title='bbox 2188 4489 2331 4545; x_wconf 88' lang='lat' dir='ltr'><strong>scias</strong></span> <span class='ocrx_word' id='word_1_733' title='bbox 2379 4484 2706 4542; x_wconf 87' lang='lat' dir='ltr'><strong>sacriﬁcium</strong></span> <span class='ocrx_word' id='word_1_734' title='bbox 2758 4497 2879 4538; x_wconf 88' lang='lat' dir='ltr'><strong>esse</strong></span> <span class='ocrx_word' id='word_1_735' title='bbox 2922 4492 3228 4543; x_wconf 90' lang='lat' dir='ltr'><strong>commune,</strong></span> <span class='ocrx_word' id='word_1_736' title='bbox 3280 4474 3426 4546; x_wconf 86' lang='lat' dir='ltr'><strong>quod</strong></span> 
     </span>
    </p>
   </div>
   <div class='ocr_carea' id='block_1_92' title="bbox 171 4572 1743 4644">
    <p class='ocr_par' dir='ltr' id='par_1_92' title="bbox 171 4572 1743 4644">
     <span class='ocr_line' id='line_1_92' title="bbox 171 4572 1743 4644; baseline 0.005 -22"><span class='ocrx_word' id='word_1_737' title='bbox 171 4577 223 4622; x_wconf 84' lang='lat' dir='ltr'><strong>et</strong></span> <span class='ocrx_word' id='word_1_738' title='bbox 246 4585 393 4626; x_wconf 89' lang='lat' dir='ltr'><strong>mors</strong></span> <span class='ocrx_word' id='word_1_739' title='bbox 415 4586 604 4628; x_wconf 82' lang='lat' dir='ltr'><strong>revera</strong></span> <span class='ocrx_word' id='word_1_740' title='bbox 634 4572 726 4627; x_wconf 87' lang='lat' dir='ltr'><strong>illa</strong></span> <span class='ocrx_word' id='word_1_741' title='bbox 751 4580 864 4638; x_wconf 87' lang='lat' dir='ltr'><strong>est,</strong></span> <span class='ocrx_word' id='word_1_742' title='bbox 892 4572 1040 4644; x_wconf 88' lang='lat' dir='ltr'><strong>quod</strong></span> <span class='ocrx_word' id='word_1_743' title='bbox 1091 4589 1366 4643; x_wconf 89' lang='lat' dir='ltr'><strong>nunquam</strong></span> <span class='ocrx_word' id='word_1_744' title='bbox 1409 4574 1743 4644; x_wconf 84' lang='lat' dir='ltr'><strong>permittitur</strong></span> 
     </span>
    </p>
   </div>
   <div class='ocr_carea' id='block_1_93' title="bbox 171 4665 1746 4736">
    <p class='ocr_par' dir='ltr' id='par_1_93' title="bbox 171 4665 1746 4736">
     <span class='ocr_line' id='line_1_93' title="bbox 171 4665 1746 4736; baseline 0.002 -19"><span class='ocrx_word' id='word_1_745' title='bbox 171 4670 408 4719; x_wconf 86' lang='lat' dir='ltr'><strong>mortuos</strong></span> <span class='ocrx_word' id='word_1_746' title='bbox 435 4665 501 4720; x_wconf 88' lang='lat' dir='ltr'><strong>ad</strong></span> <span class='ocrx_word' id='word_1_747' title='bbox 530 4665 698 4720; x_wconf 84' lang='lat' dir='ltr'><strong>vitam</strong></span> <span class='ocrx_word' id='word_1_748' title='bbox 737 4667 955 4721; x_wconf 84' lang='lat' dir='ltr'><strong>reverti.</strong></span> <span class='ocrx_word' id='word_1_749' title='bbox 999 4665 1227 4733; x_wconf 89' lang='lat' dir='ltr'><strong>Quando</strong></span> <span class='ocrx_word' id='word_1_750' title='bbox 1269 4681 1398 4723; x_wconf 88' lang='lat' dir='ltr'><strong>vero</strong></span> <span class='ocrx_word' id='word_1_751' title='bbox 1446 4675 1566 4736; x_wconf 88' lang='lat' dir='ltr'><strong>post</strong></span> <span class='ocrx_word' id='word_1_752' title='bbox 1604 4682 1746 4722; x_wconf 87' lang='lat' dir='ltr'><strong>mor—</strong></span> 
     </span>
    </p>
   </div>
   <div class='ocr_carea' id='block_1_94' title="bbox 173 4755 1746 4824">
    <p class='ocr_par' dir='ltr' id='par_1_94' title="bbox 173 4755 1746 4824">
     <span class='ocr_line' id='line_1_94' title="bbox 173 4755 1746 4824; baseline 0.005 -18"><span class='ocrx_word' id='word_1_753' title='bbox 173 4760 275 4808; x_wconf 85' lang='lat' dir='ltr'><strong>tem</strong></span> <span class='ocrx_word' id='word_1_754' title='bbox 295 4755 582 4812; x_wconf 85' lang='lat' dir='ltr'><strong>vivendum</strong></span> <span class='ocrx_word' id='word_1_755' title='bbox 610 4757 739 4824; x_wconf 87' lang='lat' dir='ltr'><strong>erit,</strong></span> <span class='ocrx_word' id='word_1_756' title='bbox 769 4766 826 4814; x_wconf 91' lang='lat' dir='ltr'><strong>et</strong></span> <span class='ocrx_word' id='word_1_757' title='bbox 862 4758 972 4813; x_wconf 89' lang='lat' dir='ltr'><strong>vita</strong></span> <span class='ocrx_word' id='word_1_758' title='bbox 1018 4757 1248 4822; x_wconf 87' lang='lat' dir='ltr'><strong>meliori,</strong></span> <span class='ocrx_word' id='word_1_759' title='bbox 1298 4774 1406 4813; x_wconf 90' lang='lat' dir='ltr'><strong>non</strong></span> <span class='ocrx_word' id='word_1_760' title='bbox 1456 4767 1541 4815; x_wconf 89' lang='lat' dir='ltr'><strong>est</strong></span> <span class='ocrx_word' id='word_1_761' title='bbox 1598 4774 1746 4814; x_wconf 87' lang='lat' dir='ltr'><strong>mors</strong></span> 
     </span>
    </p>
   </div>
   <div class='ocr_carea' id='block_1_95' title="bbox 176 4842 1745 4920">
    <p class='ocr_par' dir='ltr' id='par_1_95' title="bbox 176 4842 1745 4920">
     <span class='ocr_line' id='line_1_95' title="bbox 176 4842 1745 4920; baseline 0.004 -22"><span class='ocrx_word' id='word_1_762' title='bbox 176 4842 282 4911; x_wconf 87' lang='lat' dir='ltr'><strong>illa,</strong></span> <span class='ocrx_word' id='word_1_763' title='bbox 310 4847 402 4901; x_wconf 85' lang='lat' dir='ltr'><strong>sed</strong></span> <span class='ocrx_word' id='word_1_764' title='bbox 429 4848 709 4904; x_wconf 89' lang='lat' dir='ltr'><strong>dormitio.</strong></span> <span class='ocrx_word' id='word_1_765' title='bbox 748 4848 1015 4916; x_wconf 89' lang='lat' dir='ltr'><strong>Quoniam</strong></span> <span class='ocrx_word' id='word_1_766' title='bbox 1057 4864 1188 4920; x_wconf 88' lang='lat' dir='ltr'><strong>ergo</strong></span> <span class='ocrx_word' id='word_1_767' title='bbox 1226 4864 1418 4905; x_wconf 87' lang='lat' dir='ltr'><strong>omnes</strong></span> <span class='ocrx_word' id='word_1_768' title='bbox 1466 4860 1745 4905; x_wconf 89' lang='lat' dir='ltr'><strong>retentura</strong></span> 
     </span>
    </p>
   </div>
   <div class='ocr_carea' id='block_1_96' title="bbox 178 4942 1742 5011">
    <p class='ocr_par' dir='ltr' id='par_1_96' title="bbox 178 4942 1742 5011">
     <span class='ocr_line' id='line_1_96' title="bbox 178 4942 1742 5011; baseline 0.005 -22"><span class='ocrx_word' id='word_1_769' title='bbox 178 4945 289 4991; x_wconf 85' lang='lat' dir='ltr'><strong>erat</strong></span> <span class='ocrx_word' id='word_1_770' title='bbox 316 4954 477 5004; x_wconf 89' lang='lat' dir='ltr'><strong>mors,</strong></span> <span class='ocrx_word' id='word_1_771' title='bbox 507 4948 796 5011; x_wconf 83' lang='lat' dir='ltr'><strong>pmpterea</strong></span> <span class='ocrx_word' id='word_1_772' title='bbox 823 4954 1068 4996; x_wconf 91' lang='lat' dir='ltr'><strong>mortuus</strong></span> <span class='ocrx_word' id='word_1_773' title='bbox 1108 4950 1193 4996; x_wconf 91' lang='lat' dir='ltr'><strong>est</strong></span> <span class='ocrx_word' id='word_1_774' title='bbox 1233 4950 1293 4995; x_wconf 91' lang='lat' dir='ltr'><strong>ut</strong></span> <span class='ocrx_word' id='word_1_775' title='bbox 1328 4957 1429 4997; x_wconf 90' lang='lat' dir='ltr'><strong>nos</strong></span> <span class='ocrx_word' id='word_1_776' title='bbox 1466 4942 1742 4997; x_wconf 89' lang='lat' dir='ltr'><strong>liberaret.</strong></span> 
     </span>
    </p>
   </div>
   <div class='ocr_carea' id='block_1_97' title="bbox 180 5026 1744 5103">
    <p class='ocr_par' dir='ltr' id='par_1_97' title="bbox 180 5026 1744 5103">
     <span class='ocr_line' id='line_1_97' title="bbox 180 5026 1744 5103; baseline 0.003 -20"><span class='ocrx_word' id='word_1_777' title='bbox 180 5026 263 5083; x_wconf 87' lang='lat' dir='ltr'><strong>Sic</strong></span> <span class='ocrx_word' id='word_1_778' title='bbox 285 5040 332 5083; x_wconf 89' lang='lat' dir='ltr'><strong>et</strong></span> <span class='ocrx_word' id='word_1_779' title='bbox 352 5027 609 5096; x_wconf 78' lang='lat' dir='ltr'><strong>Christus,</strong></span> <span class='ocrx_word' id='word_1_780' title='bbox 632 5032 830 5102; x_wconf 86' lang='lat' dir='ltr'><strong>inquit,</strong></span> <span class='ocrx_word' id='word_1_781' title='bbox 852 5032 1009 5087; x_wconf 86' lang='lat' dir='ltr'><strong>semel</strong></span> <span class='ocrx_word' id='word_1_782' title='bbox 1031 5032 1236 5088; x_wconf 80' lang='lat' dir='ltr'><strong>oblatus</strong></span> <span class='ocrx_word' id='word_1_783' title='bbox 1256 5043 1352 5087; x_wconf 91' lang='lat' dir='ltr'><strong>est.</strong></span> <span class='ocrx_word' id='word_1_784' title='bbox 1386 5034 1427 5089; x_wconf 80' lang='grc' dir='ltr'><strong>Α</strong></span> <span class='ocrx_word' id='word_1_785' title='bbox 1455 5050 1563 5103; x_wconf 90' lang='lat' dir='ltr'><strong>quo</strong></span> <span class='ocrx_word' id='word_1_786' title='bbox 1592 5034 1744 5090; x_wconf 86' lang='lat' dir='ltr'><strong>obla-</strong></span> 
     </span>
    </p>
   </div>
   <div class='ocr_carea' id='block_1_98' title="bbox 182 5123 1747 5195">
    <p class='ocr_par' dir='ltr' id='par_1_98' title="bbox 182 5123 1747 5195">
     <span class='ocr_line' id='line_1_98' title="bbox 182 5123 1747 5195; baseline 0.006 -24"><span class='ocrx_word' id='word_1_787' title='bbox 182 5127 261 5173; x_wconf 89' lang='lat' dir='ltr'><strong>tus</strong></span> <span class='ocrx_word' id='word_1_788' title='bbox 278 5123 391 5176; x_wconf 85' lang='lat' dir='ltr'><strong>est?</strong></span> <span class='ocrx_word' id='word_1_789' title='bbox 426 5123 765 5180; x_wconf 79' lang='lat' dir='ltr'><strong>Manifestum</strong></span> <span class='ocrx_word' id='word_1_790' title='bbox 796 5124 940 5194; x_wconf 91' lang='lat' dir='ltr'><strong>quod</strong></span> <span class='ocrx_word' id='word_1_791' title='bbox 982 5139 1013 5179; x_wconf 90' lang='lat' dir='ltr'><strong>a</strong></span> <span class='ocrx_word' id='word_1_792' title='bbox 1060 5124 1375 5195; x_wconf 89' lang='lat' dir='ltr'><strong>semetipso.</strong></span> <span class='ocrx_word' id='word_1_793' title='bbox 1422 5125 1523 5180; x_wconf 87' lang='lat' dir='ltr'><strong>Hic</strong></span> <span class='ocrx_word' id='word_1_794' title='bbox 1573 5138 1747 5195; x_wconf 82' lang='lat' dir='ltr'><strong>neque</strong></span> 
     </span>
    </p>
   </div>
   <div class='ocr_carea' id='block_1_99' title="bbox 180 5212 1747 5281">
    <p class='ocr_par' dir='ltr' id='par_1_99' title="bbox 180 5212 1747 5281">
     <span class='ocr_line' id='line_1_99' title="bbox 180 5212 1747 5281; baseline 0.008 -20"><span class='ocrx_word' id='word_1_795' title='bbox 180 5212 502 5269; x_wconf 86' lang='lat' dir='ltr'><strong>sacerdotem</strong></span> <span class='ocrx_word' id='word_1_796' title='bbox 532 5231 658 5271; x_wconf 86' lang='lat' dir='ltr'><strong>eum</strong></span> <span class='ocrx_word' id='word_1_797' title='bbox 703 5214 837 5270; x_wconf 87' lang='lat' dir='ltr'><strong>dicit</strong></span> <span class='ocrx_word' id='word_1_798' title='bbox 880 5215 1075 5281; x_wconf 86' lang='lat' dir='ltr'><strong>solum,</strong></span> <span class='ocrx_word' id='word_1_799' title='bbox 1126 5216 1220 5270; x_wconf 91' lang='lat' dir='ltr'><strong>sed</strong></span> <span class='ocrx_word' id='word_1_800' title='bbox 1267 5224 1325 5269; x_wconf 90' lang='lat' dir='ltr'><strong>et</strong></span> <span class='ocrx_word' id='word_1_801' title='bbox 1369 5217 1647 5272; x_wconf 85' lang='lat' dir='ltr'><strong>victimam</strong></span> <span class='ocrx_word' id='word_1_802' title='bbox 1691 5226 1747 5274; x_wconf 89' lang='lat' dir='ltr'><strong>et</strong></span> 
     </span>
    </p>
   </div>
   <div class='ocr_carea' id='block_1_100' title="bbox 182 5302 1744 5376">
    <p class='ocr_par' dir='ltr' id='par_1_100' title="bbox 182 5302 1744 5376">
     <span class='ocr_line' id='line_1_100' title="bbox 182 5302 1744 5376; baseline 0.008 -23"><span class='ocrx_word' id='word_1_803' title='bbox 182 5302 495 5361; x_wconf 80' lang='lat' dir='ltr'><strong>sacriﬁcium</strong></span> <span class='ocrx_word' id='word_1_804' title='bbox 540 5321 638 5376; x_wconf 89' lang='lat' dir='ltr'><strong>per</strong></span> <span class='ocrx_word' id='word_1_805' title='bbox 686 5320 748 5361; x_wconf 87' lang='lat' dir='ltr'><strong>se</strong></span> <span class='ocrx_word' id='word_1_806' title='bbox 789 5305 1048 5362; x_wconf 90' lang='lat' dir='ltr'><strong>oblatum.</strong></span> <span class='ocrx_word' id='word_1_807' title='bbox 1088 5304 1283 5372; x_wconf 86' lang='lat' dir='ltr'><strong>Semel,</strong></span> <span class='ocrx_word' id='word_1_808' title='bbox 1317 5306 1514 5376; x_wconf 87' lang='lat' dir='ltr'><strong>inquit,</strong></span> <span class='ocrx_word' id='word_1_809' title='bbox 1540 5309 1744 5366; x_wconf 84' lang='lat' dir='ltr'><strong>oblatus</strong></span> 
     </span>
    </p>
   </div>
   <div class='ocr_carea' id='block_1_101' title="bbox 184 5394 1747 5469">
    <p class='ocr_par' dir='ltr' id='par_1_101' title="bbox 184 5394 1747 5469">
     <span class='ocr_line' id='line_1_101' title="bbox 184 5394 1747 5469; baseline 0.006 -23"><span class='ocrx_word' id='word_1_810' title='bbox 184 5399 256 5442; x_wconf 70' lang='lat' dir='ltr'><strong>est</strong></span> <span class='ocrx_word' id='word_1_811' title='bbox 277 5394 336 5447; x_wconf 80' lang='lat' dir='ltr'><strong>ad</strong></span> <span class='ocrx_word' id='word_1_812' title='bbox 358 5397 643 5453; x_wconf 85' lang='lat' dir='ltr'><strong>multorum</strong></span> <span class='ocrx_word' id='word_1_813' title='bbox 665 5398 952 5469; x_wconf 77' lang='lat' dir='ltr'><strong>auferenda</strong></span> <span class='ocrx_word' id='word_1_814' title='bbox 976 5408 1205 5467; x_wconf 87' lang='lat' dir='ltr'><strong>peccata.</strong></span> <span class='ocrx_word' id='word_1_815' title='bbox 1224 5400 1404 5467; x_wconf 90' lang='lat' dir='ltr'><strong>Quare</strong></span> <span class='ocrx_word' id='word_1_816' title='bbox 1432 5400 1747 5469; x_wconf 88' lang='lat' dir='ltr'><strong>multorum,</strong></span> 
     </span>
    </p>
   </div>
   <div class='ocr_carea' id='block_1_102' title="bbox 187 5485 1750 5554">
    <p class='ocr_par' dir='ltr' id='par_1_102' title="bbox 187 5485 1750 5554">
     <span class='ocr_line' id='line_1_102' title="bbox 187 5485 1750 5554; baseline 0.011 -24"><span class='ocrx_word' id='word_1_817' title='bbox 187 5485 240 5531; x_wconf 88' lang='lat' dir='ltr'><strong>et</strong></span> <span class='ocrx_word' id='word_1_818' title='bbox 266 5494 365 5538; x_wconf 83' lang='lat' dir='ltr'><strong>non</strong></span> <span class='ocrx_word' id='word_1_819' title='bbox 391 5488 669 5543; x_wconf 71' lang='lat' dir='ltr'><strong>amntium?</strong></span> <span class='ocrx_word' id='word_1_820' title='bbox 712 5486 847 5554; x_wconf 86' lang='lat' dir='ltr'><strong>Quia</strong></span> <span class='ocrx_word' id='word_1_821' title='bbox 890 5503 998 5542; x_wconf 91' lang='lat' dir='ltr'><strong>non</strong></span> <span class='ocrx_word' id='word_1_822' title='bbox 1022 5502 1220 5543; x_wconf 83' lang='lat' dir='ltr'><strong>omnes</strong></span> <span class='ocrx_word' id='word_1_823' title='bbox 1243 5490 1611 5546; x_wconf 90' lang='lat' dir='ltr'><strong>crediderunt.</strong></span> <span class='ocrx_word' id='word_1_824' title='bbox 1643 5490 1750 5547; x_wconf 88' lang='lat' dir='ltr'><strong>Pro</strong></span> 
     </span>
    </p>
   </div>
   <div class='ocr_carea' id='block_1_103' title="bbox 188 5574 1751 5653">
    <p class='ocr_par' dir='ltr' id='par_1_103' title="bbox 188 5574 1751 5653">
     <span class='ocr_line' id='line_1_103' title="bbox 188 5574 1751 5653; baseline 0.01 -28"><span class='ocrx_word' id='word_1_825' title='bbox 188 5574 424 5631; x_wconf 84' lang='lat' dir='ltr'><strong>omnibus</strong></span> <span class='ocrx_word' id='word_1_826' title='bbox 450 5576 670 5647; x_wconf 85' lang='lat' dir='ltr'><strong>quidem</strong></span> <span class='ocrx_word' id='word_1_827' title='bbox 700 5590 966 5644; x_wconf 90' lang='lat' dir='ltr'><strong>mortuus,</strong></span> <span class='ocrx_word' id='word_1_828' title='bbox 994 5578 1098 5634; x_wconf 86' lang='lat' dir='ltr'><strong>hoc</strong></span> <span class='ocrx_word' id='word_1_829' title='bbox 1119 5587 1236 5645; x_wconf 88' lang='lat' dir='ltr'><strong>est,</strong></span> <span class='ocrx_word' id='word_1_830' title='bbox 1261 5591 1521 5651; x_wconf 89' lang='lat' dir='ltr'><strong>quantum</strong></span> <span class='ocrx_word' id='word_1_831' title='bbox 1550 5583 1605 5638; x_wconf 90' lang='lat' dir='ltr'><strong>in</strong></span> <span class='ocrx_word' id='word_1_832' title='bbox 1635 5585 1751 5653; x_wconf 91' lang='lat' dir='ltr'><strong>ipso</strong></span> 
     </span>
    </p>
   </div>
   <div class='ocr_carea' id='block_1_104' title="bbox 190 5665 1754 5741">
    <p class='ocr_par' dir='ltr' id='par_1_104' title="bbox 190 5665 1754 5741">
     <span class='ocr_line' id='line_1_104' title="bbox 190 5665 1754 5741; baseline 0.009 -26"><span class='ocrx_word' id='word_1_833' title='bbox 190 5670 276 5716; x_wconf 82' lang='lat' dir='ltr'><strong>est</strong></span> <span class='ocrx_word' id='word_1_834' title='bbox 299 5679 310 5717; x_wconf 88' lang='lat'><strong>:</strong></span> <span class='ocrx_word' id='word_1_835' title='bbox 337 5665 451 5734; x_wconf 88' lang='lat' dir='ltr'><strong>ejus</strong></span> <span class='ocrx_word' id='word_1_836' title='bbox 481 5667 747 5722; x_wconf 87' lang='lat' dir='ltr'><strong>momenti</strong></span> <span class='ocrx_word' id='word_1_837' title='bbox 779 5676 866 5725; x_wconf 87' lang='lat' dir='ltr'><strong>est</strong></span> <span class='ocrx_word' id='word_1_838' title='bbox 892 5668 981 5725; x_wconf 87' lang='lat' dir='ltr'><strong>illa</strong></span> <span class='ocrx_word' id='word_1_839' title='bbox 1005 5684 1175 5736; x_wconf 87' lang='lat' dir='ltr'><strong>mors,</strong></span> <span class='ocrx_word' id='word_1_840' title='bbox 1203 5670 1360 5741; x_wconf 88' lang='lat' dir='ltr'><strong>cujus</strong></span> <span class='ocrx_word' id='word_1_841' title='bbox 1388 5672 1645 5727; x_wconf 90' lang='lat' dir='ltr'><strong>momenti</strong></span> <span class='ocrx_word' id='word_1_842' title='bbox 1669 5682 1754 5729; x_wconf 88' lang='lat' dir='ltr'><strong>est</strong></span> 
     </span>
    </p>
   </div>
   <div class='ocr_carea' id='block_1_105' title="bbox 191 5760 1750 5837">
    <p class='ocr_par' dir='ltr' id='par_1_105' title="bbox 191 5760 1750 5837">
     <span class='ocr_line' id='line_1_105' title="bbox 191 5760 1750 5837; baseline 0.01 -26"><span class='ocrx_word' id='word_1_843' title='bbox 191 5760 411 5817; x_wconf 87' lang='lat' dir='ltr'><strong>omnium</strong></span> <span class='ocrx_word' id='word_1_844' title='bbox 446 5760 712 5834; x_wconf 85' lang='lat' dir='ltr'><strong>perditio;</strong></span> <span class='ocrx_word' id='word_1_845' title='bbox 744 5778 852 5822; x_wconf 86' lang='lat' dir='ltr'><strong>non</strong></span> <span class='ocrx_word' id='word_1_846' title='bbox 884 5774 1067 5822; x_wconf 89' lang='lat' dir='ltr'><strong>autem</strong></span> <span class='ocrx_word' id='word_1_847' title='bbox 1101 5766 1342 5822; x_wconf 89' lang='lat' dir='ltr'><strong>omnium</strong></span> <span class='ocrx_word' id='word_1_848' title='bbox 1375 5777 1599 5837; x_wconf 86' lang='lat' dir='ltr'><strong>peccata</strong></span> <span class='ocrx_word' id='word_1_849' title='bbox 1628 5768 1750 5827; x_wconf 90' lang='lat' dir='ltr'><strong>abs-</strong></span> 
     </span>
    </p>
   </div>
   <div class='ocr_carea' id='block_1_106' title="bbox 1847 4568 3427 4649">
    <p class='ocr_par' dir='ltr' id='par_1_106' title="bbox 1847 4568 3427 4649">
     <span class='ocr_line' id='line_1_106' title="bbox 1847 4568 3427 4649; baseline -0.015 -5"><span class='ocrx_word' id='word_1_850' title='bbox 1847 4589 2013 4644; x_wconf 88' lang='lat' dir='ltr'><strong>totius</strong></span> <span class='ocrx_word' id='word_1_851' title='bbox 2043 4595 2201 4640; x_wconf 81' lang='lat' dir='ltr'><strong>terrae</strong></span> <span class='ocrx_word' id='word_1_852' title='bbox 2224 4580 2449 4644; x_wconf 88' lang='lat' dir='ltr'><strong>oblatio,</strong></span> <span class='ocrx_word' id='word_1_853' title='bbox 2474 4578 2618 4649; x_wconf 85' lang='lat' dir='ltr'><strong>quod</strong></span> <span class='ocrx_word' id='word_1_854' title='bbox 2648 4573 2949 4632; x_wconf 85' lang='lat' dir='ltr'><strong>communis</strong></span> <span class='ocrx_word' id='word_1_855' title='bbox 2971 4568 3292 4642; x_wconf 89' lang='lat' dir='ltr'><strong>deploratio,</strong></span> <span class='ocrx_word' id='word_1_856' title='bbox 3318 4581 3427 4622; x_wconf 86' lang='lat' dir='ltr'><strong>non</strong></span> 
     </span>
    </p>
   </div>
   <div class='ocr_carea' id='block_1_107' title="bbox 1846 4658 3425 4753">
    <p class='ocr_par' dir='ltr' id='par_1_107' title="bbox 1846 4658 3425 4753">
     <span class='ocr_line' id='line_1_107' title="bbox 1846 4658 3425 4753; baseline -0.016 -16"><span class='ocrx_word' id='word_1_857' title='bbox 1846 4681 2038 4753; x_wconf 89' lang='lat' dir='ltr'><strong>partis,</strong></span> <span class='ocrx_word' id='word_1_858' title='bbox 2061 4674 2418 4734; x_wconf 75' lang='lat' dir='ltr'><strong>sicutJudteis</strong></span> <span class='ocrx_word' id='word_1_859' title='bbox 2440 4667 2844 4753; x_wconf 86' lang='lat' dir='ltr'><strong>consuetudinis</strong></span> <span class='ocrx_word' id='word_1_860' title='bbox 2866 4664 2988 4719; x_wconf 84' lang='lat' dir='ltr'><strong>fuit.</strong></span> <span class='ocrx_word' id='word_1_861' title='bbox 3006 4662 3204 4718; x_wconf 66' lang='lat' dir='ltr'><strong>Judaais</strong></span> <span class='ocrx_word' id='word_1_862' title='bbox 3225 4658 3425 4753; x_wconf 84' lang='lat' dir='ltr'><strong>etenim</strong></span> 
     </span>
    </p>
   </div>
   <div class='ocr_carea' id='block_1_108' title="bbox 1850 4751 3429 4838">
    <p class='ocr_par' dir='ltr' id='par_1_108' title="bbox 1850 4751 3429 4838">
     <span class='ocr_line' id='line_1_108' title="bbox 1850 4751 3429 4838; baseline -0.016 -12"><span class='ocrx_word' id='word_1_863' title='bbox 1850 4751 1970 4826; x_wconf 85' lang='lat' dir='ltr'><strong>ideo</strong></span> <span class='ocrx_word' id='word_1_864' title='bbox 1992 4767 2154 4838; x_wconf 88' lang='lat' dir='ltr'><strong>jussit</strong></span> <span class='ocrx_word' id='word_1_865' title='bbox 2186 4767 2328 4821; x_wconf 89' lang='lat' dir='ltr'><strong>Deus</strong></span> <span class='ocrx_word' id='word_1_866' title='bbox 2359 4776 2574 4819; x_wconf 90' lang='lat' dir='ltr'><strong>omnem</strong></span> <span class='ocrx_word' id='word_1_867' title='bbox 2604 4751 2806 4814; x_wconf 87' lang='lat' dir='ltr'><strong>terram</strong></span> <span class='ocrx_word' id='word_1_868' title='bbox 2836 4755 3129 4819; x_wconf 87' lang='lat' dir='ltr'><strong>dimittere,</strong></span> <span class='ocrx_word' id='word_1_869' title='bbox 3157 4760 3210 4805; x_wconf 91' lang='lat' dir='ltr'><strong>et</strong></span> <span class='ocrx_word' id='word_1_870' title='bbox 3237 4751 3289 4804; x_wconf 83' lang='lat' dir='ltr'><strong>in</strong></span> <span class='ocrx_word' id='word_1_871' title='bbox 3322 4762 3429 4802; x_wconf 91' lang='lat' dir='ltr'><strong>uno</strong></span> 
     </span>
    </p>
   </div>
   <div class='ocr_carea' id='block_1_109' title="bbox 1848 4839 3428 4924">
    <p class='ocr_par' dir='ltr' id='par_1_109' title="bbox 1848 4839 3428 4924">
     <span class='ocr_line' id='line_1_109' title="bbox 1848 4839 3428 4924; baseline -0.016 -7"><span class='ocrx_word' id='word_1_872' title='bbox 1848 4862 1968 4917; x_wconf 89' lang='lat' dir='ltr'><strong>loco</strong></span> <span class='ocrx_word' id='word_1_873' title='bbox 2018 4858 2342 4917; x_wconf 88' lang='lat' dir='ltr'><strong>sacriﬁcium</strong></span> <span class='ocrx_word' id='word_1_874' title='bbox 2390 4863 2551 4924; x_wconf 88' lang='lat' dir='ltr'><strong>atque</strong></span> <span class='ocrx_word' id='word_1_875' title='bbox 2596 4850 2922 4907; x_wconf 84' lang='lat' dir='ltr'><strong>oblationem</strong></span> <span class='ocrx_word' id='word_1_876' title='bbox 2976 4846 3272 4905; x_wconf 87' lang='lat' dir='ltr'><strong>celebrare,</strong></span> <span class='ocrx_word' id='word_1_877' title='bbox 3302 4839 3428 4910; x_wconf 90' lang='lat' dir='ltr'><strong>quia</strong></span> 
     </span>
    </p>
   </div>
   <div class='ocr_carea' id='block_1_110' title="bbox 1851 4937 3431 5011">
    <p class='ocr_par' dir='ltr' id='par_1_110' title="bbox 1851 4937 3431 5011">
     <span class='ocr_line' id='line_1_110' title="bbox 1851 4937 3431 5011; baseline -0.016 0"><span class='ocrx_word' id='word_1_878' title='bbox 1851 4964 1980 5011; x_wconf 89' lang='lat' dir='ltr'><strong>tunc</strong></span> <span class='ocrx_word' id='word_1_879' title='bbox 2009 4953 2188 5008; x_wconf 86' lang='lat' dir='ltr'><strong>omnis</strong></span> <span class='ocrx_word' id='word_1_880' title='bbox 2213 4959 2355 5006; x_wconf 89' lang='lat' dir='ltr'><strong>terra</strong></span> <span class='ocrx_word' id='word_1_881' title='bbox 2389 4946 2661 5003; x_wconf 89' lang='lat' dir='ltr'><strong>immunda</strong></span> <span class='ocrx_word' id='word_1_882' title='bbox 2692 4944 2822 5009; x_wconf 81' lang='lat' dir='ltr'><strong>fuit,</strong></span> <span class='ocrx_word' id='word_1_883' title='bbox 2850 4941 2999 4997; x_wconf 76' lang='lat' dir='ltr'><strong>fumo</strong></span> <span class='ocrx_word' id='word_1_884' title='bbox 3045 4948 3102 4995; x_wconf 89' lang='lat' dir='ltr'><strong>et</strong></span> <span class='ocrx_word' id='word_1_885' title='bbox 3141 4937 3327 4991; x_wconf 88' lang='lat' dir='ltr'><strong>nidore</strong></span> <span class='ocrx_word' id='word_1_886' title='bbox 3374 4940 3431 4986; x_wconf 92' lang='lat' dir='ltr'><strong>et</strong></span> 
     </span>
    </p>
   </div>
   <div class='ocr_carea' id='block_1_111' title="bbox 1853 5023 3429 5107">
    <p class='ocr_par' dir='ltr' id='par_1_111' title="bbox 1853 5023 3429 5107">
     <span class='ocr_line' id='line_1_111' title="bbox 1853 5023 3429 5107; baseline -0.015 -6"><span class='ocrx_word' id='word_1_887' title='bbox 1853 5046 2026 5101; x_wconf 85' lang='lat' dir='ltr'><strong>aliena</strong></span> <span class='ocrx_word' id='word_1_888' title='bbox 2080 5040 2539 5098; x_wconf 88' lang='lat' dir='ltr'><strong>contaminatione</strong></span> <span class='ocrx_word' id='word_1_889' title='bbox 2585 5036 2805 5107; x_wconf 87' lang='lat' dir='ltr'><strong>polluta,</strong></span> <span class='ocrx_word' id='word_1_890' title='bbox 2861 5046 2982 5104; x_wconf 64' lang='lat' dir='ltr'><strong>quae</strong></span> <span class='ocrx_word' id='word_1_891' title='bbox 3027 5046 3095 5086; x_wconf 82' lang='lat' dir='ltr'><strong>ex</strong></span> <span class='ocrx_word' id='word_1_892' title='bbox 3146 5023 3429 5083; x_wconf 88' lang='lat' dir='ltr'><strong>sacriﬁciis</strong></span> 
     </span>
    </p>
   </div>
   <div class='ocr_carea' id='block_1_112' title="bbox 1853 5114 3429 5203">
    <p class='ocr_par' dir='ltr' id='par_1_112' title="bbox 1853 5114 3429 5203">
     <span class='ocr_line' id='line_1_112' title="bbox 1853 5114 3429 5203; baseline -0.017 -11"><span class='ocrx_word' id='word_1_893' title='bbox 1853 5134 2091 5203; x_wconf 78' lang='lat' dir='ltr'><strong>gentium</strong></span> <span class='ocrx_word' id='word_1_894' title='bbox 2119 5130 2551 5187; x_wconf 87' lang='lat' dir='ltr'><strong>celebrabantur.</strong></span> <span class='ocrx_word' id='word_1_895' title='bbox 2583 5125 2748 5182; x_wconf 85' lang='lat' dir='ltr'><strong>Nobis</strong></span> <span class='ocrx_word' id='word_1_896' title='bbox 2772 5118 3243 5190; x_wconf 86' lang='lat' dir='ltr'><strong>autem,quoniam</strong></span> <span class='ocrx_word' id='word_1_897' title='bbox 3273 5114 3429 5169; x_wconf 86' lang='lat' dir='ltr'><strong>Chri-</strong></span> 
     </span>
    </p>
   </div>
   <div class='ocr_carea' id='block_1_113' title="bbox 1852 5205 3429 5284">
    <p class='ocr_par' dir='ltr' id='par_1_113' title="bbox 1852 5205 3429 5284">
     <span class='ocr_line' id='line_1_113' title="bbox 1852 5205 3429 5284; baseline -0.015 0"><span class='ocrx_word' id='word_1_898' title='bbox 1852 5237 1969 5284; x_wconf 91' lang='lat' dir='ltr'><strong>stus</strong></span> <span class='ocrx_word' id='word_1_899' title='bbox 2010 5222 2302 5280; x_wconf 87' lang='lat' dir='ltr'><strong>adveniens</strong></span> <span class='ocrx_word' id='word_1_900' title='bbox 2349 5235 2563 5275; x_wconf 86' lang='lat' dir='ltr'><strong>onmem</strong></span> <span class='ocrx_word' id='word_1_901' title='bbox 2611 5226 2809 5271; x_wconf 90' lang='lat' dir='ltr'><strong>terram</strong></span> <span class='ocrx_word' id='word_1_902' title='bbox 2858 5210 3203 5271; x_wconf 88' lang='lat' dir='ltr'><strong>emundavit,</strong></span> <span class='ocrx_word' id='word_1_903' title='bbox 3251 5205 3429 5261; x_wconf 92' lang='lat' dir='ltr'><strong>omnis</strong></span> 
     </span>
    </p>
   </div>
   <div class='ocr_carea' id='block_1_114' title="bbox 1850 5296 3426 5374">
    <p class='ocr_par' dir='ltr' id='par_1_114' title="bbox 1850 5296 3426 5374">
     <span class='ocr_line' id='line_1_114' title="bbox 1850 5296 3426 5374; baseline -0.016 0"><span class='ocrx_word' id='word_1_904' title='bbox 1850 5319 2002 5374; x_wconf 90' lang='lat' dir='ltr'><strong>locus</strong></span> <span class='ocrx_word' id='word_1_905' title='bbox 2044 5314 2306 5371; x_wconf 88' lang='lat' dir='ltr'><strong>orationis</strong></span> <span class='ocrx_word' id='word_1_906' title='bbox 2346 5318 2519 5367; x_wconf 86' lang='lat' dir='ltr'><strong>vacat.</strong></span> <span class='ocrx_word' id='word_1_907' title='bbox 2556 5298 2681 5364; x_wconf 88' lang='lat' dir='ltr'><strong>Ideo</strong></span> <span class='ocrx_word' id='word_1_908' title='bbox 2706 5305 2903 5361; x_wconf 87' lang='lat' dir='ltr'><strong>Paulus</strong></span> <span class='ocrx_word' id='word_1_909' title='bbox 2930 5317 3050 5357; x_wconf 90' lang='lat' dir='ltr'><strong>cum</strong></span> <span class='ocrx_word' id='word_1_910' title='bbox 3080 5299 3223 5355; x_wconf 91' lang='lat' dir='ltr'><strong>omni</strong></span> <span class='ocrx_word' id='word_1_911' title='bbox 3254 5296 3426 5353; x_wconf 88' lang='lat' dir='ltr'><strong>conﬁ-</strong></span> 
     </span>
    </p>
   </div>
   <div class='ocr_carea' id='block_1_115' title="bbox 1852 5385 3429 5462">
    <p class='ocr_par' dir='ltr' id='par_1_115' title="bbox 1852 5385 3429 5462">
     <span class='ocr_line' id='line_1_115' title="bbox 1852 5385 3429 5462; baseline -0.015 0"><span class='ocrx_word' id='word_1_912' title='bbox 1852 5406 2034 5462; x_wconf 88' lang='lat' dir='ltr'><strong>dentia</strong></span> <span class='ocrx_word' id='word_1_913' title='bbox 2061 5406 2383 5461; x_wconf 75' lang='lat' dir='ltr'><strong>exhortatur</strong></span> <span class='ocrx_word' id='word_1_914' title='bbox 2407 5400 2612 5462; x_wconf 90' lang='lat' dir='ltr'><strong>dicens,</strong></span> <span class='ocrx_word' id='word_1_915' title='bbox 2661 5394 2791 5450; x_wconf 85' lang='lat' dir='ltr'><strong>Volo</strong></span> <span class='ocrx_word' id='word_1_916' title='bbox 2825 5408 2946 5462; x_wconf 88' lang='lat' dir='ltr'><strong>ergo</strong></span> <span class='ocrx_word' id='word_1_917' title='bbox 2992 5405 3143 5444; x_wconf 88' lang='lat' dir='ltr'><strong>orare</strong></span> <span class='ocrx_word' id='word_1_918' title='bbox 3190 5388 3324 5442; x_wconf 81' lang='lat' dir='ltr'><strong>viros</strong></span> <span class='ocrx_word' id='word_1_919' title='bbox 3373 5385 3429 5439; x_wconf 90' lang='lat' dir='ltr'><strong>in</strong></span> 
     </span>
    </p>
   </div>
   <div class='ocr_carea' id='block_1_116' title="bbox 1852 5477 3429 5554">
    <p class='ocr_par' dir='ltr' id='par_1_116' title="bbox 1852 5477 3429 5554">
     <span class='ocr_line' id='line_1_116' title="bbox 1852 5477 3429 5554; baseline -0.013 -1"><span class='ocrx_word' id='word_1_920' title='bbox 1852 5498 1993 5552; x_wconf 85' lang='lat' dir='ltr'><strong>omni</strong></span> <span class='ocrx_word' id='word_1_921' title='bbox 2020 5498 2133 5550; x_wconf 86' lang='lat' dir='ltr'><strong>loco</strong></span> <span class='ocrx_word' id='word_1_922' title='bbox 2153 5495 2377 5550; x_wconf 78' lang='lat' dir='ltr'><strong>levantes</strong></span> <span class='ocrx_word' id='word_1_923' title='bbox 2405 5502 2613 5547; x_wconf 83' lang='lat' dir='ltr'><strong>sanctas</strong></span> <span class='ocrx_word' id='word_1_924' title='bbox 2639 5502 2825 5540; x_wconf 87' lang='lat' dir='ltr'><strong>manus</strong></span> <span class='ocrx_word' id='word_1_925' title='bbox 2857 5482 2908 5554; x_wconf 91' lang='lat' dir='ltr'><strong>(I</strong></span> <span class='ocrx_word' id='word_1_926' title='bbox 2939 5482 3073 5535; x_wconf 87' lang='lat' dir='ltr'><strong>Tim.</strong></span> <span class='ocrx_word' id='word_1_927' title='bbox 3105 5496 3164 5544; x_wconf 82' lang='grc' dir='ltr'><strong>ιι,</strong></span> <span class='ocrx_word' id='word_1_928' title='bbox 3189 5478 3263 5549; x_wconf 89' lang='grc'><strong>8).</strong></span> <span class='ocrx_word' id='word_1_929' title='bbox 3289 5477 3429 5533; x_wconf 86' lang='lat' dir='ltr'><strong>Ecce</strong></span> 
     </span>
    </p>
   </div>
   <div class='ocr_carea' id='block_1_117' title="bbox 1855 5576 3429 5644">
    <p class='ocr_par' dir='ltr' id='par_1_117' title="bbox 1855 5576 3429 5644">
     <span class='ocr_line' id='line_1_117' title="bbox 1855 5576 3429 5644; baseline -0.013 -1"><span class='ocrx_word' id='word_1_930' title='bbox 1855 5596 2000 5643; x_wconf 90' lang='lat' dir='ltr'><strong>totus</strong></span> <span class='ocrx_word' id='word_1_931' title='bbox 2021 5587 2250 5641; x_wconf 88' lang='lat' dir='ltr'><strong>mundus</strong></span> <span class='ocrx_word' id='word_1_932' title='bbox 2272 5581 2595 5639; x_wconf 85' lang='lat' dir='ltr'><strong>emundatus</strong></span> <span class='ocrx_word' id='word_1_933' title='bbox 2621 5586 2725 5644; x_wconf 90' lang='lat' dir='ltr'><strong>est,</strong></span> <span class='ocrx_word' id='word_1_934' title='bbox 2744 5576 3006 5630; x_wconf 88' lang='lat' dir='ltr'><strong>elementa</strong></span> <span class='ocrx_word' id='word_1_935' title='bbox 3030 5579 3254 5642; x_wconf 85' lang='lat' dir='ltr'><strong>purgata</strong></span> <span class='ocrx_word' id='word_1_936' title='bbox 3280 5576 3429 5634; x_wconf 89' lang='lat' dir='ltr'><strong>sunt,</strong></span> 
     </span>
    </p>
   </div>
   <div class='ocr_carea' id='block_1_118' title="bbox 1855 5656 3431 5748">
    <p class='ocr_par' dir='ltr' id='par_1_118' title="bbox 1855 5656 3431 5748">
     <span class='ocr_line' id='line_1_118' title="bbox 1855 5656 3431 5748; baseline -0.013 -13"><span class='ocrx_word' id='word_1_937' title='bbox 1855 5689 1918 5735; x_wconf 91' lang='lat' dir='ltr'><strong>ut</strong></span> <span class='ocrx_word' id='word_1_938' title='bbox 1952 5656 2151 5748; x_wconf 86' lang='lat' dir='ltr'><strong>ubique</strong></span> <span class='ocrx_word' id='word_1_939' title='bbox 2192 5676 2349 5731; x_wconf 87' lang='lat' dir='ltr'><strong>nobis</strong></span> <span class='ocrx_word' id='word_1_940' title='bbox 2388 5674 2558 5728; x_wconf 91' lang='lat' dir='ltr'><strong>Deum</strong></span> <span class='ocrx_word' id='word_1_941' title='bbox 2596 5670 2758 5725; x_wconf 88' lang='lat' dir='ltr'><strong>liceat</strong></span> <span class='ocrx_word' id='word_1_942' title='bbox 2793 5666 3107 5738; x_wconf 74' lang='lat' dir='ltr'><strong>pnedicare;</strong></span> <span class='ocrx_word' id='word_1_943' title='bbox 3152 5672 3209 5719; x_wconf 92' lang='lat' dir='ltr'><strong>et</strong></span> <span class='ocrx_word' id='word_1_944' title='bbox 3254 5661 3431 5717; x_wconf 90' lang='lat' dir='ltr'><strong>omnis</strong></span> 
     </span>
    </p>
   </div>
   <div class='ocr_carea' id='block_1_119' title="bbox 1857 5759 3429 5834">
    <p class='ocr_par' dir='ltr' id='par_1_119' title="bbox 1857 5759 3429 5834">
     <span class='ocr_line' id='line_1_119' title="bbox 1857 5759 3429 5834; baseline -0.011 -7"><span class='ocrx_word' id='word_1_945' title='bbox 1857 5780 2001 5827; x_wconf 87' lang='lat' dir='ltr'><strong>terra</strong></span> <span class='ocrx_word' id='word_1_946' title='bbox 2027 5770 2267 5829; x_wconf 88' lang='lat' dir='ltr'><strong>sanctior</strong></span> <span class='ocrx_word' id='word_1_947' title='bbox 2298 5766 2389 5823; x_wconf 90' lang='lat' dir='ltr'><strong>illo</strong></span> <span class='ocrx_word' id='word_1_948' title='bbox 2419 5766 2538 5823; x_wconf 85' lang='lat' dir='ltr'><strong>loco</strong></span> <span class='ocrx_word' id='word_1_949' title='bbox 2575 5772 2680 5830; x_wconf 88' lang='lat' dir='ltr'><strong>est,</strong></span> <span class='ocrx_word' id='word_1_950' title='bbox 2713 5762 2803 5834; x_wconf 89' lang='lat' dir='ltr'><strong>qui</strong></span> <span class='ocrx_word' id='word_1_951' title='bbox 2834 5760 2922 5817; x_wconf 92' lang='lat' dir='ltr'><strong>illo</strong></span> <span class='ocrx_word' id='word_1_952' title='bbox 2949 5759 3002 5815; x_wconf 90' lang='lat' dir='ltr'><strong>in</strong></span> <span class='ocrx_word' id='word_1_953' title='bbox 3031 5768 3267 5830; x_wconf 84' lang='lat' dir='ltr'><strong>tempore</strong></span> <span class='ocrx_word' id='word_1_954' title='bbox 3289 5770 3429 5826; x_wconf 76' lang='lat' dir='ltr'><strong>pra:-</strong></span> 
     </span>
    </p>
   </div>
  </div>
