3992 6336
648 354 754 413 527
1623 361 1958 419 IIINCMARI
2000 359 2399 417 RIIEMENSIS
2435 360 2958 423 ARCHIEPISCOPI
3756 382 3833 440 323

650 469 936 525 dicabatur
966 468 1164 527 Sancta
1197 479 1528 528 sanctorum.
1563 472 1698 529 Nam
1731 475 1805 529 ibi
1830 489 1997 546 pecus
2022 474 2234 529 irratio-
2261 475 2310 534 A
2408 473 2476 529 Et
2505 475 2867 548 Hieronymus
2904 479 2957 533 itt
2989 478 3124 534 Isaia
3157 477 3295 536 libro
3313 481 3645 551 duodecimo,
3673 487 3730 544 Et
3759 509 3834 550 ηοη

650 560 832 615 nabile
882 559 1143 626 oblatum,
1191 560 1281 616 hic
1330 560 1575 631 spiritale
1625 562 1960 617 immolatum
2017 573 2103 617 est
2132 578 2146 615 :
2180 571 2236 616 ct
2338 575 2412 626 est
2442 566 2634 635 absque
2655 582 2734 620 me
2756 563 3002 622 Salvator
3030 567 3167 640 (Isa.
3200 584 3331 624 me
3351 610 3366 637 ,
3397 572 3498 643 11).
3529 592 3547 626 ι
3576 572 3832 635 Ostenditin

649 658 801 707 tanto
832 650 1005 720 majus
1038 660 1123 707 est
1169 652 1522 719 sacriﬁcium,
1556 661 1762 724 quanto
1791 661 1846 709 et
1876 654 2139 708 sanctitas
2168 654 2234 717 de
2334 653 2496 710 Patre
2534 654 2728 711 Filium
2756 666 2949 714 cuncta
2980 660 3224 726 salvare,
3256 660 3322 716 de
3348 676 3450 732 quo
3478 662 3607 719 idem
3626 670 3833 737 propheta

648 750 990 798 sacramento
1024 741 1318 812 profertur.
1354 761 1373 793 ι
1406 742 1472 797 Ει
1500 743 1628 797 item
1680 742 1820 798 idem
1872 742 1926 797 in
1977 742 2166 798 eadem
2215 759 2231 797 :
2335 754 2587 813 testatur,
2614 747 2680 801 Et
2705 749 2871 802 mittet
2900 749 2974 803 eis
2996 749 3254 805 Dominus
3275 749 3571 807 salvatorem
3598 757 3676 825 qui
3707 757 3833 816 saltat

653 847 672 880 ι
711 830 779 885 Et
804 829 879 884 illi
907 830 1125 900 quidem
1152 831 1425 898 dicebant,
1459 831 1518 886 Si
1551 831 1723 887 Filius
1754 833 1850 889 Dei
1868 851 1942 898 es,
1981 833 2145 888 libera
2185 843 2234 887 te
2333 849 2418 887 eos
2443 834 2601 905 faciet
2617 835 2751 907 (lsa.
2778 836 3023 910 six.20).
3050 858 3069 890 ι
3096 838 3162 894 Ει
3186 840 3315 895 item
3338 841 3390 896 in
3410 840 3542 898 libro
3562 844 3742 902 decimo
3762 858 3836 904 ler-
3892 900 3895 903 ,

648 921 866 1002 (blatta.
896 941 1077 993 xxvii,
1109 925 1230 999 49);
1277 927 1378 982 istc
1409 936 1589 982 autem
1613 929 1795 983 omnia
1832 930 2133 984 sustinebat
2175 938 2234 983 ιιι
2330 925 2432 990 tio,
2470 924 2660 980 Audite
2682 938 2823 982 meet
2843 927 3119 983 comedetis
3143 930 3277 984 bona
3305 929 3438 1003 (lsa.
3467 933 3666 1005 1,19).t
3690 935 3743 991 Et
3758 953 3835 992 non

646 1015 768 1071 illos
799 1016 1058 1073 liberaret
1098 1018 1189 1088 qui
1229 1018 1636 1074 cruciﬁxerunt.
1679 1040 1697 1073 ι
1732 1020 1863 1075 Item
1907 1021 1959 1076 in
2008 1020 2231 1075 homilia
2333 1013 2505 1068 solum
2536 1014 2674 1070 bona
2696 1057 2711 1082 ,
2746 1018 2841 1072 sed
2875 1018 3102 1073 salutem
3133 1019 3382 1076 omnibus
3413 1023 3683 1094 nuntiavit.
3712 1043 3834 1098 quam
3914 1040 3915 1073 ξ

646 1108 807 1162 tertia
840 1108 906 1163 de
939 1107 1114 1164 Cruce
1145 1126 1160 1163 :
1195 1129 1212 1161 t
1250 1108 1307 1165 Si
1332 1110 1462 1180 quid
1491 1111 1655 1182 igitur
1675 1110 1933 1166 sustinuit
1957 1110 2228 1178 Christus,

644 1211 752 1252 non
795 1207 1019 1269 propter
1074 1200 1458 1270 semetipsum,
1513 1214 1689 1271 neque
1738 1210 1961 1272 propter
2012 1200 2230 1257 Patrem

644 1302 822 1353 suum,
845 1290 937 1344 sed
961 1300 1021 1344 ut
1043 1289 1278 1345 salvarct
1302 1306 1402 1361 per
1425 1306 1641 1346 crucem
1667 1307 1836 1363 genus
1859 1292 2173 1347 humanum.
2205 1308 2224 1344 ι

642 1379 711 1435 Ει
740 1380 866 1435 item
898 1383 951 1438 in
977 1382 1163 1438 eadem
1191 1400 1205 1437 :
1238 1402 1258 1436 ι
1298 1383 1495 1439 Videns
1524 1393 1703 1439 autem
1735 1385 2029 1439 humanum
2058 1398 2229 1454 genus

642 1490 675 1531 a
704 1476 900 1532 diaboli
940 1475 1184 1547 superari
1238 1475 1467 1542 malitia,
1504 1475 1676 1530 voluit
1716 1482 2024 1531 creaturam
2074 1489 2228 1530 suam

643 1580 945 1634 assumere,
972 1576 1025 1622 et
1065 1568 1220 1638 quasi
1263 1583 1431 1622 unum
1471 1565 1750 1623 hominem
1793 1566 1976 1634 indui,
2008 1577 2063 1622 et
2107 1566 2227 1619 alli-

640 1672 768 1730 gere
791 1657 939 1712 illum
962 1658 1139 1724 cruci,
1167 1666 1230 1713 ut
1258 1658 1337 1713 sic
1360 1673 1461 1728 per
1504 1657 1711 1730 lignum
1757 1658 1938 1714 crucis
1972 1657 2227 1712 universo

639 1748 826 1822 generi
867 1748 1106 1803 humano
1137 1747 1283 1804 salus
1301 1748 1567 1823 ~oriretur.
1605 1768 1626 1802 ›
1665 1748 1735 1803 Ει
1760 1748 1890 1805 item
1918 1749 1974 1803 in
2005 1748 2224 1804 homilia

2334 1103 2449 1173 ipse
2472 1106 2703 1175 prtebuit
2723 1108 2814 1178 qui
2840 1108 2970 1165 dicit
2994 1109 3147 1175 Sion,
3171 1111 3225 1166 id
3252 1120 3335 1167 est
3353 1111 3612 1181 Ecclesite,
3638 1114 3835 1188 Regnabit

2331 1191 2477 1249 Deus
2505 1207 2627 1250 tuus
2662 1196 2798 1269 (Isa.
2846 1213 2988 1264 Lxu,
3024 1200 3098 1271 7).
3128 1220 3146 1252 t
3189 1200 3257 1255 Et
3290 1200 3415 1258 item
3439 1205 3489 1258 in
3523 1204 3648 1261 libro
3674 1207 3833 1266 decimo

2331 1293 2559 1353 quarto:
2592 1305 2611 1338 ‹
2638 1285 2890 1343 Christus
2915 1304 3038 1344 cum
3068 1289 3269 1359 iniquis
3283 1299 3554 1363 reputatus
3579 1304 3672 1360 est,
3695 1306 3742 1350 ut
3763 1297 3835 1353 ini-

2331 1388 2467 1444 quos
2489 1375 2781 1431 redimeret
2806 1393 2838 1431 a
2865 1386 3091 1447 peccato
3111 1419 3126 1445 ,
3153 1390 3208 1435 et
3230 1381 3479 1436 omnibus
3504 1384 3667 1438 omnia
3688 1384 3828 1455 ﬁeret,

2330 1472 2392 1519 ut
2411 1479 2600 1520 omnes
2633 1465 2812 1522 salvos
2846 1467 3070 1524 faceret.
3121 1488 3140 1521 ι
3186 1470 3254 1525 Ει
3289 1471 3412 1526 item
3453 1472 3587 1528 idem
3619 1474 3666 1529 in
3693 1477 3831 1549 eqlem

2330 1558 2620 1629 prophetia
2647 1576 2662 1613 :
2697 1578 2717 1612 ‹
2746 1559 2881 1628 Quia
2906 1561 3111 1618 sciebat
3136 1562 3241 1619 illis
3272 1579 3378 1620 non
3415 1566 3727 1624 credentibus
3746 1584 3830 1626 cre-

2329 1648 2539 1704 dituros
2566 1663 2689 1706 esse
2712 1650 2938 1721 populos
2967 1652 3271 1722 nationum,
3301 1656 3494 1710 transit
3515 1657 3577 1710 ad
3606 1666 3774 1727 gentes,
3793 1668 3829 1715 et

2331 1742 2462 1798 dicit
2504 1743 2721 1801 misisse
2752 1744 2950 1801 Filium
2984 1760 3139 1803 suum
3183 1756 3378 1804 testem
3418 1748 3500 1805 vel
3538 1749 3831 1806 testimonium

638 1820 708 1895 de
733 1838 1054 1895 Pentecoste
1087 1856 1101 1894 :
1138 1858 1157 1891 ι
1187 1820 1509 1909 Propterea,
1545 1840 1723 1910 inquit
1759 1839 2032 1908 Christus,
2059 1841 2224 1896 homo
2251 1820 2300 1883 Β
2328 1844 2647 1892 cunctarum
2675 1838 2976 1905 nationum,
3002 1840 3093 1910 qui
3116 1850 3389 1912 prmcepta
3416 1840 3551 1896 illius
3575 1850 3713 1912 atque
3727 1858 3829 1898 man-

636 1928 813 1986 factus
862 1945 1022 1996 sum,
1077 1939 1363 2001 propterea
1412 1945 1633 1986 carnem
1690 1930 1875 1997 indui,
1921 1939 1983 1987 ut
2035 1930 2222 1987 orbem

636 2021 951 2076 universum
980 2018 1264 2076 salvarem.
1305 2039 1326 2072 ι
1367 2020 1438 2076 Ει
1466 2020 1599 2076 item
1629 2021 1684 2075 in
1714 2020 1937 2076 homilia
1979 2021 2045 2077 de
2075 2018 2224 2076 Nati-

635 2110 804 2167 vitate
829 2111 1043 2166 Domini
1065 2127 1092 2191 ἧς
1130 2129 1148 2162 ι
1184 2111 1242 2165 In
1269 2120 1412 2166 terra
1439 2113 1685 2167 nascitur
1723 2113 1888 2168 homo
1925 2112 2220 2184 perfectus,

636 2202 802 2259 homo
868 2210 1036 2267 totus,
1083 2210 1144 2257 ut
1206 2201 1442 2257 salvaret
1502 2210 1673 2259 totum
1728 2204 1941 2263 orbem.
1980 2223 1999 2257 ι
2035 2193 2121 2257 Et
2166 2202 2221 2256 in

634 2295 859 2352 homilia
888 2296 955 2351 de
980 2294 1274 2351 Nativitate
1311 2292 1514 2350 Christi
1559 2302 1614 2350 et
1655 2293 1865 2350 Joanne
1906 2293 2152 2365 Baptista
2203 2312 2218 2349 :

640 2406 661 2440 ι
696 2386 805 2444 Sed
831 2394 1162 2443 memoratus
1188 2394 1274 2442 est
1300 2385 1578 2442 Christum
1628 2386 1804 2457 ipsum
1842 2387 2025 2442 solum
2070 2387 2235 2444 tutu--

631 2492 755 2533 rum
806 2491 996 2532 verum
1050 2475 1426 2542 sacerdotem,
1457 2476 1545 2531 cui
1589 2475 1753 2532 Pater
1796 2476 2021 2539 dixerat,
2062 2475 2141 2531 Tu
2167 2491 2220 2532 es

630 2566 877 2622 sacerdos
905 2568 961 2621 in
986 2569 1236 2622 aeternum
1262 2566 1551 2620 secundum
1577 2567 1813 2621 ordinem
1842 2565 2220 2622 Melchisedech

631 2655 807 2729 (Psal.
833 2672 943 2723 etx,
970 2657 1050 2729 4),
1074 2656 1167 2726 qui
1216 2656 1451 2711 hostiam
1501 2655 1825 2726 placabilem
1853 2671 1953 2726 pro
1980 2656 2219 2727 peccatis

629 2748 871 2804 omnium
899 2748 1047 2804 solus
1074 2748 1185 2803 Deo
1203 2747 1383 2803 oﬁ‘ert.
1414 2767 1432 2799 ι
1464 2747 1532 2802 Ει
1560 2748 1688 2802 item
1716 2748 1770 2802 iu
1793 2749 1983 2803 eadem
2012 2767 2026 2804 :
2060 2766 2081 2801 ι
2112 2748 2214 2806 Ve-

627 2839 816 2895 niebat
846 2840 992 2894 enim
1024 2839 1170 2895 solus
1195 2840 1473 2905 sacerdos,
1501 2839 1591 2910 qui
1641 2855 1779 2911 agno
1831 2841 1951 2896 solo
1993 2841 2216 2913 proprio

627 2929 976 2984 Immaculato
1032 2928 1361 2985 sacriﬁcium
1402 2931 1514 2985 Deo
1558 2946 1660 3003 pro
1686 2933 1925 3003 peccatis
1970 2933 2213 2988 omnium

627 3017 868 3075 oﬁ‘erret.
897 3019 965 3075 Et
988 3020 1109 3076 ideo
1139 3020 1536 3077 demonstravit
1574 3036 1701 3077 eum
1737 3021 1972 3079 Joannes
1991 3021 2214 3089 Iudaeis,

628 3106 766 3164 Ecce
787 3125 953 3180 agnus
976 3108 1224 3177 Dei,ecce
1249 3112 1337 3181 qui
1366 3110 1502 3166 tollit
1525 3122 1735 3181 peccata
1760 3113 1943 3167 mundi
1973 3112 2153 3184 (Joan.
2171 3128 2210 3179 ι,

2327 1924 2452 1981 data
2472 1926 2683 1998 populis
2703 1930 3000 1996 nuntiaret,
3033 1931 3125 2000 qui
3150 1930 3216 1986 de
3245 1946 3307 1986 se
3318 1931 3442 2002 ipso
3462 1930 3695 2001 loquitur,
3713 1947 3829 2004 opor-

2326 2020 2405 2070 tet
2441 2017 2725 2086 praedicari
2766 2019 3122 2091 Evangelium
3174 2021 3322 2076 istud
3369 2022 3422 2077 in
3467 2020 3758 2086 omnlorhe.
3791 2023 3828 2077 in

2327 2104 2695 2162 testimonium
2753 2109 2964 2164 cunctis
3009 2110 3294 2180 gentibus,
3347 2112 3412 2167 de
3463 2128 3564 2183 quo
3617 2110 3829 2182 apostolus

2325 2196 2523 2254 Paulus
2549 2200 2739 2255 scribit
2760 2199 3069 2267 Timotheo,
3096 2201 3246 2258 Unus
3271 2204 3525 2259 mediator
3542 2205 3632 2259 Dei
3651 2213 3694 2259 et
3710 2202 3831 2258 homi-

2324 2304 2450 2342 num
2478 2289 2634 2344 homo
2657 2289 2898 2346 Christus
2926 2292 3102 2359 Iesus,
3132 2295 3225 2365 qui
3256 2294 3399 2349 dedit
3424 2312 3477 2350 se
3503 2295 3828 2366 redemptionem

2321 2395 2418 2449 pro
2441 2381 2684 2458 omnibus
2707 2381 2761 2452 (Ι
2794 2382 2931 2437 Tim.
2971 2400 3046 2451 ιι,
3068 2384 3146 2456 5).
3182 2405 3201 2439 ι
3241 2386 3312 2441 Ει
3344 2387 3472 2442 item
3494 2386 3543 2442 in
3562 2387 3720 2442 eadem
3741 2400 3829 2457 pro-
3914 2382 3915 2385 “

2322 2469 2510 2540 pbetia
2543 2485 2559 2525 :
2591 2490 2611 2524 t
2643 2470 2771 2528 Haec
2800 2473 3013 2529 locutus
3034 2483 3140 2542 est,
3163 2474 3285 2532 Non
3314 2491 3525 2548 semper
3548 2477 3827 2541 irascor,nec
3914 2538 3915 2541 η

2314 2559 2567 2633 jurgatus
2600 2562 2942 2634 indignabor,
2973 2567 3099 2635 quia
3128 2567 3198 2622 ad
3227 2567 3337 2624 hoc
3359 2567 3593 2640 percutio
3618 2563 3668 2623 ut
3693 2580 3825 2623 emen-

2321 2652 2442 2708 dem
2462 2693 2478 2720 ,
2506 2654 2629 2710 ideo
2654 2654 2845 2712 occido
2869 2665 2931 2711 ut
2953 2650 3253 2713 viviﬁcem.
3287 2659 3541 2717 Misereor
3566 2660 3692 2717 enim
3718 2670 3825 2713 crea-

2321 2749 2458 2811 tura:
2491 2757 2657 2811 meae,
2692 2753 2748 2800 et
2783 2760 2920 2816 quos
2949 2746 3064 2817 ipse
3100 2748 3324 2804 condidi
3355 2751 3407 2805 in
3437 2758 3674 2806 azternum
3695 2746 3825 2818 perire

2319 2849 2429 2891 non
2459 2836 2656 2904 patiar.
2697 2836 2833 2891 Cum
2862 2851 2992 2909 ergo
3026 2854 3057 2893 a
3093 2853 3180 2894 me
3208 2841 3519 2913 egrediatur
3547 2840 3757 2911 spiritus,
3787 2844 3823 2891 et

2317 2924 2448 2982 ﬂatu
2499 2936 2661 2997 atque
2702 2927 3056 2997 inspiratione
3095 2945 3214 2985 mea
3260 2941 3453 2989 cuncta
3498 2933 3825 3002 vegetenturet

2319 3018 2534 3086 vivant,
2568 3036 2674 3075 non
2712 3030 2797 3076 est
2833 3019 3039 3090 justum
3067 3023 3253 3091 perire
3281 3038 3374 3081 eos
3412 3024 3466 3079 in
3501 3031 3726 3078 tcternum
3758 3014 3823 3088 qui

2317 3123 2439 3165 meo
2453 3109 2583 3164 ﬂatu
2611 3124 2678 3165 ac
2705 3110 2900 3181 spiritu
2923 3120 3327 3169 sustentantur.
3350 3131 3371 3166 ι
3393 3113 3518 3168 Item
3539 3112 3587 3168 in
3608 3107 3823 3183 prophetia

625 3201 740 3274 29).
784 3222 803 3255 ι
841 3203 976 3258 Item
1014 3202 1071 3259 in
1101 3203 1322 3259 homilia
1366 3204 1435 3259 de
1475 3203 1639 3260 Patre
1685 3212 1742 3259 et
1785 3205 1991 3260 duobus
2034 3204 2159 3261 ﬁliis
2196 3221 2210 3260 :
2241 3197 2287 3263 C
2320 3199 2460 3257 Osee
2492 3201 2549 3257 in
2576 3199 2715 3257 libro
2746 3203 2944 3259 tertio:
2985 3221 3003 3256 ι
3044 3202 3324 3260 Intantum
3354 3205 3514 3262 dilexi
3536 3218 3650 3269 eos,
3675 3209 3720 3255 et
3746 3209 3823 3253 tan

632 3311 652 3346 ι
696 3293 916 3349 Addidit
938 3302 994 3349 et
1018 3294 1245 3349 vitulum
1268 3296 1573 3366 saginatum
1596 3294 1950 3367 iugulandum
1979 3297 2213 3351 convivii

626 3383 990 3452 exhibitioni,
1031 3384 1149 3440 sine
1196 3384 1359 3439 dubio
1408 3384 1694 3440 Dominum
1739 3394 1984 3440 nostrum
2028 3384 2213 3441 Iesum

626 3472 902 3529 Christum
920 3514 934 3540 ,
968 3488 1131 3544 quem
1158 3472 1309 3530 dedit
1336 3473 1497 3528 Pater
1529 3474 1584 3528 in
1607 3474 1885 3530 victimam
1916 3489 2016 3546 pro
2042 3475 2214 3531 salute

624 3572 812 3620 nostra
859 3584 873 3621 :
917 3581 1080 3636 quem
1138 3565 1369 3621 vitulum
1414 3567 1655 3621 nominat
1706 3574 1929 3638 propter
1977 3568 2213 3624 hostiam

621 3654 785 3728 263
824 3657 1069 3726 corporis
1113 3656 1474 3724 immaculati,
1515 3657 1821 3728 saginatum
1862 3668 2043 3714 autem
2083 3673 2212 3715 vere

625 3748 783 3813 dixit,
817 3749 944 3820 quia
971 3750 1188 3821 pinguis
1223 3758 1279 3806 et
1312 3751 1527 3820 opimus
1575 3760 1687 3816 est,
1721 3752 1991 3807 intentum
2025 3760 2083 3807 ut
2111 3767 2212 3822 pro

624 3839 792 3896 totius
815 3841 1000 3896 mundi
1030 3842 1205 3897 salute
1238 3841 1509 3898 sulIiciens
1535 3843 1604 3898 sit
1634 3843 1700 3897 ad
1728 3844 1950 3899 odorem
1973 3844 2212 3899 suavita-

628 3931 702 3987 tis
724 3938 780 3988 et
799 3932 1042 3988 nidorem
1061 3934 1447 3991 immolationis
1474 3933 1541 3989 ad
1564 3935 1735 3990 Deum
1759 3935 1996 4001 mittere,
2027 3942 2083 3990 et
2111 3951 2210 4006 pro

622 4022 877 4079 omnibus
916 4038 1164 4080 exorare.
1224 4043 1243 4077 t
1290 4024 1359 4080 Et
1402 4024 1456 4079 in
1500 4025 1639 4081 libro
1681 4027 1749 4082 ad
1773 4025 2101 4081 Stelechium
2143 4027 2210 4081 de

621 4113 803 4169 cordis
827 4112 1285 4185 Compunctione:
1312 4134 1329 4167 ‹
1363 4115 1462 4171 Hic
1487 4124 1574 4171 est
1598 4115 1823 4172 allectus
1844 4117 1986 4173 servi
2011 4116 2204 4183 ﬁdelis,

619 4212 680 4259 ut
719 4204 985 4263 beneﬁcia
1016 4208 1219 4262 domini
1258 4210 1372 4275 sui,
1413 4225 1534 4279 quae
1570 4212 1929 4267 communiter
1955 4212 2208 4281 omnibus

619 4296 747 4353 data
778 4306 934 4364 sunt,
978 4299 1132 4368 quasi
1163 4299 1262 4355 soli
1302 4301 1406 4355 sibi
1446 4306 1679 4371 reputet,
1704 4310 1759 4356 et
1794 4302 1950 4372 quasi
1992 4302 2106 4372 ipse
2138 4303 2209 4357 sit

617 4389 861 4445 omnium
886 4390 1118 4457 debitor,
1143 4398 1197 4444 et
1221 4407 1320 4461 pro
1348 4393 1603 4448 omnibus
1629 4393 1743 4464 ipse
1768 4394 1914 4449 solus
1939 4394 2208 4450 habeatur

617 4477 893 4533 obnoxiis.
923 4478 1037 4535 Hoc
1077 4479 1205 4535 fecit
1234 4490 1290 4534 et
1324 4480 1556 4549 Paulus,
1579 4485 1671 4553 qui
1719 4493 1949 4541 mortem
1987 4487 2202 4542 Domini

2315 3291 2555 3349 clemens
2578 3302 2768 3365 pastor
2787 3294 2882 3360 fui,
2915 3300 2976 3351 ut
2995 3295 3303 3353 morbidam
3329 3310 3479 3352 ovem
3502 3292 3712 3351 humeris
3726 3287 3823 3345 meis

2314 3384 2430 3455 ipse
2448 3396 2742 3456 portarem.
2774 3386 2894 3457 Ipse
2921 3401 3050 3443 vero
3076 3387 3466 3460 ignoraverunt
3490 3401 3604 3445 cum
3624 3397 3721 3440 mea
3738 3379 3822 3435 illos

2312 3475 2564 3545 passione
2582 3490 2832 3532 curarem
2852 3516 2867 3542 ,
2893 3471 2949 3531 et
2972 3477 3064 3546 qui
3084 3487 3301 3533 amator
3319 3493 3436 3533 sum
3458 3476 3673 3533 omnium
3689 3469 3821 3525 trahe-

2311 3580 2428 3622 rem
2449 3581 2545 3622 eos
2568 3568 2622 3623 in
2656 3566 2886 3623 vinculis
2909 3568 3215 3625 charitatis.
3241 3589 3262 3623 ι
3280 3569 3413 3625 Item
3444 3569 3497 3624 in
3522 3564 3687 3623 eadem
3705 3554 3823 3632 εει

2311 3655 2596 3726 prophetia
2641 3671 2657 3712 :
2694 3675 2714 3709 ι
2755 3656 2834 3711 De
2866 3674 3027 3712 manu
3058 3659 3246 3714 mortis
3284 3660 3508 3714 liberabo
3540 3673 3636 3713 eos.
3660 3653 3820 3708 Manum

2312 3747 2506 3802 mortis
2541 3746 2776 3816 appellat
2811 3762 2976 3819 opera
3015 3748 3212 3819 quibus
3253 3735 3536 3814 interﬁcit;
3566 3747 3696 3818 juxta
3728 3734 3821 3795 illud

2310 3837 2455 3909 quod
2493 3838 2756 3908 scriptum
2797 3847 2913 3902 est,
2962 3837 3029 3893 In
3076 3856 3242 3895 manu
3289 3840 3481 3912 lingua:
3516 3854 3642 3892 mors
3671 3842 3711 3889 et
3743 3830 3820 3885 vita

2311 3924 2493 3998 (Prov.
2526 3942 2680 3994 xvtu,
2705 3928 2820 4000 2|).
2855 3928 3075 3983 Liberat
3102 3939 3287 3985 autem
3318 3944 3505 3986 omnes
3524 3923 3820 3984 Dominus,cl

2310 4019 2540 4075 redemit
2568 4021 2622 4075 in
2650 4021 2899 4090 passione
2921 4022 3101 4077 crucis
3124 4030 3178 4078 et
3199 4023 3463 4079 effusione
3482 4017 3725 4092 sanguinis
3745 4008 3818 4073 sui,

2309 4114 2527 4183 quando
2567 4114 2749 4169 anima
2781 4115 2897 4187 ejus
2925 4116 3208 4172 descendit
3249 4118 3317 4173 ad
3348 4116 3603 4173 infernum
3624 4153 3638 4178 ,
3666 4118 3711 4166 et
3729 4115 3820 4161 caro

2306 4204 2425 4275 ejus
2462 4221 2570 4261 non
2604 4205 2740 4261 vidit
2772 4208 3210 4278 corruptionem,
3256 4218 3313 4264 et
3344 4209 3411 4264 ad
3452 4207 3610 4279 ipsam
3644 4207 3817 4257 mortem

2308 4306 2471 4367 atque
2497 4297 2769 4353 infernum
2809 4297 3020 4354 locutus
3059 4308 3142 4354 est
3173 4317 3187 4353 :
3223 4299 3335 4353 Ero
3357 4314 3494 4354 mors
3532 4306 3639 4359 tua,
3666 4308 3691 4347 ο
3719 4297 3818 4342 τηοη

2308 4385 2455 4458 (Ose.
2494 4403 2618 4452 xm,
2649 4387 2760 4459 I4).
2799 4386 3006 4443 Idcirco
3035 4389 3182 4443 enim
3211 4397 3457 4445 mortuus
3484 4401 3619 4450 sum,
3649 4389 3700 4436 ut

2309 4494 2428 4534 mea
2459 4486 2637 4533 morte
2672 4478 2948 4533 moriaris.
2977 4478 3087 4533 Ero
3104 4496 3313 4535 morsus
3341 4490 3490 4545 tuus,
3526 4475 3726 4543 inferne.
3750 4476 3817 4534 tl‘“

618 4576 676 4624 ει
708 4566 1008 4626 Salvatoris
1038 4572 1245 4639 nostri,
1282 4588 1402 4643 quae
1438 4589 1538 4644 pro
1567 4548 1823 4632 universo
1860 4593 2095 4649 expensa
2118 4589 2205 4635 est
2230 4548 2282 4608 D
2309 4584 2499 4645 anes
2537 4569 2645 4623 ῑυὶε
2688 4568 2936 4624 faUCibUS
2970 4569 3290 4625 devorabam.
3342 4589 3360 4622 θ
3401 4569 3465 4624 Et
3503 4569 3619 4623 ilem
3655 4579 3670 4616 τ
3710 4578 3725 4611 ⁸
3762 4553 3816 4609 θθ

619 4659 855 4725 mundo,
886 4660 988 4716 sibi
1020 4662 1117 4717 soli
1152 4665 1453 4734 praestitum
1489 4665 1639 4720 dicit.
1670 4666 1848 4735 Quasi-
1870 4669 2013 4725 enim
2044 4669 2112 4726 de
2143 4683 2202 4725 se

618 4749 734 4806 solo
768 4751 994 4823 loquens
1038 4755 1111 4809 ita
1139 4755 1373 4810 scribit:
1413 4755 1569 4824 Quod
1602 4759 1750 4813 enim
1792 4775 1937 4817 nunc
1978 4761 2101 4818 vivo
2145 4762 2200 4816 in

617 4857 802 4908 carne,
832 4842 885 4897 in
916 4843 1020 4899 ﬁde
1050 4846 1172 4901 vivo
1196 4846 1317 4902 Filii
1339 4849 1451 4914 Dei,
1476 4848 1570 4919 qui
1598 4850 1816 4906 tradidit
1843 4852 2079 4923 seipsum
2101 4868 2201 4923 pro

618 4947 724 4987 me.
770 4932 897 4988 Haec
944 4944 1126 4991 autem
1166 4936 1413 5004 dicebat,
1456 4954 1565 4994 non
1610 4950 1968 5011 coangustare
2013 4940 2201 4997 volens

617 5023 950 5094 amplissima
984 5035 1041 5080 et
1068 5041 1165 5095 per
1201 5027 1386 5082 orbem
1423 5035 1581 5083 terrai
1614 5028 1806 5085 diﬁ‘usa
1843 5029 2045 5086 Christi
2074 5046 2197 5086 mu-

617 5121 792 5169 nera‘:
839 5116 932 5171 sed
972 5118 1158 5186 quasi,
1199 5126 1260 5171 ut
1298 5118 1563 5185 diximus,
1603 5121 1694 5191 qui
1724 5136 1824 5192 pro
1858 5123 2109 5179 omnibus
2140 5138 2199 5178 se

617 5204 790 5259 solum
825 5203 1096 5272 iudicaret
1135 5207 1453 5279 obnoxium.)
1489 5208 1555 5262 Et
1591 5224 1780 5265 revera
1808 5211 1938 5280 quid
1970 5213 2198 5269 interest

615 5297 659 5351 si
684 5307 739 5352 et
764 5299 885 5354 aliis
920 5299 1192 5369 praestitit,
1228 5316 1352 5355 cum
1376 5316 1495 5371 quae
1523 5303 1617 5358 tibi
1648 5306 1890 5373 praestita
1924 5314 2085 5372 sunt,
2122 5307 2195 5360 ita

614 5388 876 5457 perfecta,
910 5392 1061 5460 quasi
1094 5391 1226 5447 nulli
1256 5391 1347 5447 alii
1367 5408 1433 5449 ex
1463 5393 1548 5449 his
1577 5394 1779 5465 aliquid
1810 5394 1974 5452 fuerit
1993 5396 2199 5467 praesti-

616 5489 751 5535 tum.
788 5481 911 5538 Ideo
940 5484 1171 5555 denique
1195 5494 1252 5541 ει
1276 5485 1363 5541 illa
1390 5487 1515 5542 boni
1547 5488 1781 5557 pastoris
1807 5487 2060 5559 parabola
2090 5503 2197 5543 non

613 5574 748 5630 dicit
780 5576 906 5645 quia
941 5577 1090 5633 venit
1127 5578 1326 5634 multas
1367 5594 1498 5636 oves
1527 5570 1836 5650 requirere,
1875 5580 1974 5636 sed
2006 5595 2193 5635 unam.

615 5663 734 5724 Una
758 5672 992 5739 namque
1021 5679 1135 5738 est,
1159 5671 1289 5741 quia
1319 5671 1399 5729 sic
1425 5672 1678 5730 omnibus
1710 5673 1868 5746 quasi
1890 5672 1984 5729 uni
2014 5672 2195 5728 divina

612 5754 875 5815 beneﬁcia
901 5760 1271 5819 conferuntur.
1318 5782 1338 5816 ι

2310 4677 2469 4714 manu
2505 4660 2688 4713 mortis
2720 4658 2950 4713 liberabo
2981 4675 3069 4714 eos
3088 4699 3105 4725 ,
3139 4668 3200 4715 ut
3228 4660 3371 4730 quod
3401 4668 3525 4714 tunc
3552 4650 3815 4726 ﬁgurabat!!!

2308 4750 2362 4805 in
2384 4759 2572 4821 parte,
2610 4765 2755 4805 nunc
2795 4750 3065 4805 sentiatur
3100 4750 3154 4805 in
3195 4759 3329 4816 toto,
3360 4759 3415 4805 et
3452 4763 3567 4804 cum
3598 4739 3719 4799 omni
3748 4736 3817 4789 hu-

2310 4858 2472 4897 mano
2502 4855 2701 4913 genere
2740 4840 2907 4896 Israel
2951 4841 3267 4896 liberandus
3289 4842 3361 4896 sit
3394 4848 3447 4895 et
3486 4827 3812 4892 redimendus.»

2308 4934 2442 4988 Item
2486 4934 2601 5003 ipse
2641 4932 2694 4987 in
2742 4933 3023 5002 prophetia
3060 4930 3212 4988 Jonze
3255 4949 3269 4985 :
3309 4931 3537 5003 Aﬁlictus
3571 4933 3636 4978 est
3668 4917 3812 4973 Jonas.

2314 5044 2331 5075 ι
2371 5024 2601 5080 Pulchre
2639 5033 2820 5079 autem
2846 5023 3027 5077 dolens
3047 5063 3062 5088 ,
3094 5024 3237 5093 quod
3266 5023 3637 5090 interpretatur
3656 5007 3813 5093 Jonas,

2307 5115 2560 5187 allligitur
2588 5115 2802 5179 dolore,
2839 5122 2895 5168 et
2939 5086 3129 5168 tristis.
3142 5121 3225 5170 est
3251 5086 3432 5167 anima
3469 5106 3578 5176 ejus
3604 5106 3743 5166 usque
3761 5086 3813 5187 id

2305 5181 2565 5279 mortem,
2589 5210 2713 5280 quia
2747 5224 2816 5263 ne
2850 5208 3055 5279 periret
3092 5216 3355 5277 quantum
3386 5205 3440 5260 in
3475 5216 3532 5257 se
3563 5196 3652 5251 fuit
3688 5181 3814 5280 multa

2305 5268 2561 5358 Christus.
2574 5268 2867 5371 perpessus
2889 5308 2989 5355 est.
3024 5317 3043 5352 ι
3067 5268 3199 5354 Item
3228 5298 3370 5352 idem
3400 5296 3452 5349 in
3476 5281 3686 5361 Epistola
3701 5268 3810 5371 Pauli

2308 5395 2375 5449 ad
2412 5364 2633 5449 Galatas
2672 5364 2742 5445 Et
2789 5392 2957 5462 Igitur
2992 5400 3046 5446 ει
3090 5391 3255 5446 Pater
3298 5384 3514 5442 tradidit
3551 5376 3746 5435 Filium.
3771 5364 3811 5462 et

2302 5486 2474 5541 Filius
2501 5486 2615 5554 ipse
2644 5499 2705 5540 se
2736 5460 2989 5546 tradidit,
3028 5491 3084 5538 et
3120 5481 3287 5537 Iudas
3325 5485 3382 5533 et
3417 5460 3809 5554 sacerdotesutﬁllll

2300 5546 2638 5650 principibus
2670 5574 3052 5638 tradiderunt,
3082 5581 3139 5628 et
3167 5569 3232 5626 ad
3272 5572 3564 5650 extremum

2300 5630 2649 5725 sistit-Edidit
2671 5630 2787 5735 ipse
2811 5630 3051 5718 Pilatus:
3067 5660 3174 5717 Sed
3198 5658 3359 5713 Pater
3379 5645 3589 5707 tradidit
3608 5630 3805 5740 lilia":

2434 5718 2713 5818 uerdituni
2744 5718 3041 5821 mundum,
3077 5750 3234 5809 Iesus
3277 5746 3393 5814 ipse
3426 5753 3485 5797 se
3520 5724 3737 5792 tradidit,
3764 5718 3810 5768 ιιι
