3992 6336
177 376 272 435 329

908 376 994 432 DE
1035 369 1703 433 PREDESTINATIONE
1739 366 2196 427 DISSERTATIO
2231 369 2641 428 POSTERIOR.

3325 369 3430 425 350

180 491 347 546 Patris
382 503 647 559 suamque
681 487 885 544 faceret
915 490 1269 544 voluntatem.
1311 508 1329 539 ι
1365 486 1498 541 Item
1530 504 1542 538 :
1578 504 1596 534 ‹
1641 482 1752 537 Nec
1778 484 1827 544 Α
1855 479 1955 535 bus
1979 490 2062 536 est
2093 483 2268 538 factus
2294 485 2568 549 inﬁrmus,
2601 495 2656 540 et
2692 501 2790 555 pro
2821 486 3070 541 onmibus
3108 500 3173 540 ex
3208 487 3322 554 ipsa
3349 499 3436 542 est

181 583 274 635 hoc
303 596 370 635 ex
404 595 527 634 meo
577 594 738 634 sensu
778 577 979 632 dictum
1014 578 1245 647 putetis,
1287 575 1567 646 Scriptura
1600 572 1753 627 testis

179 680 275 734 est,
299 674 425 739 quia
455 668 704 722 Christus
735 668 908 738 gratia
938 668 1034 722 Dei
1063 668 1230 733 salus,
1261 675 1322 720 ut
1349 667 1402 720 in
1433 665 1753 734 quibusdam

179 757 571 826 exemplaribus
595 756 812 826 legitur,
845 757 1049 825 absque
1074 756 1184 810 Deo
1211 771 1309 826 pro
1331 754 1583 808 omnibus
1605 767 1752 805 mor-

181 859 296 904 tuus
320 856 423 903 est.
454 847 510 901 Si
537 856 718 901 autem
741 862 840 916 pro
855 847 1128 912 omnibus,
1154 856 1206 902 et
1231 862 1330 916 pro
1352 845 1554 916 Moyse,
1579 851 1632 897 et
1655 857 1754 911 pro

180 944 439 997 universis
471 941 781 1012 prophetis,
821 957 850 993 a
891 939 1089 1009 quibus
1130 939 1308 993 nullus
1350 937 1526 1008 potuit
1573 935 1753 988 delere

179 1034 593 1104 chirographum
632 1041 821 1096 vetus,
856 1031 998 1099 quod
1033 1031 1317 1083 adversum
1360 1042 1458 1082 nos
1493 1026 1754 1095 scriptum

177 1135 308 1188 erat,
338 1133 393 1179 et
418 1121 634 1194 adigere
671 1122 800 1177 illud
829 1122 976 1176 cruci
1006 1120 1145 1192 (Col.
1182 1136 1244 1184 ιι,
1275 1119 1386 1189 14).
1421 1116 1614 1172 Omnes
1637 1132 1756 1186 pec-

177 1224 419 1269 caverunt
448 1223 497 1267 et
539 1213 772 1284 indigent
806 1211 976 1281 gloria
1007 1210 1106 1264 Dei
1147 1209 1324 1280 (Rom.
1356 1223 1438 1272 ιιι,
1482 1207 1596 1278 25).
1635 1224 1654 1257 ι
1689 1205 1757 1258 Ει

179 1308 230 1362 in
257 1305 496 1376 Epistola
514 1304 584 1359 ad
611 1303 875 1374 Ephesios
907 1320 919 1356 :
953 1301 1023 1356 In
1048 1318 1149 1372 quo
1175 1301 1424 1354 habemus
1446 1297 1757 1366 redemptio-

179 1415 290 1451 nem
331 1413 422 1466 per
456 1396 763 1464 sanguinem
804 1394 968 1463 ipsius
1017 1391 1372 1446 remissionem
1421 1396 1756 1458 peccatorum

178 1485 392 1556 (Ephes.
431 1499 480 1549 ι,
511 1483 590 1553 5).
626 1502 644 1531 ι
684 1482 776 1536 Ille
807 1482 1094 1536 redimitur
1128 1480 1221 1549 qui
1257 1488 1447 1549 captus
1471 1485 1586 1542 est,
1615 1485 1672 1530 et
1699 1475 1754 1528 in

181 1577 414 1632 hostium
438 1576 664 1632 veniens
692 1583 1015 1644 potestatem
1039 1575 1176 1630 liber
1195 1588 1317 1628 esse
1353 1570 1569 1628 desinit.
1599 1569 1678 1625 Ita
1700 1580 1757 1625 et

182 1684 276 1724 nos
304 1669 524 1738 quidam
556 1668 742 1722 dicunt
763 1667 816 1721 in
843 1667 948 1722 hoc
969 1667 1168 1721 mundo
1188 1679 1309 1722 esse
1329 1665 1594 1736 captivos,
1617 1671 1676 1717 ut
1698 1670 1756 1717 et

185 1760 277 1814 sub
298 1758 633 1829 principibus
649 1765 705 1812 et
727 1756 1085 1827 potestatibus
1102 1755 1234 1827 jugo
1255 1754 1534 1810 servitutis
1557 1750 1753 1816 teneri,

1857 569 2172 627 infirmitate
2197 575 2489 630 cruciﬁxus
2511 577 2534 629 ?
2558 575 2688 642 Quae
2713 592 2835 632 cum
2866 577 2938 631 ita
2971 578 3101 642 sint,
3128 592 3226 631 nec
3261 580 3433 648 gratia

1854 661 2103 728 prohibet
2123 665 2540 732 correptioncm,
2559 682 2658 720 nec
2680 667 2948 735 correptio
2974 677 3138 738 negat
3166 671 3395 739 gratiam
3420 693 3435 724 ;

1854 759 1910 805 et
1940 750 2060 806 ideo
2094 753 2172 808 sic
2203 765 2288 808 est
2315 756 2668 824 praecipienda
2697 756 2928 823 justitia,
2961 768 3020 812 ut
3056 778 3084 813 a
3119 760 3228 815 Deo
3260 764 3439 829 gratia

1853 855 1960 908 qua
2005 842 2056 895 id
2081 843 2222 911 quod
2248 845 2560 915 praecipitur
2586 847 2676 900 ﬁat
2708 848 2847 902 ﬁdeli
2880 850 3125 904 oratione
3155 861 3438 920 poscatur.

1856 929 1923 984 Et
1955 931 2372 1013 hocutrumque
2403 936 2476 989 ita
2503 935 2808 991 faciendum
2838 947 2942 1004 est,
2986 950 3044 994 ut
3089 957 3264 1012 neque
3288 942 3442 1013 justa
3484 949 3485 952 ‘

1857 1009 2129 1092 correptio
2155 1024 2491 1096 negligatur,
2520 1028 2701 1081 omnia
2727 1042 2858 1083 vero
2879 1030 2992 1084 haec
3019 1045 3138 1084 cum
3168 1009 3437 1087 charitate

1857 1113 2009 1178 ﬁant,
2041 1115 2296 1183 quoniam
2330 1133 2430 1172 nec
2459 1119 2700 1174 Charitas
2731 1120 2861 1175 facit
2906 1133 3211 1192 peccatum,
3247 1135 3302 1180 et
3345 1141 3441 1182 co-

1857 1205 2033 1274 operit
2067 1207 2462 1264 multitudinem
2508 1222 2876 1281 peccatorum.
2915 1233 2933 1266 l
2968 1215 3034 1268 Et
3057 1215 3188 1271 item
3219 1227 3439 1272 sanctus

1856 1295 2189 1365 Augustinus
2219 1298 2271 1351 in
2297 1299 2554 1368 vigesimo
2583 1301 2722 1356 libro
2747 1303 2813 1356 de
2841 1303 3070 1358 Civitate
3090 1305 3206 1370 Dei,
3231 1307 3386 1361 titulo
3406 1308 3440 1361 6

1858 1402 1924 1442 ex
1966 1404 2215 1443 sermone
2237 1391 2477 1460 Apostoli
2504 1395 2642 1464 (cap.
2683 1396 2772 1465 6):
2803 1396 2910 1450 Pro
2933 1399 3171 1453 omnibus
3202 1412 3441 1456 mortuus

1859 1488 1933 1531 est
1959 1478 2043 1548 (II
2073 1479 2194 1534 Cor.
2223 1497 2274 1547 v,
2308 1482 2428 1553 'M):
2469 1502 2488 1534 ι
2521 1485 2812 1550 Omnibus,
2865 1489 3059 1557 inquit,
3109 1490 3308 1545 bonum
3359 1504 3446 1547 est

1811 1621 1813 1624 ι
1860 1570 2048 1625 audire
2072 1586 2258 1626 vocem
2287 1572 2407 1627 Filii
2438 1574 2532 1628 Dei
2559 1584 2615 1629 et
2656 1577 2859 1632 vivere.
2901 1579 2982 1632 Ad
3022 1579 3186 1634 vitam
3225 1582 3444 1650 pietatis

1859 1674 1926 1713 ex
1953 1659 2248 1730 impietatis
2276 1672 2452 1718 morte
2479 1667 2886 1721 transeundum.
2921 1669 2998 1722 De
3022 1683 3127 1738 qua
3165 1680 3338 1725 morte
3367 1673 3447 1726 ait

1860 1752 2150 1825 Apostolus
2180 1773 2192 1808 :
2223 1755 2366 1827 Ergo
2395 1773 2572 1812 omnes
2593 1762 2788 1813 mortui
2809 1770 2960 1826 sunt,
2984 1771 3034 1816 et
3069 1780 3164 1833 pro
3204 1765 3444 1819 omnibus

186 1864 279 1904 nec
306 1858 432 1904 ante
457 1849 666 1903 vinctas
687 1847 897 1902 catenis
924 1847 1199 1917 explicare
1230 1861 1454 1910 manus,
1489 1853 1545 1900 et
1571 1843 1758 1900 oculos
1789 1830 1834 1888 Β
1861 1854 2097 1898 mortuus
2126 1855 2225 1910 est,
2252 1854 2308 1900 ut
2337 1855 2386 1900 et
2414 1848 2503 1917 qui
2542 1848 2715 1902 vivunt
2735 1849 2851 1918 jam
2875 1867 2979 1906 non
3007 1830 3109 1906 sibi
3130 1853 3321 1916 vivant,
3354 1855 3446 1908 sed

189 1955 390 1995 sursum
435 1939 711 2005 attollere,
761 1940 865 1995 nisi
914 1939 1244 2009 Redemptor
1290 1937 1588 1992 advenerit.
1639 1935 1748 1992 Sed

190 2031 301 2100 quis
320 2032 443 2096 iste,
467 2032 642 2097 aiunt,
675 2039 858 2086 tantus
883 2040 939 2084 et
962 2031 1088 2086 talis
1105 2070 1120 2094 ,
1151 2029 1243 2100 qui
1264 2029 1436 2099 possit
1458 2027 1634 2098 pretio
1655 2043 1757 2083 suo

190 2131 348 2177 totum
385 2124 574 2178 orbem
612 2121 920 2178 redimere?
962 2120 1122 2176 Jesus
1164 2120 1416 2176 Christus
1456 2118 1628 2174 Filius
1663 2118 1758 2173 Dei

189 2214 455 2283 proprium
480 2213 797 2284 sanguinem
827 2211 1006 2276 dedit,
1046 2219 1102 2266 et
1130 2226 1228 2266 nos
1249 2211 1315 2266 de
1344 2209 1606 2265 servitute
1638 2209 1749 2264 eri-

190 2307 332 2376 piens
356 2307 612 2362 libertate
641 2306 886 2361 donavit.
915 2305 984 2360 Et
1007 2319 1216 2369 revera,
1245 2303 1290 2358 si
1316 2302 1558 2358 historiis
1586 2301 1763 2372 genti-

191 2397 310 2455 lium
347 2397 655 2462 credimus,
691 2397 834 2466 quod
868 2395 1109 2462 Codrus,
1139 2403 1195 2449 et
1220 2393 1472 2460 Curtius,
1515 2401 1570 2448 et
1612 2395 1762 2449 Decii

193 2489 358 2546 Mures
382 2489 509 2562 [al.,
541 2488 780 2561 mures],
817 2487 1156 2559 pestilentias
1180 2486 1394 2542 urbium
1415 2527 1430 2552 ,
1469 2494 1525 2542 et
1557 2485 1759 2554 fames,

193 2590 243 2637 et
277 2582 412 2638 bella
451 2582 565 2636 suis
601 2581 864 2635 mortibus
900 2580 1293 2650 represserint,
1347 2587 1552 2648 quanto
1588 2579 1764 2650 magis

194 2675 288 2730 hoc
330 2675 386 2729 in
433 2674 525 2729 Dei
575 2673 710 2727 Filio
755 2671 1012 2742 possibile
1051 2669 1404 2739 iudicandum
1451 2679 1568 2736 est,
1622 2671 1766 2740 quod

195 2779 377 2818 cruore
425 2779 524 2817 suo
557 2779 662 2816 non
702 2762 892 2816 urbem
921 2776 1083 2815 unam
1119 2761 1213 2816 sed
1253 2769 1421 2814 totum
1444 2769 1646 2831 purget
1671 2777 1764 2815 or-

195 2855 345 2910 bem?
377 2873 395 2904 ι
433 2854 491 2908 1η
529 2852 746 2907 homilia
773 2852 980 2906 decima
1017 2863 1212 2922 quarta
1244 2851 1516 2922 Evangelii
1567 2866 1765 2906 secuno

197 2945 314 2998 dum
362 2943 608 2998 Lucam:
648 2961 668 2992 ι
726 2941 856 2996 Tale
900 2941 1002 2996 fuit
1049 2949 1106 2996 et
1150 2957 1251 3012 par
1299 2950 1589 2995 turturum.
1647 2939 1764 2996 Non

197 3043 343 3089 erant
383 3034 488 3088 illa:
513 3033 762 3088 volucres
793 3042 851 3086 ut
889 3033 1006 3087 ista:
1035 3047 1154 3102 qua:
1195 3047 1294 3101 per
1331 3047 1514 3086 aerem
1543 3031 1765 3096 volant,

199 3123 284 3178 sed
319 3125 561 3178 divinum
601 3124 892 3192 quiddam,
940 3131 995 3175 et
1036 3123 1272 3175 humana
1312 3119 1768 3190 contemplatione

200 3217 490 3287 augustius,
514 3216 612 3270 sub
626 3215 805 3284 specie
825 3214 1086 3268 columbae
1106 3220 1159 3268 et
1185 3213 1410 3266 turturis
1433 3211 1726 3282 apparebat
1753 3229 1766 3264 :

202 3320 370 3364 utnon
401 3309 600 3363 talibus
624 3307 878 3371 victimis,
902 3305 1152 3375 qualibus
1174 3319 1364 3359 omnes
1384 3305 1652 3368 homines,
1682 3303 1771 3357 ille

202 3401 282 3469 qui
319 3417 422 3472 pro
463 3409 576 3455 toto
602 3399 803 3454 mundo
844 3397 1202 3464 nascebatur,
1235 3406 1292 3452 et
1339 3397 1452 3468 pati
1502 3396 1769 3460 habebat,

203 3508 372 3547 coram
401 3492 631 3548 Domino
660 3493 1044 3556 mandaretur,
1078 3493 1170 3546 sed
1194 3498 1252 3544 ut
1285 3489 1623 3560 dispensatio
1652 3491 1770 3560 ejus

204 3600 328 3638 nova
377 3585 596 3646 omnia,
658 3584 730 3638 ita
781 3598 949 3638 novas
1001 3599 1218 3653 quoque
1272 3583 1507 3639 habebat
1566 3585 1772 3641 hostias

204 3677 486 3730 secundum
515 3674 844 3729 voluntatem
866 3674 1252 3745 omnipotentis
1277 3675 1392 3729 Dei.
1427 3693 1447 3726 ι

267 3764 329 3818 Et
350 3773 570 3819 sanctus
595 3764 928 3834 Augustinus
975 3765 1028 3819 in
1058 3764 1198 3820 libro
1225 3765 1292 3821 de
1333 3765 1687 3836 Correptione
1716 3779 1773 3825 et

204 3854 374 3909 Gratia
387 3855 528 3927 (cap.
546 3854 634 3926 16)
653 3873 666 3907 :
683 3854 842 3926 265
874 3873 892 3906 ι
925 3855 1080 3910 Absit
1096 3867 1155 3910 ut
1174 3857 1274 3910 ista
1292 3857 1595 3926 garrientes
1620 3875 1774 3915 secu-

206 3959 288 3998 ros
301 3960 392 4000 nos
407 3946 457 3998 in
469 3945 573 3999 hac
586 3945 906 4016 negligentia
920 3961 1040 4003 esse
1051 3946 1773 4019 deberecredamusNerum

204 4037 439 4114 estenim
460 4037 588 4105 quia
623 4052 782 4091 nemo
810 4037 971 4107 periit
1000 4038 1104 4092 nisi
1135 4038 1277 4094 ﬁlius
1298 4040 1635 4109 perditionis.
1666 4040 1774 4097 Sed

207 4126 276 4177 ait
294 4126 429 4181 Deus
443 4142 542 4196 per
562 4127 894 4182 Ezechielem
912 4130 1228 4200 prophetam
1245 4149 1257 4184 :
1276 4130 1376 4183 Ille
1388 4133 1594 4201 quidem
1611 4133 1664 4187 in
1677 4151 1774 4188 suo

207 4226 402 4279 peccato
425 4216 698 4280 morietur,
723 4219 1030 4287 sanguinem
1053 4235 1170 4272 vero
1191 4220 1303 4290 ejus
1326 4221 1390 4274 de
1414 4239 1572 4275 manu
1593 4239 1775 4292 specu-

207 4301 374 4358 latoris
399 4307 661 4372 requiram
692 4303 909 4376 (Ezech.
935 4323 1129 4374 χχχιιι,
1152 4310 1230 4381 6).
1263 4310 1496 4366 Proinde
1515 4322 1775 4382 quantum

208 4395 266 4447 ad
293 4411 390 4450 nos
412 4396 667 4466 pertinet,
696 4398 789 4466 qui
820 4401 1232 4468 praedestinatos
1263 4419 1294 4457 a
1338 4419 1444 4458 non
1489 4406 1774 4474 prazdesti-

205 4485 336 4537 natis
359 4486 684 4540 discernere.
704 4502 812 4543 non
852 4487 1118 4554 valemus,
1147 4499 1203 4545 et
1226 4493 1296 4546 ob
1319 4493 1423 4548 hoc
1445 4509 1634 4550 omnes
1662 4496 1772 4551 sal-
1798 4521 1851 4580 ι)

205 4585 294 4628 vos
317 4575 430 4630 ﬁeri
456 4576 594 4631 velle
620 4576 899 4643 debemus,
933 4581 1183 4636 omnibus
1225 4599 1292 4638 ne
1319 4594 1561 4653 pereant,
1591 4587 1675 4641 vel
1704 4604 1770 4644 ne

205 4665 331 4722 alios
369 4671 615 4739 perdant,
668 4671 972 4727 adhibenda
1015 4683 1098 4728 est
1126 4690 1156 4728 a
1186 4675 1340 4731 nobis
1383 4677 1775 4734 medicinaliter

207 4770 383 4813 severa
413 4762 705 4829 correptio.
738 4762 835 4816 Dei
863 4772 948 4817 est
979 4773 1158 4818 autem
1183 4765 1290 4820 illis
1316 4781 1435 4821 eam
1463 4766 1641 4822 facere
1667 4771 1774 4823 uti-

206 4845 324 4912 lem,
353 4866 487 4919 quos
528 4850 619 4905 ille
663 4853 933 4921 praescivit
963 4863 1017 4909 et
1042 4857 1448 4922 praedestinavit
1471 4859 1775 4916 conformes

204 4936 446 5008 imaginis
475 4943 598 4996 Filii
627 4944 730 4998 sui.
773 4944 914 5000 Dicit
953 4947 1096 5001 enim
1135 4946 1462 5017 Apostolus:
1493 4949 1774 5006 Peccantes

204 5043 375 5082 coram
415 5035 652 5088 omnibus
697 5038 931 5105 corripe,
976 5047 1031 5090 ut
1061 5040 1236 5092 cwteri
1266 5040 1502 5094 timorem
1549 5041 1773 5096 habeant

207 5115 254 5184 (Ι
287 5119 473 5187 Tim.v,
505 5125 633 5196 '20):
661 5127 805 5195 quod
827 5127 893 5182 de
922 5128 1006 5182 his
1027 5129 1265 5198 peccatis
1295 5131 1666 5200 accipiendum
1692 5145 1775 5188 est

205 5218 318 5272 qua:
338 5227 440 5266 non
468 5213 658 5278 latent,
676 5231 743 5270 ne
767 5225 955 5271 contra
981 5217 1190 5274 Domini
1211 5223 1532 5276 sententiam
1558 5232 1774 5292 putetur

206 5292 426 5356 locutus.
447 5303 703 5381 Ille‘enim
728 5305 889 5360 dicit:
909 5305 970 5361 Si
991 5315 1272 5378 peccaverit
1296 5313 1349 5366 in
1372 5323 1420 5366 te
1441 5313 1608 5383 frater
1626 5323 1771 5379 tuus,

205 5393 400 5461 corripe
422 5411 540 5448 eum
573 5395 707 5449 inter
743 5407 793 5451 te
825 5407 871 5450 et
903 5399 1071 5468 ipsum
1097 5400 1314 5467 (Matth.
1343 5420 1502 5469 xvm,
1532 5404 1639 5476 15).
1679 5407 1779 5460 Ve-

201 5490 500 5537 rumtamen
530 5494 588 5539 et
618 5486 733 5554 ipse
778 5489 1124 5543 severitatem
1155 5493 1515 5562 correptionis
1540 5507 1778 5564 eousque

197 5572 440 5636 perducit
466 5584 524 5629 ut
549 5577 694 5632 dicat
723 5595 737 5631 :
768 5578 828 5633 Si
855 5597 947 5634 nec
981 5581 1274 5635 Ecclesium
1313 5583 1562 5649 audierit,
1593 5587 1661 5640 sit
1687 5589 1778 5641 tibi

189 5666 325 5721 sicut
377 5672 612 5725 ethnicus
663 5683 713 5726 et
753 5674 1066 5743 publicanus
1098 5675 1312 5743 (Matth.
1347 5693 1517 5742 xvm,
1570 5680 1678 5748 17).
1712 5680 1781 5734 Ει

191 5761 315 5830 quis
342 5764 515 5834 magis
532 5764 723 5820 dilexit
751 5767 1017 5832 inﬁrmos,
1046 5786 1210 5840 quam
1240 5770 1328 5826 ille
1358 5770 1448 5840 qui
1481 5753 1578 5841 pro
1604 5774 1774 5827 omni-

519 5858 795 5922 Ρηιιοι.
841 5859 1095 5924 CXXV.

1860 1934 1908 1988 ei
1926 1935 2017 2004 qui
2056 1951 2150 2004 pro
2188 1936 2314 2005 ipsis
2352 1949 2588 1992 mortuus
2610 1950 2706 2004 est,
2745 1949 2796 1994 et
2819 1943 3100 1998 resurrexit
3125 1942 3210 2015 (II
3238 1943 3361 1999 Cor.
3387 1961 3445 2008 v,

1864 2025 1973 2095 15).
2006 2024 2208 2082 Omnes
2238 2027 2420 2098 itaque
2449 2030 2649 2086 mortui
2688 2041 2813 2087 sunt
2848 2033 2901 2088 in
2930 2035 3190 2104 peccatis,
3229 2039 3448 2091 nemine

1861 2131 2088 2186 prorsus
2107 2126 2352 2187 excepto,
2385 2119 2500 2176 sive
2523 2121 2896 2190 originalibus,
2935 2126 3050 2180 sive
3070 2127 3234 2181 etiam
3258 2127 3450 2182 volun-

1863 2216 1975 2262 tate
1999 2207 2216 2273 additis,
2233 2209 2316 2265 vel
2341 2209 2658 2281 ignorando,
2685 2213 2771 2268 vel
2797 2215 3036 2280 sciendo,
3071 2232 3172 2271 nec
3199 2216 3448 2273 faciendo

1863 2300 2006 2370 quod
2037 2301 2242 2371 justum
2279 2311 2359 2356 est
2406 2319 2419 2356 :
2476 2311 2532 2357 et
2573 2320 2674 2374 pro
2717 2307 2968 2361 omnibus
3014 2310 3246 2364 mortuis
3294 2312 3450 2365 vivus

1865 2399 2112 2445 mortuus
2137 2400 2222 2446 est
2243 2408 2401 2457 unus,
2430 2392 2483 2448 id
2515 2402 2599 2448 est
2621 2395 2825 2449 nullum
2857 2398 3062 2452 habens
3088 2399 3310 2454 omnino
3329 2416 3452 2470 pec-

1865 2490 2045 2535 catum
2076 2500 2088 2535 :
2120 2490 2180 2534 ιιι
2208 2483 2298 2550 qui
2325 2496 2422 2552 per
2448 2484 2820 2539 remissionem
2860 2496 3204 2556 peccatorum
3239 2491 3448 2555 vivunt,

1858 2570 1973 2640 jam
2000 2587 2107 2626 non
2129 2572 2232 2626 sibi
2258 2571 2466 2638 vivant,
2495 2573 2588 2627 sed
2614 2574 2660 2628 ei
2685 2573 2776 2643 qui
2798 2590 2897 2644 pro
2925 2575 3176 2630 omnibus
3205 2587 3451 2631 mortuus

1867 2669 1950 2716 est
1995 2669 2217 2732 propter
2263 2670 2484 2730 peccata
2536 2671 2745 2728 nostra,
2791 2672 2849 2718 et
2892 2667 3192 2721 resurrexit
3227 2677 3454 2737 propter

1861 2754 2304 2824 justiﬁeationem
2327 2763 2590 2809 nostram.
2623 2775 2644 2808 ›
2674 2755 2744 2810 Ει
2773 2756 2900 2812 item
2927 2758 2979 2811 in
3009 2758 3145 2814 libro
3169 2769 3363 2829 quarto
3386 2762 3453 2816 de

1870 2846 2132 2900 Trinitate
2155 2845 2292 2916 (cap.
2319 2846 2406 2917 15)
2433 2860 2449 2899 :
2489 2865 2507 2897 ι
2553 2847 2802 2902 Christus
2826 2849 3038 2905 occisus
3061 2859 3148 2906 est
3169 2852 3449 2916 innocens,

1872 2948 1930 2994 ut
1959 2939 2230 2994 diabolum
2255 2938 2378 3007 jure
2405 2939 2717 3008 aequissimo
2758 2950 3059 3010 superaret,
3090 2950 3146 2996 et
3171 2958 3198 2995 ρ
3229 2944 3455 3012 captivi-

1871 3036 1980 3082 tate
2004 3036 2225 3098 propter
2246 3035 2529 3098 peccatum
2553 3027 2702 3096 justa
2731 3045 2830 3084 suo
2871 3029 3022 3098 justo
3066 3033 3330 3102 sanguine
3370 3034 3454 3087 in-

1866 3121 2010 3190 juste
2032 3118 2152 3174 fuso
2173 3122 2364 3174 mortis
2387 3120 2806 3190 chirographum
2830 3130 2885 3176 et
2903 3121 3282 3192 justiﬁcandos
3307 3126 3452 3179 redi-

1874 3219 2045 3266 meret
2089 3219 2422 3280 peccatores.
2468 3209 2608 3266 Hinc
2651 3212 2814 3268 etiam
2845 3213 3090 3268 diabolus
3124 3215 3301 3269 adhuc
3326 3231 3456 3271 suos

1873 3299 2068 3366 illudit,
2092 3300 2288 3370 quibus
2312 3315 2373 3355 se
2403 3315 2498 3370 per
2539 3316 2635 3355 sua
2675 3317 2829 3356 sacra
2859 3302 3021 3357 veluti
3056 3305 3370 3375 purgandis,
3399 3315 3456 3360 et

1871 3392 2052 3460 potius
2079 3391 2410 3462 applicandis
2438 3400 2600 3462 atque
2629 3393 2958 3462 mergendis,
2986 3393 3157 3450 falsus
3187 3397 3456 3452 mediator

1873 3484 2113 3552 opponit,
2145 3485 2286 3553 quod
2315 3488 2560 3554 superbis
2591 3489 2848 3544 facillime
2877 3490 3196 3559 persuadet,
3228 3491 3457 3546 irridere

1873 3583 2034 3644 atque
2055 3586 2405 3632 contemnere
2435 3588 2664 3634 mortem
2689 3580 2912 3644 Christi,
2950 3597 2980 3634 a
3007 3597 3111 3651 qua
3137 3582 3251 3652 ipse
3277 3597 3456 3652 quan-

1874 3675 1989 3720 tum
2009 3675 2090 3722 est
2115 3668 2360 3733 alienior,
2390 3678 2541 3726 tanto
2562 3672 2628 3725 ab
2653 3670 2733 3726 eis
2766 3673 3004 3727 creditur
3028 3674 3268 3728 sanctior
3292 3683 3458 3744 atque

1873 3759 2126 3815 divinior.
2165 3760 2266 3828 Qui
2297 3769 2473 3816 tamen
2501 3764 2641 3831 apud
2672 3778 2793 3818 eum
2821 3765 3133 3835 paucissimi
3173 3754 3456 3821 remanse-

1873 3860 2019 3914 runt,
2051 3854 2464 3922 agnoscentibus
2505 3855 2773 3924 gentibus,
2819 3864 2874 3909 et
2909 3856 2999 3925 pia
3038 3857 3344 3912 humilitate
3371 3857 3455 3911 bi-

1873 3945 2123 3999 bentibus
2144 3945 2374 4014 pretium
2405 3961 2579 4009 suum,
2615 3947 2838 4016 ejusque
2868 3948 3059 4004 ﬁducia
3087 3950 3460 4005 deserentibus

1875 4037 2038 4108 266
2060 4037 2267 4092 hostem
2291 4053 2470 4100 suum,
2492 4047 2544 4092 et
2567 4039 3016 4093 concurrentibus
3044 4041 3109 4093 ad
3134 4039 3460 4108 Redempto-

1876 4143 1990 4182 rern
2038 4144 2216 4196 suum.
2271 4145 2289 4178 ι
2339 4127 2405 4182 Ει
2451 4127 2504 4180 in
2553 4142 2803 4182 sermone
2855 4129 3151 4184 centesimo
3197 4130 3460 4200 vigesimo

1875 4216 2150 4288 Evangelii
2195 4215 2452 4271 Joannis:
2483 4235 2502 4267 ι
2541 4215 2741 4272 Omnes
2769 4217 2966 4287 quippe
2993 4217 3122 4272 facit
3155 4233 3280 4273 suas
3305 4234 3457 4281 oves,

1875 4324 1974 4379 pro
2020 4309 2215 4378 quibus
2265 4317 2350 4363 est
2393 4307 2644 4363 omnibus
2691 4323 2882 4377 passus
2916 4326 2928 4361 :
2962 4309 3086 4378 quia
3130 4317 3190 4362 ut
3220 4309 3334 4380 ipse
3359 4324 3459 4379 pro

1875 4399 2125 4453 omnibus
2145 4406 2422 4468 pateretur
2445 4399 2562 4452 ovis
2602 4407 2685 4454 est
2725 4399 2918 4454 tactus.
2951 4419 2970 4450 ι
2999 4399 3210 4454 Et‘item
3237 4410 3460 4456 sanctus

1877 4487 2206 4560 Augustinus
2251 4489 2304 4543 in
2349 4488 2559 4559 psalmo
2587 4490 2998 4562 quadragesimo
3029 4492 3228 4546 tertio:
3268 4509 3287 4542 ι
3322 4490 3459 4547 Nam

1879 4591 1933 4638 et
1960 4597 2092 4637 crux
2128 4583 2242 4652 ipsa
2285 4591 2339 4636 et
2379 4597 2477 4651 pro
2520 4582 2651 4650 ipsis
2689 4582 3138 4652 persequentibus
3163 4582 3303 4638 facta
3327 4593 3457 4640 est:

1877 4674 2003 4728 inde
2047 4681 2173 4725 sunt
2219 4680 2406 4741 postea
2454 4672 2660 4736 sanati,
2711 4672 2800 4740 qni
2849 4673 2900 4726 in
2946 4687 3069 4727 eum
3115 4674 3462 4730 crediderunt

1877 4779 2037 4833 quem
2066 4763 2166 4834 ipsi
2193 4762 2524 4817 occiderunt.
2559 4781 2578 4814 ι
2614 4763 2679 4816 Et
2719 4765 2771 4817 in
2806 4763 3012 4834 psalmo
3048 4767 3460 4834 quadragesimo

1878 4859 2104 4928 quinto;
2136 4877 2152 4906 ι
2186 4854 2515 4924 Compuncti,
2565 4856 2772 4926 inquit,
2812 4857 2967 4912 corde
3008 4858 3293 4912 dixerunt:
3318 4857 3458 4924 Quid

1879 4950 2133 5019 faciemus
2151 4949 2288 5018 (Act.
2313 4965 2376 5013 ιι,
2397 4947 2814 5020 '57)?Tanquam
2840 4965 3034 5020 magna
3061 4949 3456 5018 desperatione.

1878 5041 1968 5095 Ille
1992 5049 2170 5094 tantus
2198 5049 2280 5094 est
2309 5055 2468 5108 quem
2506 5056 2604 5095 nos
2627 5041 2946 5106 occidimus,
2983 5057 3081 5097 nos
3106 5042 3195 5096 ubi
3223 5042 3460 5096 erimus?

1878 5134 1946 5187 Et
1963 5133 2156 5188 Petrus
2175 5151 2188 5185 :
2206 5132 2354 5202 Agite
2377 5135 2754 5202 paenitentiam,
2779 5144 2825 5189 et
2857 5134 3146 5203 baptizatur
3172 5135 3456 5204 unusquis-

1875 5242 1974 5296 que
2012 5235 2233 5278 vestrum
2265 5228 2318 5279 in
2352 5226 2556 5279 nomine
2594 5227 2720 5280 Jesu
2765 5225 2992 5291 Christi,
3042 5237 3089 5281 et
3124 5227 3460 5280 dimittuntur

1874 5317 2016 5370 vobis
2036 5327 2245 5383 peccata
2269 5327 2434 5370 vestra
2460 5317 2597 5389 (Act.
2623 5334 2680 5380 ιι,
2710 5318 2820 5388 58).
2859 5317 3000 5370 Nihil
3026 5318 3169 5372 enim
3204 5318 3306 5372 hoc
3333 5333 3460 5387 pec~

1880 5417 2002 5463 cato
2044 5409 2260 5479 gravius
2307 5410 2544 5479 cogitare
2573 5417 2878 5478 potuerunt.
2913 5408 3064 5474 Quod
3095 5409 3310 5478 gravius
3335 5423 3458 5478 pec-

1882 5509 2060 5554 catum
2087 5501 2237 5571 aegri,
2267 5516 2427 5570 quam
2457 5501 2649 5554 medici
2694 5501 3044 5555 interfectio?
3070 5501 3206 5568 Quid
3243 5502 3458 5573 gravius

1882 5600 2059 5658 potest
2082 5606 2224 5661 aeger
2251 5591 2450 5655 facere,
2473 5607 2633 5661 quam
2662 5592 2704 5648 si
2737 5593 3003 5648 medicum
3036 5609 3189 5648 suum
3211 5594 3459 5649 occidat?

1883 5683 2016 5738 Cum
2068 5683 2169 5738 hoc
2217 5684 2525 5748 dimittitur,
2559 5685 2688 5752 quid
2731 5700 2838 5739 non
2885 5686 3212 5741 dimittitur?
3251 5687 3333 5740 Ab
3369 5686 3460 5740 illo

1881 5775 2124 5847 ergo_cui
2157 5776 2357 5830 dictum
2387 5784 2504 5830 est:
2534 5775 2811 5847 Ilefugium
2839 5787 2886 5831 ct
2914 5778 3095 5842 virtus,
3139 5785 3463 5847 acceperunt

2914 5872 2976 5931 11
