3992 6336
676 335 781 392 ’551

1666 333 1995 392 IIINCMARI
2033 332 2425 390 RHEMENSIS
2461 333 2974 392 ARCHIEPISCOPI
3773 347 3843 404 552

684 470 938 525 magnam
986 446 1364 520 securitatem;
1419 452 1712 523 baptizatur
1776 453 2133 522 unusquisque
2177 467 2268 505 ve-
2297 452 2349 511 A
2375 452 2461 515 de,
2489 465 2596 520 quo
2622 464 2750 516 ore,
2799 466 2903 520 qua
2947 450 3125 506 fronte
3150 448 3396 518 parvulos
3427 461 3641 508 mortuos
3677 465 3842 530 negatis,

672 559 850 602 strum
883 549 935 600 in
988 547 1194 601 nomine
1241 545 1452 599 Domini
1490 543 1619 598 Jesu
1664 542 1878 598 Christi.
1909 543 1966 598 ln
1999 544 2140 598 illius
2172 558 2271 598 no-

675 637 832 691 mine
870 651 1029 706 quem
1071 635 1346 691 occidistis
1390 635 1738 705 baptizamini
1765 675 1782 700 ,
1827 643 1884 690 et
1927 634 2272 690 dimittuntur

679 727 837 783 vobis
867 737 1089 795 peccata
1125 735 1327 781 vestra.
1357 724 1622 780 Medicum
1651 725 1737 780 vel
1778 734 1968 794 postea
2012 725 2268 795 cognovi-

680 820 819 875 stis:
847 819 960 888 jam
995 818 1171 874 securi
1208 817 1375 872 bibite
1417 817 1731 887 sanguinem
1768 830 1926 885 quem
1971 814 2203 871 fudistis.
2244 835 2263 867 ι

682 911 751 964 Et
779 910 908 964 item
951 909 1005 962 in
1055 908 1264 978 psalmo
1307 922 1468 960 XLVI:
1501 925 1519 957 ι
1551 904 1742 960 Omnes
1787 916 1993 976 gentes,
2038 905 2271 975 plaudite

661 999 944 1064 manibus,
990 999 1244 1069 quoniam
1289 1011 1383 1052 rex
1426 996 1604 1050 omnis
1648 1004 1807 1050 terrae
1851 996 2012 1050 Deus.
2047 994 2162 1049 Non
2195 993 2270 1049 illi

655 1091 879 1146 ~suﬂicit
924 1105 1084 1145 unam
1116 1097 1329 1159 gentem
1361 1089 1564 1142 habere
1611 1087 1712 1141 sub
1756 1101 1816 1141 se
1858 1103 1871 1139 :
1905 1086 2028 1140 ideo
2056 1092 2269 1139 tantum

657 1183 914 1251 pretium
939 1197 1006 1235 ex
1035 1180 1204 1233 latere
1221 1179 1382 1240 dedit,
1406 1187 1463 1230 ut
1489 1185 1694 1231 emeret
1714 1177 1901 1231 orbem
1930 1183 2222 1230 terrarum.
2245 1193 2264 1224 ›

665 1316 667 1318 .
690 1276 819 1329 Item
847 1275 899 1328 in
925 1273 1134 1343 psalmo
1158 1286 1284 1326 xux
1311 1289 1322 1324 :
1355 1289 1372 1320 ‹
1405 1269 1505 1337 Qui
1533 1277 1731 1323 terram
1761 1269 1994 1333 vocavit,
2022 1276 2078 1323 et
2102 1277 2269 1322 totam

682 1376 885 1420 terram
914 1363 1162 1427 vocavit;
1189 1361 1280 1430 qui
1317 1369 1518 1414 terram
1544 1360 1779 1420 vocavit,
1823 1366 2026 1413 tantam
2055 1359 2271 1414 vocavit

677 1463 942 1527 quantam
983 1451 1286 1508 fabricavit.
1331 1450 1466 1516 Quid
1517 1450 1649 1504 mihi
1699 1456 2000 1519 exsurgunt
2042 1449 2272 1518 pseudo-

672 1544 870 1601 christi
898 1552 953 1598 et
974 1540 1492 1612 pseudoprophetis?
1522 1539 1659 1605 Quid
1694 1547 1778 1592 est
1805 1539 1951 1606 quod
1980 1552 2066 1591 me
2093 1537 2273 1592 verbis

681 1633 942 1704 captiosis
961 1631 1258 1700 illaqueare
1285 1629 1580 1684 moliuntur
1607 1627 1879 1682 dicentes:
1913 1625 2054 1681 Ecce
2078 1625 2168 1680 hic
2190 1632 2274 1678 est

677 1727 947 1790 Christus,
994 1737 1123 1778 ecce
1152 1721 1303 1776 illic?
1329 1719 1446 1775 Non
1491 1718 1652 1773 audio
1680 1717 2028 1773 ostendentes
2066 1723 2268 1786 partes.

2371 558 2470 613 pro
2497 543 2691 612 quibus
2714 541 2986 597 Christum
3023 550 3291 595 mortuum
3326 558 3424 597 non
3452 547 3663 615 negatis?
3702 549 3745 603 Si
3771 570 3841 608 non

2370 645 2454 691 est
2477 651 2578 706 pro
2607 637 2688 692 eis
2726 645 2972 691 mortuus
3007 635 3284 701 Christus,
3313 645 3369 690 ιιι
3395 638 3513 706 quid
3539 640 3843 710 baptizantur?

2371 724 2693 794 Quicunque
2721 726 2864 781 enim
2889 725 3145 795 baptizati
3173 741 3356 781 sumus
3379 727 3426 780 in
3457 727 3648 783 Christo
3668 730 3783 797 Jesu,
3807 737 3841 788 in

2369 824 2545 870 morte
2593 815 2764 884 ipsius
2798 815 3056 884 baptizati
3101 831 3304 870 sumus.
3359 815 3412 870 Si
3451 826 3610 871 autem
3631 820 3759 874 etiam
3779 838 3843 891 pro

2370 905 2450 959 eis
2484 915 2728 960 mortuus
2771 915 2852 960 est
2882 907 2972 974 qui
3003 921 3142 960 unus
3173 921 3272 976 pro
3297 907 3530 962 omnibus
3553 921 3756 966 mortuus
3772 924 3842 978 est,

2370 1012 2499 1067 ergo
2537 1011 2725 1051 omnes
2771 997 2966 1052 mortui
3000 1007 3154 1061 sunt,
3186 1008 3242 1052 et
3287 997 3371 1051 isti
3409 1011 3523 1052 cum
3562 1001 3844 1065 omnibus,et

2370 1087 2495 1156 quia
2536 1087 2589 1140 in
2611 1094 2835 1155 peccato
2860 1087 3058 1140 mortui
3101 1094 3258 1150 sunt,
3300 1087 3584 1140 moriuntur
3602 1098 3647 1140 et
3667 1100 3841 1158 peccato,

2369 1186 2430 1230 ut
2476 1178 2661 1230 vivant
2692 1177 2802 1232 Deo
2839 1178 3054 1245 quando
3095 1186 3447 1231 renascuntur
3480 1192 3541 1231 ex
3582 1178 3692 1233 Deo.
3738 1181 3842 1246 Quod

2371 1269 2415 1322 si
2465 1268 2736 1336 explicare
2773 1283 2878 1321 non
2937 1283 3157 1338 possum
3219 1269 3480 1338 quomodo
3529 1270 3664 1324 vivus
3691 1284 3845 1340 generet

2371 1365 2642 1410 mortuum
2671 1398 2685 1421 ,
2732 1366 2979 1411 mortuus
3009 1358 3152 1412 enim
3195 1369 3414 1427 peccato
3448 1374 3627 1428 parens
3646 1370 3693 1414 et
3715 1362 3842 1417 vivens

2373 1448 2519 1509 Deo,
2567 1457 2789 1520 generat
2827 1459 3008 1503 tamen
3058 1449 3110 1503 in
3147 1459 3366 1518 peccato
3406 1461 3679 1513 mortuum,
3712 1453 3786 1505 nisi
3810 1464 3843 1505 et

2371 1539 2487 1608 ipse
2523 1548 2748 1608 peccato
2791 1540 3200 1609 regeneratione
3241 1540 3497 1594 moriatur
3529 1549 3581 1595 et
3614 1542 3734 1594 vivat
3757 1543 3841 1605 Deo,

2370 1629 2612 1698 nunquid
2645 1629 2764 1683 ideo
2809 1629 3002 1683 falsum
3029 1639 3109 1684 est
3132 1670 3146 1694 ,
3177 1631 3303 1700 quia
3333 1630 3576 1700 explicari
3601 1633 3746 1685 verbis
3776 1647 3840 1685 non

2370 1724 2568 1786 potest,
2617 1716 2703 1770 vel
2750 1716 3058 1773 difﬁcillime
3098 1719 3311 1788 potest?
3353 1717 3433 1772 Tu‘
3475 1734 3631 1790 nega,
3656 1720 3692 1773 si
3717 1722 3839 1781 aniles,

671 1821 820 1877 Deus
839 1821 1073 1875 Deorum
1103 1825 1275 1872 totum
1310 1815 1444 1869 mihi
1467 1813 1735 1878 ostendit,
1769 1812 1862 1881 qui
1889 1811 2105 1866 vocavit
2150 1818 2262 1865 ter-
2292 1791 2340 1851 Β
2368 1814 2553 1860 natum
2579 1816 2851 1861 mortuum
2875 1849 2889 1872 ,
2914 1824 3014 1877 pro
3035 1824 3142 1878 quo
3163 1807 3435 1864 Christum
3463 1826 3562 1864 non
3591 1826 3725 1880 negas
3747 1827 3842 1865 mor-

677 1929 796 1968 ram
827 1927 860 1966 a
885 1910 1014 1967 solis
1041 1918 1162 1964 ortu
1190 1921 1361 1977 usque
1387 1906 1454 1961 ad
1483 1919 1761 1968 occasum,
1791 1911 1962 1957 totum
2005 1900 2255 1963 redemit,

674 2011 861 2074 partes
892 2008 1069 2056 autem
1093 1997 1486 2054 calumniantes
1511 1992 1910 2050 condemnavit.
1943 2009 1961 2042 ι
1981 1990 2113 2046 Item
2139 2003 2262 2044 san-

654 2100 804 2147 -ctus
845 2088 1175 2160 Augustinus
1216 2086 1270 2140 in
1320 2085 1457 2139 libro
1487 2085 1554 2138 de
1597 2081 1950 2152 Correptione
1989 2087 2045 2134 et
2074 2077 2261 2134 Gratia

676 2184 817 2251 (cap.
851 2178 942 2250 ﬂ)
969 2192 986 2231 :
1017 2196 1035 2229 ι
1067 2176 1382 2246 Unigenitus
1412 2175 1506 2229 Dei
1531 2173 1734 2235 Filius.
1757 2171 1976 2240 aequalis
2016 2169 2162 2224 Patri
2207 2176 2264 2222 et

653 2277 1004 2332 coaeternus,
1031 2280 1130 2336 pro
1171 2264 1478 2319 hominibus
1504 2263 1666 2317 homo
1693 2258 1898 2323 factus,
1935 2268 1991 2313 et
2018 2259 2134 2312 sine
2162 2271 2260 2311 suo

665 2356 786 2411 Iullo
809 2355 896 2410 vel
929 2352 1178 2424 originali
1207 2352 1288 2406 vel
1318 2351 1540 2421 proprio
1569 2361 1815 2420 peccato,
1849 2349 1917 2402 ab
1947 2346 2259 2401 hominibus

676 2447 1054 2517 peccatoribus
1087 2445 1376 2500 cruciﬁxus
1405 2461 1419 2497 :
1453 2442 1568 2511 qui,
1596 2440 1844 2510 quamvis
1877 2439 1962 2493 die
1994 2437 2155 2492 tertio
2176 2451 2259 2490 re-

674 2539 913 2594 surrexit
936 2550 1208 2606 nunquam
1234 2534 1530 2589 moriturus
1557 2531 1802 2595 ulterius,
1829 2527 2053 2599 pertulit
2079 2536 2258 2581 tamen

673 2646 773 2701 pro
795 2627 1111 2684 mortalibus
1133 2634 1388 2688 mortem,
1409 2623 1500 2692 qui
1528 2633 1774 2676 mortuus
1796 2619 2048 2690 praistitit
2069 2618 2253 2681 vitam,

673 2729 732 2774 ut
764 2717 1026 2787 redempti
1054 2715 1170 2784 ejus
1206 2715 1485 2785 sanguine,
1519 2721 1669 2766 tanto
1704 2725 1768 2764 ac
1797 2710 1888 2764 tali
1916 2709 2141 2778 pignore
2169 2721 2254 2760 ac-

648 2821 829 2881 cepto
850 2810 1126 2864 dicerent:
1157 2805 1218 2860 Si
1246 2805 1388 2858 Deus
1429 2819 1524 2872 pro
1559 2801 1729 2864 nobis,
1760 2800 1876 2869 quis
1901 2809 2086 2852 contra
2117 2795 2257 2849 nos?

657 2901 780 2965 Qui
813 2899 1020 2968 proprio
1047 2894 1184 2948 Filio
1209 2911 1312 2947 non
1333 2894 1576 2963 pepercit,
1607 2891 1696 2944 sed
1723 2907 1816 2960 pro
1844 2889 1988 2942 nobis
2017 2888 2255 2941 omnibus

672 2989 892 3042 tradidit
921 3003 1038 3040 eum
1061 2985 1239 3055 (Rom.
1264 2998 1383 3047 vui,
1427 2981 1516 3046 51,
1553 2982 1665 3052 52).
1705 3000 1723 3031 ι
1755 2980 1822 3033 Ει
1847 2980 1900 3032 in
1923 2979 2058 3033 libro
2102 2987 2254 3032 sexto

645 3107 658 3118 --
676 3086 864 3133 contra
889 3075 1158 3131 lulianum
1190 3074 1326 3144 (cap.
1357 3073 1410 3141 l)
1435 3089 1448 3125 :
1487 3089 1506 3122 ‹
1544 3071 1622 3125 Tu
1649 3071 1786 3126 dicis
1811 3070 1974 3124 etiam
1999 3083 2098 3138 pro
2123 3082 2252 3137 pec-

675 3167 952 3222 catoribus
1000 3173 1272 3220 mortuum
1323 3161 1619 3226 Christum,
1668 3175 1768 3231 ego
1821 3160 1945 3214 dico
1996 3174 2102 3213 non
2150 3158 2254 3213 nisi
2283 3141 2327 3202 C

646 3272 776 3327 .-.pro
809 3255 1184 3326 peccatoribus
1222 3262 1512 3314 mortuum,
1554 3252 1627 3304 ita
1676 3259 1738 3303 ut
1786 3250 2112 3319 respondere
2167 3264 2258 3304 co-

675 3349 854 3418 garis,
884 3347 930 3401 si
966 3345 1112 3400 nullo
1157 3353 1377 3414 peccato
1421 3342 1628 3411 parvuli
1663 3340 1910 3394 obstricti
1959 3348 2117 3404 sunt,
2151 3355 2256 3393 non

643 3455 795 3494 esse
836 3453 933 3508 pro
973 3435 1210 3507 parvulis
1257 3445 1550 3489 mortuum.
1606 3432 1746 3486 Dicit
1784 3431 1928 3486 enim
1972 3430 2258 3500 Apostolus

672 3526 741 3580 ad
798 3524 1106 3580 Corinthios
1155 3541 1167 3575 :
1219 3521 1479 3587 Quoniam
1543 3521 1589 3573 si
1654 3537 1792 3573 unus
1855 3537 1948 3590 pro
2019 3522 2256 3574 omnibus

672 3626 911 3670 ηιοῖιιιιιδ
956 3624 1060 3675 εει,
1106 3630 1228 3683 ergo
1276 3629 1451 3666 ωιιηεδ
1485 3612 1680 3665 ιιιονιιιὶ
1729 3622 1884 3675 sunt,
1919 3621 1965 3664 et
2003 3629 2096 3679 pro
2141 3629 2253 3666 οηιο

672 3710 824 3762 nibus
869 3717 1106 3761 mortuus
1150 3715 1225 3760 est
1257 3705 1341 3776 (ll
1388 3704 1506 3758 Cor.
1560 3705 1754 3775 v.14).
1790 3705 1940 3759 Nullo
1980 3707 2138 3760 modo
2170 3707 2258 3761 hic

648 3815 876 3870 -~negare
920 3799 1290 3869 permitteris,
1337 3813 1440 3851 non
1493 3797 1594 3851 nisi
1652 3813 1750 3867 pro
1799 3798 1883 3850 his
1923 3799 2014 3866 qui
2060 3799 2257 3852 mortui

673 3897 800 3942 sunt
842 3898 1112 3942 mortuum
1165 3887 1330 3942 fuisse
1367 3886 1577 3940 Jcsum.
1608 3887 1753 3952 Quos
1801 3886 1963 3956 igitur
1998 3886 2101 3942 hoc
2143 3887 2258 3942 loco

648 3979 930 4050 intelligis
973 3979 1259 4033 mortuos?
1318 3979 1556 4047 nunquid
1615 3992 1708 4032 eos
1759 3979 1852 4046 qui
1909 3979 1974 4032 de
2035 3994 2260 4048 corpore

663 4073 958 4131 exierunt?
994 4072 1117 4141 quis
1154 4072 1227 4125 ita
1263 4072 1493 4140 desipiat
1538 4079 1595 4123 ut
1647 4070 1749 4124 hoc
1798 4069 2009 4139 sapiat?
2037 4072 2114 4124 Eo
2145 4087 2258 4125 mo-

678 4169 748 4220 do
779 4164 940 4236 267
989 4164 1170 4231 itaque
1216 4161 1563 4231 intelligimus
1606 4170 1874 4222 mortuos,
1918 4176 2016 4230 pro
2064 4163 2258 4230 quibus

651 4256 930 4309 ~-omnibus
970 4269 1109 4308 unus
1151 4261 1395 4306 mortuus
1424 4259 1509 4304 est
1545 4250 1792 4305 Christus
1832 4252 2098 4319 quomodo
2131 4252 2256 4307 alibi

649 4346 804 4399 dicit
829 4362 841 4397 ε
871 4342 940 4396 Et
968 4359 1055 4396 vos
1077 4357 1195 4394 cum
1221 4341 1398 4393 essetis
1419 4340 1614 4391 mortui
1642 4340 1698 4391 in
1725 4338 1947 4404 delictis,
1982 4349 2029 4393 et
2051 4357 2258 4410 prtcpu-

675 4436 752 4487 tio
777 4431 948 4486 carnis
979 4438 1183 4493 vestras,
1209 4427 1483 4496 viviﬁcavit
1505 4443 1624 4480 cum
1650 4425 1740 4479 illo
1765 4426 1900 4498 (Col.
1940 4443 2000 4494 ιι,
2025 4430 2135 4500 15).
2177 4429 2257 4484 Ac

2367 1907 2539 1953 tuum.
2568 1897 2734 1964 Unus,
2765 1901 2907 1954 enim
2933 1941 2948 1965 ,
2979 1917 3072 1970 pro
3113 1900 3350 1954 omnibus
3385 1911 3604 1955 mortuus
3644 1911 3735 1965 est,
3766 1918 3842 1968 ergo

2365 2008 2540 2048 omnes
2567 1992 2762 2045 mortui
2790 2000 2910 2046 sunt
2944 1990 3030 2061 (ΙΙ
3067 1990 3190 2046 Cor.
3222 2007 3277 2053 ν,
3303 1990 3411 2062 14).
3455 1991 3614 2046 Verba
3639 1999 3738 2046 sunt
3762 2006 3843 2058 apo-

2364 2083 2551 2139 stolica
2574 2120 2589 2145 ,
2618 2081 2710 2136 sed
2747 2096 2899 2136 arma
2941 2090 3067 2136 sunt
3106 2088 3316 2136 nostra.
3351 2079 3548 2148 Quibus
3574 2088 3723 2134 tamen
3740 2079 3842 2133 sire-

2361 2189 2604 2245 pugnare
2646 2173 2788 2228 nolis
2808 2213 2822 2237 ,
2859 2172 3116 2243 intelligis
3139 2175 3286 2242 quod
3326 2172 3440 2227 sine
3466 2171 3747 2226 dubitatione
3772 2185 3844 2221 cre-

2364 2265 2601 2319 dendum
2634 2272 2747 2327 est,
2791 2264 3002 2318 etiamsi
3032 2279 3136 2316 non
3177 2263 3442 2333 intelligas
3480 2263 3606 2331 (cap.
3630 2260 3844 2331 3).Andie-

2361 2358 2558 2412 bamus
2581 2371 2611 2410 a
2640 2355 2936 2424 majoribus
2959 2355 3184 2418 nostris,
3203 2355 3297 2423 qui
3321 2369 3378 2408 se
3399 2354 3450 2408 id
3477 2367 3621 2408 nosse
3638 2366 3692 2406 ac
3710 2351 3843 2404 vidisse

2361 2445 2648 2510 dicebant,
2685 2445 3026 2500 Fundanium
3079 2445 3420 2516 Carthaginis
3470 2444 3732 2504 rhetorem,
3767 2455 3842 2492 cum

2362 2538 2476 2605 ipse
2503 2537 2764 2591 accidenti
2794 2538 2926 2592 vitio
2952 2538 3134 2592 luscus
3159 2547 3341 2602 esset,
3379 2536 3574 2590 luscum
3609 2533 3741 2588 lilium
3762 2546 3840 2600 pro-

2361 2641 2592 2680 creasse.
2654 2625 2772 2692 Quo
2818 2627 3066 2696 exemplo
3107 2629 3373 2680 evertitur
3403 2626 3486 2679 illa
3523 2634 3603 2678 tua
3640 2622 3838 2678 sententia,

2361 2731 2466 2786 qua
2491 2716 2627 2770 dicis
2651 2716 2915 2769 naturalia
2945 2731 3042 2784 per
3069 2717 3326 2770 accidens
3354 2731 3456 2768 non
3485 2713 3709 2770 converti.
3744 2709 3842 2762 Acci-

2359 2809 2492 2861 dens
2537 2807 2732 2876 quippe
2777 2805 2877 2861 fuit
2922 2809 2972 2860 in
3013 2817 3168 2876 patre
3212 2809 3356 2876 quod
3403 2806 3587 2860 factum
3619 2802 3752 2858 estin
3774 2799 3842 2850 ﬁlio

2359 2897 2623 2952 naturale.
2666 2897 2814 2951 lllam
2843 2913 2971 2952 vero
2995 2898 3245 2960 alteram,
3279 2913 3382 2967 qua
3412 2897 3577 2952 dicitis
3597 2901 3788 2964 parentes
3809 2889 3842 2938 in

2360 2988 2504 3041 ﬁlios
2531 3002 2592 3041 ea
2616 3003 2736 3056 qua:
2759 3005 2864 3043 non
2893 2989 3095 3043 habent
3115 2989 3217 3058 ipsi
3243 3005 3346 3043 non
3367 3003 3518 3058 posse
3540 2982 3841 3042 transfundere,

2360 3077 2497 3132 alius
2540 3077 2804 3132 Fundanii
2849 3079 2990 3132 ﬁlius
3015 3119 3029 3141 ,
3091 3081 3235 3147 quod
3274 3081 3501 3134 maxime
3533 3077 3744 3132 usitatum
3775 3077 3840 3130 esti

2359 3183 2482 3222 cum
2505 3168 2714 3222 duobus
2737 3167 2909 3222 oculis
2938 3169 3004 3222 de
3041 3168 3191 3222 lusco
3237 3177 3396 3222 natus
3419 3167 3627 3229 evertit,
3663 3172 3706 3218 et
3741 3161 3842 3214 innu-

2358 3259 2650 3314 merabiles
2679 3260 2770 3329 qui
2797 3268 3095 3314 nascuntur
3113 3261 3315 3315 oculati
3342 3261 3407 3314 de
3428 3258 3704 3329 parentibus
3723 3251 3840 3306 cacis.

2360 3350 2806 3404 Transmittendo
2835 3350 3033 3419 quippe
3061 3351 3114 3404 in
3145 3366 3244 3406 eos
3268 3366 3404 3420 quos
3430 3351 3634 3421 gignunt
3657 3343 3764 3414 quod
3778 3336 3841 3408 ipsi

2359 3454 2466 3494 non
2497 3437 2695 3493 habent
2713 3479 2728 3500 ,
2775 3454 2872 3494 vos
2894 3440 3072 3508 potius
3099 3455 3266 3509 quam
3293 3457 3419 3496 suos
3445 3439 3572 3494 filios
3594 3435 3679 3492 sibi
3707 3428 3843 3486 similes

2359 3545 2479 3585 esse
2509 3531 2911 3594 demonstrant,
2955 3530 3045 3598 qui
3090 3538 3199 3584 tam
3243 3531 3421 3586 fuistis
3457 3531 3506 3585 in
3529 3526 3696 3584 vestris
3717 3517 3843 3578 definio

2361 3618 2595 3672 tionibus
2639 3619 2789 3672 caeci.
2819 3638 2838 3670 ι
2879 3619 2946 3673 Ει
2975 3620 3100 3673 item
3131 3619 3186 3672 in
3217 3623 3405 3676 eodem
3430 3620 3560 3674 libro
3585 3616 3700 3685 (cap.
3716 3603 3841 3671 eod):

2361 3707 2490 3774 Quae
2520 3709 2627 3762 sint
2665 3709 2808 3762 enim
2840 3723 2908 3762 ex
2935 3710 3282 3777 parentibus,
3321 3711 3404 3765 vel
3430 3719 3595 3764 utrum
3621 3709 3710 3760 sint
3735 3699 3841 3754 etiam

2360 3797 2462 3851 alia
2493 3798 2742 3868 contagia
2782 3807 3129 3867 peccatorum
3160 3839 3176 3863 ,
3229 3799 3456 3854 liberum
3499 3796 3637 3852 nobis
3659 3800 3725 3846 est
3750 3799 3841 3855 ίιυδτε

2360 3905 2511 3951 rere,
2559 3889 2670 3944 sive
2717 3890 2789 3943 sit
2819 3889 3006 3954 facile,
3039 3891 3151 3945 sive
3189 3891 3436 3957 difﬁcile,
3463 3890 3568 3944 sive
3604 3874 3844 3954 impossibile

2360 3980 2598 4048 reperire
2626 3999 2638 4032 :
2663 3995 2762 4048 per
2790 3996 2955 4035 unum
2988 3990 3167 4035 tamen
3214 3983 3481 4037 hominem
3514 3982 3563 4034 in
3604 3979 3720 4032 hunc
3749 3981 3846 4023 mun-

2361 4073 2486 4124 dum
2517 4074 2746 4125 intrasse
2772 4081 3051 4140 peccatum
3079 4112 3093 4136 ,
3139 4081 3198 4127 et
3232 4089 3329 4143 per
3369 4078 3628 4142 peccatum
3667 4069 3842 4118 mortem.

2360 4165 2526 4235 268
2567 4173 2620 4218 et
2646 4165 2718 4218 ita
2743 4165 2794 4218 in
2823 4180 3012 4219 omnes
3052 4165 3305 4222 homines
3335 4164 3692 4236 pertransisse,
3717 4155 3756 4208 in
3776 4160 3844 4217 φη

2360 4271 2547 4308 omnes
2575 4263 2973 4324 peccaverunt,
3019 4255 3179 4309 aliter
3229 4255 3384 4310 nobis
3422 4255 3500 4308 fas
3529 4265 3638 4307 esse
3673 4260 3752 4301 non
3773 4237 3844 4292 exi-

2361 4346 2644 4400 stimemus
2667 4347 2914 4414 accipere
2932 4386 2948 4411 ,
2977 4346 3078 4400 nisi
3109 4355 3168 4400 ut
3193 4362 3385 4402 omnes
3419 4352 3641 4400 mortuos
3657 4349 3750 4392 esse
3765 4343 3842 4385 ετε·

2359 4435 2552 4490 damus
2597 4437 2650 4491 in
2702 4437 2863 4506 primi
2896 4438 3130 4492 hominis
3149 4447 3408 4508 peccato,
3454 4451 3546 4507 pro
3569 4433 3732 4504 quibus
3751 4434 3844 4478 mor-

667 4540 774 4595 .pel‘
818 4523 921 4576 hoc
959 4535 1120 4584 unus.
1166 4518 1371 4587 ίηίιυὶι,
1423 4533 1522 4587 PFO
1566 4518 1816 4572 Ollmibus
1856 4527 2102 4574 ωοΐιυυε
2148 4528 2250 4585 εει,
2283 4500 2336 4558 D
2361 4535 2484 4580 tuus
2505 4535 2589 4581 est
2609 4500 2880 4591 Christus,
2907 4537 2962 4581 et
2985 4500 3178 4583 omnes
3207 4529 3348 4584 mori
3379 4500 3598 4597 peccato
3623 4519 3844 4590 quicunllue

677 4632 807 4688 ergo
821 4629 1012 4670 omnes
1041 4613 1241 4667 mortui
1265 4621 1412 4676 sunt,
1435 4609 1724 4665 ostendens
1746 4610 1862 4666 ﬁeri
1886 4627 1991 4667 non
2016 4614 2256 4682 potuisse

662 4718 734 4763 -υι
773 4692 1073 4760 moreretur
1102 4702 1205 4756 nisi
1237 4717 1337 4771 pro
1366 4699 1612 4754 mortuis.
1681 4701 1764 4754 Ex
1808 4701 1911 4756 hoc
1952 4704 2094 4757 enim
2127 4719 2251 4773 pro-

662 4801 1280 4858 bavitomnesmortuos
1299 4809 1438 4858 esse,
1463 4793 1588 4862 quia
1614 4809 1712 4862 pro
1743 4794 1993 4850 omnibus
2027 4797 2253 4853 mortuis

670 4900 920 4947 mortuus
931 4896 1182 4944 estunus.
1205 4885 1462 4956 lmpingo,
1479 4884 1706 4949 inculco,
1727 4883 1950 4940 infarcio
1965 4869 2253 4942 recusanti.

661 4983 869 5054 Accipe
886 5022 902 5048 ,
932 4979 1149 5036 salubre
1170 4986 1272 5042 est,
1291 4977 1414 5030 nolo
1438 4976 1705 5041 moriaris,
1729 4992 1867 5031 unus
1887 4992 1986 5046 pro
2005 4978 2259 5034 omnibus

664 5081 921 5132 mortuus
935 5079 1038 5137 est,
1053 5083 1186 5140 ergo
1197 5082 1386 5122 omnes
1399 5066 1594 5120 mortui
1611 5075 1752 5120 sunt.
1780 5067 1913 5121 Vide
1933 5068 2056 5136 quia
2077 5083 2262 5126 conse-

663 5181 844 5236 quens
855 5179 977 5220 esse
993 5162 1183 5227 voluit,
1201 5171 1257 5214 ut
1281 5159 1645 5230 intelligantur
1665 5173 1855 5215 omnes
1870 5162 2086 5226 mortui,
2102 5162 2145 5215 si
2161 5177 2260 5230 pro

663 5259 922 5315 omnibus
945 5265 1189 5312 mortuus
1232 5261 1334 5308 est.
1378 5251 1512 5319 Quia
1565 5267 1695 5322 ergo
1740 5267 1846 5306 non
1898 5251 1949 5306 in
1999 5267 2256 5322 corpore,

667 5358 844 5402 restat
868 5356 927 5402 ut
954 5347 1009 5402 in
1035 5352 1258 5416 peccato
1284 5358 1406 5398 esse
1429 5353 1673 5397 mortuos
1693 5357 1914 5408 omnes,
1945 5344 1989 5397 si
2020 5359 2117 5412 pro
2141 5358 2257 5397 om-

671 5439 831 5491 nibus
859 5436 1107 5492 Christus
1138 5445 1384 5490 mortuus
1430 5443 1534 5498 est,
1568 5449 1727 5486 nemo
1770 5443 1951 5503 neget,
1977 5449 2136 5489 nemo
2162 5435 2258 5488 du-

674 5527 830 5592 bitet,
847 5527 936 5597 qui
959 5542 1016 5582 se
1041 5541 1148 5582 non
1170 5535 1329 5596 negat
1353 5525 1668 5600 autduhitat
1683 5539 1802 5579 esse
1816 5524 2203 5581 Christianum.
2229 5547 2248 5581 ι

676 5618 743 5674 Ει
769 5621 894 5674 item
925 5619 978 5675 in
1007 5617 1197 5675 eodem
1227 5619 1366 5673 libro
1393 5618 1529 5689 (cap.
1564 5616 1684 5688 ll):
1725 5636 1744 5667 ‹
1773 5617 1922 5673 Unus
1950 5633 2048 5688 pro
2076 5620 2253 5674 omni-

669 5707 777 5767 bus
803 5721 1046 5767 mortuus
1072 5721 1154 5766 est
1174 5752 1187 5776 ,
1216 5726 1346 5782 ergo
1370 5727 1561 5766 omnes
1588 5711 1784 5766 mortui
1819 5721 1962 5766 sunt.
1995 5711 2113 5778 Quo
2135 5728 2254 5767 car-

2354 4617 2696 4686 baptizantur
2721 4618 2775 4672 in
2806 4617 3042 4674 Christo.
3074 4638 3092 4670 ι
3121 4619 3189 4673 Et
3223 4620 3352 4673 item
3383 4619 3435 4674 in
3461 4617 3631 4672 eodem
3659 4613 3763 4681 (cap.
3784 4600 3842 4664 4):

2365 4726 2384 4758 ι
2413 4707 2549 4762 Nam
2571 4709 2615 4764 si
2647 4723 2744 4763 vos
2782 4710 3106 4763 sententiam
3147 4718 3355 4764 rectam
3395 4709 3446 4762 in
3470 4716 3683 4761 vestrum
3706 4701 3843 4751 tortum

2356 4817 2574 4856 sensum
2621 4811 2872 4872 torquere
2912 4803 3144 4867 nolletis,
3194 4801 3453 4857 audiretis
3487 4792 3753 4866 Apostolum
3779 4785 3844 4837 hoc

2358 4893 2597 4947 breviter
2617 4893 3012 4962 explicantem,
3045 4895 3136 4963 qui
3161 4909 3329 4948 unum
3361 4891 3494 4946 dixit
3519 4888 3690 4945 fuisse.
3715 4879 3756 4934 in
3775 4885 3844 4943 quo

2359 5001 2551 5041 omnes
2578 4996 2958 5056 peccaverunt.
3010 4988 3067 5042 lu
3097 4987 3190 5040 illo
3227 5001 3335 5040 uno
3359 4981 3548 5039 mortui
3572 4985 3680 5034 sunt
3698 4978 3842 5063 omnes.

2360 5085 2422 5131 ut
2461 5087 2762 5132 moreretur
2805 5077 2943 5132 alius
2981 5093 3119 5132 unus
3144 5092 3242 5147 pro
3285 5075 3546 5130 omnibus.
3598 5067 3723 5123 Unus
3748 5066 3843 5112 enim

2359 5182 2458 5236 pro
2484 5168 2734 5222 omnibus
2763 5177 3008 5223 mortuus
3033 5176 3118 5222 est
3139 5208 3154 5232 ,
3195 5182 3326 5237 ergo
3353 5178 3535 5220 omnes
3561 5151 3726 5214 mortui
3746 5149 3841 5237 sunt.

2361 5274 2458 5328 pro
2485 5258 2681 5328 quibus
2703 5257 2948 5314 Christus
2985 5230 3231 5314 mortuus
3258 5230 3363 5313 est.
3399 5255 3650 5312 Audisne,
3670 5230 3845 5299 Julianus?

2361 5347 2487 5402 llaec
2512 5348 2750 5418 Apostoli
2783 5350 2966 5414 verba,
2995 5363 3099 5403 non
3126 5363 3247 5402 mea
3281 5355 3423 5402 sunt.
3462 5341 3589 5410 Quid
3614 5354 3639 5390 a
3663 5345 3731 5386 me
3747 5335 3846 5392 lim"

2359 5439 2436 5494 ris
2459 5454 2566 5508 quo
2610 5440 2682 5494 sit
2710 5439 2914 5494 factum
2962 5441 3140 5501 modo,
3185 5454 3307 5493 cum
3359 5438 3534 5490 videas
3573 5429 3742 5483 factum
3765 5419 3846 5508 es?"

2357 5505 2678 5600 quocunque
2723 5531 2913 5586 modo?
2959 5532 3004 5585 si
3051 5529 3312 5599 Apostolo
3358 5527 3526 5582 credis
3565 5505 3844 5600 aliquantulo:

2356 5626 2446 5694 qui
2496 5625 2563 5680 de
2589 5595 2829 5680 Christo
2872 5633 2927 5680 et
2955 5626 3022 5678 de
3064 5595 3149 5679 his
3183 5639 3282 5691 pro
3325 5620 3513 5691 quibus
3559 5615 3759 5694 mortuus
3791 5595 3856 5656 est.

2356 5713 2604 5794 Christus
2646 5715 2862 5770 mentiri
2905 5714 3080 5785 potuit
3111 5712 3267 5768 nullo
3298 5709 3469 5765 modo.
3493 5727 3511 5758 ι
3542 5703 3601 5758 Et
3627 5701 3728 5754 item
3749 5693 3843 5756 imi"
