3992 6336
126 407 210 468 535
848 408 937 464 DE
974 403 1646 463 PREDESTINATIONE
1685 402 2138 461 DlSSERTATlO
2171 406 2580 464 POSTERIOR.

3255 411 3364 466 ’554

122 524 264 595 eod.).
310 540 328 572 ι
361 520 553 575 Merito
599 534 727 589 ergo
770 520 1139 591 intelliguntur
1181 519 1379 574 mortui
1431 517 1523 588 qui
1572 531 1679 570 non
1709 519 1758 574 A
1784 518 1992 586 ceperis
2021 559 2035 578 .
2081 533 2204 572 cum
2236 519 2520 576 adversum
2549 531 2798 587 matrem,
2830 539 2949 592 qua:
2986 532 3036 579 te
3063 524 3364 593 spirituali-

120 615 620 683 habentvitam,pro
643 613 838 681 quibus
856 612 1103 668 Christus
1128 622 1212 668 est
1242 622 1506 667 mortuus.
1531 610 1683 667 Unus

117 710 242 763 enim
268 723 368 778 pro
392 706 643 761 omnibus
673 715 920 761 mortuus
946 715 1056 768 est,
1097 723 1228 778 ergo
1256 723 1445 761 omnes
1483 707 1682 760 mortui

116 807 243 854 sunt.
285 797 411 850 Ideo
433 805 612 850 autent
661 806 907 851 mortuus
941 805 1055 857 est.
1095 797 1233 852 sicut
1262 796 1456 867 legitur
1474 797 1541 850 ad
1571 795 1682 851 lle-

49 944 57 952 ,
113 891 294 950 hmos,
328 886 397 940 Ut
421 904 513 956 per
546 897 765 941 mortem
803 898 1079 942 evacuaret
1112 905 1229 942 eum
1254 890 1346 958 qui
1379 898 1682 956 potestatem

109 979 318 1031 habebat
348 979 561 1044 mortis,
592 979 640 1030 id
672 985 755 1033 est
785 979 1073 1033 diabolum.
1109 999 1128 1031 ι
1161 980 1229 1034 Ει
1264 979 1389 1033 item
1415 979 1552 1048 (cap.
1585 978 1639 1048 5)
1667 996 1680 1032 :

114 1086 131 1118 ι
157 1067 382 1136 Propter
409 1067 542 1130 hoc,
573 1067 826 1136 inquam,
854 1069 1126 1122 vinculum
1160 1070 1348 1124 mortis
1373 1070 1574 1124 mortui
1604 1085 1687 1124 re-

107 1159 388 1228 periuntur
433 1158 666 1212 infantes
694 1176 706 1211 :
735 1173 839 1211 non
867 1158 968 1213 ista
1011 1168 1186 1214 morte
1227 1160 1540 1226 notissima,
1566 1176 1686 1229 quae

109 1265 137 1303 a
166 1264 392 1319 corpore
429 1249 663 1302 animam
695 1259 941 1317 separat,
979 1251 1072 1304 sed
1101 1266 1165 1304 ea
1194 1260 1367 1306 morte
1402 1266 1507 1319 qua
1536 1261 1686 1306 tene—

108 1340 298 1392 bantur
337 1354 565 1403 omnes,
617 1353 716 1408 pro
761 1341 958 1408 quibus
999 1349 1243 1394 mortuus
1285 1350 1370 1395 est
1415 1341 1682 1396 Christus.

111 1429 320 1483 Scimus
343 1429 511 1492 enim,
541 1429 620 1482 ait
643 1429 950 1499 Apostolus,
978 1431 1120 1500 quod
1141 1447 1171 1484 a
1204 1432 1360 1486 nobis
1386 1433 1684 1501 satpissime

112 1521 454 1590 repetendum
504 1530 619 1586 est,
663 1523 920 1591 quoniam
965 1520 1114 1576 Unus
1155 1540 1251 1594 pro
1277 1525 1516 1578 omnibus
1549 1541 1692 1578 mor-

115 1623 226 1665 tuus
269 1623 389 1677 est,
441 1629 562 1682 ergo
604 1630 779 1668 omnes
823 1615 1016 1668 mortui
1045 1624 1167 1668 sunt
1191 1655 1204 1679 ,
1242 1624 1290 1668 et
1330 1631 1424 1684 pro
1451 1616 1688 1670 omnibus

117 1712 341 1756 mortuus
367 1711 444 1755 est
473 1700 734 1773 Christus,
780 1707 952 1775 utqui
989 1706 1162 1760 vivunt
1200 1706 1316 1775 jam
1353 1723 1456 1760 non
1480 1707 1578 1761 sibi
1621 1707 1692 1760 ci-

121 1803 248 1854 r-ant,
273 1792 362 1845 sed
413 1793 460 1845 ei
494 1793 585 1862 qui
626 1810 718 1861 pro
765 1794 1003 1848 omnibus
1042 1805 1280 1848 mortuus
1329 1805 1402 1849 est
1435 1807 1482 1849 et
1517 1813 1692 1850 resur-

1788 616 1869 660 ter
1895 609 2122 677 peperit,
2149 610 2316 664 armis
2343 609 2636 680 impietatis
2684 613 2943 668 induaris.
3003 633 3020 663 ο
3049 613 3114 667 Et
3141 614 3195 668 in
3225 613 3365 669 libro

1785 708 1979 766 quarto
2028 700 2092 754 de
2134 701 2391 754 Doctrina
2437 702 2742 757 Christiana
2795 705 2934 775 (cap.
2980 705 3097 775 21),
3142 717 3364 762 sanctus

1786 803 1998 857 quoque
2019 790 2359 855 Ambrosius,
2389 807 2511 845 cum
2549 803 2671 863 agat
2699 810 2813 849 rem
2854 811 3105 866 magnam
3139 800 3205 852 de
3234 797 3363 868 Spi-

1789 880 1894 933 ritu
1923 889 2130 940 sancto,
2163 891 2219 936 ut
2249 898 2370 937 eum
2399 883 2547 939 Patri
2578 895 2629 940 et
2658 885 2794 941 Filio
2815 888 3154 944 demonstret
3179 906 3333 959 aequa
3354 921 3366 934 ι

1788 969 1912 1035 lem,
1938 971 2206 1028 submisso
2240 982 2416 1029 tamen
2445 975 2658 1031 dicendi
2676 992 2872 1049 genere
2893 978 3082 1045 utitur,
3109 983 3366 1050 quoniam

1790 1075 1879 1113 res
1933 1072 2205 1130 suscepta,
2256 1080 2361 1118 non
2415 1076 2735 1121 ornamenta
2785 1069 3093 1135 verborum,
3147 1081 3239 1124 aut
3295 1073 3367 1126 ad

1789 1137 2092 1208 ﬂectendos
2134 1157 2344 1210 animos
2386 1160 2776 1215 commotiones
2821 1160 3133 1228 affectuum,
3161 1165 3253 1218 sed
3286 1180 3370 1220 re-

1791 1258 1910 1296 rum
1963 1244 2282 1299 documenta
2338 1247 2627 1302 desiderat.
2688 1251 2830 1321 Ergo
2881 1252 3024 1306 inter
3071 1263 3265 1307 cattcra
3314 1256 3370 1309 in

1789 1334 2054 1404 principio
2099 1334 2257 1404 hujus
2304 1340 2504 1406 operis,
2558 1341 2675 1394 ait:
2712 1360 2730 1390 ι
2788 1341 3102 1400 Commotus
3148 1345 3369 1399 oraculo

1790 1426 2008 1481 chcon
2039 1429 2190 1500 (Jud.
2217 1446 2290 1495 v1,
2316 1431 2430 1501 21),
2462 1448 2584 1486 cum
2613 1434 2853 1488 audisset
2893 1435 3036 1503 quod
3062 1435 3367 1491 deficienti-

1790 1516 1893 1571 bus
1921 1518 2046 1574 licet
2076 1520 2395 1590 populorum
2428 1523 2681 1588 millibus,
2725 1525 2777 1579 in
2816 1541 2924 1580 uno
2965 1527 3080 1581 viro
3110 1528 3373 1582 Dominus

1793 1606 2000 1675 plebem
2035 1625 2184 1663 suam
2224 1611 2292 1664 ab
2330 1611 2574 1667 hostibus
2614 1613 2888 1680 liberaret,
2918 1615 3112 1670 obtulit
3153 1616 3371 1671 htedum

1793 1715 2100 1769 caprarum,
2133 1704 2286 1772 cujus
2317 1720 2560 1768 carnem,
2611 1708 2904 1760 secundum
2943 1707 3115 1778 angeli
3162 1724 3370 1777 praece—

1796 1797 1909 1857 pta,
1942 1799 1996 1844 ct
2021 1807 2210 1862 azyma
2242 1808 2400 1862 supra
2445 1805 2652 1863 petram
2695 1797 2894 1866 posuit,
2925 1807 2980 1852 et
3008 1813 3072 1852 ea
3093 1798 3216 1868 jure
3244 1814 3371 1868 per-

125 1884 240 1935 rexit
262 1881 350 1953 (11
374 1883 494 1937 Cor.
525 1899 579 1949 γ,
613 1883 722 1954 14),
759 1883 840 1938 lui
867 1899 996 1956 ergo
1024 1886 1243 1951 vivum,
1288 1902 1386 1957 pro
1407 1888 1601 1957 quibus
1629 1900 1688 1942 ιη
1716 1887 1763 1948 Β
1792 1881 1929 1934 fudit
1959 1901 1970 1933 :
2004 1897 2123 1951 qua:
2148 1884 2306 1938 simul
2343 1897 2400 1939 ut
2431 1887 2593 1955 virgae
2621 1887 2921 1951 cacumine,
2960 1904 3122 1958 quam
3150 1889 3374 1958 gerebat

123 1977 292 2031 vivant
335 1987 582 2032 mortuus
620 1987 705 2054 est
739 1979 830 2048 qui
873 1980 1107 2033 vivebat.
1169 1978 1322 2046 Quod
1349 1981 1589 2049 apertius
1615 1982 1688 2035 ita

125 2065 328 2130 dicitur,
357 2067 435 2120 illi
462 2077 590 2121 sunt
623 2083 653 2119 a
684 2067 876 2122 mortis
903 2068 1135 2124 vinculis
1164 2069 1334 2135 liberi,
1369 2085 1469 2139 pro
1493 2071 1689 2140 quibus

123 2167 354 2212 mortuus
413 2168 496 2213 est
549 2159 694 2214 inter
751 2171 996 2218 mortuos
1047 2161 1338 2217 liberzvel
1391 2164 1468 2218 sic
1521 2165 1690 2219 multo

124 2249 387 2316 apertius,
437 2249 517 2303 llli
566 2257 694 2303 sunt
735 2249 947 2306 liberati
989 2268 1019 2306 a
1055 2261 1298 2320 peccato,
1350 2268 1448 2321 pro
1495 2256 1691 2323 quibus

123 2347 356 2393 mortuus
379 2348 466 2392 est
491 2339 582 2408 qui
610 2355 882 2409 nunquam
908 2340 1084 2396 fuerat
1113 2340 1166 2394 in
1193 2351 1449 2411 peccato;
1479 2352 1534 2397 et
1567 2360 1688 2398 cum

125 2428 280 2481 semel
305 2429 376 2482 sit
402 2438 681 2492 mortuus,
718 2439 900 2485 tamen
925 2447 1023 2501 pro
1053 2446 1378 2503 unoquoque
1418 2443 1544 2490 tunc
1572 2452 1689 2490 mo-

125 2515 265 2580 ritur,
297 2520 515 2586 quando
538 2519 590 2574 in
615 2521 732 2590 ejus
755 2530 931 2576 morte
955 2522 1302 2592 quantalibet
1329 2525 1508 2579 artatis
1531 2525 1693 2580 fuerit

122 2608 450 2678 baptizatur,
483 2611 537 2665 id
579 2622 692 2677 est,
742 2620 869 2667 tunc
910 2613 960 2668 ei
1000 2614 1242 2684 proderit
1277 2631 1422 2669 mors
1457 2617 1573 2685 ejus
1601 2617 1692 2685 qui

119 2698 214 2754 fuit
245 2703 363 2755 s‘ne
390 2711 650 2770 peccato,
693 2705 906 2772 quando
936 2704 988 2757 in
1026 2703 1142 2772 ejus
1168 2716 1341 2759 morte
1366 2707 1689 2775 baptizatur,

119 2793 160 2844 si
190 2803 440 2847 mortuus
485 2793 647 2847 fuerit
692 2796 853 2848 etiam
905 2795 1020 2865 ipse
1048 2807 1290 2865 peccato,
1325 2800 1414 2865 qui
1447 2807 1694 2853 mortuus

113 2880 286 2936 fuerat
315 2884 370 2938 in
401 2893 644 2954 peccato.
680 2904 698 2935 ι
743 2885 808 2938 Ει
835 2885 964 2941 item
993 2905 1005 2940 :
1042 2906 1059 2938 ι
1089 2889 1134 2940 Α
1172 2897 1346 2942 morte
1385 2889 1580 2958 quippe
1603 2889 1692 2959 ju-

114 2975 363 3030 stissima:
403 2976 764 3032 damnationis
790 2993 887 3047 per
914 2995 1078 3033 unum
1120 2981 1472 3035 mediatorcm
1517 2983 1609 3035 Dei
1641 2994 1696 3038 et

121 3064 392 3120 hominum
437 3066 696 3120 liberatur
723 3082 892 3136 genus
937 3067 1264 3133 humanum,
1318 3086 1423 3124 non
1463 3085 1492 3123 a
1521 3082 1694 3125 morte

133 3158 358 3227 corporis
385 3166 592 3211 tantum
615 3199 630 3222 ,
682 3160 777 3212 sed
805 3175 834 3213 a
857 3169 1029 3215 morte
1051 3175 1156 3230 qua
1189 3162 1386 3216 mortui
1415 3172 1569 3227 sunt,
1597 3178 1696 3232 pro

1791 1973 2015 2042 angelus
2043 1977 2159 2040 Dei,
2201 1978 2450 2047 contigit,
2497 1979 2562 2032 de
2592 1988 2761 2048 petra'
2783 1979 2920 2050 ignis
2965 1981 3162 2050 erupit,
3211 1989 3376 2051 atque

1792 2065 1865 2118 ita
1906 2066 2235 2120 sacrificium
2291 2069 2435 2138 quod
2489 2068 2815 2124 offerebatur
2859 2071 3206 2142 absumptum
3261 2083 3370 2128 est.

1792 2152 1909 2219 Quo
1955 2154 2152 2210 indicio
2216 2156 2547 2213 declaratum
2601 2161 2813 2214 videtur
2883 2162 3026 2231 quod
3076 2171 3230 2233 petra
3279 2164 3372 2219 illa

1793 2251 1976 2313 typum
2004 2245 2254 2301 habuerit
2278 2249 2522 2318 corporis
2551 2247 2773 2314 Christi,
2797 2251 2924 2321 quia
2950 2253 3214 2324 scriptum
3239 2265 3325 2309 est
3351 2275 3364 2307 :

1791 2335 2043 2390 Bibebant
2072 2337 2136 2392 de
2158 2349 2496 2410 consequente
2525 2357 2611 2394 eos
2653 2350 2824 2410 petra,
2868 2353 3016 2412 petra
3046 2353 3220 2404 autem
3261 2354 3375 2397 erat

1791 2424 2030 2481 Christus
2062 2426 2112 2496 (I
2152 2426 2275 2482 Cor.
2309 2444 2402 2491 vn,
2437 2429 2546 2500 10).
2583 2431 2735 2498 Quod
2769 2431 2955 2501 utique
3005 2450 3109 2487 non
3141 2434 3208 2487 ad
3236 2434 3375 2487 divi-

1793 2517 2018 2572 nitatem
2051 2515 2186 2586 ejus,
2231 2521 2327 2574 sed
2357 2519 2422 2573 ad
2452 2535 2672 2574 carnem
2706 2520 2932 2575 relatum
2981 2531 3084 2586 est,
3133 2538 3252 2592 qua}
3302 2524 3379 2576 si—

1795 2608 2042 2662 tieutium
2069 2609 2230 2662 corda
2251 2609 2572 2678 populorum
2602 2611 2824 2678 perenni
2851 2611 2967 2664 rivo
2993 2612 3074 2666 sui
3097 2612 3378 2682 sanguinis

1796 2697 2096 2751 inundavit.
2138 2695 2257 2751 Jam
2302 2707 2430 2769 tunc
2457 2699 2622 2767 igitur
2665 2700 2718 2753 in
2751 2701 3007 2771 mysterio
3037 2701 3370 2757 declaratum

1795 2794 1896 2850 est,
1925 2786 2052 2856 quia
2081 2785 2344 2841 Dominus
2368 2784 2525 2842 Jesus
2556 2789 2608 2842 in
2651 2803 2813 2842 carne
2847 2804 2943 2844 sua
2987 2791 3152 2846 totius
3189 2793 3377 2846 mutuli

1796 2884 2018 2946 peccata
2053 2875 2346 2931 crucifixus
2377 2875 2618 2932 aboleret
2668 2896 2681 2931 :
2731 2895 2832 2934 nec
2863 2878 3035 2934 solum
3068 2881 3260 2937 delicta
3293 2884 3378 2938 fa-

1797 2975 2031 3033 ctorum,
2059 2967 2152 3022 sed
2173 2969 2337 3022 etiam
2359 2969 2680 3038 cupiditates
2699 2971 3024 3026 animorum.
3066 2971 3205 3028 Caro
3231 2974 3378 3028 enim

1799 3059 1936 3113 hmdi
1968 3060 2033 3113 ad
2063 3059 2274 3128 culpam
2330 3058 2458 3114 facti
2486 3058 2741 3125 refertur,
2769 3059 2853 3127 ius
2884 3062 2951 3115 ad
2978 3062 3260 3118 illecebras
3287 3081 3383 3118 cu-

1799 3150 2104 3220 piditatum,
2129 3151 2542 3218 sicutscriptum
2569 3160 2673 3214 est,
2691 3151 2830 3216 Quia
2850 3154 3139 3222 concupivit
3156 3155 3382 3225 populus

132 3251 310 3319 quibus
336 3266 478 3306 unus
499 3259 743 3305 mortuus
767 3260 850 3306 est
869 3292 884 3316 ,
925 3267 1055 3322 ergo
1075 3268 1264 3308 omnes
1289 3255 1486 3308 mortui
1509 3263 1686 3308 sunt.»

1800 3242 2138 3312 cupiditatem
2163 3243 2465 3311 pessimam,
2492 3251 2540 3296 et
2582 3242 2844 3308 dixerunt,
2888 3243 3018 3309 Quis
3059 3263 3152 3301 nos
3191 3249 3384 3301 cibabit

132 3339 184 3395 Et
229 3343 282 3396 in
326 3341 469 3396 libro
509 3341 686 3410 primo
734 3343 871 3411 (cap.
907 3344 1038 3413 tl):
1089 3363 1107 3394 ι
1147 3344 1428 3399 Postremo
1473 3355 1694 3402 sanctus

130 3428 348 3486 Joannes
375 3432 528 3496 dicit,
553 3447 713 3500 quem
744 3443 796 3486 tu
825 3434 1214 3489 honorabiliter
1233 3437 1690 3502 commemorasti,

132 3535 274 3589 quem
301 3530 358 3575 tu
389 3520 532 3576 sicut
560 3531 804 3576 sanctqu
835 3524 1216 3593 eruditumque
1239 3525 1498 3591 laudasti,
1533 3542 1694 3596 quem

132 3623 178 3668 tu
221 3615 590 3670 testimonium
637 3625 693 3669 et
736 3615 963 3685 gloriam
1019 3617 1084 3670 de
1134 3618 1406 3672 consortio
1452 3618 1696 3674 veritatis

134 3707 422 3776 suscepisse
441 3705 646 3770 dixisti,
665 3707 832 3761 etiam
860 3708 974 3776 ipse
990 3707 1143 3772 dicit,
1157 3709 1327 3762 Adam
1343 3709 1422 3764 sic
1442 3725 1698 3779 peccasse

134 3798 247 3852 illud
286 3815 455 3869 grave
491 3810 798 3869 peccatum,
845 3810 901 3854 ut
921 3816 1080 3854 omne
1121 3815 1291 3870 genus
1319 3803 1613 3857 humanum
1641 3803 1696 3858 in

131 3903 405 3945 commune
446 3889 751 3946 damnaret.
781 3912 800 3943 ο
837 3891 904 3945 Et
949 3901 1070 3962 post
1111 3908 1281 3961 pauca
1320 3911 1332 3946 :
1371 3912 1388 3942 ι
1423 3894 1562 3949 Dicit
1605 3894 1698 3950 Ju-

130 3978 290 4034 daum
314 3991 604 4052 negantem
631 3982 830 4036 virtute
871 3985 1029 4038 unius
1062 3983 1263 4038 Christi
1292 3985 1547 4039 mundum
1576 4002 1697 4055 pos-

128 4083 178 4124 se
204 4070 424 4124 salvari.
455 4089 476 4123 ι
507 4070 638 4126 Item
688 4072 746 4127 in
794 4072 932 4128 libro
973 4073 1134 4127 tertio
1180 4073 1320 4143 (cap.
1349 4074 1438 4145 12)
1467 4093 1481 4128 :
1520 4094 1538 4126 ε
1568 4076 1698 4142 Quis

129 4173 298 4220 autem
333 4163 680 4220 Christianus
708 4167 918 4235 ignoret
940 4165 1084 4235 quod
1108 4166 1329 4236 ille,qui
1354 4167 1588 4237 primum
1609 4169 1700 4224 ho—

128 4251 315 4304 minem
344 4251 514 4322 269
537 4249 666 4305 fecit
693 4265 760 4304 ex
789 4251 1029 4321 pulvere,
1071 4268 1262 4308 omnes
1305 4253 1602 4310 fabricetur
1630 4272 1699 4312 ex

129 4340 360 4396 semine?
400 4340 507 4396 Sed
533 4354 600 4396 ex
626 4341 831 4396 semine
859 4341 977 4412 jam
999 4343 1193 4398 vitiato
1221 4353 1388 4414 atque
1419 4346 1696 4411 damnato,

130 4430 211 4498 qui
254 4431 457 4502 partim
514 4445 614 4500 per
656 4431 940 4486 veritatem
981 4443 1262 4488 remaneat
1316 4435 1370 4488 in
1411 4436 1698 4505 supplicio,

130 4524 313 4591 partim
345 4539 442 4593 per
490 4522 916 4578 misericordiam
967 4524 1228 4580 liberetur
1273 4542 1302 4579 a
1358 4526 1518 4580 malo.
1581 4527 1697 4582 Non

132 4613 301 4684 igitur,
341 4625 402 4668 ut
443 4623 602 4686 putas
644 4624 806 4686 atque
853 4615 1149 4683 concludis,
1203 4617 1325 4672 ullis
1354 4617 1563 4687 laqueis
1595 4620 1699 4673 tuis

131 4707 327 4773 peccati
368 4705 634 4760 naturalis
687 4703 984 4760 suffocatur
1033 4707 1288 4762 assertio.
1339 4707 1699 4776 Depravatam

130 4800 316 4870 quippe
341 4800 504 4870 primi
528 4799 948 4868 transgressoris
975 4799 1257 4854 voluntate
1288 4809 1559 4862 naturam,
1595 4817 1700 4855 non

133 4900 216 4944 tua
245 4893 487 4947 defensio
533 4892 716 4946 verbis
761 4890 1012 4946 inanibus
1055 4900 1251 4961 purgat
1295 4905 1394 4959 per
1438 4892 1699 4947 novitimn

133 4984 312 5054 dogma
339 4995 604 5049 vestrum,
638 4984 730 5038 sed
757 4984 931 5055 gratia
959 4984 1053 5040 Dei
1082 4999 1180 5054 per
1215 4984 1397 5041 Jesum
1428 4985 1700 5042 Christum

135 5072 407 5130 Dominum
466 5085 732 5130 nostrum.
768 5095 785 5125 ι
818 5075 884 5130 Et
911 5075 1039 5130 item
1104 5077 1158 5131 in
1185 5075 1320 5131 libro
1354 5085 1509 5131 sexto
1560 5079 1699 5148 (cap.

136 5164 254 5234 H):
311 5186 329 5218 ι
359 5163 508 5220 Unus
550 5166 688 5218 enim
733 5181 828 5234 pro
868 5166 1106 5220 omnibus
1148 5177 1386 5221 mortuus
1435 5177 1534 5233 est,
1581 5185 1703 5238 ergo

141 5271 298 5318 suum
352 5258 542 5313 mortui
602 5267 746 5320 sunt,
809 5266 856 5310 et
893 5273 990 5326 pro
1036 5258 1273 5312 omnibus
1328 5268 1566 5312 mortuus
1605 5270 1700 5313 est.

147 5344 238 5404 Nec
287 5349 452 5419 aliqui
507 5356 764 5419 poterunt
817 5349 1000 5405 vivere
1071 5367 1169 5420 pro
1225 5351 1422 5421 quibus
1465 5368 1572 5407 non
1623 5361 1706 5406 est

140 5449 411 5506 mortuus,
463 5441 589 5510 quia
648 5457 746 5510 pro
807 5440 1040 5499 mortuis
1087 5442 1241 5497 vivus
1291 5452 1378 5497 est
1438 5453 1702 5498 mortuus.

131 5533 250 5590 llaac
298 5548 524 5604 negans,
576 5533 663 5588 his
708 5548 1037 5604 repugnans,
1087 5533 1188 5588 ista
1238 5533 1542 5588 convellere
1591 5551 1706 5588 mo-

129 5626 278 5687 liens,
325 5625 608 5680 catholica:
651 5623 774 5680 fidei
823 5625 1160 5679 munimenta
1210 5624 1461 5692 ipsosque
1513 5637 1709 5679 nervos

129 5719 466 5786 disrumpere
521 5716 849 5781 Christiana:
904 5717 1204 5785 religionis,
1255 5730 1398 5769 vera:
1448 5716 1704 5784 pietatis,

132 5816 290 5868 audes
335 5814 556 5883 insuper
595 5811 777 5868 dicere
800 5811 944 5881 quod
972 5820 1159 5866 contra
1192 5809 1382 5879 impios
1408 5809 1544 5864 bella
1591 5827 1710 5865 sus-

1800 3348 1958 3386 carne
1994 3330 2181 3402 (Num.
2209 3332 2438 3403 x1,18)?
2484 3333 2636 3400 Quod
2677 3335 2841 3406 igitur
2869 3339 3113 3392 extendit
3157 3339 3381 3409 angelus

1799 3422 2030 3493 virgam,
2057 3431 2114 3476 et
2153 3423 2330 3493 tetigit
2351 3432 2584 3493 petram,
2613 3425 2680 3479 de
2705 3440 2810 3494 qua
2839 3425 2979 3495 ignis
3007 3427 3158 3493 exiit,
3190 3437 3377 3482 osten-

1801 3513 1880 3567 dit
1899 3514 2041 3582 quod
2064 3528 2191 3567 caro
2213 3513 2448 3579 Domini,
2481 3515 2673 3584 spiritu
2702 3515 2902 3585 repleta
2930 3517 3132 3580 divino,
3159 3528 3381 3588 peccata

1800 3604 1979 3658 omnia
1994 3604 2244 3660 humanae
2259 3606 2583 3660 conditionis
2597 3615 2870 3661 exureret.
2889 3605 3040 3663 Unde
3055 3618 3110 3663 et
3122 3610 3382 3667 'Dominus

1801 3693 1934 3760 ait,I
1937 3712 2086 3766 gnem
2101 3696 2213 3764 veni
2225 3697 2426 3750 mittere
2440 3707 2634 3750 terram
2657 3696 2892 3757 (Luc.xn
2903 3739 2917 3764 ,
2931 3699 3041 3771 49),
3058 3711 3341 3756 etcaatera.
3356 3720 3376 3752 ι

1874 3788 2106 3842 Sanctus
2155 3787 2503 3842 nihilominus
2538 3788 2772 3860 Prosper
2806 3791 2860 3845 in
2907 3791 3045 3847 libro
3086 3793 3263 3863 primo
3315 3794 3384 3848 de

1803 3880 2096 3936 Vocatione
2118 3881 2357 3950 gentium
2383 3879 2514 3936 dicit
2553 3880 2692 3954 (cap.
2736 3881 2852 3954 i9):
2891 3903 2908 3934 ι
2948 3883 3016 3937 Et
3054 3895 3133 3951 tu,
3184 3886 3383 3955 inquit,

1801 3989 1950 4044 puer,
1975 3973 2227 4042 propheta
2246 3970 2501 4026 Altissimi
2524 3974 2790 4027 vocaberis
2813 3990 2832 4028 :
2855 3975 3064 4043 prwibis
3098 3977 3234 4031 enim
3265 3989 3388 4031 ante

1803 4064 1990 4135 faciem
2015 4063 2228 4117 Domini
2246 4079 2434 4133 parare
2461 4063 2569 4117 vias
2589 4063 2739 4132 ejus;
2760 4064 2828 4117 ad
2854 4065 3085 4118 dandam
3113 4067 3386 4120 scientiam

1803 4155 2203 4225 salutis‘populo
2243 4155 2359 4223 ejus
2397 4155 2452 4206 in
2480 4154 2836 4216 remissionem
2867 4165 3198 4223 peccatorum
3241 4158 3384 4225 ipso-

1805 4262 1958 4302 rum:
1982 4255 2192 4318 propter
2214 4245 2413 4300 viscera
2441 4244 2816 4300 misericordia
2839 4244 3076 4310 Domini,
3107 4247 3161 4299 in
3197 4247 3386 4317 quibus

1804 4340 2031 4395 uisitauit
2059 4355 2150 4393 nos
2191 4338 2363 4391 oriens
2385 4352 2448 4392 ea:
2470 4336 2599 4402 alta,
2635 4337 2807 4391 lucere
2845 4337 2925 4390 Itis
2946 4338 3036 4407 qui
3067 4339 3121 4392 in
3161 4339 3386 4393 tenebris

1805 4433 1968 4502 27o
1989 4443 2039 4486 et
2064 4432 2116 4484 in
2145 4429 2328 4483 umbra
2365 4429 2548 4482 mortis
2573 4430 2770 4494 sedent,
2806 4429 2876 4482 ad
2911 4429 3208 4499 dirigendos
3232 4431 3388 4500 pedes

1807 4538 2013 4581 nostros
2056 4528 2111 4580 in
2154 4527 2290 4580 viam
2328 4525 2472 4594 pacis
2496 4523 2647 4596 (Luc.
2679 4541 2720 4589 ι,
2751 4524 2821 4580 76
2848 4536 2896 4578 et
2929 4526 3092 4597 seqq.)
3130 4526 3266 4596 (cap.
3297 4527 3390 4599 20)

1732 4592 1782 4650 D
1807 4618 1936 4673 llaec
1973 4626 2152 4673 autem
2193 4617 2404 4671 viscera
2448 4612 2831 4672 misericordiae
2873 4617 3150 4683 Dominus,
3181 4636 3288 4674 non
3322 4623 3393 4675 ad

1807 4712 1966 4765 unius
1995 4717 2199 4764 tantum
2231 4709 2409 4780 populi
2450 4710 2896 4779 redemptionem,
2935 4711 3028 4766 sed
3065 4713 3131 4765 ad
3151 4715 3392 4769 omnium

1809 4803 2086 4856 nationum
2125 4801 2384 4870 impendit
2412 4799 2660 4854 salutem.
2692 4798 2834 4853 Dicit
2865 4799 3228 4870 Evangelista,
3267 4804 3396 4871 quia
3443 4813 3448 4817 ‘

1805 4893 1962 4949 Iesus
1995 4894 2283 4947 moriturus
2305 4901 2419 4946 erat
2445 4908 2540 4962 pro
2560 4903 2723 4960 gente,
2752 4909 2855 4946 non
2887 4903 3090 4946 tantum
3112 4911 3206 4964 pro
3220 4906 3392 4964 gente,

1805 4987 1896 5040 sed
1927 4986 2085 5039 etiam
2107 4992 2163 5038 ut
2202 4982 2342 5052 ﬁlios
2374 4981 2472 5036 Dei
2495 4982 2754 5052 dispersos
2787 4993 3121 5053 congregaret
3148 4985 3201 5037 in
3231 5001 3396 5038 unum

1813 5076 1996 5148 (Joan.
2024 5091 2104 5139 XI,
2141 5073 2204 5128 51
2230 5113 2245 5138 ,
2282 5073 2395 5143 52).
2435 5072 2549 5127 Hoc
2589 5073 2731 5128 enim
2765 5073 2840 5127 ait
2886 5072 2974 5126 illa
3013 5087 3116 5126 vox
3159 5073 3393 5136 Domini,

1813 5183 1933 5238 quae
1955 5182 2052 5237 per
2078 5165 2368 5234 quamdam
2393 5163 2608 5234 pietatis
2632 5164 2815 5217 tubam
2839 5171 2951 5217 toto
2973 5171 3237 5216 terrarum
3265 5163 3399 5216 orbe

1813 5268 2095 5316 sonantem
2133 5271 2322 5311 omnes
2346 5256 2593 5310 homines
2628 5254 2820 5307 invitat
2853 5262 2908 5308 et
2940 5252 3211 5306 convenit.
3259 5250 3395 5304 Nam

1813 5365 1938 5405 cum
1967 5347 2208 5410 dixisset,
2258 5344 2526 5414 Conﬁteor
2557 5343 2670 5407 tibi,
2709 5341 2888 5404 Pater,
2935 5340 3156 5394 Domine
3197 5341 3311 5394 caeli
3348 5353 3397 5394 et

1812 5452 1985 5504 terra,
2010 5439 2134 5509 quia
2159 5435 2478 5490 abscondisti
2502 5435 2612 5488 Ita'c
2640 5451 2670 5485 ιι
2697 5431 3015 5500 sapientibus
3050 5440 3097 5484 et
3123 5432 3396 5500 prudenti—

1813 5537 1929 5600 bus,
1952 5543 1998 5588 et
2024 5531 2262 5586 revelasti
2303 5547 2363 5582 ea
2399 5526 2649 5598 parvulis.
2683 5525 2788 5586 Ita,
2829 5521 3008 5588 Pater,
3039 5525 3286 5593 quoniam
3323 5527 3398 5578 sic

1814 5622 2192 5692 beneplacitum
2213 5628 2288 5672 est
2316 5626 2435 5672 ante
2461 5625 2529 5679 te,
2555 5614 2758 5669 addidit
2788 5632 2799 5667 :
2838 5612 3030 5666 Omnia
3051 5612 3178 5666 mihi
3199 5613 3400 5667 tradita

1813 5727 1933 5772 sunt
1967 5732 2000 5768 a
2040 5713 2201 5767 Patre
2238 5725 2374 5773 meo,
2408 5717 2454 5762 et
2486 5722 2635 5760 nemo
2670 5705 2808 5759 novit
2841 5701 3058 5768 Filium,
3083 5704 3184 5757 nisi
3215 5701 3399 5767 Pater;

1817 5824 1976 5877 neque
2005 5805 2216 5858 Patrem
2241 5801 2355 5871 quis
2378 5799 2539 5864 novit,
2564 5796 2661 5850 nisi
2685 5793 2856 5849 Filius
2883 5805 2928 5848 et
2951 5795 3035 5848 cui
3061 5794 3281 5849 voluerit
3305 5792 3402 5845 Fi-
