3930 5308
700 506 810 561 335

1683 485 2008 549 lIINCMAltl
2048 472 2436 541 nncuaxer
2474 458 2995 534 ARCTIIEPISCOPI
3168 444 3173 448 ’
3776 450 3847 514 tu

704 622 807 674 lius
831 616 1087 677 revelare;
1115 628 1175 668 ac
1205 610 1397 666 deinde
1422 608 1637 676 adjecit,
1674 606 1851 660 Venite
1873 603 1942 656 ad
1981 618 2082 663 me,
2108 614 2282 652 omnes
2311 600 2358 657 Α
2388 600 2491 647 est.
2537 589 2667 656 Qtne
2692 587 2835 642 enim
2871 584 3014 638 Deus
3037 574 3248 663 occulta
3287 587 3403 629 esse
3439 566 3608 635 voluit,
3650 580 3736 625 non
3772 584 3851 626 sunt

703 727 793 782 qut
817 708 1067 762 laboratis
1099 714 1147 760 et
1180 704 1379 758 onerati
1411 702 1552 764 estis,
1581 708 1629 753 et
1655 713 1747 767 ego
1778 695 2006 764 reﬁciam
2031 707 2137 744 vos.
2165 686 2286 740 Tol-

696 806 797 858 dite
813 817 1003 873 Jugum
1029 815 1200 859 meum
1228 813 1383 867 super
1412 812 1519 857 vos,
1541 802 1590 847 et
1624 791 1805 846 discite
1837 807 1869 843 a
1891 804 1972 841 me
2001 786 2123 857 quia
2146 782 2284 836 mitis

694 910 825 949 rsum
861 901 907 946 et
932 891 1145 946 humilis
1175 889 1350 952 corde,
1380 897 1427 940 et
1459 883 1725 939 invenietis
1763 880 1988 951 requiem
2013 875 2285 931 animabus

706 986 890 1040 vestris
913 1000 931 1038 :
947 983 1138 1052 jugum
1167 980 1305 1034 enim
1351 992 1522 1031 meum
1558 989 1714 1028 suave
1749 980 1846 1035 est,
1881 978 1926 1023 et
1955 982 2086 1021 onus
2116 978 2287 1017 meum

709 1077 818 1132 leve
845 1075 1058 1143 (Matth.
1099 1088 1185 1134 χι,
1223 1069 1434 1138 25-29).
1485 1066 1719 1122 Joannes
1768 1075 1897 1116 vero
1947 1057 2185 1127 Baptista
2234 1054 2287 1107 in

711 1166 1006 1237 Evangelia
1054 1161 1276 1219 Joannis
1329 1158 1644 1231 prOphetieo
1708 1154 1898 1224 spiritu
1950 1155 2291 1221 .protestatur

713 1234 939 1314 dicens:
973 1253 1077 1320 Qui
1115 1253 1179 1307 de
1215 1250 1341 1306 caelo
1362 1250 1496 1304 venit
1536 1263 1690 1316 super
1730 1258 1905 1298 omnes
1941 1249 2033 1301 est,
2075 1246 2123 1292 et
2153 1234 2290 1307 quod

712 1347 837 1401 vidit
865 1353 913 1399 et
942 1342 1139 1398 audivit
1164 1341 1261 1395 hoc
1288 1348 1529 1402 testatur,
1557 1345 1603 1391 et
1630 1331 1978 1389 testimonium
2008 1327 2121 1397 ejus
2143 1340 2291 1379 nemo

715 1436 926 1506 accipit,
957 1433 1046 1504 qui
1077 1429 1262 1501 accipit
1286 1425 1632 1483 testimonium
1663 1423 1775 1489 ejus
1799 1418 2018 1490 signavit
2045 1416 2293 1487 quoniam

715 1529 859 1583 Deus
908 1540 1066 1580 veras:
1109 1532 1183 1577 est
1223 1519 1418 1591 (ann.
1458 1533 1539 1582 III,
1574 1512 1790 1577 51-35).
1834 1511 2001 1580 Igitur
2033 1515 2294 1577 quantum

716 1617 911 1672 attinet
942 1615 1010 1668 ad
1030 1611 1249 1668 humani
1272 1608 1486 1680 generis
1509 1606 1829 1665 caecitatem,
1860 1600 2017 1669 longa
2046 1597 2293 1665 ignoran—

710 1709 807 1763 tia)
836 1716 892 1762 et
918 1703 1181 1775 superbia
1212 1710 1371 1756 nocte
1400 1704 1765 1758 contractam,‘
1784 1692 1932 1748 venit
1959 1690 2011 1743 in
2036 1685 2294 1743 mundum

714 1801 943 1857 Creator
962 1795 1168 1859 mundi,
1191 1802 1238 1847 et
1268 1789 1494 1845 mundus
1514 1802 1631 1842 eum
1653 1801 1758 1839 non
1783 1780 2016 1852 cognovit
2046 1777 2224 1847 (Joan.
2252 1791 2290 1839 r,

718 1891 829 1959 10).
863 1888 981 1942 Lux
1004 1884 1137 1939 lucet
1165 1883 1221 1936 in
1258 1879 1479 1935 tenebris
1520 1887 1569 1932 et
1610 1873 1833 1929 tenebrae
1871 1885 1986 1926 eam
2024 1884 2126 1921 non
2155 1881 2295 1919 com-

722 2052 871 2142 qnod
895 2068 1028 2124 vidit
1064 2073 1119 2121 et
1159 2063 1363 2119 audivit
1394 2068 1643 2123 testatur,
1690 2065 1745 2111 et
1787 2052 2151 2110 testimonium
2183 2052 2298 2114 ejus

723 2138 887 2220 nemo
916 2158 1130 2230 accipit.
1172 2155 1281 2212 Sed
1315 2153 1441 2224 quia
1476 2166 1582 2206 non
1611 2148 1811 2203 frustra
1836 2146 1980 2201 Deus
2005 2142 2097 2197 Dei
2133 2138 2301 2194 Filius

722 2253 871 2309 venit
899 2252 953 2306 in
977 2248 1259 2311 mundum,
1288 2255 1346 2299 et
1369 2243 1515 2298 dedit
1541 2238 1888 2308 semetipsum
1910 2248 2009 2304 pro
2029 2231 2300 2293 omnibus,

724 2351 782 2398 et
808 2351 929 2413 post
952 2347 1194 2394 mortuus
1217 2344 1321 2399 est,
1348 2349 1454 2386 non
1480 2339 1683 2384 tantum
1719 2342 1812 2396 pro
1837 2334 2003 2395 gente,
2029 2321 2119 2376 sed
2148 2320 2304 2374 etiam

725 2441 785 2486 ut
810 2405 962 2497 -ﬁlios
1006 2427 1104 2482 Dei
1132 2426 1392 2494 dispersos
1427 2424 1759 2490 congregaret
1808 2415 1864 2467 in
1895 2426 2058 2465 unum
2097 2416 2155 2463 et
2189 2405 2309 2459 uni-

622 2582 637 2587 ἱ
726 2520 903 2575 versis
922 2516 1073 2581 dicit,
1095 2514 1275 2570 Venite
1295 2511 1363 2565 ad
1390 2526 1492 2575 me,
1520 2522 1697 2561 omnes
1721 2503 1810 2576 qui
1836 2501 2085 2555 laboratis
2111 2508 2157 2551 et
2186 2513 2309 2550 one-

729 2611 833 2666 rati
862 2610 1007 2672 estis,
1060 2613 1136 2670 et,
1186 2609 1400 2659 servato
1448 2597 1551 2655 sibi
1607 2590 2040 2665 incognoscibilis
2086 2586 2311 2642 arbitrio

731 2691 1034 2763 electionis,
1060 2698 1153 2753 dat
1173 2694 1255 2750 sui
1283 2691 1459 2748 Patris
1486 2687 1731 2744 notitiam
1759 2683 1955 2754 quibus
1982 2694 2100 2735 eam
2126 2677 2313 2732 volne-

727 2792 805 2848 rit
824 2788 1068 2845 revelare
1094 2801 1111 2840 :
1141 2797 1330 2840 omnes
1356 2780 1451 2835 ﬁlii
1489 2776 1642 2839 lucis,
1673 2774 1767 2829 lilii
1793 2769 2186 2844 promissionis,
2218 2765 2313 2820 ﬁlii

730 2881 986 2944 Abrahae,
1011 2876 1105 2931 lilii
1126 2875 1242 2938 Dei,
1265 2887 1432 2943 genus
1451 2869 1703 2930 electum,
1725 2863 1905 2935 regale
1925 2858 2312 2922 sacerdotium,

735 3062 858 3124 Dei,
888 3060 978 3130 qui
1005 3072 1100 3112 eos
1128 3054 1340 3110 vocavit
1368 3067 1473 3107 non
1501 3049 1671 3105 solum
1705 3062 1771 3102 ex
1794 3043 2015 3106 Judaais,
2036 3040 2130 3097 sed
2152 3040 2315 3095 etiam

729 3169 806 3209 ex
837 3125 1087 3222 gentibus
1121 3144 1294 3216 (Rom.
1322 3157 1400 3206 Ix,
1430 3139 1547 3209 24),
1575 3125 1939 3193 testimonium
1976 3129 2093 3199 ejus
2122 3128 2214 3199 qui
2253 3128 2320 3182 de

738 3241 881 3298 caelo
908 3237 1055 3292 venit
1081 3234 1370 3303 accipiunt,
1400 3229 1675 3301 signantes
1698 3225 1824 3295 quia
1846 3224 1990 3278 Deus
2013 3235 2179 3275 verax
2214 3226 2318 3282 est,

2364 1042 2367 1047 ”
2388 1052 2607 1115 peratus
2626 1048 2728 1097 est.

1497 2009 1512 2024 .
1596 1966 1698 2033 Qui
1759 1978 1922 2034 super
1976 1974 2165 2016 omnes
2217 1966 2298 2011 est
2329 1945 2581 2007 BJesnm

2389 681 2675 738 scrutanda
2706 686 2720 732 ’:
2752 691 2872 747 quae
2911 682 3093 729 autem
3147 656 3426 723 manifesta
3475 662 3620 727 fecit,
3661 678 3745 716 non
3774 676 3852 717 sunt

2389 770 2654 843 neganda.
2686 787 2706 823 ι
2749 768 2817 821 Et
2856 767 2983 820 item
3014 764 3152 833 (cap.
3187 757 3327 827 eod.)
3355 774 3370 810 :
3400 774 3418 806 ι
3443 754 3569 809 Cum
3594 754 3745 823 utique
3768 769 3853 808 eou-

2362 842 2478 919 ‘traf
2506 863 2715 916 hostem
2755 872 2861 912 non
2893 852 3109 922 espedit
3142 849 3258 905 sine
3288 852 3585 916 protectore
3614 842 3853 912 conﬂigere:

2390 968 2511 1009 cum
2539 950 2631 1006 illo
2658 947 2800 1003 enim
2830 945 2991 1000 habet
3027 949 3331 999 certamen,
3365 952 3395 990 a
3420 948 3522 1004 quo
3548 932 3781 1002 aliquando
3799 948 3856 986 su-

2780 1037 2895 1092 Non
2928 1050 3057 1106 ergo
3082 1032 3214 1087 ﬁdat
3247 1028 3453 1083 viribus
3478 1027 3598 1090 suis,
3625 1040 3722 1092 qua
3752 1025 3858 1077 etiam

2393 1113 2514 1191 cum
2554 1139 2735 1188 essent
2771 1128 2994 1198 integra:
3032 1138 3138 1178 non
3181 1125 3464 1181 steterunt,
3517 1114 3604 1169 sed
3652 1114 3732 1183 per
3764 1113 3857 1167 illum

2393 1233 2599 1295 quaerat
2629 1218 2939 1280 vindictam,
2976 1214 3067 1285 qui
3096 1210 3242 1267 solus
3274 1224 3381 1262 non
3411 1213 3492 1260 est
3518 1204 3670 1258 victus
3690 1210 3731 1256 et
3746 1202 3857 1255 omni-

2393 1290 2494 1370 bus
2525 1312 2651 1366 vicit
2678 1329 2691 1363 :
2717 1318 2771 1364 et
2795 1308 2841 1363 si
2867 1305 3079 1376 quierit,
3106 1317 3230 1377 non
3280 1296 3488 1353 dubitet
3524 1293 3751 1364 quzerendi
3780 1290 3855 1344 alie

2395 1414 2541 1460 ctum
2580 1402 2646 1456 ab
2686 1399 2774 1453 illo
2813 1412 2872 1452 se
2903 1393 3176 1464 accepisse
3214 1402 3374 1459 quem
3420 1384 3617 1455 quaerit,
3670 1396 3748 1435 nec
3781 1383 3854 1448 quia

2397 1493 2600 1564 Spiritu
2624 1490 2713 1543 Dei
2746 1487 2941 1557 agitur,
2974 1485 3094 1539 ideo
3135 1495 3194 1536 se
3230 1485 3387 1549 putet
3422 1473 3635 1529 iibernm
3667 1473 3853 1524 arbitrium

2396 1557 2502 1639 non
2531 1580 2753 1641 habere,
2798 1575 2942 1646 quod
2978 1587 3044 1627 ne
3072 1580 3200 1624 tunc
3243 1565 3459 1636 quidem
3501 1560 3703 1632 perdidit
3722 1557 3856 1628 quando

2397 1671 2595 1731 diaboli
2623 1668 2882 1724 voluntati
2910 1681 2968 1719 se
2989 1662 3158 1725 dedit,
3188 1675 3219 1713 a
3254 1673 3364 1729 quo
3385 1654 3630 1724 judicium
3664 1649 3853 1705 voluntas

2397 1767 2748 1834 depravatum
2776 1769 2880 1822 est,
2906 1768 3013 1810 non
3037 1751 3295 1807 ablatum.
3326 1769 3345 1801 ι
3402 1746 3470 1800 Et
3496 1745 3613 1799 item
3640 1743 3687 1797 in
3709 1738 3854 1795 sewndo

2366 1832 2538 1912 οιίιένο
2580 1854 2717 1928 (cap.
2756 1850 2928 1922 16):.
2966 1846 3119 1901 Nulla
3161 1844 3325 1915 igitur
3371 1839 3508 1893 ratio
3547 1832 3767 1898 dubitandi
3797 1840 3853 1887 est

2633 1945 2906 2002 Christum
2954 1938 3240 1995 Dominum
3285 1941 3530 1988 nostrum
3571 1942 3657 2000 pro
3686 1924 3854 1995 impiiset

2402 2224 2671 2279 Christus.
2733 2216 2840 2272 Sed
2891 2227 3111 2285 prorsus
3151 2224 3251 2280 pro
3294 2205 3544 2261 omnibus
3582 2207 3772 2254 mortuus
3801 2202 3856 2246 es.

2405 2314 2574 2370 Nemo
2608 2311 2774 2382 igitur
2797 2284 3034 2362 omnium
3072 2300 3380 2363 hominum,
3428 2303 3548 2348 ante
3590 2284 3856 2345 reconciliatio-

2407 2419 2531 2462 nem
2559 2379 2678 2472 qua:
2708 2414 2805 2471 per
2826 2394 3028 2464 Christi
3056 2388 3379 2460 sanguinem
3413 2383 3547 2439 facta
3589 2387 3677 2443 est,
3711 2390 3783 2429 non
3809 2379 3855 2423 ut

2407 2462 2659 2566 peccaiOr
2688 2462 2779 2544 aut
2799 2462 2996 2556 impius
3021 2482 3140 2545 fuit,
3175 2479 3394 2535 dicente
3416 2471 3651 2543 Apostolo
3675 2485 3687 2519 :
3713 2463 3753 2519 Si
3782 2462 3855 2513 eris

2410 2559 2671 2643 Christus,
2717 2592 2835 2631 cum
2868 2573 3040 2628 adhuc
3066 2568 3262 2638 inﬁmi
3305 2575 3549 2624 essemus,
3585 2559 3712 2629 juxta
3742 2563 3855 2615 templs

2409 2691 2502 2747 pro
2524 2671 2695 2742 impiis
2722 2674 2958 2722 mortuus
2983 2670 3078 2725 est,
3104 2660 3191 2714 vim
3214 2657 3355 2711 enim
3377 2669 3470 2723 pro
3493 2652 3626 2721 justo
3661 2645 3746 2715 quis
3770 2653 3858 2690 nort-

2414 2734 2539 2823 iur:
2566 2734 2687 2833 nam
2717 2778 2811 2833 pro
2841 2760 2972 2813 bono
2994 2754 3221 2826 forsitan
3247 2751 3366 2821 quis
3412 2746 3592 2802 audeat
3626 2740 3729 2795 mari
3759 2734 3854 2803 (lion-

2413 2877 2467 2924 v,
2496 2861 2552 2923 6,
2593 2826 2671 2927 'l),
2703 2822 2762 2910 ut
2787 2862 2843 2909 et
2870 2851 2967 2923 qui
2992 2822 3180 2904 vivunt
3203 2847 3321 2916 jam
3348 2859 3455 2897 non
3501 2838 3594 2895 sibi
3631 2835 3779 2891 vivant,
3810 2822 3857 2876 sed

2382 2952 2465 3007 ei
2519 2950 2611 3021 qui
2668 2961 2765 3018 pro
2818 2943 2955 3014 ipsis
3002 2948 3245 2996 mortuus
3289 2946 3396 2992 est.
3443 2925 3730 2987 Commendat
3764 2928 3858 2971 at!!!

2415 3057 2566 3098 suam
2595 3034 2900 3093 charita’tem
2927 3033 3070 3087 Deus
3102 3029 3156 3084 in
3180 3027 3350 3093 nobis,
3382 3024 3613 3098 quoniam
3646 3018 3683 3071 si
3712 3028 3790 3068 cum
3814 3006 3861 3057 δέ’

2418 3136 2521 3190 huc
2543 3138 2835 3203 peccatores
2869 3139 3096 3180 essemus
3140 3119 3384 3175 Christus
3433 3130 3524 3187 pro
3568 3109 3689 3165 nobis
3721 3108 3860 3203 monti:

2422 3233 2521 3289 est,
2543 3182 2737 3274 rmulto
2768 3218 2935 3288 magis
2964 3212 3248 3282 jastiﬁcati
3286 3209 3345 3262 in
3377 3182 3616 3276 sanguine
3644 3197 3764 3267 ipsis:
3791 3182 3865 3243 ubi

740 3283 880 3298 vw'v
920 3283 1055 3292 'v'--'
1082 3283 1370 3303 —-"r—"VV"
1402 3283 1419 3285 ἠ
1450 3283 1480 3301 υ
1716 3283 1733 3295 ⁸
2506 3283 2517 3289 ⁷

738 3332 798 3387 id
823 3339 928 3394 est,
962 3338 1217 3396 expresse
1250 3318 1616 3392 significantes
1646 3317 1699 3369 in
1728 3313 1812 3369 sni
1841 3311 2157 3373 salvatione,
2186 3324 2320 3378 quo—
2346 3286 2391 3349 C
2422 3313 2614 3369 erimus
2642 3309 2710 3362 ab
2751 3308 2833 3362 ενα
2858 3283 2953 3376 ᾖεν
2972 3305 3162 3373 imum,
3201 3296 3265 3354 si
3290 3298 3431 3351 enim
3466 3309 3575 3348 cum
3615 3283 3762 3341 inimici
3786 3290 3858 3329 as-

3179 3392 3208 3396 —
3559 3392 3568 3396 -
3678 3372 3765 3396 nm:
3791 3367 3848 3396 ,ἱιι

745 3422 892 3479 niam
944 3418 1085 3472 Deus
1116 3427 1277 3468 verax
1323 3418 1426 3475 est,
1490 3406 1717 3477 impleas
1755 3412 1810 3459 et
1847 3400 2132 3473 perliciens
2177 3396 2321 3467 quod

740 3509 992 3583 promisit
1032 3504 1265 3560 Abrahae
1307 3499 1547 3556 omnium
1587 3495 1826 3568 gentium
1867 3491 2038 3563 patri,
2069 3489 2159 3559 qui
2201 3488 2319 3558 pol-

744 3582 943 3658 licente
971 3598 1083 3651 Deo
1110 3595 1254 3666 quod
1280 3593 1456 3647 haeres
1502 3587 1716 3643 iuturus
1761 3592 1906 3640 esset
1944 3582 2170 3645 mundi,
2221 3596 2324 3634 non

720 3693 1001 3756 «amitam
1043 3686 1349 3760 diﬂidentia,
1388 3683 1477 3739 sed
1502 3680 1851 3751 confortatus
1898 3687 1973 3732 est
2021 3675 2145 3745 ﬁde,
2192 3674 2325 3728 dans

744 3783 971 3858 gloriam
1002 3780 1131 3844 Deo,
1159 3786 1205 3833 et
1231 3774 1525 3847 plenissime
1552 3772 1739 3835 sciens,
1767 3769 2015 3840 quoniam
2041 3765 2180 3837 quod
2208 3781 2328 3834 pro-

720 3855 889 3929 »inisit
924 3877 1216 3942 potensest
1249 3878 1296 3921 et
1330 3865 1501 3935 facere
1531 3861 1707 3934 (Rom.
1733 3874 1804 3924 ιν,
1837 3858 1950 3929 20).
1980 3855 2113 3924 Quis
2146 3864 2327 3909 autem

717 3976 862 4020 «tam
889 3963 1095 4018 alienus
1123 3968 1207 4014 est
1238 3966 1271 4013 'a
1301 3957 1404 4012 (ide
1430 3953 1680 4017 Abrahae,
1713 3959 1821 4005 tam
1852 3948 2085 4018 degener
2122 3946 2191 4001 ab
2217 3945 2334 4000 uni-

720 4069 1032 4111 -versarum
1060 4051 1300 4123 gentium
1328 4058 1504 4119 patre,
1530 4044 1633 4117 qui.
1655 4041 2066 4115 promissionem
2103 4046 2196 4093 aut
2222 4051 2331 4091 non

752 4146 985 4219 impleri,
1016 4152 1107 4199 aut
1152 4144 1219 4198 ab
1262 4141 1367 4196 alio
1397 4146 1592 4210 praeter
1622 4151 1746 4192 eum
1784 4133 1874 4203 qui
1913 4131 2163 4219 promisit
2190 4129 2337 4182 dicat

756 4234 999 4305 impleri?
1027 4232 1118 4287 Ille
1146 4230 1362 4301 quidem
1384 4205 1771 4288 erittmendax,
1801 4222 1941 4276 Deus
1968 4205 2149 4274 autem
2172 4232 2337 4272 verax

752 4338 809 4380 et
837 4324 1015 4379 omnis
1035 4326 1127 4392 qui
1150 4320 1346 4389 accipit
1370 4316 1735 4373 testimonium
1755 4311 1872 4382 ejus
1893 4312 1996 4366 hoc
2015 4311 2209 4381 signat,
2236 4309 2338 4363 hoc

2393 4158 2398 4168 -
2434 4128 2643 4197 dignus,
2674 4123 2798 4194 quia
2836 4118 3074 4176 Christus
3118 4106 3273 4173 Jesus

2392 4246 2399 4250 -
2435 4224 2728 4288 peccatores
2752 4211 2922 4267 salvos
2950 4208 3142 4279 facere,
3165 4220 3390 4278 quorum
3410 4202 3597 4273 primus
3614 4208 3689 4264 ego
3703 4199 3792 4242 sull-

2387 3426 2391 3431 ’
2423 3421 2561 3467 mus,
2597 3372 2915 3456 reconciliati
2943 3372 3123 3451 sumus
3168 3392 3280 3447 Deo
3318 3404 3414 3460 per
3442 3392 3640 3440 mortem
3671 3372 3858 3467 Filii‘tif.

2422 3456 2588 3551 multo
2610 3492 2776 3561 magis
2808 3488 2936 3545 salvi
2957 3486 3150 3543 erimus
3185 3484 3241 3536 in
3282 3456 3389 3536 vita
3425 3477 3581 3549 ipsius
3616 3456 3859 3561 (ibid-3349i

2594 3546 2772 3636 autem
2790 3576 3076 3648 Apostolus
3111 3575 3166 3630 in
3189 3570 3425 3628 secunda
3447 3546 3522 3621 ad
3546 3555 3785 3619 Corinthios
3799 3546 3859 3600 ait:

2427 3674 2671 3731 Charitas
2704 3673 2839 3727 enim
2873 3667 3069 3724 Christi
3096 3673 3241 3736 urget
3267 3679 3387 3727 nos,
3404 3658 3677 3732 iudicantes
3699 3649 3861 3707 horum

2429 3766 2570 3820 niam
2602 3764 2646 3817 si
2685 3777 2820 3816 unus
2851 3776 2945 3831 pro
2985 3757 3224 3813 omnibus
3260 3760 3498 3807 mortuus
3526 3754 3612 3810 est,
3650 3753 3741 3808 cr90
3768 3738 3865 3784 θωπί

2430 3854 2624 3910 mortui
2649 3860 2791 3915 sunt,
2819 3827 2867 3904 et
2901 3864 2993 3920 pro
3020 3844 3258 3901 omnibus
3278 3850 3517 3896 mortuus
3543 3841 3629 3895 est,
3663 3836 3702 3882 et

2430 3905 2618 4015 (II
2656 3905 2790 3996 Cor:
2820 3954 2874 4005 v,
2901 3905 3029 4010 'M).
3062 3936 3139 3991 De
3163 3935 3342 4003 seipso
3384 3944 3512 3986 vero
3535 3922 3648 3997 quid

2433 3999 2716 4093 audiamus
2745 4050 2759 4086 :
2792 3999 3015 4094 Fidelis,
3041 3999 3459 4098 inquit,—sermo,
3484 4028 3529 4075 et
3555 4012 3676 4071 omni
3690 3999 3866 4098 αεαρεξσιί

3315 4114 3449 4169 venit
3496 4112 3547 4163 in
3582 4106 3694 4160 hunc
3721 4088 3866 4169 Μιάβ

3812 4166 3866 4229 Sel

2437 4267 2545 4288 Γπ*
2683 4267 2688 4268 ν
2950 4267 2962 4279 ι
3131 4267 3140 4272 -
3177 4267 3189 4278 .
3410 4267 3418 4273 .

2437 4307 2554 4362 ideo
2578 4301 2991 4360 misericordiam
3028 4304 3332 4352 consecutus
3373 4307 3506 4356 sum,
3544 4296 3596 4340 ut
3624 4284 3672 4336 in
3698 4290 3755 4330 me

754 4354 809 4380 Ul-
837 4354 1015 4379 unum:
1035 4354 1127 4392 ιιιιι
1150 4354 1346 4389 anule":
1372 4354 1735 4373 ιυδιιιιινιιιυιιι-
1756 4354 1872 4382 νδυυ
1895 4354 1996 4366 “vv
2015 4354 2057 4366 ν-
2102 4354 2209 4373 ...η⁷
2236 4354 2337 4363 ..νυ
2439 4354 2548 4362 η.--
2580 4354 2721 4360 πη---
2740 4354 2773 4356 π
2792 4354 2827 4356 ,ν

754 4420 984 4480 indicat,
1034 4413 1178 4484 quod
1219 4427 1317 4481 per
1343 4410 1540 4464 'lncem
1593 4405 1984 4461 illuminantem
2035 4354 2211 4455 factus
2257 4407 2341 4453 est
2398 4432 2405 4446 σ
2441 4395 2729 4451 ostenderet
2756 4391 2997 4447 Christus
3033 4387 3190 4442 Iesus
3221 4399 3424 4440 omnem
3468 4354 3739 4450 patientiam.
3764 4359 3806 4413 εδ
3828 4354 3866 4403 ί¹⁴

3144 4481 3153 4484 -
3304 4477 3333 4484 ..
3432 4476 3443 4484 .
3582 4478 3592 4484 .
3633 4463 3693 4484 2H:
3720 4459 3758 4484 ἐ..
3785 4448 3866 4484 ..ἐπι

754 4448 984 4480 ιιιυιυιιι,
1034 4448 1178 4484 ιμιυυ
1221 4448 1307 4481 PU-
1363 4448 1540 4464 ιιιινιιι
1593 4448 1984 4461 ι-ιυ--ι--η--ι-σ*
2035 4448 2209 4455 -.ς-ν..-
2262 4448 2341 4453 τ--
2448 4448 2537 4451 ν-.-

739 4509 968 4569 videns,
1012 4504 1188 4557 factus
1227 4508 1311 4553 est
1339 4497 1615 4558 obediens,
1642 4494 1819 4548 factus
1852 4490 2177 4560 intelligens,
2202 4489 2344 4545 sicut
2400 4526 2401 4531 η
2445 4489 2813 4558 [amationem
2839 4498 3021 4539 eorum
3064 4481 3154 4552 qui
3195 4476 3443 4533 credituri
3469 4448 3594 4527 sunt
3629 4463 3693 4519 illi
3720 4459 3759 4510 in
3785 4448 3866 4501 Nm

3381 4567 3388 4569 Α
3480 4563 3529 4569 ..-
3700 4567 3710 4569 μ
3741 4546 3866 4569 ,Σηπίαν

744 4600 998 4654 Joannes
1040 4589 1371 4659 evangelista
1421 4594 1649 4642 testatur
1695 4585 1925 4639 dicens:
1969 4580 2175 4637 Scimus
2219 4579 2342 4651 quia

2446 4546 2693 4635 irternam
2722 4574 2770 4644 (ι
2816 4574 2951 4628 Tim.
2991 4588 3030 4637 ι,
3073 4546 3142 4626 i5
3167 4579 3216 4624 et
3235 4567 3421 4640 seqq.).
3477 4563 3594 4618 Sive
3616 4567 3717 4624 θτεο
3738 4546 3866 4644 ei"?

2446 4624 2555 4635 ““’““”
2572 4624 2691 4632 ’“’“”’
2726 4624 2766 4644 1-
2817 4624 2842 4628 ⁷
2861 4624 2949 4628 ""‘
2992 4624 3030 4637 '1
3081 4624 3097 4626 ν
3117 4624 3131 4626 -
3304 4624 3316 4640 ι
3335 4624 3347 4639 ι
3382 4624 3392 4637 ,

2445 4670 2600 4735 cisio,
2640 4668 2753 4723 sive
2774 4664 3117 4735 praputium,
3148 4668 3371 4731 peccato
3401 4646 3729 4711 univet'Saliler
3747 4624 3866 4722 condi

2403 4778 2407 4799 τ
2446 4761 2693 4822 debatur,
2722 4769 2968 4826 unusque
2996 4725 3183 4810 omnes
3213 4759 3393 4805 reatus
3431 4738 3756 4826 obstrinxerat:
3777 4725 3866 4826 ei:

2448 4806 2693 4822 ..νπηη
2726 4806 2963 4826 --η-Ἰ---

2402 4879 2407 4883 ο
2449 4865 2532 4909 ter
2572 4852 2743 4922 magis
2782 4849 3071 4916 minusque
3119 4844 3313 4912 impios
3368 4853 3520 4894 nemo
3558 4837 3659 4887 erat
3690 4806 3866 4922 (ιυξροεῗ

2449 4949 2650 5015 absque
2677 4940 2878 4997 Christi
2909 4935 3277 5006 redemptione
3297 4928 3510 4988 salvari.
3534 4954 3540 4960 ε
3562 4922 3671 4988 Qum

2450 4993 2705 5091 universo
2723 5030 2886 5100 272
2910 5043 3030 5083 sese
3060 4993 3238 5081 intulit
3263 5012 3478 5083 mundo,
3498 5023 3552 5071 et
3567 5005 3765 5100 omnii)":
3780 4993 3866 5100 WA“

2408 5162 2413 5169 -
2451 5127 2609 5181 nibus
2647 5070 3015 5177 indignanter
3065 5115 3318 5185 innotuit.
3341 5132 3358 5165 ι
3410 5109 3475 5163 Et
3504 5109 3664 5161 contra
3682 5070 3866 5190 Gali”:

2450 5218 2682 5264 ἰομιὶηηε
2717 5228 2854 5264 nona
2881 5229 2894 5262 ε
2933 5229 2952 5260 ς
2981 5208 3169 5262 Nullus
3190 5206 3421 5258 'nmninn
3445 5205 3523 5252 est
3548 5209 3608 5244 Pl

750 4690 988 4744 artandas
1029 4695 1167 4740 totus
1206 4684 1261 4737 in
1295 4680 1525 4751 maligno
1550 4677 1748 4748 positus
1774 4683 1868 4738 est,
1904 4683 1950 4728 et
1979 4674 2173 4728 scimus
2215 4671 2340 4741 quia

768 4780 816 4833 F
821 4779 944 4834 ilius
960 4777 1118 4846 27],
1153 4774 1248 4827 Dei
1266 4774 1482 4836 venit,et
1504 4768 1645 4822 dedit
1672 4765 1818 4819 nobis
1838 4780 2045 4846 sensum
2070 4773 2125 4817 ut
2149 4779 2340 4833 cogno-

746 4886 973 4926 scamus
1008 4882 1187 4922 verum
1226 4863 1414 4927 Deum,
1457 4869 1506 4915 et
1552 4859 1713 4913 simus
1747 4856 1801 4911 in
1832 4871 1949 4910 vero
1972 4844 2094 4923 iﬁlio
2127 4854 2242 4925 ejus
2278 4853 2339 4923 (I

766 4965 929 5018 Joan.
970 4959 1161 5031 v.19).
1210 4953 1363 5028 (Cap.
1393 4951 1507 5018 2|.)
1544 4949 1601 5004 Si
1631 4963 1759 5003 vero
1796 4946 2056 5016 quaeritur
2082 4961 2179 4999 cur
2224 4944 2343 4997 Sal-

762 5066 924 5113 vator
947 5053 1189 5109 omnium
1218 5046 1495 5104 hominum
1530 5057 1637 5098 non
1669 5040 1921 5096 omnibus
1945 5038 2153 5093 dederit
2177 5052 2342 5091 unum

766 5159 1010 5207 sensum,
1040 5148 1099 5195 nt
1128 5141 1513 5207 cognoscerent
1537 5146 1723 5186 verum
1753 5129 1942 5192 Deum,
1975 5136 2035 5182 et‘
2064 5135 2263 5190 essent,
2292 5126 2344 5178 id

832 5245 842 5252 ⁸
1141 5242 1150 5246 ’
1266 5234 1277 5242 ⁸
1328 5224 1339 5236 ”
1373 5243 1378 5252 ⁸
1420 5237 1546 5250 “¹“““’“
1574 5219 1743 5258 νίκη·
1777 5216 2024 5266 utramvis
2064 5216 2348 5260 nmdmnnc
