3992 6336
108 337 217 397 537

879 336 967 394 DE
1004 335 1676 394 PRE‘DESTINATIONE
1711 333 2169 393 DISSERTATIO
2204 334 2611 393 POSTERIOR.

3284 326 3394 381 558

121 454 337 508 tierent.
391 447 556 505 Sicutz
583 449 767 520 itaque
800 464 906 504 non
952 449 1145 505 suﬂicit
1182 451 1455 505 hominum
1489 464 1714 504 renova-
1743 451 1790 507 Α
1821 446 2013 502 vulnus
2051 447 2331 519 originalis
2379 445 2607 517 peccati,
2665 458 2771 514 quo
2820 442 2874 496 in
2930 440 3099 495 Adam
3147 437 3391 493 omnium

128 540 254 596 tioni
284 546 477 593 natum
506 553 631 593 esse
658 537 929 591 hominem
956 536 1139 592 Iesum
1165 537 1463 603 Christum,
1507 539 1609 593 nisi
1658 539 1712 592 in

130 635 240 699 ipso
272 630 469 684 eodem
497 630 566 683 de
592 643 699 698 quo
730 628 846 698 ipse
867 636 1019 683 ortus
1052 612 1136 683 est
1178 630 1369 699 spiritu
1419 642 1712 685 renascan-

132 732 233 783 tur,
286 720 368 773 sic
411 733 517 771 non
565 716 758 771 suﬂicit
799 717 1076 771 hominum
1121 716 1474 787 redemptioni
1501 718 1717 773 cruciﬁ-

133 825 252 866 xum
290 823 419 864 esse
447 808 730 863 Dominum
764 805 946 862 Jesum
985 805 1282 872 Christum,
1326 808 1429 862 nisi
1481 823 1717 863 commo-

128 906 343 959 riaotur
383 910 440 956 et
470 899 906 970 consepeliantur
934 899 987 953 in
1017 900 1306 968 baptismo.
1343 900 1553 968 Alioqui
1588 911 1715 953 nato

129 993 417 1047 Salvatore
452 990 506 1043 in
546 1003 710 1043 carne
748 988 1062 1042 substantia:
1095 997 1317 1051 nostrae,
1362 996 1417 1041 et
1457 988 1717 1042 cruciﬁxo

123 1098 222 1153 pro
244 1081 507 1135 omnibus
534 1080 713 1140 nobis,
747 1095 853 1134 non
886 1078 1062 1133 fuerat
1091 1080 1460 1133 necessarium
1483 1088 1541 1133 ut
1563 1094 1718 1132 rena-

122 1187 437 1228 sceremur.
479 1178 535 1224 et
574 1169 910 1225 similitudini
954 1169 1144 1225 mortis
1172 1167 1289 1236 ejus
1328 1169 1718 1237 complantare—

118 1278 269 1317 mur.
323 1260 436 1315 Sed
495 1276 621 1315 cum
673 1261 789 1315 sine
833 1260 938 1314 hoc
984 1268 1328 1314 sacramento
1359 1274 1518 1314 nemo
1545 1259 1719 1314 homi-

120 1368 257 1406 num
281 1360 657 1419 consequatur
686 1350 851 1404 vitam
876 1357 1156 1412 aeternam,
1196 1365 1302 1403 non
1349 1358 1432 1405 est
1480 1350 1719 1406 salvatus

115 1457 288 1495 cruce
326 1439 558 1502 Christi,
592 1441 683 1510 qui
732 1455 838 1494 non
882 1447 967 1495 est
1012 1439 1307 1497 crucifixus
1352 1442 1404 1495 in
1452 1440 1713 1498 Christo:

113 1547 228 1586 non
258 1540 354 1587 est
391 1540 572 1585 autem
597 1530 889 1585 cruciﬁxus
931 1530 983 1585 in
1034 1530 1271 1596 Christo,
1322 1532 1414 1601 qui
1469 1547 1573 1587 non
1637 1541 1721 1586 est

112 1622 439 1677 munhrum
466 1622 710 1691 corporis
734 1620 933 1677 Christi
966 1640 981 1677 :
1014 1637 1114 1677 nec
1142 1630 1225 1678 est
1263 1623 1563 1677 membrum
1593 1637 1718 1678 (εον-

116 1712 269 1782 poris
308 1710 540 1773 Christi,
572 1711 661 1780 qui
702 1727 808 1766 non
850 1727 947 1782 per
973 1726 1171 1782 aquam
1207 1721 1263 1766 et
1297 1711 1555 1781 Spiritum
1595 1728 1721 1768 san-

1817 537 2093 592 hominum
2122 546 2374 607 corrupta
2402 546 2456 591 et
2482 534 2803 589 mortiﬁcata
2830 540 3019 585 natura
3046 537 3149 592 est,
3170 536 3227 584 et
3252 527 3392 580 unde

1815 627 2054 682 omnium
2085 626 2644 696 concupiscentiarum
2684 623 2902 679 morbus
2933 620 3172 686 inolevit,
3200 634 3393 673 verum

1817 729 1872 774 et
1896 729 2086 790 potens
2111 735 2176 775 ac
2216 720 2487 791 singulare
2537 717 2834 772 remedium
2864 730 3009 769 mors
3039 713 3159 767 Filii
3188 712 3265 767 De
3292 711 3392 765 do-

1817 812 1949 866 mini
1974 812 2141 867 nosu-i
2164 811 2290 867 .Iesu
2313 810 2533 875 Christi,
2563 809 2655 879 qui
2676 808 2812 861 liber
2840 822 2868 860 a
2892 806 3082 861 mortis
3106 804 3309 867 debito,
3340 811 3399 857 et

1818 901 1967 955 solus
2014 902 2218 971 absque
2243 908 2484 970 peccato,
2513 913 2610 969 pro
2640 894 3013 967 peccatoribus
3039 901 3095 947 et
3132 889 3393 946 debitori-

1817 992 1920 1047 bus
1947 992 2138 1047 mortis
2156 999 2239 1046 est
2262 998 2526 1045 mortuus.
2552 987 2704 1055 Quod
2724 1000 2854 1056 ergo
2875 984 2942 1038 ad
2966 981 3392 1053 magnitudinem

1817 1092 1874 1137 et
1911 1084 2206 1152 potentiam
2236 1082 2420 1152 pretii,
2444 1088 2500 1135 et
2523 1079 2666 1151 quod
2702 1077 2767 1131 ad
2799 1090 2960 1130 unam
3001 1073 3235 1145 pertinet
3260 1086 3395 1126 cau-

1818 1187 1934 1226 sam
1977 1171 2192 1243 generis
2221 1171 2465 1234 humani,
2491 1168 2710 1240 sanguis
2755 1165 2956 1220 Christi
2995 1161 3301 1231 redemptio
3316 1169 3402 1215 est

1819 1262 1985 1316 totius
2021 1261 2226 1317 mundi.
2253 1261 2361 1317 Sed
2391 1261 2481 1331 qui
2524 1260 2629 1314 hoc
2673 1257 2930 1313 szeculum
2963 1256 3081 1311 sine
3111 1253 3216 1310 iide
3240 1251 3401 1307 Chri-

1821 1352 1910 1416 sti,
1936 1362 1993 1406 et
2020 1352 2140 1407 sine
2170 1350 2594 1422 regenerationis
2619 1355 2959 1404 sacramento
2982 1352 3363 1415 pertranseunt
3384 1383 3411 1407 μ

1822 1456 1851 1494 a
1885 1442 2250 1513 redemptione
2270 1441 2428 1498 alieni
2454 1448 2599 1495 sunt.
2624 1439 2757 1494 Cum
2775 1440 2976 1507 itaque,
2993 1444 3215 1508 propter
3234 1450 3396 1490 unam

1821 1532 2059 1586 omnium
2114 1542 2364 1586 naturam
2408 1547 2437 1585 a
2466 1530 2693 1584 Domino
2722 1539 2906 1584 nostro
2939 1529 2990 1581 in
3022 1526 3250 1581 veritate
3280 1540 3400 1579 sus-

1821 1631 2063 1694 ceptam,
2105 1630 2247 1680 recte
2271 1639 2465 1679 omnes
2492 1622 2741 1678 dicantur
2764 1619 3049 1689 redempti,
3084 1626 3263 1673 tamen
3291 1633 3397 1670 non

1821 1730 2014 1770 omnes
2040 1730 2069 1768 a
2091 1715 2402 1785 captivitate
2424 1715 2530 1770 sint
2553 1714 2713 1776 eruti,
2749 1711 3134 1782 redemptionis
3156 1709 3401 1781 proprie-

118 1811 269 1855 ctum
298 1801 489 1855 induit
514 1800 813 1866 Christum,
841 1801 935 1871 qui
961 1801 1081 1856 ideo
1102 1802 1157 1855 in
1189 1801 1509 1857 infirmitate
1531 1812 1713 1867 nostra
1747 1794 1792 1853 Β
1822 1814 1904 1858 tas
1934 1804 2076 1859 haud
2115 1804 2275 1859 duhie
2302 1820 2465 1876 penes
2516 1805 2636 1859 illos
2677 1813 2782 1868 est,
2831 1803 2895 1857 de
2925 1801 3121 1871 quibus
3145 1800 3401 1869 princeps

121 1895 576 1949 communionem
605 1893 769 1948 subiit
798 1893 1011 1958 mortis,
1038 1902 1117 1960 ut
1135 1908 1237 1948 nos
1266 1894 1318 1949 in
1364 1894 1564 1948 virtute
1603 1893 1721 1962 ejus

121 1984 463 2038 haberemus
491 1984 821 2038 consortium
864 1982 1298 2038 resurrectionis.
1353 1981 1489 2038 Cum
1537 1984 1721 2053 itaque

118 2074 441 2129 rectissime
477 2073 686 2128 dicatur
706 2072 958 2128 Salvator
983 2087 1081 2142 pro
1109 2073 1272 2127 totius
1300 2073 1481 2128 mundi
1512 2074 1721 2127 redem-

118 2164 315 2234 ptione
359 2163 653 2219 cruciﬁxus
682 2204 697 2229 ,
742 2172 964 2234 propter
1000 2179 1184 2219 veram
1225 2164 1481 2218 humanm
1518 2171 1722 2218 natura:

111 2258 562 2327 susceptionem,
611 2263 668 2311 et
702 2263 926 2326 propter
959 2269 1301 2311 communem
1330 2256 1384 2310 in
1425 2255 1599 2326 primo
1628 2256 1724 2311 ho-

110 2349 273 2402 mine
306 2346 557 2403 omnium
600 2346 985 2416 perditionem,
1027 2354 1208 2416 potest
1253 2354 1431 2402 tamen
1475 2347 1579 2402 dici
1624 2363 1722 2418 pro

111 2439 209 2494 his
231 2448 456 2493 tantum
482 2437 794 2501 cruciﬁxus,
839 2438 1035 2507 quibus
1082 2453 1230 2494 mors
1279 2438 1445 2509 ipsius
1498 2440 1718 2509 profuit.

115 2529 280 2584 Dixit
327 2529 476 2583 enim
523 2528 862 2599 Evangelista
917 2529 1044 2598 quia
1082 2529 1238 2584 Iesus
1285 2530 1571 2583 moriturus
1610 2537 1723 2583 erat

115 2634 219 2688 pro
254 2629 438 2689 gente,
470 2633 573 2671 non
612 2628 813 2672 tantum
856 2635 951 2689 pro
994 2628 1163 2689 gente,
1204 2618 1293 2673 sed
1325 2621 1482 2673 etiam
1507 2628 1561 2672 ut
1584 2618 1722 2688 filios

132 2708 223 2763 Dei
244 2710 521 2778 dispersos
543 2718 875 2779 congregaret
904 2709 958 2762 in
988 2725 1150 2763 unum
1180 2707 1360 2780 (Joan.
1388 2726 1463 2775 xl,
1486 2709 1545 2765 5i
1562 2749 1578 2775 ,
1605 2709 1718 2779 52),.

132 2798 192 2853 In
215 2814 326 2853 sua
356 2799 501 2853 enim
525 2799 678 2864 venit,
706 2808 754 2853 et
788 2799 870 2853 sui
908 2816 1026 2854 eum
1061 2816 1165 2854 non
1210 2812 1549 2871 receperunt:
1572 2812 1724 2873 quot-

131 2898 253 2958 quot
287 2897 469 2942 autem
495 2899 793 2959 receperunt
818 2907 956 2957 eum,
986 2890 1127 2945 dedit
1155 2891 1227 2945 eis
1258 2902 1561 2961 potestatem
1582 2894 1723 2961 ﬁlios

132 2980 226 3035 Dei
251 2980 400 3049 ﬁeri,
429 2981 519 3050 qui
552 2997 657 3035 non
680 2998 745 3035 ea:
775 2983 1138 3053 sanguinibus,
1181 3001 1342 3055 neque
1371 3002 1435 3039 ea:
1460 2984 1723 3040 voluntate

136 3072 337 3135 carnis,
368 3086 534 3141 neque
573 3087 639 3125 ex
677 3070 938 3127 uoluntate
968 3074 1086 3138 viri,
1118 3075 1209 3128 sed
1235 3091 1299 3128 ex
1332 3074 1439 3129 Deo
1464 3077 1574 3130 nati
1598 3087 1719 3131 sunt

139 3160 324 3229 (locus.
376 3176 419 3225 ι,
445 3136 552 3225 Ill,
596 3161 710 3227 15).
751 3162 969 3218 Diversa
994 3136 1123 3232 ergo
1147 3166 1216 3219 ab
1243 3165 1363 3221 istis
1391 3182 1511 3221 sors
1534 3184 1721 3224 eorum
1749 3136 1795 3198 Ο

139 3258 243 3314 est,
293 3251 388 3319 qui
436 3250 580 3305 inter
622 3250 741 3305 illos
785 3263 1094 3319 censentur,
1140 3255 1206 3310 de
1245 3257 1441 3325 quibus
1478 3256 1721 3316 dicitur:

139 3337 257 3393 Lua:
282 3339 424 3394 lucet
446 3342 502 3394 in
526 3341 770 3409 tenebris,
800 3352 847 3396 et
880 3343 1103 3399 tenebra:
1131 3362 1245 3399 eam
1271 3362 1373 3400 non
1394 3350 1727 3418 comprehen-

141 3431 331 3485 derunt
394 3432 572 3502 (ibid.,
618 3433 714 3505 5),
778 3443 840 3488 ut
892 3434 1062 3504 possit
1098 3436 1392 3492 secundum
1447 3438 1549 3494 hoc
1598 3440 1724 3505 dici,

142 3516 476 3593 Redemptor
500 3524 685 3579 mundi
707 3524 855 3581 dedit
874 3540 971 3596 pro
992 3528 1193 3582 mundo
1211 3530 1524 3601 sanguinem
1546 3547 1725 3597 suum,

145 3621 199 3667 et
221 3614 457 3668 mundus
484 3614 675 3669 redimi
702 3614 906 3680 noluit,
953 3616 1079 3686 quia
1123 3616 1298 3672 lucem
1347 3619 1583 3675 tenebne
1620 3637 1727 3676 non

146 3713 487 3773 receperunt,
540 3712 597 3758 et
650 3706 883 3761 tenebrae
937 3717 1296 3778 receperunt,
1350 3700 1544 3779 quibus
1596 3712 1727 3767 dicit

144 3795 435 3866 Apostolus
464 3811 480 3850 :
511 3795 713 3853 Fuistis
742 3798 1026 3870 aliquando
1059 3802 1284 3857 tenebrae
1306 3843 1321 3867 ,
1370 3821 1509 3860 nunc
1552 3817 1728 3861 autem

145 3885 237 3940 lus:
279 3888 337 3940 in
382 3886 610 3942 Domino
658 3888 873 3961 (Ephes.
906 3907 959 3956 v,
1005 3891 1081 3962 8).
1133 3891 1253 3962 lpse
1293 3910 1420 3951 vero
1470 3897 1731 3955 Dominus

143 3978 323 4045 Jesus,
360 3981 454 4048 qui
485 3980 621 4035 dixit
659 3997 718 4037 se
759 3983 974 4039 venisse
1000 3999 1245 4053 quaerere
1268 3996 1322 4041 et
1348 3987 1557 4045 salvare
1586 3992 1728 4059 quod

144 4072 424 4139 perierat:
461 4068 587 4125 Non
610 4075 747 4137 veni,
774 4073 989 4143 inquit,
1017 4076 1119 4130 nisi
1149 4077 1219 4131 ad
1258 4092 1374 4133 oves
1416 4096 1533 4150 qua:
1569 4083 1732 4150 perie-

147 4173 263 4216 rant
286 4163 483 4216 dornus
514 4161 679 4217 Israel
706 4163 922 4237 (Matth.
950 4182 1009 4231 χ,
1036 4166 1113 4237 6).
1157 4166 1266 4224 Sed
1309 4184 1428 4239 qua:
1464 4171 1573 4227 sint
1611 4173 1729 4229 ista:

147 4274 272 4314 oves
298 4259 500 4314 domus
520 4259 705 4325 Israel,
728 4263 1006 4332 apostolus
1032 4264 1232 4321 Paulus
1252 4277 1488 4337 exponat
1509 4270 1726 4327 dicens:

150 4346 268 4402 Non
293 4364 480 4402 omnes
515 4350 605 4419 qui
642 4366 707 4405 ea:
741 4350 933 4417 Israel,
974 4352 1029 4406 hi
1070 4365 1192 4409 sunt
1243 4354 1500 4413 Israelin
1522 4375 1541 4414 :
1567 4376 1730 4433 neque

1820 1894 2004 1948 mundi
2033 1893 2231 1950 missus
2247 1903 2340 1949 .est
2363 1894 2528 1959 foras,
2554 1904 2607 1949 et
2627 1892 2739 1962 jam
2769 1908 2875 1947 non
2902 1906 3029 1946 vasa
3058 1888 3405 1953 diaboli,.sed

1822 1986 2061 2040 membra
2088 1996 2213 2041 sunt
2237 1986 2457 2042 Christi.
2502 1984 2669 2054 Cujus
2694 2000 2844 2040 mors
2870 1998 2976 2038 non
3032 1982 3105 2036 ita
3157 1981 3398 2050 impensa

1821 2086 1905 2132 est
1929 2077 2166 2132 humano
2190 2077 2400 2148 generi,
2431 2084 2503 2131 ut.
2535 2077 2603 2130 ad
2634 2073 3061 2143 redemptionem
3092 2071 3210 2142 ejus
3238 2069 3407 2124 etiam

1822 2167 1915 2237 qui
1961 2166 2313 2236 regenerandi
2351 2181 2455 2221 non
2488 2174 2645 2220 erant
2691 2164 3028 2236 pertinerent
3058 2178 3071 2215 :
3108 2161 3208 2236 sed
3239 2160 3312 2214 ita
3345 2166 3409 2213 ut

1823 2257 1965 2327 quod
1994 2272 2091 2327 per
2112 2273 2277 2312 unum
2301 2256 2604 2328 exemplum
2636 2265 2847 2329 gestum
2875 2263 2957 2309 est
2984 2268 3083 2323 pro
3111 2250 3420 2315 universis,

1823 2367 1920 2422 per
1943 2351 2216 2422 singulare
2250 2359 2648 2406 sacramentum
2683 2348 3053 2405 celebraretur
3075 2347 3127 2400 in
3154 2343 3399 2415 singulis.

1825 2442 2083 2497 Poculum
2105 2442 2303 2511 quippe
2339 2439 2781 2505 immortalitatis,
2812 2438 2954 2508 quod
2982 2436 3287 2493 conlectum
3318 2442 3403 2489 est

1826 2534 1892 2589 de
1917 2531 2233 2587 inﬁrmitate
2255 2539 2513 2587 nostraret
2534 2530 2732 2584 virtute
2758 2529 2958 2597 divina,
2989 2527 3151 2582 habet
3177 2525 3399 2595 quidem

1825 2624 1880 2679 in
1910 2638 1969 2677 se
2001 2630 2061 2676 ut
2084 2621 2337 2677 omnibus
2358 2621 2549 2693 prosit,
2574 2621 2667 2677 sed
2690 2620 2733 2676 si
2768 2634 2877 2675 non
2902 2619 3124 2684 bibitur,
3148 2632 3255 2672 non
3282 2630 3400 2670 mc-

1752 2778 1759 2785 ,
1822 2718 2000 2772 detur.
2045 2734 2064 2766 ι

1894 2809 1962 2863 Ει
1984 2818 2204 2866 sanctus
2231 2808 2464 2880 Cyrillus
2492 2808 2546 2863 in
2570 2808 2794 2879 epistola
2834 2805 3088 2878 synodica
3118 2804 3184 2857 ad
3210 2801 3407 2857 Nesto-

1820 2900 1962 2955 rium
2010 2900 2140 2955 dicit
2183 2898 2390 2972 (concil.
2419 2898 2614 2969 Epiros.
2653 2907 2792 2967 part.
2823 2912 2860 2960 ι,
2895 2914 2940 2950 c.
2969 2895 3084 2966 26).
3116 2913 3134 2945 ι
3175 2891 3407 2948 Conﬁte-

1820 3006 1944 3044 mur
1973 2992 2162 3056 etiam,
2200 2989 2469 3059 inquiens,
2519 2988 2662 3058 quod
2712 2988 2852 3042 idem
2882 2987 3015 3056 ipse,
3047 2984 3139 3054 qui
3189 2997 3257 3037 ex
3292 2984 3407 3037 Deo

1825 3077 1987 3133 Patre
2016 3088 2174 3134 natus
2203 3088 2306 3142 est,
2352 3077 2523 3133 Filius
2569 3077 2878 3149 unigenitus
2910 3075 3068 3136 Deus,
3101 3074 3226 3129 licet
3248 3072 3405 3142 juxta

1828 3177 2075 3223 naturam
2101 3185 2252 3224 suam
2281 3183 2474 3240 expers
2509 3167 2778 3237 passionis
2798 3166 3091 3230 exstiterit,
3116 3180 3215 3235 pro
3250 3164 3407 3218 nobis

1826 3268 2006 3314 tamen
2053 3260 2349 3315 secundum
2404 3259 2714 3327 Scripturas
2737 3273 2959 3314 carnem
2992 3272 3279 3328 perpessus
3309 3257 3407 3320 sit,

1787 3421 1790 3425 ι
1825 3360 1879 3407 ει
1906 3363 2023 3407 erat
2057 3353 2109 3407 in
2138 3353 2400 3408 cruciﬁxo
2427 3368 2657 3422 corpore
2695 3352 2929 3422 propria:
2956 3350 3136 3405 carnis
3161 3349 3408 3419 impassi—

1826 3446 2010 3501 biliter
2064 3446 2131 3500 ad
2168 3462 2227 3501 se
2261 3444 2505 3502 referens
2551 3445 2878 3515 passionem.
2930 3442 3114 3498 Gratia
3147 3456 3277 3495 vero
3309 3439 3410 3494 Dei

1826 3551 1925 3606 pro
1949 3536 2205 3591 omnibus
2225 3536 2463 3607 gustavit
2500 3543 2750 3597 mortem,
2795 3532 3014 3588 tradens
3039 3540 3094 3587 et
3127 3530 3430 3601 proprium.

1828 3638 2046 3695 corpus,
2089 3625 2339 3695 quamvis
2359 3622 2678 3678 naturaliter
2717 3622 2833 3692 ipse
2859 3622 2967 3676 vita
2998 3620 3142 3676 sitet
3166 3633 3419 3674 resurre-

1826 3713 1935 3768 ctio
1964 3723 2318 3768 mortuorum.
2362 3712 2495 3768 Nam
2524 3722 2584 3768 ut
2626 3723 2855 3768 mortem
2886 3710 3141 3767 ineﬂ‘abili
3171 3710 3415 3780 potentia

1827 3805 2187 3874 proculcaret,
2226 3813 2283 3860 et
2327 3820 2424 3860 sua
2448 3818 2612 3859 carne
2641 3804 3031 3874 primogenitus
3070 3818 3135 3857 ex
3180 3802 3413 3856 mortuis

1828 3894 1999 3958 ﬁeret,
2023 3905 2077 3950 et
2096 3895 2350 3966 primitiae
2378 3896 2758 3950 dormientium
2796 3895 2939 3948 viam
2962 3893 3183 3955 faceret,
3211 3894 3405 3947 huma-

1828 4000 1911 4039 na:
1943 3994 2147 4040 natura:
2186 3985 2256 4040 ad
2288 3984 2710 4054 incorruptionis
2741 3999 3044 4051 recursum,
3091 3984 3263 4052 gratia
3291 3982 3407 4041 Dei.

1828 4075 2151 4145 sicutsupra
2178 4076 2383 4131 dictum
2424 4083 2526 4140 est,
2570 4090 2669 4145 pro
2711 4076 2962 4131 omnibus
3007 4073 3243 4145 gustavit
3268 4087 3425 4127 mon»

1830 4175 1958 4230 tem,
1984 4175 2041 4221 et
2067 4167 2226 4220 tertia
2271 4166 2359 4221 die
2383 4180 2670 4235 resurgens
2699 4164 3019 4234 exspoliavit
3063 4161 3355 4217 infernum.
3387 4180 3409 4209 ι

1828 4258 1959 4312 ltem
1988 4258 2041 4312 in
2070 4256 2297 4329 epistola
2337 4257 2405 4312 ad
2443 4257 2788 4327 presbyteros
2823 4265 2879 4311 et
2915 4256 3190 4317 diaconos,
3221 4252 3413 4306 Patres

1829 4350 2216 4405 monachorum
2238 4389 2255 4416 ,
2283 4357 2343 4404 et
2383 4349 2450 4402 ad
2474 4362 2568 4402 eos
2593 4346 2685 4417 qui
2710 4346 3004 4401 solitariam
3043 4344 3205 4399 vitam
3232 4341 3424 4410 adepti,

147 4441 269 4509 quis
299 4450 427 4494 sunt
454 4457 628 4495 semen
652 4442 875 4497 Abralue
918 4461 1094 4500 omnes
1133 4446 1253 4515 ﬁlii,
1304 4449 1416 4515 sed,
1451 4449 1520 4506 In
1571 4431 1724 4507 Isaac

1831 4439 1885 4494 in
1928 4440 2021 4495 Dei
2052 4439 2157 4495 ﬁde
2193 4439 2519 4503 consistunt,
2565 4437 2631 4492 ad
2678 4437 2853 4493 locum
2902 4436 3077 4508 (ibid.,
3136 4451 3251 4504 cap.
3301 4431 3357 4501 2)
3394 4449 3409 4495 ;
3444 4461 3455 4467 ο

147 4532 424 4585 vocabitur
452 4531 546 4585 tibi
585 4548 759 4588 semen
805 4532 959 4605 (Gen.
1006 4551 1120 4600 XXI,
1164 4537 1276 4608 12),
1308 4539 1363 4591 id
1385 4548 1483 4605 est,
1513 4557 1616 4596 non
1638 4544 1728 4613 qui

147 4621 246 4688 ﬁlii
268 4622 468 4684 carnis,
492 4623 548 4676 Iti
565 4623 663 4691 ﬁlii
688 4623 821 4687 Dei;
850 4626 941 4679 sed
962 4627 1052 4696 qui
1078 4626 1180 4695 filii
1207 4630 1567 4697 promissionis
1590 4633 1731 4687 aesti-

148 4722 365 4765 mantur
388 4712 446 4765 in
479 4714 670 4768 semine
692 4713 866 4785 (Rom.
892 4730 971 4781 tx,
1000 4715 1057 4782 6,
1085 4715 1163 4777 8).
1207 4718 1265 4772 In
1297 4719 1417 4775 istis
1443 4735 1573 4791 ergo
1600 4731 1730 4777 sunt

148 4798 246 4860 illi.
287 4800 357 4856 de
389 4800 587 4870 quibus
640 4803 843 4858 dictum
888 4819 1050 4874 supra
1098 4808 1543 4874 memoravimus,
1601 4811 1729 4881 quia

147 4888 309 4943 Iesus
339 4891 623 4947 moriturus
648 4903 762 4947 erat
784 4911 879 4963 pro
892 4904 1060 4965 gente,
1085 4912 1190 4951 non
1210 4906 1414 4952 tantum
1440 4917 1533 4969 pro
1558 4912 1728 4972 gente,

152 4980 246 5035 sed
292 4981 453 5035 etiam
500 4993 557 5036 ut
612 4984 751 5053 ﬁlios
782 4985 906 5040 .Dei
962 4986 1223 5057 dispersos
1284 5002 1616 5061 congregaret
1676 4995 1733 5048 in

156 5089 320 5125 mut
346 5086 365 5124 :
394 5073 523 5142 quia
568 5088 674 5129 non
717 5074 890 5132 solum
939 5091 1004 5131 ex
1050 5076 1273 5145 Iudaeis,
1314 5081 1408 5136 sed
1453 5081 1614 5136 etiam
1662 5098 1731 5138 ex

158 5161 319 5233 273
360 5163 625 5233 gentibus,
673 5180 773 5235 per
795 5181 918 5222 eum
946 5167 1040 5237 qui
1079 5176 1235 5224 vocat
1276 5184 1398 5239 qua:
1444 5185 1552 5225 non
1604 5183 1735 5229 sunt

162 5262 415 5323 tauquam
440 5268 561 5323 quae
585 5264 735 5323 sunt,
786 5263 843 5312 et
867 5257 960 5327 qui
984 5258 1262 5329 dispersos
1287 5260 1453 5315 Israel
1501 5276 1729 5334 congre-

160 5355 268 5415 gat,
298 5344 390 5400 lilii
426 5345 541 5409 Dei,
588 5347 681 5403 lilii
713 5348 1106 5419 promissionis,
1138 5351 1192 5406 in
1236 5367 1405 5407 unam
1435 5352 1731 5409 Ecclesiam

164 5449 575 5511 congregantur,
618 5450 677 5496 ut
731 5442 1019 5512 impleatur
1064 5445 1205 5515 quod
1264 5446 1590 5516 promissum
1649 5454 1735 5502 est

164 5531 408 5595 Abrahte,
435 5530 521 5586 cui
563 5531 764 5588 dictum
804 5543 891 5589 est
920 5535 1062 5604 quod
1089 5535 1145 5590 in
1186 5534 1539 5609 semine'ejus
1565 5536 1731 5592 bene-

166 5622 396 5677 dicendae
410 5631 593 5678 essent
611 5639 802 5681 omnes
823 5625 992 5683 tribus
1020 5633 1177 5683 terra:
1197 5624 1348 5698 (Gen.
1382 5626 1581 5697 xn,,5).
1621 5645 1641 5679 ι
1669 5627 1735 5681 Ει

171 5710 538 5781 inobjectione
567 5713 744 5782 prima
766 5722 955 5771 contra
1000 5716 1380 5771 Vincentianos
1413 5733 1427 5771 :
1461 5735 1480 5769 ι
1531 5714 1731 5772 Contra

1837 4550 1857 4585 ι
1904 4532 2109 4587 Sufﬁcit
2138 4547 2287 4597 vero,
2315 4542 2374 4587 ut
2400 4531 2661 4597 arbitror,
2691 4532 2758 4586 ad
2790 4530 2946 4587 ﬁdem
2990 4530 3152 4585 etiam
3184 4527 3423 4587 sanctis»

1831 4623 2000 4678 simus
2025 4622 2248 4689 Paulus,
2279 4625 2370 4694 qui
2409 4633 2638 4679 testatur
2678 4624 2903 4678 dicens:
2930 4622 3068 4689 Quid
3098 4638 3221 4693 ergo
3266 4622 3411 4675 dice-

1831 4731 1948 4769 mus
1967 4716 1991 4769 ?
2012 4714 2074 4770 Si
2095 4715 2233 4770 Deus
2252 4732 2346 4787 pro
2368 4716 2534 4782 nobis,
2559 4716 2674 4787 quis
2702 4725 2883 4770 contra
2910 4732 3003 4771 nos
3018 4716 3042 4770 ἒ)
3058 4715 3174 4781 Qui
3202 4715 3431 4786 praprio,

1832 4805 1977 4861 Filio
2016 4824 2122 4862 non
2171 4810 2420 4879 pepercit,
2464 4808 2557 4863 sed
2602 4825 2696 4880 pro
2727 4810 2873 4865 nobis
2898 4808 3144 4866 omnibus
3192 4807 3421 4867 tradidit

1832 4912 1971 4959 eum,
2020 4897 2282 4966 quomoda
2326 4914 2432 4952 non
2463 4899 2623 4952 etiam
2645 4899 3110 4968 cumsipsaomnia
3141 4896 3287 4951 nobis
3317 4898 3413 4949 do-

1835 4985 1976 5040 navit
2001 4984 2181 5056 (Rom.
2216 5001 2332 5048 vm,
2361 4985 2456 5051 3i,
2477 4986 2611 5057 '52)?
2639 4986 2871 5047 Proinde
2899 4987 2986 5043 dic
3010 4986 3165 5051 mihi,
3192 5001 3419 5057 quornO:

1834 5074 1903 5130 do
1934 5074 2267 5145 intelligatur
2326 5075 2422 5130 Dei
2468 5077 2719 5145 proprius
2763 5076 2934 5135 Filius
2958 5076 3052 5147 qui
3111 5090 3179 5130 ex
3223 5083 3413 5129 sancta
3478 5122 3483 5127 .

1833 5163 2092 5234 Virgine?
2134 5161 2287 5218 Sicut
2329 5164 2473 5223 enim
2508 5165 2785 5235 proprium
2809 5163 2975 5238 274
3014 5163 3271 5228 hominis,
3312 5177 3413 5217 nec

1833 5269 1939 5309 non
1970 5261 2027 5311 et
2073 5252 2496 5325 uniuscujusque
2538 5255 2767 5311 aliorum
2797 5255 3132 5318 animalium,
3157 5254 3298 5323 quod
3342 5269 3413 5309 ex

1837 5359 1904 5401 eo
1937 5344 2231 5400 secundum
2269 5353 2516 5403 naturam
2563 5353 2875 5415 generatur,
2902 5343 2973 5398 ita
3004 5342 3279 5412 proprium
3315 5340 3430 5401 Dei.

1836 5436 1980 5507 quod
2007 5437 2402 5494 exsubstantia
2421 5435 2539 5505 ejus
2560 5445 2643 5491 est
2667 5435 2980 5506 intelligitur
3006 5443 3167 5504 atque
3193 5433 3427 5491 dicitur..

1836 5528 2115 5597 Quomodo
2151 5544 2282 5599 ergo
2326 5528 2576 5599 proprius
2635 5528 2729 5583 Dei
2777 5526 2946 5583 Filius
2990 5526 3296 5582 nominatus
3330 5535 3431 5585 est.

1835 5619 2121 5676 Christus?
2150 5620 2252 5688 Qui
2274 5635 2404 5692 ergo
2431 5620 2662 5675 traditus
2688 5629 2771 5676 est
2799 5635 2829 5675 a
2860 5619 2972 5676 Deo
2994 5632 3044 5677 et
3070 5620 3228 5675 Patre
3249 5634 3435 5677 causa.

1835 5714 2077 5771 omnium
2106 5713 2293 5771 salutis
2317 5722 2373 5770 et
2391 5712 2537 5780 vitaa,
2581 5711 2810 5769 traditus
2835 5720 2920 5770 cst
2947 5722 3162 5787 propter
3180 5719 3436 5784 peccata.
