  <div class='ocr_page' id='page_1' title='image "/cluster/home/n/w/nwhite01/storage/ocr_20150623/125/hvd.32044015471667/175.png"; bbox 0 0 3992 6336; ppageno 0'>
   <div class='ocr_carea' id='block_1_1' title="bbox 659 338 766 394">
    <p class='ocr_par' dir='ltr' id='par_1_1' title="bbox 659 338 766 394">
     <span class='ocr_line' id='line_1_1' title="bbox 659 338 766 394; baseline -0.019 0"><span class='ocrx_word' id='word_1_1' title='bbox 659 338 766 394; x_wconf 76' lang='grc'><strong>559</strong></span> 
     </span>
    </p>
   </div>
   <div class='ocr_carea' id='block_1_2' title="bbox 1634 292 3923 389">
    <p class='ocr_par' dir='ltr' id='par_1_2' title="bbox 1634 292 3923 389">
     <span class='ocr_line' id='line_1_2' title="bbox 1634 292 3923 389; baseline -0.006 0"><span class='ocrx_word' id='word_1_2' title='bbox 1634 330 1968 389; x_wconf 80' lang='lat' dir='ltr'><strong>HINCMARI</strong></span> <span class='ocrx_word' id='word_1_3' title='bbox 2000 323 2394 385; x_wconf 77' lang='lat' dir='ltr'><strong>RHEMENSIS</strong></span> <span class='ocrx_word' id='word_1_4' title='bbox 2429 323 2946 381; x_wconf 75' lang='lat' dir='ltr'><strong>ARCDIEPISCOPI</strong></span> <span class='ocrx_word' id='word_1_5' title='bbox 3758 332 3836 389; x_wconf 67' lang='lat' dir='ltr'><strong>uo</strong></span> <span class='ocrx_word' id='word_1_6' title='bbox 3922 292 3923 375; x_wconf 60' lang='grc' dir='ltr'><strong>ἰ</strong></span> 
     </span>
    </p>
   </div>
   <div class='ocr_carea' id='block_1_3' title="bbox 661 435 3835 522">
    <p class='ocr_par' dir='ltr' id='par_1_3' title="bbox 661 435 3835 522">
     <span class='ocr_line' id='line_1_3' title="bbox 661 435 3835 522; baseline -0.005 -13"><span class='ocrx_word' id='word_1_7' title='bbox 661 461 871 519; x_wconf 90' lang='lat' dir='ltr'><strong>nostra,</strong></span> <span class='ocrx_word' id='word_1_8' title='bbox 904 470 924 505; x_wconf 79' lang='grc' dir='ltr'><strong>ι</strong></span> <span class='ocrx_word' id='word_1_9' title='bbox 957 459 1013 507; x_wconf 89' lang='lat' dir='ltr'><strong>et</strong></span> <span class='ocrx_word' id='word_1_10' title='bbox 1041 451 1269 522; x_wconf 89' lang='lat' dir='ltr'><strong>reliqua.</strong></span> <span class='ocrx_word' id='word_1_11' title='bbox 1296 449 1364 505; x_wconf 86' lang='lat' dir='ltr'><strong>Et</strong></span> <span class='ocrx_word' id='word_1_12' title='bbox 1384 450 1515 506; x_wconf 99' lang='lat' dir='ltr'><strong>item</strong></span> <span class='ocrx_word' id='word_1_13' title='bbox 1549 449 1602 504; x_wconf 91' lang='lat' dir='ltr'><strong>in</strong></span> <span class='ocrx_word' id='word_1_14' title='bbox 1627 449 1817 505; x_wconf 90' lang='lat' dir='ltr'><strong>eadem</strong></span> <span class='ocrx_word' id='word_1_15' title='bbox 1845 466 1860 502; x_wconf 88' lang='lat'><strong>:</strong></span> <span class='ocrx_word' id='word_1_16' title='bbox 1897 467 1915 499; x_wconf 76' lang='grc' dir='ltr'>ι</span> <span class='ocrx_word' id='word_1_17' title='bbox 1955 445 2047 501; x_wconf 89' lang='lat' dir='ltr'><strong>Sic</strong></span> <span class='ocrx_word' id='word_1_18' title='bbox 2074 445 2238 499; x_wconf 90' lang='lat' dir='ltr'><strong>etiam</strong></span> <span class='ocrx_word' id='word_1_19' title='bbox 2267 442 2319 501; x_wconf 78' lang='grc' dir='ltr'>Α</span> <span class='ocrx_word' id='word_1_20' title='bbox 2344 437 2631 494; x_wconf 88' lang='lat' dir='ltr'><strong>obduratio</strong></span> <span class='ocrx_word' id='word_1_21' title='bbox 2671 454 2777 494; x_wconf 83' lang='lat' dir='ltr'><strong>non</strong></span> <span class='ocrx_word' id='word_1_22' title='bbox 2817 437 3092 507; x_wconf 85' lang='lat' dir='ltr'><strong>relinquit,</strong></span> <span class='ocrx_word' id='word_1_23' title='bbox 3119 435 3402 492; x_wconf 79' lang='lat' dir='ltr'><strong>ostendant</strong></span> <span class='ocrx_word' id='word_1_24' title='bbox 3442 436 3577 492; x_wconf 89' lang='lat' dir='ltr'><strong>unde</strong></span> <span class='ocrx_word' id='word_1_25' title='bbox 3614 438 3703 495; x_wconf 89' lang='lat' dir='ltr'><strong>sibi</strong></span> <span class='ocrx_word' id='word_1_26' title='bbox 3724 456 3835 512; x_wconf 80' lang='lat' dir='ltr'><strong>spem</strong></span> 
     </span>
    </p>
   </div>
   <div class='ocr_carea' id='block_1_4' title="bbox 662 537 2239 613">
    <p class='ocr_par' dir='ltr' id='par_1_4' title="bbox 662 537 2239 613">
     <span class='ocr_line' id='line_1_4' title="bbox 662 537 2239 613; baseline -0.006 -16"><span class='ocrx_word' id='word_1_27' title='bbox 662 543 842 613; x_wconf 78' lang='lat' dir='ltr'><strong>posuit</strong></span> <span class='ocrx_word' id='word_1_28' title='bbox 870 556 970 613; x_wconf 90' lang='lat' dir='ltr'><strong>pro</strong></span> <span class='ocrx_word' id='word_1_29' title='bbox 1015 542 1167 597; x_wconf 92' lang='lat' dir='ltr'><strong>nobis</strong></span> <span class='ocrx_word' id='word_1_30' title='bbox 1206 541 1441 595; x_wconf 85' lang='lat' dir='ltr'><strong>animam</strong></span> <span class='ocrx_word' id='word_1_31' title='bbox 1493 554 1645 595; x_wconf 84' lang='lat' dir='ltr'><strong>suam</strong></span> <span class='ocrx_word' id='word_1_32' title='bbox 1710 539 1883 610; x_wconf 89' lang='lat' dir='ltr'><strong>:quia</strong></span> <span class='ocrx_word' id='word_1_33' title='bbox 1927 537 2073 592; x_wconf 88' lang='lat' dir='ltr'><strong>enim</strong></span> <span class='ocrx_word' id='word_1_34' title='bbox 2122 546 2239 590; x_wconf 88' lang='lat' dir='ltr'><strong>erat</strong></span> 
     </span>
    </p>
   </div>
   <div class='ocr_carea' id='block_1_5' title="bbox 663 626 2241 701">
    <p class='ocr_par' dir='ltr' id='par_1_5' title="bbox 663 626 2241 701">
     <span class='ocr_line' id='line_1_5' title="bbox 663 626 2241 701; baseline -0.004 -15"><span class='ocrx_word' id='word_1_35' title='bbox 663 649 813 688; x_wconf 88' lang='lat' dir='ltr'><strong>mors</strong></span> <span class='ocrx_word' id='word_1_36' title='bbox 858 631 975 701; x_wconf 88' lang='lat' dir='ltr'><strong>ejus</strong></span> <span class='ocrx_word' id='word_1_37' title='bbox 1003 632 1204 687; x_wconf 90' lang='lat' dir='ltr'><strong>mundo</strong></span> <span class='ocrx_word' id='word_1_38' title='bbox 1230 631 1502 696; x_wconf 88' lang='lat' dir='ltr'><strong>salutaris,</strong></span> <span class='ocrx_word' id='word_1_39' title='bbox 1535 631 1792 686; x_wconf 85' lang='lat' dir='ltr'><strong>sustinuit</strong></span> <span class='ocrx_word' id='word_1_40' title='bbox 1834 642 2071 685; x_wconf 89' lang='lat' dir='ltr'><strong>erucem.</strong></span> <span class='ocrx_word' id='word_1_41' title='bbox 2118 646 2137 677; x_wconf 72' lang='grc' dir='ltr'><strong><em>ι</em></strong></span> <span class='ocrx_word' id='word_1_42' title='bbox 2172 626 2241 680; x_wconf 85' lang='grc' dir='ltr'><strong>Ει</strong></span> 
     </span>
    </p>
   </div>
   <div class='ocr_carea' id='block_1_6' title="bbox 662 717 2239 793">
    <p class='ocr_par' dir='ltr' id='par_1_6' title="bbox 662 717 2239 793">
     <span class='ocr_line' id='line_1_6' title="bbox 662 717 2239 793; baseline -0.004 -15"><span class='ocrx_word' id='word_1_43' title='bbox 662 718 793 779; x_wconf 88' lang='lat' dir='ltr'><strong>item</strong></span> <span class='ocrx_word' id='word_1_44' title='bbox 842 743 855 778; x_wconf 92' lang='lat'>:</span> <span class='ocrx_word' id='word_1_45' title='bbox 903 743 923 777; x_wconf 83' lang='grc'><strong><em>‹</em></strong></span> <span class='ocrx_word' id='word_1_46' title='bbox 966 724 1048 779; x_wconf 82' lang='lat' dir='ltr'><strong>Et</strong></span> <span class='ocrx_word' id='word_1_47' title='bbox 1092 739 1233 780; x_wconf 87' lang='lat' dir='ltr'><strong>unus</strong></span> <span class='ocrx_word' id='word_1_48' title='bbox 1268 723 1510 779; x_wconf 90' lang='lat' dir='ltr'><strong>omnium</strong></span> <span class='ocrx_word' id='word_1_49' title='bbox 1556 720 1995 793; x_wconf 86' lang='lat' dir='ltr'><strong>compensatione</strong></span> <span class='ocrx_word' id='word_1_50' title='bbox 2045 717 2239 789; x_wconf 90' lang='lat' dir='ltr'><strong>dignus</strong></span> 
     </span>
    </p>
   </div>
   <div class='ocr_carea' id='block_1_7' title="bbox 661 811 2241 887">
    <p class='ocr_par' dir='ltr' id='par_1_7' title="bbox 661 811 2241 887">
     <span class='ocr_line' id='line_1_7' title="bbox 661 811 2241 887; baseline -0.003 -17"><span class='ocrx_word' id='word_1_51' title='bbox 661 822 910 871; x_wconf 89' lang='lat' dir='ltr'><strong>mortuus</strong></span> <span class='ocrx_word' id='word_1_52' title='bbox 952 830 1051 887; x_wconf 90' lang='lat' dir='ltr'><strong>pro</strong></span> <span class='ocrx_word' id='word_1_53' title='bbox 1094 815 1365 879; x_wconf 90' lang='lat' dir='ltr'><strong>omnibus,</strong></span> <span class='ocrx_word' id='word_1_54' title='bbox 1420 822 1482 869; x_wconf 91' lang='lat' dir='ltr'><strong>ut</strong></span> <span class='ocrx_word' id='word_1_55' title='bbox 1530 815 1824 870; x_wconf 85' lang='lat' dir='ltr'><strong>redimeret</strong></span> <span class='ocrx_word' id='word_1_56' title='bbox 1857 811 2077 884; x_wconf 91' lang='lat' dir='ltr'><strong>proprio</strong></span> <span class='ocrx_word' id='word_1_57' title='bbox 2118 826 2241 866; x_wconf 88' lang='lat' dir='ltr'><strong>san-</strong></span> 
     </span>
    </p>
   </div>
   <div class='ocr_carea' id='block_1_8' title="bbox 660 904 2238 978">
    <p class='ocr_par' dir='ltr' id='par_1_8' title="bbox 660 904 2238 978">
     <span class='ocr_line' id='line_1_8' title="bbox 660 904 2238 978; baseline -0.001 -17"><span class='ocrx_word' id='word_1_58' title='bbox 660 908 824 976; x_wconf 82' lang='lat' dir='ltr'><strong>guine</strong></span> <span class='ocrx_word' id='word_1_59' title='bbox 852 908 1112 978; x_wconf 87' lang='lat' dir='ltr'><strong>quidquid</strong></span> <span class='ocrx_word' id='word_1_60' title='bbox 1133 908 1232 964; x_wconf 89' lang='lat' dir='ltr'><strong>sub</strong></span> <span class='ocrx_word' id='word_1_61' title='bbox 1256 906 1392 963; x_wconf 84' lang='lat' dir='ltr'><strong>coelo</strong></span> <span class='ocrx_word' id='word_1_62' title='bbox 1416 916 1517 973; x_wconf 85' lang='lat' dir='ltr'><strong>est,</strong></span> <span class='ocrx_word' id='word_1_63' title='bbox 1541 916 1597 964; x_wconf 88' lang='lat' dir='ltr'><strong>et</strong></span> <span class='ocrx_word' id='word_1_64' title='bbox 1632 907 1852 963; x_wconf 82' lang='lat' dir='ltr'><strong>offerret</strong></span> <span class='ocrx_word' id='word_1_65' title='bbox 1876 908 1987 962; x_wconf 91' lang='lat' dir='ltr'><strong>Deo</strong></span> <span class='ocrx_word' id='word_1_66' title='bbox 2009 913 2063 960; x_wconf 90' lang='lat' dir='ltr'><strong>et</strong></span> <span class='ocrx_word' id='word_1_67' title='bbox 2088 904 2238 959; x_wconf 82' lang='lat' dir='ltr'><strong>Patri</strong></span> 
     </span>
    </p>
   </div>
   <div class='ocr_carea' id='block_1_9' title="bbox 659 994 2240 1070">
    <p class='ocr_par' dir='ltr' id='par_1_9' title="bbox 659 994 2240 1070">
     <span class='ocr_line' id='line_1_9' title="bbox 659 994 2240 1070; baseline 0 -19"><span class='ocrx_word' id='word_1_68' title='bbox 659 1012 757 1051; x_wconf 89' lang='lat' dir='ltr'><strong>eos</strong></span> <span class='ocrx_word' id='word_1_69' title='bbox 782 999 874 1070; x_wconf 87' lang='lat' dir='ltr'><strong>qui</strong></span> <span class='ocrx_word' id='word_1_70' title='bbox 913 997 967 1053; x_wconf 91' lang='lat' dir='ltr'><strong>in</strong></span> <span class='ocrx_word' id='word_1_71' title='bbox 993 998 1141 1054; x_wconf 90' lang='lat' dir='ltr'><strong>omni</strong></span> <span class='ocrx_word' id='word_1_72' title='bbox 1170 1008 1315 1053; x_wconf 87' lang='lat' dir='ltr'><strong>terra</strong></span> <span class='ocrx_word' id='word_1_73' title='bbox 1348 999 1668 1053; x_wconf 90' lang='lat' dir='ltr'><strong>consistunt.</strong></span> <span class='ocrx_word' id='word_1_74' title='bbox 1705 1018 1724 1051; x_wconf 72' lang='grc' dir='ltr'><strong>ιι</strong></span> <span class='ocrx_word' id='word_1_75' title='bbox 1750 997 1818 1051; x_wconf 88' lang='lat' dir='ltr'><strong>Et</strong></span> <span class='ocrx_word' id='word_1_76' title='bbox 1839 997 1967 1051; x_wconf 89' lang='lat' dir='ltr'><strong>item</strong></span> <span class='ocrx_word' id='word_1_77' title='bbox 1993 1011 2009 1050; x_wconf 92' lang='lat'><strong>:</strong></span> <span class='ocrx_word' id='word_1_78' title='bbox 2041 1015 2059 1047; x_wconf 72' lang='grc' dir='ltr'><strong>ε</strong></span> <span class='ocrx_word' id='word_1_79' title='bbox 2088 994 2240 1051; x_wconf 88' lang='lat' dir='ltr'><strong>Unus</strong></span> 
     </span>
    </p>
   </div>
   <div class='ocr_carea' id='block_1_10' title="bbox 661 1087 2243 1170">
    <p class='ocr_par' dir='ltr' id='par_1_10' title="bbox 661 1087 2243 1170">
     <span class='ocr_line' id='line_1_10' title="bbox 661 1087 2243 1170; baseline -0.001 -27"><span class='ocrx_word' id='word_1_80' title='bbox 661 1103 793 1158; x_wconf 87' lang='lat' dir='ltr'><strong>ergo</strong></span> <span class='ocrx_word' id='word_1_81' title='bbox 814 1089 1054 1170; x_wconf 83' lang='lat' dir='ltr'><strong>omnium</strong></span> <span class='ocrx_word' id='word_1_82' title='bbox 1082 1089 1293 1160; x_wconf 76' lang='lat' dir='ltr'><strong>dignior</strong></span> <span class='ocrx_word' id='word_1_83' title='bbox 1308 1103 1457 1143; x_wconf 89' lang='lat' dir='ltr'><strong>suam</strong></span> <span class='ocrx_word' id='word_1_84' title='bbox 1487 1103 1587 1159; x_wconf 91' lang='lat' dir='ltr'><strong>pro</strong></span> <span class='ocrx_word' id='word_1_85' title='bbox 1615 1088 1867 1144; x_wconf 91' lang='lat' dir='ltr'><strong>omnibus</strong></span> <span class='ocrx_word' id='word_1_86' title='bbox 1891 1087 2124 1142; x_wconf 89' lang='lat' dir='ltr'><strong>animam</strong></span> <span class='ocrx_word' id='word_1_87' title='bbox 2146 1102 2243 1156; x_wconf 89' lang='lat' dir='ltr'><strong>po-</strong></span> 
     </span>
    </p>
   </div>
   <div class='ocr_carea' id='block_1_11' title="bbox 658 1178 2237 1248">
    <p class='ocr_par' dir='ltr' id='par_1_11' title="bbox 658 1178 2237 1248">
     <span class='ocr_line' id='line_1_11' title="bbox 658 1178 2237 1248; baseline 0 -16"><span class='ocrx_word' id='word_1_88' title='bbox 658 1178 790 1233; x_wconf 83' lang='lat' dir='ltr'><strong>suit.</strong></span> <span class='ocrx_word' id='word_1_89' title='bbox 829 1197 848 1231; x_wconf 73' lang='grc' dir='ltr'><strong><em>ι</em></strong></span> <span class='ocrx_word' id='word_1_90' title='bbox 879 1179 945 1234; x_wconf 86' lang='lat' dir='ltr'><strong>Et</strong></span> <span class='ocrx_word' id='word_1_91' title='bbox 988 1179 1116 1239; x_wconf 87' lang='lat' dir='ltr'><strong>item</strong></span> <span class='ocrx_word' id='word_1_92' title='bbox 1147 1197 1161 1233; x_wconf 89' lang='lat'><strong>:</strong></span> <span class='ocrx_word' id='word_1_93' title='bbox 1199 1199 1219 1232; x_wconf 87' lang='grc'><strong><em>‹</em></strong></span> <span class='ocrx_word' id='word_1_94' title='bbox 1251 1178 1404 1235; x_wconf 90' lang='lat' dir='ltr'><strong>Sicut</strong></span> <span class='ocrx_word' id='word_1_95' title='bbox 1435 1182 1579 1236; x_wconf 90' lang='lat' dir='ltr'><strong>enim</strong></span> <span class='ocrx_word' id='word_1_96' title='bbox 1606 1180 1737 1235; x_wconf 81' lang='lat' dir='ltr'><strong>dicit</strong></span> <span class='ocrx_word' id='word_1_97' title='bbox 1774 1180 1829 1234; x_wconf 91' lang='lat' dir='ltr'><strong>in</strong></span> <span class='ocrx_word' id='word_1_98' title='bbox 1879 1179 2074 1242; x_wconf 87' lang='lat' dir='ltr'><strong>Adam,</strong></span> <span class='ocrx_word' id='word_1_99' title='bbox 2108 1178 2237 1248; x_wconf 88' lang='lat' dir='ltr'><strong>quin</strong></span> 
     </span>
    </p>
   </div>
   <div class='ocr_carea' id='block_1_12' title="bbox 661 1268 2242 1339">
    <p class='ocr_par' dir='ltr' id='par_1_12' title="bbox 661 1268 2242 1339">
     <span class='ocr_line' id='line_1_12' title="bbox 661 1268 2242 1339; baseline 0 -16"><span class='ocrx_word' id='word_1_100' title='bbox 661 1283 832 1333; x_wconf 89' lang='lat' dir='ltr'><strong>mors,</strong></span> <span class='ocrx_word' id='word_1_101' title='bbox 861 1268 937 1324; x_wconf 90' lang='lat' dir='ltr'><strong>ita</strong></span> <span class='ocrx_word' id='word_1_102' title='bbox 962 1269 1159 1325; x_wconf 89' lang='lat' dir='ltr'><strong>cecidit</strong></span> <span class='ocrx_word' id='word_1_103' title='bbox 1182 1279 1240 1326; x_wconf 89' lang='lat' dir='ltr'><strong>et</strong></span> <span class='ocrx_word' id='word_1_104' title='bbox 1276 1270 1330 1324; x_wconf 91' lang='lat' dir='ltr'><strong>in</strong></span> <span class='ocrx_word' id='word_1_105' title='bbox 1372 1269 1589 1326; x_wconf 86' lang='lat' dir='ltr'><strong>Christo</strong></span> <span class='ocrx_word' id='word_1_106' title='bbox 1621 1288 1634 1324; x_wconf 91' lang='lat'><strong>:</strong></span> <span class='ocrx_word' id='word_1_107' title='bbox 1665 1270 1983 1326; x_wconf 88' lang='lat' dir='ltr'><strong>ascendenti</strong></span> <span class='ocrx_word' id='word_1_108' title='bbox 2024 1284 2242 1339; x_wconf 90' lang='lat' dir='ltr'><strong>quoque</strong></span> 
     </span>
    </p>
   </div>
   <div class='ocr_carea' id='block_1_13' title="bbox 658 1362 2241 1433">
    <p class='ocr_par' dir='ltr' id='par_1_13' title="bbox 658 1362 2241 1433">
     <span class='ocr_line' id='line_1_13' title="bbox 658 1362 2241 1433; baseline 0.001 -18"><span class='ocrx_word' id='word_1_109' title='bbox 658 1370 886 1430; x_wconf 85' lang='lat' dir='ltr'><strong>propter</strong></span> <span class='ocrx_word' id='word_1_110' title='bbox 912 1377 1012 1418; x_wconf 90' lang='lat' dir='ltr'><strong>nos</strong></span> <span class='ocrx_word' id='word_1_111' title='bbox 1038 1370 1093 1418; x_wconf 91' lang='lat' dir='ltr'><strong>et</strong></span> <span class='ocrx_word' id='word_1_112' title='bbox 1123 1378 1222 1433; x_wconf 90' lang='lat' dir='ltr'><strong>pro</strong></span> <span class='ocrx_word' id='word_1_113' title='bbox 1243 1363 1401 1419; x_wconf 90' lang='lat' dir='ltr'><strong>nobis</strong></span> <span class='ocrx_word' id='word_1_114' title='bbox 1427 1363 1493 1419; x_wconf 91' lang='lat' dir='ltr'><strong>ad</strong></span> <span class='ocrx_word' id='word_1_115' title='bbox 1521 1362 1739 1417; x_wconf 86' lang='lat' dir='ltr'><strong>Patrem</strong></span> <span class='ocrx_word' id='word_1_116' title='bbox 1764 1371 1821 1417; x_wconf 89' lang='lat' dir='ltr'><strong>et</strong></span> <span class='ocrx_word' id='word_1_117' title='bbox 1848 1362 2019 1418; x_wconf 90' lang='lat' dir='ltr'><strong>Deum</strong></span> <span class='ocrx_word' id='word_1_118' title='bbox 2052 1363 2144 1432; x_wconf 90' lang='lat' dir='ltr'><strong>qui</strong></span> <span class='ocrx_word' id='word_1_119' title='bbox 2185 1362 2241 1417; x_wconf 91' lang='lat' dir='ltr'><strong>in</strong></span> 
     </span>
    </p>
   </div>
   <div class='ocr_carea' id='block_1_14' title="bbox 663 1452 2241 1525">
    <p class='ocr_par' dir='ltr' id='par_1_14' title="bbox 663 1452 2241 1525">
     <span class='ocr_line' id='line_1_14' title="bbox 663 1452 2241 1525; baseline 0.001 -17"><span class='ocrx_word' id='word_1_120' title='bbox 663 1452 817 1509; x_wconf 72' lang='lat' dir='ltr'><strong>cmlis</strong></span> <span class='ocrx_word' id='word_1_121' title='bbox 850 1462 953 1520; x_wconf 89' lang='lat' dir='ltr'><strong>est,</strong></span> <span class='ocrx_word' id='word_1_122' title='bbox 996 1462 1055 1508; x_wconf 91' lang='lat' dir='ltr'><strong>ut</strong></span> <span class='ocrx_word' id='word_1_123' title='bbox 1088 1456 1166 1510; x_wconf 91' lang='lat' dir='ltr'><strong>eis</strong></span> <span class='ocrx_word' id='word_1_124' title='bbox 1217 1455 1311 1525; x_wconf 88' lang='lat' dir='ltr'><strong>qui</strong></span> <span class='ocrx_word' id='word_1_125' title='bbox 1346 1456 1398 1510; x_wconf 91' lang='lat' dir='ltr'><strong>in</strong></span> <span class='ocrx_word' id='word_1_126' title='bbox 1429 1464 1574 1511; x_wconf 90' lang='lat' dir='ltr'><strong>terra</strong></span> <span class='ocrx_word' id='word_1_127' title='bbox 1616 1464 1740 1511; x_wconf 90' lang='lat' dir='ltr'><strong>sunt</strong></span> <span class='ocrx_word' id='word_1_128' title='bbox 1775 1455 1971 1511; x_wconf 87' lang='lat' dir='ltr'><strong>adibile</strong></span> <span class='ocrx_word' id='word_1_129' title='bbox 2020 1456 2241 1510; x_wconf 86' lang='lat' dir='ltr'><strong>demon—</strong></span> 
     </span>
    </p>
   </div>
   <div class='ocr_carea' id='block_1_15' title="bbox 657 1542 1157 1599">
    <p class='ocr_par' dir='ltr' id='par_1_15' title="bbox 657 1542 1157 1599">
     <span class='ocr_line' id='line_1_15' title="bbox 657 1542 1157 1599; baseline 0.004 -3"><span class='ocrx_word' id='word_1_130' title='bbox 657 1550 863 1599; x_wconf 90' lang='lat' dir='ltr'><strong>straret</strong></span> <span class='ocrx_word' id='word_1_131' title='bbox 887 1542 1103 1599; x_wconf 72' lang='lat' dir='ltr'><strong>caalum.</strong></span> <span class='ocrx_word' id='word_1_132' title='bbox 1137 1565 1157 1597; x_wconf 75' lang='grc' dir='ltr'><strong><em>ι</em></strong></span> 
     </span>
    </p>
   </div>
   <div class='ocr_carea' id='block_1_16' title="bbox 732 1630 2243 1704">
    <p class='ocr_par' dir='ltr' id='par_1_16' title="bbox 732 1630 2243 1704">
     <span class='ocr_line' id='line_1_16' title="bbox 732 1630 2243 1704; baseline 0.003 -17"><span class='ocrx_word' id='word_1_133' title='bbox 732 1630 957 1704; x_wconf 85' lang='lat' dir='ltr'><strong>Magnus</strong></span> <span class='ocrx_word' id='word_1_134' title='bbox 995 1642 1177 1690; x_wconf 90' lang='lat' dir='ltr'><strong>autem</strong></span> <span class='ocrx_word' id='word_1_135' title='bbox 1206 1634 1336 1701; x_wconf 86' lang='lat' dir='ltr'><strong>Leo,</strong></span> <span class='ocrx_word' id='word_1_136' title='bbox 1365 1643 1530 1690; x_wconf 58' lang='lat' dir='ltr'><strong>tanta:</strong></span> <span class='ocrx_word' id='word_1_137' title='bbox 1576 1635 1782 1692; x_wconf 86' lang='lat' dir='ltr'><strong>scilicet</strong></span> <span class='ocrx_word' id='word_1_138' title='bbox 1815 1637 1959 1692; x_wconf 89' lang='lat' dir='ltr'><strong>sedis</strong></span> <span class='ocrx_word' id='word_1_139' title='bbox 1985 1635 2243 1692; x_wconf 75' lang='lat' dir='ltr'><strong>Romana:</strong></span> 
     </span>
    </p>
   </div>
   <div class='ocr_carea' id='block_1_17' title="bbox 658 1723 2244 1797">
    <p class='ocr_par' dir='ltr' id='par_1_17' title="bbox 658 1723 2244 1797">
     <span class='ocr_line' id='line_1_17' title="bbox 658 1723 2244 1797; baseline 0.004 -22"><span class='ocrx_word' id='word_1_140' title='bbox 658 1735 770 1776; x_wconf 87' lang='lat' dir='ltr'><strong>non</strong></span> <span class='ocrx_word' id='word_1_141' title='bbox 819 1723 1013 1791; x_wconf 90' lang='lat' dir='ltr'><strong>impar,</strong></span> <span class='ocrx_word' id='word_1_142' title='bbox 1045 1724 1099 1778; x_wconf 89' lang='lat' dir='ltr'><strong>in</strong></span> <span class='ocrx_word' id='word_1_143' title='bbox 1125 1724 1350 1794; x_wconf 90' lang='lat' dir='ltr'><strong>epistola</strong></span> <span class='ocrx_word' id='word_1_144' title='bbox 1380 1726 1449 1780; x_wconf 92' lang='lat' dir='ltr'><strong>ad</strong></span> <span class='ocrx_word' id='word_1_145' title='bbox 1490 1724 1729 1780; x_wconf 87' lang='lat' dir='ltr'><strong>Leonem</strong></span> <span class='ocrx_word' id='word_1_146' title='bbox 1765 1726 2065 1797; x_wconf 84' lang='lat' dir='ltr'><strong>Augustum</strong></span> <span class='ocrx_word' id='word_1_147' title='bbox 2110 1725 2244 1781; x_wconf 89' lang='lat' dir='ltr'><strong>dicit</strong></span> 
     </span>
    </p>
   </div>
   <div class='ocr_carea' id='block_1_18' title="bbox 2344 526 3839 598">
    <p class='ocr_par' dir='ltr' id='par_1_18' title="bbox 2344 526 3839 598">
     <span class='ocr_line' id='line_1_18' title="bbox 2344 526 3839 598; baseline 0.003 -16"><span class='ocrx_word' id='word_1_148' title='bbox 2344 528 2467 583; x_wconf 66' lang='lat' dir='ltr'><strong>vita:</strong></span> <span class='ocrx_word' id='word_1_149' title='bbox 2509 528 2861 598; x_wconf 85' lang='lat' dir='ltr'><strong>polliceantur</strong></span> <span class='ocrx_word' id='word_1_150' title='bbox 2881 536 3117 591; x_wconf 65' lang='lat' dir='ltr'><strong>aternaa,</strong></span> <span class='ocrx_word' id='word_1_151' title='bbox 3146 526 3211 580; x_wconf 92' lang='lat' dir='ltr'><strong>ad</strong></span> <span class='ocrx_word' id='word_1_152' title='bbox 3249 541 3411 595; x_wconf 85' lang='lat' dir='ltr'><strong>quam</strong></span> <span class='ocrx_word' id='word_1_153' title='bbox 3445 527 3541 581; x_wconf 88' lang='lat' dir='ltr'><strong>nisi</strong></span> <span class='ocrx_word' id='word_1_154' title='bbox 3568 542 3657 597; x_wconf 86' lang='lat' dir='ltr'><strong>per</strong></span> <span class='ocrx_word' id='word_1_155' title='bbox 3686 533 3839 586; x_wconf 81' lang='lat' dir='ltr'><strong>media-</strong></span> 
     </span>
    </p>
   </div>
   <div class='ocr_carea' id='block_1_19' title="bbox 2344 615 3838 675">
    <p class='ocr_par' dir='ltr' id='par_1_19' title="bbox 2344 615 3838 675">
     <span class='ocr_line' id='line_1_19' title="bbox 2344 615 3838 675; baseline 0.001 -2"><span class='ocrx_word' id='word_1_156' title='bbox 2344 626 2516 674; x_wconf 91' lang='lat' dir='ltr'><strong>torem</strong></span> <span class='ocrx_word' id='word_1_157' title='bbox 2541 618 2638 674; x_wconf 89' lang='lat' dir='ltr'><strong>Dei</strong></span> <span class='ocrx_word' id='word_1_158' title='bbox 2675 628 2731 672; x_wconf 90' lang='lat' dir='ltr'><strong>et</strong></span> <span class='ocrx_word' id='word_1_159' title='bbox 2769 617 3049 673; x_wconf 82' lang='lat' dir='ltr'><strong>hominum</strong></span> <span class='ocrx_word' id='word_1_160' title='bbox 3098 616 3368 672; x_wconf 81' lang='lat' dir='ltr'><strong>hominem</strong></span> <span class='ocrx_word' id='word_1_161' title='bbox 3406 615 3662 671; x_wconf 86' lang='lat' dir='ltr'><strong>Christum</strong></span> <span class='ocrx_word' id='word_1_162' title='bbox 3701 616 3838 675; x_wconf 76' lang='lat' dir='ltr'><strong>lesum</strong></span> 
     </span>
    </p>
   </div>
   <div class='ocr_carea' id='block_1_20' title="bbox 2342 706 3841 780">
    <p class='ocr_par' dir='ltr' id='par_1_20' title="bbox 2342 706 3841 780">
     <span class='ocr_line' id='line_1_20' title="bbox 2342 706 3841 780; baseline 0.001 -16"><span class='ocrx_word' id='word_1_163' title='bbox 2342 724 2449 765; x_wconf 90' lang='lat' dir='ltr'><strong>non</strong></span> <span class='ocrx_word' id='word_1_164' title='bbox 2485 718 2663 779; x_wconf 85' lang='lat' dir='ltr'><strong>putest</strong></span> <span class='ocrx_word' id='word_1_165' title='bbox 2696 708 2987 780; x_wconf 86' lang='lat' dir='ltr'><strong>perveniri.</strong></span> <span class='ocrx_word' id='word_1_166' title='bbox 3031 706 3182 763; x_wconf 87' lang='lat' dir='ltr'><strong>Sicut</strong></span> <span class='ocrx_word' id='word_1_167' title='bbox 3208 707 3353 762; x_wconf 90' lang='lat' dir='ltr'><strong>enim</strong></span> <span class='ocrx_word' id='word_1_168' title='bbox 3399 707 3474 760; x_wconf 89' lang='lat' dir='ltr'><strong>ait</strong></span> <span class='ocrx_word' id='word_1_169' title='bbox 3504 707 3675 762; x_wconf 85' lang='lat' dir='ltr'><strong>beatus</strong></span> <span class='ocrx_word' id='word_1_170' title='bbox 3698 707 3841 765; x_wconf 79' lang='lat' dir='ltr'><strong>Petrus</strong></span> 
     </span>
    </p>
   </div>
   <div class='ocr_carea' id='block_1_21' title="bbox 2343 797 3841 872">
    <p class='ocr_par' dir='ltr' id='par_1_21' title="bbox 2343 797 3841 872">
     <span class='ocr_line' id='line_1_21' title="bbox 2343 797 3841 872; baseline -0.001 -16"><span class='ocrx_word' id='word_1_171' title='bbox 2343 800 2637 872; x_wconf 83' lang='lat' dir='ltr'><strong>apostolus,</strong></span> <span class='ocrx_word' id='word_1_172' title='bbox 2662 801 2785 855; x_wconf 91' lang='lat' dir='ltr'><strong>Non</strong></span> <span class='ocrx_word' id='word_1_173' title='bbox 2807 812 2884 854; x_wconf 87' lang='lat' dir='ltr'><strong>est</strong></span> <span class='ocrx_word' id='word_1_174' title='bbox 2904 798 3052 853; x_wconf 80' lang='lat' dir='ltr'><strong>aliud</strong></span> <span class='ocrx_word' id='word_1_175' title='bbox 3082 814 3270 852; x_wconf 83' lang='lat' dir='ltr'><strong>nomen</strong></span> <span class='ocrx_word' id='word_1_176' title='bbox 3294 797 3471 850; x_wconf 87' lang='lat' dir='ltr'><strong>datum</strong></span> <span class='ocrx_word' id='word_1_177' title='bbox 3493 798 3751 852; x_wconf 78' lang='lat' dir='ltr'><strong>hominibus</strong></span> <span class='ocrx_word' id='word_1_178' title='bbox 3774 803 3841 854; x_wconf 72' lang='lat' dir='ltr'><strong>sub</strong></span> 
     </span>
    </p>
   </div>
   <div class='ocr_carea' id='block_1_22' title="bbox 2342 874 3843 962">
    <p class='ocr_par' dir='ltr' id='par_1_22' title="bbox 2342 874 3843 962">
     <span class='ocr_line' id='line_1_22' title="bbox 2342 874 3843 962; baseline -0.002 -15"><span class='ocrx_word' id='word_1_179' title='bbox 2342 891 2491 956; x_wconf 71' lang='lat' dir='ltr'><strong>uelo,</strong></span> <span class='ocrx_word' id='word_1_180' title='bbox 2522 892 2578 946; x_wconf 88' lang='lat' dir='ltr'><strong>in</strong></span> <span class='ocrx_word' id='word_1_181' title='bbox 2606 908 2709 962; x_wconf 85' lang='lat' dir='ltr'><strong>quo</strong></span> <span class='ocrx_word' id='word_1_182' title='bbox 2757 899 2990 961; x_wconf 78' lang='lat' dir='ltr'><strong>oporteat</strong></span> <span class='ocrx_word' id='word_1_183' title='bbox 3040 904 3134 943; x_wconf 88' lang='lat' dir='ltr'><strong>nos</strong></span> <span class='ocrx_word' id='word_1_184' title='bbox 3168 874 3339 943; x_wconf 80' lang='lat' dir='ltr'><strong>salvos</strong></span> <span class='ocrx_word' id='word_1_185' title='bbox 3388 888 3501 955; x_wconf 81' lang='lat' dir='ltr'><strong>ﬁeri</strong></span> <span class='ocrx_word' id='word_1_186' title='bbox 3526 888 3650 957; x_wconf 76' lang='lat' dir='ltr'><strong>(Act.</strong></span> <span class='ocrx_word' id='word_1_187' title='bbox 3675 904 3738 953; x_wconf 84' lang='lat' dir='ltr'><strong>Iv,</strong></span> <span class='ocrx_word' id='word_1_188' title='bbox 3760 891 3843 958; x_wconf 73' lang='lat' dir='ltr'><strong>l2),</strong></span> 
     </span>
    </p>
   </div>
   <div class='ocr_carea' id='block_1_23' title="bbox 2343 979 3845 1052">
    <p class='ocr_par' dir='ltr' id='par_1_23' title="bbox 2343 979 3845 1052">
     <span class='ocr_line' id='line_1_23' title="bbox 2343 979 3845 1052; baseline -0.001 -15"><span class='ocrx_word' id='word_1_189' title='bbox 2343 997 2443 1038; x_wconf 90' lang='lat' dir='ltr'><strong>nec</strong></span> <span class='ocrx_word' id='word_1_190' title='bbox 2469 992 2555 1038; x_wconf 88' lang='lat' dir='ltr'><strong>est</strong></span> <span class='ocrx_word' id='word_1_191' title='bbox 2580 983 2878 1052; x_wconf 66' lang='lat' dir='ltr'><strong>redemptio</strong></span> <span class='ocrx_word' id='word_1_192' title='bbox 2905 980 3235 1051; x_wconf 90' lang='lat' dir='ltr'><strong>captivitatis</strong></span> <span class='ocrx_word' id='word_1_193' title='bbox 3260 979 3525 1044; x_wconf 68' lang='lat' dir='ltr'><strong>humanae,</strong></span> <span class='ocrx_word' id='word_1_194' title='bbox 3552 979 3646 1033; x_wconf 85' lang='lat' dir='ltr'><strong>nisi</strong></span> <span class='ocrx_word' id='word_1_195' title='bbox 3682 980 3728 1034; x_wconf 90' lang='lat' dir='ltr'><strong>in</strong></span> <span class='ocrx_word' id='word_1_196' title='bbox 3754 997 3845 1035; x_wconf 83' lang='lat' dir='ltr'><strong>san-</strong></span> 
     </span>
    </p>
   </div>
   <div class='ocr_carea' id='block_1_24' title="bbox 2343 1068 3844 1144">
    <p class='ocr_par' dir='ltr' id='par_1_24' title="bbox 2343 1068 3844 1144">
     <span class='ocr_line' id='line_1_24' title="bbox 2343 1068 3844 1144; baseline -0.001 -17"><span class='ocrx_word' id='word_1_197' title='bbox 2343 1072 2507 1144; x_wconf 91' lang='lat' dir='ltr'><strong>guine</strong></span> <span class='ocrx_word' id='word_1_198' title='bbox 2538 1072 2655 1142; x_wconf 90' lang='lat' dir='ltr'><strong>ejus</strong></span> <span class='ocrx_word' id='word_1_199' title='bbox 2680 1073 2774 1142; x_wconf 92' lang='lat' dir='ltr'><strong>qui</strong></span> <span class='ocrx_word' id='word_1_200' title='bbox 2814 1071 2957 1127; x_wconf 90' lang='lat' dir='ltr'><strong>dedit</strong></span> <span class='ocrx_word' id='word_1_201' title='bbox 2987 1071 3334 1139; x_wconf 89' lang='lat' dir='ltr'><strong>semetipsum</strong></span> <span class='ocrx_word' id='word_1_202' title='bbox 3370 1068 3749 1138; x_wconf 88' lang='lat' dir='ltr'><strong>redemptionem</strong></span> <span class='ocrx_word' id='word_1_203' title='bbox 3775 1086 3844 1138; x_wconf 83' lang='lat' dir='ltr'><strong>pro</strong></span> 
     </span>
    </p>
   </div>
   <div class='ocr_carea' id='block_1_25' title="bbox 2345 1159 3845 1232">
    <p class='ocr_par' dir='ltr' id='par_1_25' title="bbox 2345 1159 3845 1232">
     <span class='ocr_line' id='line_1_25' title="bbox 2345 1159 3845 1232; baseline -0.001 -15"><span class='ocrx_word' id='word_1_204' title='bbox 2345 1163 2613 1226; x_wconf 89' lang='lat' dir='ltr'><strong>omnibus,</strong></span> <span class='ocrx_word' id='word_1_205' title='bbox 2655 1171 2709 1218; x_wconf 92' lang='lat' dir='ltr'><strong>et</strong></span> <span class='ocrx_word' id='word_1_206' title='bbox 2754 1162 2871 1232; x_wconf 89' lang='lat' dir='ltr'><strong>qui,</strong></span> <span class='ocrx_word' id='word_1_207' title='bbox 2916 1161 3058 1221; x_wconf 84' lang='lat' dir='ltr'><strong>sicut</strong></span> <span class='ocrx_word' id='word_1_208' title='bbox 3104 1159 3365 1230; x_wconf 66' lang='lat' dir='ltr'><strong>praedicat</strong></span> <span class='ocrx_word' id='word_1_209' title='bbox 3415 1159 3596 1214; x_wconf 88' lang='lat' dir='ltr'><strong>beatus</strong></span> <span class='ocrx_word' id='word_1_210' title='bbox 3633 1160 3845 1228; x_wconf 77' lang='lat' dir='ltr'><strong>aposwlus</strong></span> 
     </span>
    </p>
   </div>
   <div class='ocr_carea' id='block_1_26' title="bbox 2343 1253 3845 1324">
    <p class='ocr_par' dir='ltr' id='par_1_26' title="bbox 2343 1253 3845 1324">
     <span class='ocr_line' id='line_1_26' title="bbox 2343 1253 3845 1324; baseline -0.001 -13"><span class='ocrx_word' id='word_1_211' title='bbox 2343 1255 2565 1322; x_wconf 84' lang='lat' dir='ltr'><strong>Paulus,</strong></span> <span class='ocrx_word' id='word_1_212' title='bbox 2594 1272 2714 1309; x_wconf 87' lang='lat' dir='ltr'><strong>cum</strong></span> <span class='ocrx_word' id='word_1_213' title='bbox 2744 1256 2801 1309; x_wconf 90' lang='lat' dir='ltr'><strong>in</strong></span> <span class='ocrx_word' id='word_1_214' title='bbox 2834 1254 3007 1324; x_wconf 76' lang='lat' dir='ltr'><strong>forma</strong></span> <span class='ocrx_word' id='word_1_215' title='bbox 3039 1253 3137 1307; x_wconf 90' lang='lat' dir='ltr'><strong>Dei</strong></span> <span class='ocrx_word' id='word_1_216' title='bbox 3176 1263 3328 1316; x_wconf 88' lang='lat' dir='ltr'><strong>esset,</strong></span> <span class='ocrx_word' id='word_1_217' title='bbox 3364 1268 3467 1307; x_wconf 86' lang='lat' dir='ltr'><strong>non</strong></span> <span class='ocrx_word' id='word_1_218' title='bbox 3501 1254 3713 1322; x_wconf 76' lang='lat' dir='ltr'><strong>rapinam</strong></span> <span class='ocrx_word' id='word_1_219' title='bbox 3744 1256 3845 1309; x_wconf 71' lang='lat' dir='ltr'><strong>arbi-</strong></span> 
     </span>
    </p>
   </div>
   <div class='ocr_carea' id='block_1_27' title="bbox 2344 1345 3844 1417">
    <p class='ocr_par' dir='ltr' id='par_1_27' title="bbox 2344 1345 3844 1417">
     <span class='ocr_line' id='line_1_27' title="bbox 2344 1345 3844 1417; baseline -0.003 -12"><span class='ocrx_word' id='word_1_220' title='bbox 2344 1360 2517 1405; x_wconf 78' lang='lat' dir='ltr'><strong>tratus</strong></span> <span class='ocrx_word' id='word_1_221' title='bbox 2541 1359 2621 1404; x_wconf 88' lang='lat' dir='ltr'><strong>est</strong></span> <span class='ocrx_word' id='word_1_222' title='bbox 2646 1365 2757 1403; x_wconf 90' lang='lat' dir='ltr'><strong>esse</strong></span> <span class='ocrx_word' id='word_1_223' title='bbox 2781 1364 2837 1402; x_wconf 90' lang='lat' dir='ltr'><strong>se</strong></span> <span class='ocrx_word' id='word_1_224' title='bbox 2860 1345 3112 1417; x_wconf 67' lang='lat' dir='ltr'><strong>(aqualem</strong></span> <span class='ocrx_word' id='word_1_225' title='bbox 3140 1345 3251 1399; x_wconf 86' lang='lat' dir='ltr'><strong>Deo</strong></span> <span class='ocrx_word' id='word_1_226' title='bbox 3273 1385 3289 1411; x_wconf 91' lang='lat'><strong>,</strong></span> <span class='ocrx_word' id='word_1_227' title='bbox 3326 1345 3417 1400; x_wconf 81' lang='lat' dir='ltr'><strong>sed</strong></span> <span class='ocrx_word' id='word_1_228' title='bbox 3457 1345 3749 1415; x_wconf 72' lang='lat' dir='ltr'><strong>semetipsum</strong></span> <span class='ocrx_word' id='word_1_229' title='bbox 3781 1362 3844 1400; x_wconf 80' lang='lat' dir='ltr'><strong>es-</strong></span> 
     </span>
    </p>
   </div>
   <div class='ocr_carea' id='block_1_28' title="bbox 2344 1435 3846 1510">
    <p class='ocr_par' dir='ltr' id='par_1_28' title="bbox 2344 1435 3846 1510">
     <span class='ocr_line' id='line_1_28' title="bbox 2344 1435 3846 1510; baseline -0.005 -14"><span class='ocrx_word' id='word_1_230' title='bbox 2344 1441 2583 1504; x_wconf 86' lang='lat' dir='ltr'><strong>inanivit,</strong></span> <span class='ocrx_word' id='word_1_231' title='bbox 2613 1440 2838 1510; x_wconf 81' lang='lat' dir='ltr'><strong>formam</strong></span> <span class='ocrx_word' id='word_1_232' title='bbox 2855 1438 2990 1492; x_wconf 83' lang='lat' dir='ltr'><strong>servi</strong></span> <span class='ocrx_word' id='word_1_233' title='bbox 3016 1437 3299 1507; x_wconf 83' lang='lat' dir='ltr'><strong>accipiens,</strong></span> <span class='ocrx_word' id='word_1_234' title='bbox 3329 1437 3384 1490; x_wconf 87' lang='lat' dir='ltr'><strong>in</strong></span> <span class='ocrx_word' id='word_1_235' title='bbox 3416 1435 3763 1490; x_wconf 69' lang='lat' dir='ltr'><strong>similitudine»:</strong></span> <span class='ocrx_word' id='word_1_236' title='bbox 3781 1437 3846 1489; x_wconf 75' lang='lat' dir='ltr'><strong>hs-</strong></span> 
     </span>
    </p>
   </div>
   <div class='ocr_carea' id='block_1_29' title="bbox 2344 1526 3845 1603">
    <p class='ocr_par' dir='ltr' id='par_1_29' title="bbox 2344 1526 3845 1603">
     <span class='ocr_line' id='line_1_29' title="bbox 2344 1526 3845 1603; baseline -0.005 -16"><span class='ocrx_word' id='word_1_237' title='bbox 2344 1533 2547 1587; x_wconf 90' lang='lat' dir='ltr'><strong>minum</strong></span> <span class='ocrx_word' id='word_1_238' title='bbox 2568 1532 2765 1603; x_wconf 77' lang='lat' dir='ltr'><strong>factus,</strong></span> <span class='ocrx_word' id='word_1_239' title='bbox 2784 1541 2830 1585; x_wconf 88' lang='lat' dir='ltr'><strong>et</strong></span> <span class='ocrx_word' id='word_1_240' title='bbox 2857 1529 3040 1583; x_wconf 80' lang='lat' dir='ltr'><strong>habitu</strong></span> <span class='ocrx_word' id='word_1_241' title='bbox 3063 1530 3302 1583; x_wconf 82' lang='lat' dir='ltr'><strong>inventus</strong></span> <span class='ocrx_word' id='word_1_242' title='bbox 3328 1539 3384 1582; x_wconf 83' lang='lat' dir='ltr'><strong>ut</strong></span> <span class='ocrx_word' id='word_1_243' title='bbox 3410 1528 3577 1582; x_wconf 85' lang='lat' dir='ltr'><strong>homo.</strong></span> <span class='ocrx_word' id='word_1_244' title='bbox 3605 1526 3845 1581; x_wconf 72' lang='lat' dir='ltr'><strong>Humiliarit</strong></span> 
     </span>
    </p>
   </div>
   <div class='ocr_carea' id='block_1_30' title="bbox 2344 1620 3843 1695">
    <p class='ocr_par' dir='ltr' id='par_1_30' title="bbox 2344 1620 3843 1695">
     <span class='ocr_line' id='line_1_30' title="bbox 2344 1620 3843 1695; baseline -0.007 -14"><span class='ocrx_word' id='word_1_245' title='bbox 2344 1625 2674 1695; x_wconf 82' lang='lat' dir='ltr'><strong>semetipsum</strong></span> <span class='ocrx_word' id='word_1_246' title='bbox 2695 1623 2870 1693; x_wconf 80' lang='lat' dir='ltr'><strong>[actus</strong></span> <span class='ocrx_word' id='word_1_247' title='bbox 2895 1622 3136 1677; x_wconf 82' lang='lat' dir='ltr'><strong>obediens</strong></span> <span class='ocrx_word' id='word_1_248' title='bbox 3159 1637 3325 1691; x_wconf 86' lang='lat' dir='ltr'><strong>usque</strong></span> <span class='ocrx_word' id='word_1_249' title='bbox 3352 1620 3421 1674; x_wconf 83' lang='lat' dir='ltr'><strong>ad</strong></span> <span class='ocrx_word' id='word_1_250' title='bbox 3447 1630 3665 1686; x_wconf 86' lang='lat' dir='ltr'><strong>mortem,</strong></span> <span class='ocrx_word' id='word_1_251' title='bbox 3689 1630 3843 1672; x_wconf 67' lang='lat' dir='ltr'><strong>mortem</strong></span> 
     </span>
    </p>
   </div>
   <div class='ocr_carea' id='block_1_31' title="bbox 2346 1709 3844 1782">
    <p class='ocr_par' dir='ltr' id='par_1_31' title="bbox 2346 1709 3844 1782">
     <span class='ocr_line' id='line_1_31' title="bbox 2346 1709 3844 1782; baseline -0.007 -13"><span class='ocrx_word' id='word_1_252' title='bbox 2346 1726 2522 1769; x_wconf 87' lang='lat' dir='ltr'><strong>autem</strong></span> <span class='ocrx_word' id='word_1_253' title='bbox 2548 1713 2740 1768; x_wconf 88' lang='lat' dir='ltr'><strong>crucis.</strong></span> <span class='ocrx_word' id='word_1_254' title='bbox 2770 1711 2996 1782; x_wconf 81' lang='lat' dir='ltr'><strong>Propter</strong></span> <span class='ocrx_word' id='word_1_255' title='bbox 3014 1711 3154 1782; x_wconf 84' lang='lat' dir='ltr'><strong>quod</strong></span> <span class='ocrx_word' id='word_1_256' title='bbox 3185 1720 3238 1765; x_wconf 80' lang='lat' dir='ltr'><strong>et</strong></span> <span class='ocrx_word' id='word_1_257' title='bbox 3276 1710 3419 1765; x_wconf 86' lang='lat' dir='ltr'><strong>Deus</strong></span> <span class='ocrx_word' id='word_1_258' title='bbox 3465 1709 3606 1763; x_wconf 85' lang='lat' dir='ltr'><strong>illum</strong></span> <span class='ocrx_word' id='word_1_259' title='bbox 3642 1709 3844 1770; x_wconf 70' lang='lat' dir='ltr'><strong>exultavit,</strong></span> 
     </span>
    </p>
   </div>
   <div class='ocr_carea' id='block_1_32' title="bbox 662 1794 3844 1887">
    <p class='ocr_par' dir='ltr' id='par_1_32' title="bbox 662 1794 3844 1887">
     <span class='ocr_line' id='line_1_32' title="bbox 662 1794 3844 1887; baseline -0.005 -20"><span class='ocrx_word' id='word_1_260' title='bbox 662 1813 838 1881; x_wconf 85' lang='lat' dir='ltr'><strong>(epist.</strong></span> <span class='ocrx_word' id='word_1_261' title='bbox 870 1829 984 1884; x_wconf 87' lang='lat' dir='ltr'><strong>cap.</strong></span> <span class='ocrx_word' id='word_1_262' title='bbox 1036 1812 1124 1885; x_wconf 78' lang='lat' dir='ltr'><strong>il)</strong></span> <span class='ocrx_word' id='word_1_263' title='bbox 1156 1832 1169 1868; x_wconf 89' lang='lat'><strong>:</strong></span> <span class='ocrx_word' id='word_1_264' title='bbox 1218 1833 1237 1865; x_wconf 71' lang='grc' dir='ltr'><strong>α</strong></span> <span class='ocrx_word' id='word_1_265' title='bbox 1284 1814 1438 1870; x_wconf 82' lang='lat' dir='ltr'><strong>Sicut</strong></span> <span class='ocrx_word' id='word_1_266' title='bbox 1475 1815 1620 1870; x_wconf 83' lang='lat' dir='ltr'><strong>enim</strong></span> <span class='ocrx_word' id='word_1_267' title='bbox 1667 1794 1991 1887; x_wconf 31' lang='lat' dir='ltr'><strong>negarivnon</strong></span> <span class='ocrx_word' id='word_1_268' title='bbox 2039 1825 2240 1886; x_wconf 71' lang='grc' dir='ltr'><strong>ροιθει,</strong></span> <span class='ocrx_word' id='word_1_269' title='bbox 2271 1794 2320 1853; x_wconf 86' lang='grc' dir='ltr'><strong>Β</strong></span> <span class='ocrx_word' id='word_1_270' title='bbox 2346 1814 2395 1859; x_wconf 88' lang='lat' dir='ltr'><strong>et</strong></span> <span class='ocrx_word' id='word_1_271' title='bbox 2418 1804 2630 1859; x_wconf 82' lang='lat' dir='ltr'><strong>donavit</strong></span> <span class='ocrx_word' id='word_1_272' title='bbox 2661 1802 2740 1856; x_wconf 86' lang='lat' dir='ltr'><strong>illi</strong></span> <span class='ocrx_word' id='word_1_273' title='bbox 2763 1818 2951 1856; x_wconf 85' lang='lat' dir='ltr'><strong>nomen</strong></span> <span class='ocrx_word' id='word_1_274' title='bbox 2977 1801 3118 1872; x_wconf 85' lang='lat' dir='ltr'><strong>quod</strong></span> <span class='ocrx_word' id='word_1_275' title='bbox 3146 1810 3221 1854; x_wconf 83' lang='lat' dir='ltr'><strong>est</strong></span> <span class='ocrx_word' id='word_1_276' title='bbox 3252 1816 3411 1869; x_wconf 86' lang='lat' dir='ltr'><strong>super</strong></span> <span class='ocrx_word' id='word_1_277' title='bbox 3446 1815 3589 1853; x_wconf 85' lang='lat' dir='ltr'><strong>omne</strong></span> <span class='ocrx_word' id='word_1_278' title='bbox 3624 1807 3844 1861; x_wconf 62' lang='lat' dir='ltr'><strong>numerus!</strong></span> 
     </span>
    </p>
   </div>
   <div class='ocr_carea' id='block_1_33' title="bbox 658 1904 2239 1978">
    <p class='ocr_par' dir='ltr' id='par_1_33' title="bbox 658 1904 2239 1978">
     <span class='ocr_line' id='line_1_33' title="bbox 658 1904 2239 1978; baseline 0 -19"><span class='ocrx_word' id='word_1_279' title='bbox 658 1904 993 1975; x_wconf 79' lang='lat' dir='ltr'><strong>evangelista</strong></span> <span class='ocrx_word' id='word_1_280' title='bbox 1036 1906 1267 1971; x_wconf 90' lang='lat' dir='ltr'><strong>dicente,</strong></span> <span class='ocrx_word' id='word_1_281' title='bbox 1302 1907 1445 1976; x_wconf 90' lang='lat' dir='ltr'><strong>quod</strong></span> <span class='ocrx_word' id='word_1_282' title='bbox 1477 1905 1702 1962; x_wconf 85' lang='lat' dir='ltr'><strong>Verbum</strong></span> <span class='ocrx_word' id='word_1_283' title='bbox 1747 1923 1871 1961; x_wconf 80' lang='lat' dir='ltr'><strong>caro</strong></span> <span class='ocrx_word' id='word_1_284' title='bbox 1923 1908 2121 1978; x_wconf 79' lang='lat' dir='ltr'><strong>factum</strong></span> <span class='ocrx_word' id='word_1_285' title='bbox 2143 1916 2239 1971; x_wconf 88' lang='lat' dir='ltr'><strong>est,</strong></span> 
     </span>
    </p>
   </div>
   <div class='ocr_carea' id='block_1_34' title="bbox 659 1994 2242 2069">
    <p class='ocr_par' dir='ltr' id='par_1_34' title="bbox 659 1994 2242 2069">
     <span class='ocr_line' id='line_1_34' title="bbox 659 1994 2242 2069; baseline 0.003 -21"><span class='ocrx_word' id='word_1_286' title='bbox 659 2003 710 2047; x_wconf 84' lang='lat' dir='ltr'><strong>et</strong></span> <span class='ocrx_word' id='word_1_287' title='bbox 755 1994 1009 2048; x_wconf 81' lang='lat' dir='ltr'><strong>habitavit</strong></span> <span class='ocrx_word' id='word_1_288' title='bbox 1059 1995 1113 2049; x_wconf 90' lang='lat' dir='ltr'><strong>in</strong></span> <span class='ocrx_word' id='word_1_289' title='bbox 1144 1995 1293 2049; x_wconf 84' lang='lat' dir='ltr'><strong>nobis</strong></span> <span class='ocrx_word' id='word_1_290' title='bbox 1344 1994 1524 2066; x_wconf 84' lang='lat' dir='ltr'><strong>(Joan.</strong></span> <span class='ocrx_word' id='word_1_291' title='bbox 1571 2012 1610 2061; x_wconf 80' lang='grc' dir='ltr'><strong>ι,</strong></span> <span class='ocrx_word' id='word_1_292' title='bbox 1654 1997 1771 2069; x_wconf 71' lang='grc'><strong>14),</strong></span> <span class='ocrx_word' id='word_1_293' title='bbox 1820 1998 1895 2051; x_wconf 88' lang='lat' dir='ltr'><strong>ita</strong></span> <span class='ocrx_word' id='word_1_294' title='bbox 1924 1997 2108 2067; x_wconf 85' lang='lat' dir='ltr'><strong>negari</strong></span> <span class='ocrx_word' id='word_1_295' title='bbox 2134 2011 2242 2053; x_wconf 87' lang='lat' dir='ltr'><strong>non</strong></span> 
     </span>
    </p>
   </div>
   <div class='ocr_carea' id='block_1_35' title="bbox 660 2086 2244 2158">
    <p class='ocr_par' dir='ltr' id='par_1_35' title="bbox 660 2086 2244 2158">
     <span class='ocr_line' id='line_1_35' title="bbox 660 2086 2244 2158; baseline 0.001 -17"><span class='ocrx_word' id='word_1_296' title='bbox 660 2094 862 2155; x_wconf 84' lang='lat' dir='ltr'><strong>putest,</strong></span> <span class='ocrx_word' id='word_1_297' title='bbox 888 2087 1050 2142; x_wconf 92' lang='lat' dir='ltr'><strong>beato</strong></span> <span class='ocrx_word' id='word_1_298' title='bbox 1075 2086 1239 2142; x_wconf 90' lang='lat' dir='ltr'><strong>Paulo</strong></span> <span class='ocrx_word' id='word_1_299' title='bbox 1266 2086 1508 2156; x_wconf 89' lang='lat' dir='ltr'><strong>apostolo</strong></span> <span class='ocrx_word' id='word_1_300' title='bbox 1547 2088 1895 2157; x_wconf 75' lang='lat' dir='ltr'><strong>praedicante,</strong></span> <span class='ocrx_word' id='word_1_301' title='bbox 1927 2088 2071 2158; x_wconf 90' lang='lat' dir='ltr'><strong>quod</strong></span> <span class='ocrx_word' id='word_1_302' title='bbox 2098 2087 2244 2143; x_wconf 87' lang='lat' dir='ltr'><strong>Deus</strong></span> 
     </span>
    </p>
   </div>
   <div class='ocr_carea' id='block_1_36' title="bbox 663 2174 2241 2248">
    <p class='ocr_par' dir='ltr' id='par_1_36' title="bbox 663 2174 2241 2248">
     <span class='ocr_line' id='line_1_36' title="bbox 663 2174 2241 2248; baseline 0.003 -20"><span class='ocrx_word' id='word_1_303' title='bbox 663 2187 780 2230; x_wconf 88' lang='lat' dir='ltr'><strong>erat</strong></span> <span class='ocrx_word' id='word_1_304' title='bbox 829 2177 885 2231; x_wconf 89' lang='lat' dir='ltr'><strong>in</strong></span> <span class='ocrx_word' id='word_1_305' title='bbox 930 2174 1138 2231; x_wconf 77' lang='lat' dir='ltr'><strong>Christo</strong></span> <span class='ocrx_word' id='word_1_306' title='bbox 1182 2177 1436 2232; x_wconf 84' lang='lat' dir='ltr'><strong>mundum</strong></span> <span class='ocrx_word' id='word_1_307' title='bbox 1479 2177 1822 2234; x_wconf 86' lang='lat' dir='ltr'><strong>reconcilians</strong></span> <span class='ocrx_word' id='word_1_308' title='bbox 1847 2178 1946 2233; x_wconf 86' lang='lat' dir='ltr'><strong>sibi</strong></span> <span class='ocrx_word' id='word_1_309' title='bbox 1993 2178 2081 2248; x_wconf 90' lang='grc' dir='ltr'><strong>(ΙΙ</strong></span> <span class='ocrx_word' id='word_1_310' title='bbox 2116 2179 2241 2234; x_wconf 86' lang='lat' dir='ltr'><strong>Cor.</strong></span> 
     </span>
    </p>
   </div>
   <div class='ocr_carea' id='block_1_37' title="bbox 657 2267 2244 2340">
    <p class='ocr_par' dir='ltr' id='par_1_37' title="bbox 657 2267 2244 2340">
     <span class='ocr_line' id='line_1_37' title="bbox 657 2267 2244 2340; baseline 0.003 -20"><span class='ocrx_word' id='word_1_311' title='bbox 657 2282 755 2333; x_wconf 73' lang='lat' dir='ltr'><strong>xv,</strong></span> <span class='ocrx_word' id='word_1_312' title='bbox 795 2268 907 2339; x_wconf 80' lang='grc'><strong>19).</strong></span> <span class='ocrx_word' id='word_1_313' title='bbox 950 2267 1081 2336; x_wconf 83' lang='lat' dir='ltr'><strong>Quae</strong></span> <span class='ocrx_word' id='word_1_314' title='bbox 1117 2278 1298 2323; x_wconf 90' lang='lat' dir='ltr'><strong>autem</strong></span> <span class='ocrx_word' id='word_1_315' title='bbox 1342 2269 1710 2325; x_wconf 87' lang='lat' dir='ltr'><strong>reconciliatio</strong></span> <span class='ocrx_word' id='word_1_316' title='bbox 1745 2285 1864 2325; x_wconf 88' lang='lat' dir='ltr'><strong>esse</strong></span> <span class='ocrx_word' id='word_1_317' title='bbox 1911 2278 2108 2340; x_wconf 87' lang='lat' dir='ltr'><strong>potest,</strong></span> <span class='ocrx_word' id='word_1_318' title='bbox 2134 2284 2244 2339; x_wconf 86' lang='lat' dir='ltr'><strong>qua</strong></span> 
     </span>
    </p>
   </div>
   <div class='ocr_carea' id='block_1_38' title="bbox 657 2357 2241 2430">
    <p class='ocr_par' dir='ltr' id='par_1_38' title="bbox 657 2357 2241 2430">
     <span class='ocr_line' id='line_1_38' title="bbox 657 2357 2241 2430; baseline 0.003 -19"><span class='ocrx_word' id='word_1_319' title='bbox 657 2357 898 2414; x_wconf 86' lang='lat' dir='ltr'><strong>humano</strong></span> <span class='ocrx_word' id='word_1_320' title='bbox 951 2359 1134 2430; x_wconf 82' lang='lat' dir='ltr'><strong>generi</strong></span> <span class='ocrx_word' id='word_1_321' title='bbox 1184 2359 1571 2430; x_wconf 86' lang='lat' dir='ltr'><strong>propitiaretur</strong></span> <span class='ocrx_word' id='word_1_322' title='bbox 1625 2360 1792 2427; x_wconf 90' lang='lat' dir='ltr'><strong>Deus,</strong></span> <span class='ocrx_word' id='word_1_323' title='bbox 1840 2361 1944 2415; x_wconf 91' lang='lat' dir='ltr'><strong>nisi</strong></span> <span class='ocrx_word' id='word_1_324' title='bbox 2000 2361 2241 2416; x_wconf 89' lang='lat' dir='ltr'><strong>omnium</strong></span> 
     </span>
    </p>
   </div>
   <div class='ocr_carea' id='block_1_39' title="bbox 659 2450 2245 2525">
    <p class='ocr_par' dir='ltr' id='par_1_39' title="bbox 659 2450 2245 2525">
     <span class='ocr_line' id='line_1_39' title="bbox 659 2450 2245 2525; baseline 0.003 -21"><span class='ocrx_word' id='word_1_325' title='bbox 659 2465 827 2505; x_wconf 91' lang='lat' dir='ltr'><strong>causa</strong></span> <span class='ocrx_word' id='word_1_326' title='bbox 854 2450 1117 2507; x_wconf 84' lang='lat' dir='ltr'><strong>Mediator</strong></span> <span class='ocrx_word' id='word_1_327' title='bbox 1147 2451 1243 2508; x_wconf 88' lang='lat' dir='ltr'><strong>Dei</strong></span> <span class='ocrx_word' id='word_1_328' title='bbox 1266 2461 1320 2507; x_wconf 91' lang='lat' dir='ltr'><strong>et</strong></span> <span class='ocrx_word' id='word_1_329' title='bbox 1348 2452 1626 2508; x_wconf 88' lang='lat' dir='ltr'><strong>hominum</strong></span> <span class='ocrx_word' id='word_1_330' title='bbox 1646 2469 1869 2509; x_wconf 89' lang='lat' dir='ltr'><strong>carnem</strong></span> <span class='ocrx_word' id='word_1_331' title='bbox 1905 2455 2245 2525; x_wconf 86' lang='lat' dir='ltr'><strong>susciperet?</strong></span> 
     </span>
    </p>
   </div>
   <div class='ocr_carea' id='block_1_40' title="bbox 660 2529 2241 2614">
    <p class='ocr_par' dir='ltr' id='par_1_40' title="bbox 660 2529 2241 2614">
     <span class='ocr_line' id='line_1_40' title="bbox 660 2529 2241 2614; baseline 0.004 -21"><span class='ocrx_word' id='word_1_332' title='bbox 660 2539 777 2607; x_wconf 87' lang='lat' dir='ltr'><strong>Qua</strong></span> <span class='ocrx_word' id='word_1_333' title='bbox 803 2556 933 2597; x_wconf 90' lang='lat' dir='ltr'><strong>vero</strong></span> <span class='ocrx_word' id='word_1_334' title='bbox 957 2543 1166 2598; x_wconf 82' lang='lat' dir='ltr'><strong>ratione</strong></span> <span class='ocrx_word' id='word_1_335' title='bbox 1191 2543 1475 2598; x_wconf 83' lang='lat' dir='ltr'><strong>veritatem</strong></span> <span class='ocrx_word' id='word_1_336' title='bbox 1508 2529 1818 2599; x_wconf 64' lang='lat' dir='ltr'><strong>Mediatoris</strong></span> <span class='ocrx_word' id='word_1_337' title='bbox 1842 2544 2116 2614; x_wconf 88' lang='lat' dir='ltr'><strong>impleret,</strong></span> <span class='ocrx_word' id='word_1_338' title='bbox 2138 2544 2241 2600; x_wconf 89' lang='lat' dir='ltr'><strong>nisi</strong></span> 
     </span>
    </p>
   </div>
   <div class='ocr_carea' id='block_1_41' title="bbox 657 2634 2244 2706">
    <p class='ocr_par' dir='ltr' id='par_1_41' title="bbox 657 2634 2244 2706">
     <span class='ocr_line' id='line_1_41' title="bbox 657 2634 2244 2706; baseline 0.001 -19"><span class='ocrx_word' id='word_1_339' title='bbox 657 2634 752 2704; x_wconf 86' lang='lat' dir='ltr'><strong>qui</strong></span> <span class='ocrx_word' id='word_1_340' title='bbox 781 2634 835 2690; x_wconf 89' lang='lat' dir='ltr'><strong>in</strong></span> <span class='ocrx_word' id='word_1_341' title='bbox 876 2635 1053 2691; x_wconf 83' lang='lat' dir='ltr'><strong>forma</strong></span> <span class='ocrx_word' id='word_1_342' title='bbox 1078 2636 1173 2691; x_wconf 89' lang='lat' dir='ltr'><strong>Dei</strong></span> <span class='ocrx_word' id='word_1_343' title='bbox 1199 2635 1422 2706; x_wconf 54' lang='lat' dir='ltr'><strong>aequalis</strong></span> <span class='ocrx_word' id='word_1_344' title='bbox 1460 2635 1629 2702; x_wconf 88' lang='lat' dir='ltr'><strong>Patri,</strong></span> <span class='ocrx_word' id='word_1_345' title='bbox 1655 2636 1709 2691; x_wconf 92' lang='lat' dir='ltr'><strong>in</strong></span> <span class='ocrx_word' id='word_1_346' title='bbox 1752 2634 1927 2691; x_wconf 86' lang='lat' dir='ltr'><strong>forma</strong></span> <span class='ocrx_word' id='word_1_347' title='bbox 1954 2635 2097 2691; x_wconf 89' lang='lat' dir='ltr'><strong>servi</strong></span> <span class='ocrx_word' id='word_1_348' title='bbox 2120 2650 2244 2706; x_wconf 82' lang='lat' dir='ltr'><strong>par-</strong></span> 
     </span>
    </p>
   </div>
   <div class='ocr_carea' id='block_1_42' title="bbox 658 2726 2244 2799">
    <p class='ocr_par' dir='ltr' id='par_1_42' title="bbox 658 2726 2244 2799">
     <span class='ocr_line' id='line_1_42' title="bbox 658 2726 2244 2799; baseline 0.003 -20"><span class='ocrx_word' id='word_1_349' title='bbox 658 2726 831 2797; x_wconf 87' lang='lat' dir='ltr'><strong>ticeps</strong></span> <span class='ocrx_word' id='word_1_350' title='bbox 858 2736 1004 2783; x_wconf 90' lang='lat' dir='ltr'><strong>esset</strong></span> <span class='ocrx_word' id='word_1_351' title='bbox 1022 2736 1079 2784; x_wconf 89' lang='lat' dir='ltr'><strong>et</strong></span> <span class='ocrx_word' id='word_1_352' title='bbox 1097 2729 1293 2791; x_wconf 88' lang='lat' dir='ltr'><strong>nostri.</strong></span> <span class='ocrx_word' id='word_1_353' title='bbox 1317 2737 1371 2784; x_wconf 95' lang='lat' dir='ltr'><strong>et</strong></span> <span class='ocrx_word' id='word_1_354' title='bbox 1407 2729 1599 2784; x_wconf 89' lang='lat' dir='ltr'><strong>mortis</strong></span> <span class='ocrx_word' id='word_1_355' title='bbox 1627 2728 1902 2784; x_wconf 85' lang='lat' dir='ltr'><strong>vinculum</strong></span> <span class='ocrx_word' id='word_1_356' title='bbox 1926 2728 2087 2783; x_wconf 88' lang='lat' dir='ltr'><strong>unius</strong></span> <span class='ocrx_word' id='word_1_357' title='bbox 2107 2742 2244 2799; x_wconf 74' lang='lat' dir='ltr'><strong>prae-</strong></span> 
     </span>
    </p>
   </div>
   <div class='ocr_carea' id='block_1_43' title="bbox 661 2817 2243 2891">
    <p class='ocr_par' dir='ltr' id='par_1_43' title="bbox 661 2817 2243 2891">
     <span class='ocr_line' id='line_1_43' title="bbox 661 2817 2243 2891; baseline 0.004 -24"><span class='ocrx_word' id='word_1_358' title='bbox 661 2817 998 2873; x_wconf 86' lang='lat' dir='ltr'><strong>varicatione</strong></span> <span class='ocrx_word' id='word_1_359' title='bbox 1024 2826 1386 2883; x_wconf 88' lang='lat' dir='ltr'><strong>contractum,</strong></span> <span class='ocrx_word' id='word_1_360' title='bbox 1417 2818 1579 2874; x_wconf 90' lang='lat' dir='ltr'><strong>unius</strong></span> <span class='ocrx_word' id='word_1_361' title='bbox 1606 2827 1777 2875; x_wconf 91' lang='lat' dir='ltr'><strong>morte</strong></span> <span class='ocrx_word' id='word_1_362' title='bbox 1803 2819 1895 2891; x_wconf 92' lang='lat' dir='ltr'><strong>qui</strong></span> <span class='ocrx_word' id='word_1_363' title='bbox 1929 2820 2076 2875; x_wconf 91' lang='lat' dir='ltr'><strong>solus</strong></span> <span class='ocrx_word' id='word_1_364' title='bbox 2098 2834 2243 2875; x_wconf 90' lang='lat' dir='ltr'><strong>mor-</strong></span> 
     </span>
    </p>
   </div>
   <div class='ocr_carea' id='block_1_44' title="bbox 660 2906 2244 2980">
    <p class='ocr_par' dir='ltr' id='par_1_44' title="bbox 660 2906 2244 2980">
     <span class='ocr_line' id='line_1_44' title="bbox 660 2906 2244 2980; baseline 0.003 -21"><span class='ocrx_word' id='word_1_365' title='bbox 660 2907 704 2960; x_wconf 90' lang='lat' dir='ltr'><strong>ti</strong></span> <span class='ocrx_word' id='word_1_366' title='bbox 730 2907 863 2962; x_wconf 88' lang='lat' dir='ltr'><strong>nihil</strong></span> <span class='ocrx_word' id='word_1_367' title='bbox 888 2906 1073 2964; x_wconf 91' lang='lat' dir='ltr'><strong>debuit</strong></span> <span class='ocrx_word' id='word_1_368' title='bbox 1114 2908 1455 2965; x_wconf 84' lang='lat' dir='ltr'><strong>solveretur?</strong></span> <span class='ocrx_word' id='word_1_369' title='bbox 1481 2908 1684 2964; x_wconf 81' lang='lat' dir='ltr'><strong>Eﬁ&#39;usio</strong></span> <span class='ocrx_word' id='word_1_370' title='bbox 1712 2911 1855 2963; x_wconf 88' lang='lat' dir='ltr'><strong>enim</strong></span> <span class='ocrx_word' id='word_1_371' title='bbox 1880 2910 2013 2980; x_wconf 87' lang='lat' dir='ltr'><strong>justi</strong></span> <span class='ocrx_word' id='word_1_372' title='bbox 2038 2925 2137 2979; x_wconf 82' lang='lat' dir='ltr'><strong>pro</strong></span> <span class='ocrx_word' id='word_1_373' title='bbox 2162 2908 2244 2963; x_wconf 82' lang='lat' dir='ltr'><strong>in-</strong></span> 
     </span>
    </p>
   </div>
   <div class='ocr_carea' id='block_1_45' title="bbox 657 2997 2244 3069">
    <p class='ocr_par' dir='ltr' id='par_1_45' title="bbox 657 2997 2244 3069">
     <span class='ocr_line' id='line_1_45' title="bbox 657 2997 2244 3069; baseline 0.003 -19"><span class='ocrx_word' id='word_1_374' title='bbox 657 2997 821 3067; x_wconf 84' lang='lat' dir='ltr'><strong>justis</strong></span> <span class='ocrx_word' id='word_1_375' title='bbox 851 2999 1128 3069; x_wconf 84' lang='lat' dir='ltr'><strong>sanguinis</strong></span> <span class='ocrx_word' id='word_1_376' title='bbox 1150 2998 1353 3055; x_wconf 90' lang='lat' dir='ltr'><strong>Christi</strong></span> <span class='ocrx_word' id='word_1_377' title='bbox 1382 3011 1488 3055; x_wconf 90' lang='lat' dir='ltr'><strong>tam</strong></span> <span class='ocrx_word' id='word_1_378' title='bbox 1510 2998 1613 3054; x_wconf 81' lang='lat' dir='ltr'><strong>fuit</strong></span> <span class='ocrx_word' id='word_1_379' title='bbox 1638 3000 1789 3059; x_wconf 82' lang='lat' dir='ltr'><strong>dives</strong></span> <span class='ocrx_word' id='word_1_380' title='bbox 1808 3001 1876 3055; x_wconf 90' lang='lat' dir='ltr'><strong>ad</strong></span> <span class='ocrx_word' id='word_1_381' title='bbox 1905 3001 2160 3069; x_wconf 85' lang='lat' dir='ltr'><strong>pretium,</strong></span> <span class='ocrx_word' id='word_1_382' title='bbox 2184 3011 2244 3054; x_wconf 87' lang='lat' dir='ltr'><strong>ut</strong></span> 
     </span>
    </p>
   </div>
   <div class='ocr_carea' id='block_1_46' title="bbox 661 3087 2242 3158">
    <p class='ocr_par' dir='ltr' id='par_1_46' title="bbox 661 3087 2242 3158">
     <span class='ocr_line' id='line_1_46' title="bbox 661 3087 2242 3158; baseline 0.003 -19"><span class='ocrx_word' id='word_1_383' title='bbox 661 3087 709 3139; x_wconf 89' lang='lat' dir='ltr'><strong>si</strong></span> <span class='ocrx_word' id='word_1_384' title='bbox 731 3087 1055 3142; x_wconf 81' lang='lat' dir='ltr'><strong>universitas</strong></span> <span class='ocrx_word' id='word_1_385' title='bbox 1073 3088 1407 3157; x_wconf 87' lang='lat' dir='ltr'><strong>captivorum</strong></span> <span class='ocrx_word' id='word_1_386' title='bbox 1433 3089 1486 3143; x_wconf 92' lang='lat' dir='ltr'><strong>in</strong></span> <span class='ocrx_word' id='word_1_387' title='bbox 1502 3089 1917 3158; x_wconf 85' lang='lat' dir='ltr'><strong>Redemptorem</strong></span> <span class='ocrx_word' id='word_1_388' title='bbox 1940 3105 2096 3144; x_wconf 92' lang='lat' dir='ltr'><strong>suum</strong></span> <span class='ocrx_word' id='word_1_389' title='bbox 2119 3103 2242 3144; x_wconf 85' lang='lat' dir='ltr'><strong>cre-</strong></span> 
     </span>
    </p>
   </div>
   <div class='ocr_carea' id='block_1_47' title="bbox 2344 1890 3845 1964">
    <p class='ocr_par' dir='ltr' id='par_1_47' title="bbox 2344 1890 3845 1964">
     <span class='ocr_line' id='line_1_47' title="bbox 2344 1890 3845 1964; baseline -0.006 -13"><span class='ocrx_word' id='word_1_390' title='bbox 2344 1898 2402 1951; x_wconf 90' lang='lat' dir='ltr'><strong>in</strong></span> <span class='ocrx_word' id='word_1_391' title='bbox 2427 1896 2633 1951; x_wconf 88' lang='lat' dir='ltr'><strong>nomine</strong></span> <span class='ocrx_word' id='word_1_392' title='bbox 2658 1893 2790 1949; x_wconf 73' lang='lat' dir='ltr'><strong>Iesu</strong></span> <span class='ocrx_word' id='word_1_393' title='bbox 2813 1910 2964 1948; x_wconf 87' lang='lat' dir='ltr'><strong>omne</strong></span> <span class='ocrx_word' id='word_1_394' title='bbox 2996 1909 3131 1964; x_wconf 84' lang='lat' dir='ltr'><strong>genu</strong></span> <span class='ocrx_word' id='word_1_395' title='bbox 3174 1893 3439 1962; x_wconf 82' lang='lat' dir='ltr'><strong>ﬂectatur,</strong></span> <span class='ocrx_word' id='word_1_396' title='bbox 3480 1890 3749 1953; x_wconf 74' lang='lat' dir='ltr'><strong>cmlestium,</strong></span> <span class='ocrx_word' id='word_1_397' title='bbox 3780 1900 3845 1942; x_wconf 82' lang='lat' dir='ltr'><strong>ter-</strong></span> 
     </span>
    </p>
   </div>
   <div class='ocr_carea' id='block_1_48' title="bbox 2344 1980 3846 2053">
    <p class='ocr_par' dir='ltr' id='par_1_48' title="bbox 2344 1980 3846 2053">
     <span class='ocr_line' id='line_1_48' title="bbox 2344 1980 3846 2053; baseline -0.005 -13"><span class='ocrx_word' id='word_1_398' title='bbox 2344 1986 2614 2051; x_wconf 85' lang='lat' dir='ltr'><strong>restrium,</strong></span> <span class='ocrx_word' id='word_1_399' title='bbox 2643 1995 2691 2039; x_wconf 88' lang='lat' dir='ltr'><strong>et</strong></span> <span class='ocrx_word' id='word_1_400' title='bbox 2725 1984 3075 2053; x_wconf 78' lang='lat' dir='ltr'><strong>infernarum,</strong></span> <span class='ocrx_word' id='word_1_401' title='bbox 3111 1993 3160 2037; x_wconf 87' lang='lat' dir='ltr'><strong>et</strong></span> <span class='ocrx_word' id='word_1_402' title='bbox 3197 1984 3370 2037; x_wconf 84' lang='lat' dir='ltr'><strong>omnis</strong></span> <span class='ocrx_word' id='word_1_403' title='bbox 3408 1981 3583 2053; x_wconf 83' lang='lat' dir='ltr'><strong>lingua</strong></span> <span class='ocrx_word' id='word_1_404' title='bbox 3611 1980 3846 2049; x_wconf 68' lang='lat' dir='ltr'><strong>conﬁteatur</strong></span> 
     </span>
    </p>
   </div>
   <div class='ocr_carea' id='block_1_49' title="bbox 2343 2069 3844 2145">
    <p class='ocr_par' dir='ltr' id='par_1_49' title="bbox 2343 2069 3844 2145">
     <span class='ocr_line' id='line_1_49' title="bbox 2343 2069 3844 2145; baseline -0.005 -16"><span class='ocrx_word' id='word_1_405' title='bbox 2343 2076 2470 2145; x_wconf 85' lang='lat' dir='ltr'><strong>quia</strong></span> <span class='ocrx_word' id='word_1_406' title='bbox 2494 2074 2754 2129; x_wconf 87' lang='lat' dir='ltr'><strong>Dominus</strong></span> <span class='ocrx_word' id='word_1_407' title='bbox 2778 2074 2935 2128; x_wconf 79' lang='lat' dir='ltr'><strong>Iesus</strong></span> <span class='ocrx_word' id='word_1_408' title='bbox 2966 2073 3209 2128; x_wconf 84' lang='lat' dir='ltr'><strong>Christus</strong></span> <span class='ocrx_word' id='word_1_409' title='bbox 3236 2074 3294 2127; x_wconf 85' lang='lat' dir='ltr'><strong>in</strong></span> <span class='ocrx_word' id='word_1_410' title='bbox 3322 2072 3491 2142; x_wconf 85' lang='lat' dir='ltr'><strong>gloria</strong></span> <span class='ocrx_word' id='word_1_411' title='bbox 3517 2081 3586 2127; x_wconf 86' lang='lat' dir='ltr'><strong>est</strong></span> <span class='ocrx_word' id='word_1_412' title='bbox 3612 2071 3693 2124; x_wconf 86' lang='lat' dir='ltr'><strong>Dei</strong></span> <span class='ocrx_word' id='word_1_413' title='bbox 3719 2069 3844 2124; x_wconf 83' lang='lat' dir='ltr'><strong>Putris</strong></span> 
     </span>
    </p>
   </div>
   <div class='ocr_carea' id='block_1_50' title="bbox 2345 2158 3845 2237">
    <p class='ocr_par' dir='ltr' id='par_1_50' title="bbox 2345 2158 3845 2237">
     <span class='ocr_line' id='line_1_50' title="bbox 2345 2158 3845 2237; baseline -0.003 -19"><span class='ocrx_word' id='word_1_414' title='bbox 2345 2164 2565 2237; x_wconf 83' lang='lat' dir='ltr'><strong>(Philip.</strong></span> <span class='ocrx_word' id='word_1_415' title='bbox 2591 2180 2652 2228; x_wconf 84' lang='grc' dir='ltr'><strong>ιι,</strong></span> <span class='ocrx_word' id='word_1_416' title='bbox 2681 2164 2715 2219; x_wconf 89' lang='lat'><strong>6</strong></span> <span class='ocrx_word' id='word_1_417' title='bbox 2739 2173 2795 2219; x_wconf 88' lang='lat' dir='ltr'><strong>et</strong></span> <span class='ocrx_word' id='word_1_418' title='bbox 2816 2162 3012 2235; x_wconf 89' lang='lat' dir='ltr'><strong>seqq.).</strong></span> <span class='ocrx_word' id='word_1_419' title='bbox 3046 2182 3066 2217; x_wconf 74' lang='grc' dir='ltr'><strong><em>ι</em></strong></span> <span class='ocrx_word' id='word_1_420' title='bbox 3101 2164 3170 2219; x_wconf 89' lang='lat' dir='ltr'><strong>Et</strong></span> <span class='ocrx_word' id='word_1_421' title='bbox 3195 2164 3252 2218; x_wconf 91' lang='lat' dir='ltr'><strong>in</strong></span> <span class='ocrx_word' id='word_1_422' title='bbox 3278 2163 3503 2234; x_wconf 89' lang='lat' dir='ltr'><strong>epistola</strong></span> <span class='ocrx_word' id='word_1_423' title='bbox 3524 2161 3589 2217; x_wconf 88' lang='lat' dir='ltr'><strong>ad</strong></span> <span class='ocrx_word' id='word_1_424' title='bbox 3608 2158 3845 2217; x_wconf 71' lang='lat' dir='ltr'><strong>Iuvenalem</strong></span> 
     </span>
    </p>
   </div>
   <div class='ocr_carea' id='block_1_51' title="bbox 2344 2251 3842 2330">
    <p class='ocr_par' dir='ltr' id='par_1_51' title="bbox 2344 2251 3842 2330">
     <span class='ocr_line' id='line_1_51' title="bbox 2344 2251 3842 2330; baseline -0.006 -17"><span class='ocrx_word' id='word_1_425' title='bbox 2344 2259 2653 2329; x_wconf 88' lang='lat' dir='ltr'><strong>episcopum</strong></span> <span class='ocrx_word' id='word_1_426' title='bbox 2713 2257 3264 2330; x_wconf 81' lang='lat' dir='ltr'><strong>Hierosolymitanum</strong></span> <span class='ocrx_word' id='word_1_427' title='bbox 3315 2257 3486 2327; x_wconf 83' lang='lat' dir='ltr'><strong>(epist.</strong></span> <span class='ocrx_word' id='word_1_428' title='bbox 3536 2254 3628 2319; x_wconf 77' lang='lat'><strong>72,</strong></span> <span class='ocrx_word' id='word_1_429' title='bbox 3666 2251 3842 2323; x_wconf 77' lang='lat' dir='ltr'><strong>cap.5):</strong></span> 
     </span>
    </p>
   </div>
   <div class='ocr_carea' id='block_1_52' title="bbox 2350 2349 3843 2421">
    <p class='ocr_par' dir='ltr' id='par_1_52' title="bbox 2350 2349 3843 2421">
     <span class='ocr_line' id='line_1_52' title="bbox 2350 2349 3843 2421; baseline -0.003 -19"><span class='ocrx_word' id='word_1_430' title='bbox 2350 2367 2368 2401; x_wconf 73' lang='grc' dir='ltr'>ι</span> <span class='ocrx_word' id='word_1_431' title='bbox 2402 2350 2598 2405; x_wconf 82' lang='lat' dir='ltr'><strong>Veram</strong></span> <span class='ocrx_word' id='word_1_432' title='bbox 2626 2350 2790 2421; x_wconf 89' lang='lat' dir='ltr'><strong>igitur</strong></span> <span class='ocrx_word' id='word_1_433' title='bbox 2819 2349 3020 2405; x_wconf 90' lang='lat' dir='ltr'><strong>Christi</strong></span> <span class='ocrx_word' id='word_1_434' title='bbox 3049 2350 3458 2421; x_wconf 77' lang='lat' dir='ltr'><strong>generationem</strong></span> <span class='ocrx_word' id='word_1_435' title='bbox 3480 2363 3605 2404; x_wconf 75' lang='lat' dir='ltr'><strong>crux</strong></span> <span class='ocrx_word' id='word_1_436' title='bbox 3629 2361 3733 2401; x_wconf 82' lang='lat' dir='ltr'><strong>vera</strong></span> <span class='ocrx_word' id='word_1_437' title='bbox 3755 2358 3843 2399; x_wconf 85' lang='lat' dir='ltr'><strong>con—</strong></span> 
     </span>
    </p>
   </div>
   <div class='ocr_carea' id='block_1_53' title="bbox 2344 2434 3843 2512">
    <p class='ocr_par' dir='ltr' id='par_1_53' title="bbox 2344 2434 3843 2512">
     <span class='ocr_line' id='line_1_53' title="bbox 2344 2434 3843 2512; baseline -0.004 -16"><span class='ocrx_word' id='word_1_438' title='bbox 2344 2440 2544 2507; x_wconf 84' lang='lat' dir='ltr'><strong>ﬁrmat,</strong></span> <span class='ocrx_word' id='word_1_439' title='bbox 2573 2440 2829 2512; x_wconf 84' lang='lat' dir='ltr'><strong>quoniam</strong></span> <span class='ocrx_word' id='word_1_440' title='bbox 2865 2441 2981 2511; x_wconf 89' lang='lat' dir='ltr'><strong>ipse</strong></span> <span class='ocrx_word' id='word_1_441' title='bbox 3022 2441 3076 2496; x_wconf 90' lang='lat' dir='ltr'><strong>in</strong></span> <span class='ocrx_word' id='word_1_442' title='bbox 3105 2455 3297 2497; x_wconf 82' lang='lat' dir='ltr'><strong>neStra</strong></span> <span class='ocrx_word' id='word_1_443' title='bbox 3321 2455 3490 2497; x_wconf 87' lang='lat' dir='ltr'><strong>carne</strong></span> <span class='ocrx_word' id='word_1_444' title='bbox 3536 2437 3756 2500; x_wconf 87' lang='lat' dir='ltr'><strong>nascitur,</strong></span> <span class='ocrx_word' id='word_1_445' title='bbox 3782 2434 3843 2503; x_wconf 87' lang='lat' dir='ltr'><strong>qui</strong></span> 
     </span>
    </p>
   </div>
   <div class='ocr_carea' id='block_1_54' title="bbox 2345 2524 3844 2600">
    <p class='ocr_par' dir='ltr' id='par_1_54' title="bbox 2345 2524 3844 2600">
     <span class='ocr_line' id='line_1_54' title="bbox 2345 2524 3844 2600; baseline -0.007 -14"><span class='ocrx_word' id='word_1_446' title='bbox 2345 2532 2400 2586; x_wconf 90' lang='lat' dir='ltr'><strong>in</strong></span> <span class='ocrx_word' id='word_1_447' title='bbox 2431 2538 2618 2586; x_wconf 89' lang='lat' dir='ltr'><strong>nostra</strong></span> <span class='ocrx_word' id='word_1_448' title='bbox 2651 2546 2817 2586; x_wconf 88' lang='lat' dir='ltr'><strong>carne</strong></span> <span class='ocrx_word' id='word_1_449' title='bbox 2836 2530 3188 2600; x_wconf 87' lang='lat' dir='ltr'><strong>cruciﬁgitur.</strong></span> <span class='ocrx_word' id='word_1_450' title='bbox 3213 2531 3348 2598; x_wconf 67' lang='lat' dir='ltr'><strong>Quae</strong></span> <span class='ocrx_word' id='word_1_451' title='bbox 3369 2529 3512 2585; x_wconf 92' lang='lat' dir='ltr'><strong>nullo</strong></span> <span class='ocrx_word' id='word_1_452' title='bbox 3533 2524 3844 2583; x_wconf 81' lang='lat' dir='ltr'><strong>interveniente</strong></span> 
     </span>
    </p>
   </div>
   <div class='ocr_carea' id='block_1_55' title="bbox 2344 2616 3843 2695">
    <p class='ocr_par' dir='ltr' id='par_1_55' title="bbox 2344 2616 3843 2695">
     <span class='ocr_line' id='line_1_55' title="bbox 2344 2616 3843 2695; baseline -0.007 -17"><span class='ocrx_word' id='word_1_453' title='bbox 2344 2632 2591 2693; x_wconf 87' lang='lat' dir='ltr'><strong>peccato,</strong></span> <span class='ocrx_word' id='word_1_454' title='bbox 2624 2623 2729 2678; x_wconf 89' lang='lat' dir='ltr'><strong>nisi</strong></span> <span class='ocrx_word' id='word_1_455' title='bbox 2768 2623 2963 2679; x_wconf 84' lang='lat' dir='ltr'><strong>fuisset</strong></span> <span class='ocrx_word' id='word_1_456' title='bbox 2999 2623 3172 2679; x_wconf 87' lang='lat' dir='ltr'><strong>nostri</strong></span> <span class='ocrx_word' id='word_1_457' title='bbox 3225 2623 3473 2695; x_wconf 79' lang='lat' dir='ltr'><strong>generis,</strong></span> <span class='ocrx_word' id='word_1_458' title='bbox 3512 2636 3610 2676; x_wconf 90' lang='lat' dir='ltr'><strong>non</strong></span> <span class='ocrx_word' id='word_1_459' title='bbox 3648 2616 3843 2689; x_wconf 81' lang='lat' dir='ltr'><strong>potuisset</strong></span> 
     </span>
    </p>
   </div>
   <div class='ocr_carea' id='block_1_56' title="bbox 2343 2708 3839 2784">
    <p class='ocr_par' dir='ltr' id='par_1_56' title="bbox 2343 2708 3839 2784">
     <span class='ocr_line' id='line_1_56' title="bbox 2343 2708 3839 2784; baseline -0.007 -14"><span class='ocrx_word' id='word_1_460' title='bbox 2343 2730 2466 2771; x_wconf 86' lang='lat' dir='ltr'><strong>esse</strong></span> <span class='ocrx_word' id='word_1_461' title='bbox 2490 2715 2777 2771; x_wconf 88' lang='lat' dir='ltr'><strong>mortalis:</strong></span> <span class='ocrx_word' id='word_1_462' title='bbox 2823 2723 2885 2770; x_wconf 90' lang='lat' dir='ltr'><strong>ut</strong></span> <span class='ocrx_word' id='word_1_463' title='bbox 2922 2722 3105 2770; x_wconf 91' lang='lat' dir='ltr'><strong>autem</strong></span> <span class='ocrx_word' id='word_1_464' title='bbox 3144 2722 3428 2784; x_wconf 79' lang='lat' dir='ltr'><strong>repararet</strong></span> <span class='ocrx_word' id='word_1_465' title='bbox 3468 2711 3688 2769; x_wconf 84' lang='lat' dir='ltr'><strong>omnium</strong></span> <span class='ocrx_word' id='word_1_466' title='bbox 3704 2708 3839 2768; x_wconf 81' lang='lat' dir='ltr'><strong>vitam,</strong></span> 
     </span>
    </p>
   </div>
   <div class='ocr_carea' id='block_1_57' title="bbox 2346 2796 3839 2878">
    <p class='ocr_par' dir='ltr' id='par_1_57' title="bbox 2346 2796 3839 2878">
     <span class='ocr_line' id='line_1_57' title="bbox 2346 2796 3839 2878; baseline -0.003 -16"><span class='ocrx_word' id='word_1_467' title='bbox 2346 2807 2553 2878; x_wconf 89' lang='lat' dir='ltr'><strong>recepit</strong></span> <span class='ocrx_word' id='word_1_468' title='bbox 2572 2808 2815 2864; x_wconf 90' lang='lat' dir='ltr'><strong>omnium</strong></span> <span class='ocrx_word' id='word_1_469' title='bbox 2838 2820 3089 2872; x_wconf 87' lang='lat' dir='ltr'><strong>causam,</strong></span> <span class='ocrx_word' id='word_1_470' title='bbox 3115 2814 3172 2861; x_wconf 94' lang='lat' dir='ltr'><strong>et</strong></span> <span class='ocrx_word' id='word_1_471' title='bbox 3192 2806 3308 2860; x_wconf 88' lang='lat' dir='ltr'><strong>vim</strong></span> <span class='ocrx_word' id='word_1_472' title='bbox 3335 2804 3530 2861; x_wconf 89' lang='lat' dir='ltr'><strong>veteris</strong></span> <span class='ocrx_word' id='word_1_473' title='bbox 3551 2796 3839 2870; x_wconf 77' lang='lat' dir='ltr'><strong>chirographi.</strong></span> 
     </span>
    </p>
   </div>
   <div class='ocr_carea' id='block_1_58' title="bbox 2345 2887 3840 2969">
    <p class='ocr_par' dir='ltr' id='par_1_58' title="bbox 2345 2887 3840 2969">
     <span class='ocr_line' id='line_1_58' title="bbox 2345 2887 3840 2969; baseline -0.013 -12"><span class='ocrx_word' id='word_1_474' title='bbox 2345 2901 2489 2969; x_wconf 90' lang='lat' dir='ltr'><strong>quod</strong></span> <span class='ocrx_word' id='word_1_475' title='bbox 2529 2900 2676 2956; x_wconf 89' lang='lat' dir='ltr'><strong>solus</strong></span> <span class='ocrx_word' id='word_1_476' title='bbox 2717 2900 2860 2955; x_wconf 89' lang='lat' dir='ltr'><strong>inter</strong></span> <span class='ocrx_word' id='word_1_477' title='bbox 2903 2912 3095 2954; x_wconf 89' lang='lat' dir='ltr'><strong>omnes</strong></span> <span class='ocrx_word' id='word_1_478' title='bbox 3136 2911 3249 2952; x_wconf 90' lang='lat' dir='ltr'><strong>non</strong></span> <span class='ocrx_word' id='word_1_479' title='bbox 3296 2896 3498 2962; x_wconf 86' lang='lat' dir='ltr'><strong>debuit,</strong></span> <span class='ocrx_word' id='word_1_480' title='bbox 3532 2907 3624 2965; x_wconf 88' lang='lat' dir='ltr'><strong>pro</strong></span> <span class='ocrx_word' id='word_1_481' title='bbox 3656 2887 3840 2946; x_wconf 83' lang='lat' dir='ltr'><strong>omnibus</strong></span> 
     </span>
    </p>
   </div>
   <div class='ocr_carea' id='block_1_59' title="bbox 2344 2982 3840 3067">
    <p class='ocr_par' dir='ltr' id='par_1_59' title="bbox 2344 2982 3840 3067">
     <span class='ocr_line' id='line_1_59' title="bbox 2344 2982 3840 3067; baseline -0.01 -21"><span class='ocrx_word' id='word_1_482' title='bbox 2344 2982 2603 3067; x_wconf 76' lang='lat' dir='ltr'><strong>solvendo</strong></span> <span class='ocrx_word' id='word_1_483' title='bbox 2628 2990 2882 3046; x_wconf 92' lang='lat' dir='ltr'><strong>vacuavit</strong></span> <span class='ocrx_word' id='word_1_484' title='bbox 2904 3005 2919 3044; x_wconf 89' lang='lat'><strong>:</strong></span> <span class='ocrx_word' id='word_1_485' title='bbox 2939 2998 3000 3044; x_wconf 90' lang='lat' dir='ltr'><strong>ut</strong></span> <span class='ocrx_word' id='word_1_486' title='bbox 3027 2989 3169 3044; x_wconf 88' lang='lat' dir='ltr'><strong>sicut</strong></span> <span class='ocrx_word' id='word_1_487' title='bbox 3190 3004 3292 3059; x_wconf 88' lang='lat' dir='ltr'><strong>per</strong></span> <span class='ocrx_word' id='word_1_488' title='bbox 3304 2988 3479 3043; x_wconf 80' lang='lat' dir='ltr'><strong>.unius</strong></span> <span class='ocrx_word' id='word_1_489' title='bbox 3505 2991 3690 3041; x_wconf 84' lang='lat' dir='ltr'><strong>reatum</strong></span> <span class='ocrx_word' id='word_1_490' title='bbox 3707 2988 3840 3034; x_wconf 87' lang='lat' dir='ltr'><strong>omnes</strong></span> 
     </span>
    </p>
   </div>
   <div class='ocr_carea' id='block_1_60' title="bbox 2350 3068 3839 3154">
    <p class='ocr_par' dir='ltr' id='par_1_60' title="bbox 2350 3068 3839 3154">
     <span class='ocr_line' id='line_1_60' title="bbox 2350 3068 3839 3154; baseline -0.01 -14"><span class='ocrx_word' id='word_1_491' title='bbox 2350 3084 2480 3140; x_wconf 85' lang='lat' dir='ltr'><strong>faeti</strong></span> <span class='ocrx_word' id='word_1_492' title='bbox 2514 3082 2730 3140; x_wconf 80' lang='lat' dir='ltr'><strong>fuerant</strong></span> <span class='ocrx_word' id='word_1_493' title='bbox 2757 3089 3094 3154; x_wconf 88' lang='lat' dir='ltr'><strong>peccatores,</strong></span> <span class='ocrx_word' id='word_1_494' title='bbox 3125 3080 3201 3135; x_wconf 85' lang='lat' dir='ltr'><strong>ita</strong></span> <span class='ocrx_word' id='word_1_495' title='bbox 3245 3093 3348 3150; x_wconf 90' lang='lat' dir='ltr'><strong>per</strong></span> <span class='ocrx_word' id='word_1_496' title='bbox 3371 3078 3527 3133; x_wconf 87' lang='lat' dir='ltr'><strong>unius</strong></span> <span class='ocrx_word' id='word_1_497' title='bbox 3560 3068 3839 3131; x_wconf 75' lang='lat' dir='ltr'><strong>innocentiam</strong></span> 
     </span>
    </p>
   </div>
   <div class='ocr_carea' id='block_1_61' title="bbox 665 3160 3842 3250">
    <p class='ocr_par' dir='ltr' id='par_1_61' title="bbox 665 3160 3842 3250">
     <span class='ocr_line' id='line_1_61' title="bbox 665 3160 3842 3250; baseline -0.007 -19"><span class='ocrx_word' id='word_1_498' title='bbox 665 3177 839 3243; x_wconf 87' lang='lat' dir='ltr'><strong>deret,</strong></span> <span class='ocrx_word' id='word_1_499' title='bbox 871 3177 1076 3233; x_wconf 90' lang='lat' dir='ltr'><strong>nullum</strong></span> <span class='ocrx_word' id='word_1_500' title='bbox 1107 3178 1304 3234; x_wconf 90' lang='lat' dir='ltr'><strong>diaboli</strong></span> <span class='ocrx_word' id='word_1_501' title='bbox 1331 3179 1542 3234; x_wconf 87' lang='lat' dir='ltr'><strong>vincula</strong></span> <span class='ocrx_word' id='word_1_502' title='bbox 1573 3181 1871 3250; x_wconf 79' lang='lat' dir='ltr'><strong>retinerent</strong></span> <span class='ocrx_word' id='word_1_503' title='bbox 1909 3197 1921 3234; x_wconf 92' lang='lat'>:</span> <span class='ocrx_word' id='word_1_504' title='bbox 1962 3179 2243 3249; x_wconf 91' lang='lat' dir='ltr'><strong>quoniam,</strong></span> <span class='ocrx_word' id='word_1_505' title='bbox 2271 3160 2317 3223; x_wconf 86' lang='lat' dir='ltr'><strong>C</strong></span> <span class='ocrx_word' id='word_1_506' title='bbox 2347 3190 2535 3230; x_wconf 83' lang='lat' dir='ltr'><strong>omnes</strong></span> <span class='ocrx_word' id='word_1_507' title='bbox 2565 3174 2759 3229; x_wconf 88' lang='lat' dir='ltr'><strong>ﬁerent</strong></span> <span class='ocrx_word' id='word_1_508' title='bbox 2802 3172 3136 3236; x_wconf 89' lang='lat' dir='ltr'><strong>innocentes,</strong></span> <span class='ocrx_word' id='word_1_509' title='bbox 3182 3170 3316 3226; x_wconf 90' lang='lat' dir='ltr'><strong>inde</strong></span> <span class='ocrx_word' id='word_1_510' title='bbox 3358 3170 3415 3224; x_wconf 92' lang='lat' dir='ltr'><strong>in</strong></span> <span class='ocrx_word' id='word_1_511' title='bbox 3441 3177 3618 3224; x_wconf 77' lang='lat' dir='ltr'><strong>Omnes</strong></span> <span class='ocrx_word' id='word_1_512' title='bbox 3656 3162 3842 3250; x_wconf 76' lang='lat' dir='ltr'><strong>manante</strong></span> 
     </span>
    </p>
   </div>
   <div class='ocr_carea' id='block_1_62' title="bbox 663 3249 3843 3339">
    <p class='ocr_par' dir='ltr' id='par_1_62' title="bbox 663 3249 3843 3339">
     <span class='ocr_line' id='line_1_62' title="bbox 663 3249 3843 3339; baseline -0.003 -17"><span class='ocrx_word' id='word_1_513' title='bbox 663 3269 806 3323; x_wconf 88' lang='lat' dir='ltr'><strong>sicut</strong></span> <span class='ocrx_word' id='word_1_514' title='bbox 828 3268 904 3323; x_wconf 85' lang='lat' dir='ltr'><strong>ait</strong></span> <span class='ocrx_word' id='word_1_515' title='bbox 934 3268 1266 3339; x_wconf 87' lang='lat' dir='ltr'><strong>Apostolus:</strong></span> <span class='ocrx_word' id='word_1_516' title='bbox 1299 3268 1401 3324; x_wconf 90' lang='lat' dir='ltr'><strong>Ubi</strong></span> <span class='ocrx_word' id='word_1_517' title='bbox 1425 3280 1598 3324; x_wconf 87' lang='lat' dir='ltr'><strong>autem</strong></span> <span class='ocrx_word' id='word_1_518' title='bbox 1639 3249 1924 3326; x_wconf 83' lang='lat' dir='ltr'><strong>abundavit</strong></span> <span class='ocrx_word' id='word_1_519' title='bbox 1948 3280 2243 3339; x_wconf 84' lang='lat' dir='ltr'><strong>peccatum,</strong></span> <span class='ocrx_word' id='word_1_520' title='bbox 2340 3267 2573 3339; x_wconf 89' lang='lat' dir='ltr'><strong>justitla,</strong></span> <span class='ocrx_word' id='word_1_521' title='bbox 2626 3267 2718 3321; x_wconf 91' lang='lat' dir='ltr'><strong>ubi</strong></span> <span class='ocrx_word' id='word_1_522' title='bbox 2767 3273 2853 3322; x_wconf 92' lang='lat' dir='ltr'><strong>est</strong></span> <span class='ocrx_word' id='word_1_523' title='bbox 2895 3265 3131 3320; x_wconf 87' lang='lat' dir='ltr'><strong>humana</strong></span> <span class='ocrx_word' id='word_1_524' title='bbox 3165 3272 3427 3334; x_wconf 85' lang='lat' dir='ltr'><strong>suscepta</strong></span> <span class='ocrx_word' id='word_1_525' title='bbox 3468 3270 3665 3316; x_wconf 88' lang='lat' dir='ltr'><strong>natura.</strong></span> <span class='ocrx_word' id='word_1_526' title='bbox 3699 3249 3843 3306; x_wconf 75' lang='lat' dir='ltr'><strong>tEtitl</strong></span> 
     </span>
    </p>
   </div>
   <div class='ocr_carea' id='block_1_63' title="bbox 662 3360 2247 3434">
    <p class='ocr_par' dir='ltr' id='par_1_63' title="bbox 662 3360 2247 3434">
     <span class='ocr_line' id='line_1_63' title="bbox 662 3360 2247 3434; baseline 0.001 -19"><span class='ocrx_word' id='word_1_527' title='bbox 662 3362 1106 3432; x_wconf 84' lang='lat' dir='ltr'><strong>superabundavit</strong></span> <span class='ocrx_word' id='word_1_528' title='bbox 1152 3371 1200 3416; x_wconf 86' lang='lat' dir='ltr'><strong>et</strong></span> <span class='ocrx_word' id='word_1_529' title='bbox 1220 3363 1392 3433; x_wconf 87' lang='lat' dir='ltr'><strong>gratia</strong></span> <span class='ocrx_word' id='word_1_530' title='bbox 1440 3360 1618 3434; x_wconf 87' lang='lat' dir='ltr'><strong>(Rom.</strong></span> <span class='ocrx_word' id='word_1_531' title='bbox 1652 3377 1706 3430; x_wconf 92' lang='lat' dir='ltr'><strong>v,</strong></span> <span class='ocrx_word' id='word_1_532' title='bbox 1748 3361 1840 3434; x_wconf 73' lang='grc'><strong>21)</strong></span> <span class='ocrx_word' id='word_1_533' title='bbox 1875 3379 1889 3416; x_wconf 89' lang='lat'><strong>:</strong></span> <span class='ocrx_word' id='word_1_534' title='bbox 1923 3370 2123 3416; x_wconf 91' lang='lat' dir='ltr'><strong>etcum</strong></span> <span class='ocrx_word' id='word_1_535' title='bbox 2147 3362 2247 3417; x_wconf 86' lang='lat' dir='ltr'><strong>sub</strong></span> 
     </span>
    </p>
   </div>
   <div class='ocr_carea' id='block_1_64' title="bbox 663 3451 2247 3525">
    <p class='ocr_par' dir='ltr' id='par_1_64' title="bbox 663 3451 2247 3525">
     <span class='ocr_line' id='line_1_64' title="bbox 663 3451 2247 3525; baseline 0.002 -18"><span class='ocrx_word' id='word_1_536' title='bbox 663 3453 879 3520; x_wconf 89' lang='lat' dir='ltr'><strong>peccati</strong></span> <span class='ocrx_word' id='word_1_537' title='bbox 924 3451 1239 3523; x_wconf 65' lang='lat' dir='ltr'><strong>prtejudieio</strong></span> <span class='ocrx_word' id='word_1_538' title='bbox 1294 3454 1405 3508; x_wconf 89' lang='lat' dir='ltr'><strong>nati</strong></span> <span class='ocrx_word' id='word_1_539' title='bbox 1452 3462 1776 3524; x_wconf 88' lang='lat' dir='ltr'><strong>potestatem</strong></span> <span class='ocrx_word' id='word_1_540' title='bbox 1829 3455 2139 3525; x_wconf 88' lang='lat' dir='ltr'><strong>acceperint</strong></span> <span class='ocrx_word' id='word_1_541' title='bbox 2178 3455 2247 3510; x_wconf 85' lang='lat' dir='ltr'><strong>ad</strong></span> 
     </span>
    </p>
   </div>
   <div class='ocr_carea' id='block_1_65' title="bbox 659 3543 2247 3613">
    <p class='ocr_par' dir='ltr' id='par_1_65' title="bbox 659 3543 2247 3613">
     <span class='ocr_line' id='line_1_65' title="bbox 659 3543 2247 3613; baseline 0.002 -17"><span class='ocrx_word' id='word_1_542' title='bbox 659 3543 927 3613; x_wconf 87' lang='lat' dir='ltr'><strong>justitiam</strong></span> <span class='ocrx_word' id='word_1_543' title='bbox 976 3544 1314 3606; x_wconf 87' lang='lat' dir='ltr'><strong>renascendi,</strong></span> <span class='ocrx_word' id='word_1_544' title='bbox 1354 3544 1586 3599; x_wconf 87' lang='lat' dir='ltr'><strong>validius</strong></span> <span class='ocrx_word' id='word_1_545' title='bbox 1613 3544 1814 3600; x_wconf 81' lang='lat' dir='ltr'><strong>factum</strong></span> <span class='ocrx_word' id='word_1_546' title='bbox 1840 3556 1924 3600; x_wconf 90' lang='lat' dir='ltr'><strong>est</strong></span> <span class='ocrx_word' id='word_1_547' title='bbox 1957 3548 2156 3601; x_wconf 87' lang='lat' dir='ltr'><strong>donum</strong></span> <span class='ocrx_word' id='word_1_548' title='bbox 2183 3545 2247 3599; x_wconf 82' lang='lat' dir='ltr'><strong>li-</strong></span> 
     </span>
    </p>
   </div>
   <div class='ocr_carea' id='block_1_66' title="bbox 665 3633 2247 3704">
    <p class='ocr_par' dir='ltr' id='par_1_66' title="bbox 665 3633 2247 3704">
     <span class='ocr_line' id='line_1_66' title="bbox 665 3633 2247 3704; baseline 0.003 -17"><span class='ocrx_word' id='word_1_549' title='bbox 665 3633 894 3687; x_wconf 89' lang='lat' dir='ltr'><strong>hertatis</strong></span> <span class='ocrx_word' id='word_1_550' title='bbox 913 3648 1074 3702; x_wconf 89' lang='lat' dir='ltr'><strong>quam</strong></span> <span class='ocrx_word' id='word_1_551' title='bbox 1099 3634 1337 3689; x_wconf 90' lang='lat' dir='ltr'><strong>debitum</strong></span> <span class='ocrx_word' id='word_1_552' title='bbox 1365 3634 1663 3691; x_wconf 89' lang='lat' dir='ltr'><strong>servitutis.</strong></span> <span class='ocrx_word' id='word_1_553' title='bbox 1700 3656 1718 3688; x_wconf 75' lang='grc' dir='ltr'><strong><em>ι</em></strong></span> <span class='ocrx_word' id='word_1_554' title='bbox 1745 3636 1811 3691; x_wconf 86' lang='grc' dir='ltr'><strong>Ει</strong></span> <span class='ocrx_word' id='word_1_555' title='bbox 1839 3637 1966 3691; x_wconf 88' lang='lat' dir='ltr'><strong>item</strong></span> <span class='ocrx_word' id='word_1_556' title='bbox 1994 3653 2009 3689; x_wconf 86' lang='lat'><strong>:</strong></span> <span class='ocrx_word' id='word_1_557' title='bbox 2043 3656 2060 3688; x_wconf 70' lang='grc' dir='ltr'>ι</span> <span class='ocrx_word' id='word_1_558' title='bbox 2095 3636 2247 3704; x_wconf 88' lang='lat' dir='ltr'><strong>Quod</strong></span> 
     </span>
    </p>
   </div>
   <div class='ocr_carea' id='block_1_67' title="bbox 664 3724 2248 3799">
    <p class='ocr_par' dir='ltr' id='par_1_67' title="bbox 664 3724 2248 3799">
     <span class='ocr_line' id='line_1_67' title="bbox 664 3724 2248 3799; baseline 0.005 -23"><span class='ocrx_word' id='word_1_559' title='bbox 664 3738 904 3794; x_wconf 88' lang='lat' dir='ltr'><strong>unquam</strong></span> <span class='ocrx_word' id='word_1_560' title='bbox 944 3724 1268 3780; x_wconf 87' lang='lat' dir='ltr'><strong>sacriﬁcium</strong></span> <span class='ocrx_word' id='word_1_561' title='bbox 1320 3728 1588 3782; x_wconf 88' lang='lat' dir='ltr'><strong>sacratius</strong></span> <span class='ocrx_word' id='word_1_562' title='bbox 1622 3727 1740 3791; x_wconf 83' lang='lat' dir='ltr'><strong>fuit,</strong></span> <span class='ocrx_word' id='word_1_563' title='bbox 1773 3744 1934 3798; x_wconf 92' lang='lat' dir='ltr'><strong>quam</strong></span> <span class='ocrx_word' id='word_1_564' title='bbox 1969 3730 2112 3799; x_wconf 88' lang='lat' dir='ltr'><strong>quod</strong></span> <span class='ocrx_word' id='word_1_565' title='bbox 2156 3745 2248 3785; x_wconf 91' lang='lat' dir='ltr'><strong>ve-</strong></span> 
     </span>
    </p>
   </div>
   <div class='ocr_carea' id='block_1_68' title="bbox 664 3816 2248 3891">
    <p class='ocr_par' dir='ltr' id='par_1_68' title="bbox 664 3816 2248 3891">
     <span class='ocr_line' id='line_1_68' title="bbox 664 3816 2248 3891; baseline 0.004 -21"><span class='ocrx_word' id='word_1_566' title='bbox 664 3832 760 3872; x_wconf 89' lang='lat' dir='ltr'><strong>rus</strong></span> <span class='ocrx_word' id='word_1_567' title='bbox 792 3827 848 3871; x_wconf 88' lang='lat' dir='ltr'><strong>et</strong></span> <span class='ocrx_word' id='word_1_568' title='bbox 865 3825 1101 3872; x_wconf 65' lang='lat' dir='ltr'><strong>aeternus</strong></span> <span class='ocrx_word' id='word_1_569' title='bbox 1129 3816 1369 3888; x_wconf 80' lang='lat' dir='ltr'><strong>pontifex</strong></span> <span class='ocrx_word' id='word_1_570' title='bbox 1398 3818 1559 3873; x_wconf 88' lang='lat' dir='ltr'><strong>altari</strong></span> <span class='ocrx_word' id='word_1_571' title='bbox 1594 3820 1772 3875; x_wconf 89' lang='lat' dir='ltr'><strong>crucis</strong></span> <span class='ocrx_word' id='word_1_572' title='bbox 1799 3837 1896 3891; x_wconf 84' lang='lat' dir='ltr'><strong>per</strong></span> <span class='ocrx_word' id='word_1_573' title='bbox 1923 3820 2248 3876; x_wconf 85' lang='lat' dir='ltr'><strong>immolatio-</strong></span> 
     </span>
    </p>
   </div>
   <div class='ocr_carea' id='block_1_69' title="bbox 667 3910 2246 3981">
    <p class='ocr_par' dir='ltr' id='par_1_69' title="bbox 667 3910 2246 3981">
     <span class='ocr_line' id='line_1_69' title="bbox 667 3910 2246 3981; baseline 0.001 -17"><span class='ocrx_word' id='word_1_574' title='bbox 667 3925 793 3965; x_wconf 88' lang='lat' dir='ltr'><strong>nem</strong></span> <span class='ocrx_word' id='word_1_575' title='bbox 820 3924 931 3964; x_wconf 68' lang='lat' dir='ltr'><strong>sua:</strong></span> <span class='ocrx_word' id='word_1_576' title='bbox 960 3910 1141 3964; x_wconf 87' lang='lat' dir='ltr'><strong>carnis</strong></span> <span class='ocrx_word' id='word_1_577' title='bbox 1183 3910 1475 3981; x_wconf 85' lang='lat' dir='ltr'><strong>imposuit?</strong></span> <span class='ocrx_word' id='word_1_578' title='bbox 1499 3910 1758 3978; x_wconf 86' lang='lat' dir='ltr'><strong>Quamvis</strong></span> <span class='ocrx_word' id='word_1_579' title='bbox 1781 3913 1923 3966; x_wconf 89' lang='lat' dir='ltr'><strong>enim</strong></span> <span class='ocrx_word' id='word_1_580' title='bbox 1952 3911 2246 3966; x_wconf 89' lang='lat' dir='ltr'><strong>multorum</strong></span> 
     </span>
    </p>
   </div>
   <div class='ocr_carea' id='block_1_70' title="bbox 670 4002 2250 4074">
    <p class='ocr_par' dir='ltr' id='par_1_70' title="bbox 670 4002 2250 4074">
     <span class='ocr_line' id='line_1_70' title="bbox 670 4002 2250 4074; baseline 0.001 -20"><span class='ocrx_word' id='word_1_581' title='bbox 670 4009 983 4057; x_wconf 78' lang='lat' dir='ltr'><strong>sanctorum</strong></span> <span class='ocrx_word' id='word_1_582' title='bbox 1006 4002 1060 4056; x_wconf 92' lang='lat' dir='ltr'><strong>in</strong></span> <span class='ocrx_word' id='word_1_583' title='bbox 1092 4016 1379 4074; x_wconf 86' lang='lat' dir='ltr'><strong>conspectu</strong></span> <span class='ocrx_word' id='word_1_584' title='bbox 1409 4002 1619 4058; x_wconf 91' lang='lat' dir='ltr'><strong>Domini</strong></span> <span class='ocrx_word' id='word_1_585' title='bbox 1644 4002 1881 4072; x_wconf 90' lang='lat' dir='ltr'><strong>pretiosa</strong></span> <span class='ocrx_word' id='word_1_586' title='bbox 1918 4017 2063 4057; x_wconf 91' lang='lat' dir='ltr'><strong>mors</strong></span> <span class='ocrx_word' id='word_1_587' title='bbox 2084 4002 2250 4056; x_wconf 81' lang='lat' dir='ltr'><strong>fuerit</strong></span> 
     </span>
    </p>
   </div>
   <div class='ocr_carea' id='block_1_71' title="bbox 668 4092 2247 4166">
    <p class='ocr_par' dir='ltr' id='par_1_71' title="bbox 668 4092 2247 4166">
     <span class='ocr_line' id='line_1_71' title="bbox 668 4092 2247 4166; baseline 0.002 -20"><span class='ocrx_word' id='word_1_588' title='bbox 668 4092 843 4162; x_wconf 84' lang='lat' dir='ltr'><strong>(Psal.</strong></span> <span class='ocrx_word' id='word_1_589' title='bbox 863 4109 985 4158; x_wconf 79' lang='lat' dir='ltr'><strong>cxv,</strong></span> <span class='ocrx_word' id='word_1_590' title='bbox 1013 4094 1119 4166; x_wconf 84' lang='lat' dir='ltr'><strong>l5),</strong></span> <span class='ocrx_word' id='word_1_591' title='bbox 1146 4095 1345 4149; x_wconf 87' lang='lat' dir='ltr'><strong>nullius</strong></span> <span class='ocrx_word' id='word_1_592' title='bbox 1369 4104 1545 4150; x_wconf 89' lang='lat' dir='ltr'><strong>tamen</strong></span> <span class='ocrx_word' id='word_1_593' title='bbox 1567 4095 1796 4150; x_wconf 90' lang='lat' dir='ltr'><strong>insontis</strong></span> <span class='ocrx_word' id='word_1_594' title='bbox 1819 4095 2020 4149; x_wconf 91' lang='lat' dir='ltr'><strong>occisio</strong></span> <span class='ocrx_word' id='word_1_595' title='bbox 2032 4094 2247 4149; x_wconf 90' lang='lat' dir='ltr'><strong>redem-</strong></span> 
     </span>
    </p>
   </div>
   <div class='ocr_carea' id='block_1_72' title="bbox 664 4183 2251 4255">
    <p class='ocr_par' dir='ltr' id='par_1_72' title="bbox 664 4183 2251 4255">
     <span class='ocr_line' id='line_1_72' title="bbox 664 4183 2251 4255; baseline -0.001 -16"><span class='ocrx_word' id='word_1_596' title='bbox 664 4186 781 4253; x_wconf 84' lang='lat' dir='ltr'><strong>ptio</strong></span> <span class='ocrx_word' id='word_1_597' title='bbox 802 4185 904 4239; x_wconf 85' lang='lat' dir='ltr'><strong>fuit</strong></span> <span class='ocrx_word' id='word_1_598' title='bbox 948 4186 1155 4241; x_wconf 91' lang='lat' dir='ltr'><strong>mundi.</strong></span> <span class='ocrx_word' id='word_1_599' title='bbox 1187 4185 1527 4255; x_wconf 84' lang='lat' dir='ltr'><strong>Acceperunt</strong></span> <span class='ocrx_word' id='word_1_600' title='bbox 1551 4183 1705 4253; x_wconf 86' lang='lat' dir='ltr'><strong>justi,</strong></span> <span class='ocrx_word' id='word_1_601' title='bbox 1737 4200 1844 4240; x_wconf 93' lang='lat' dir='ltr'><strong>non</strong></span> <span class='ocrx_word' id='word_1_602' title='bbox 1872 4185 2140 4240; x_wconf 89' lang='lat' dir='ltr'><strong>dederunt</strong></span> <span class='ocrx_word' id='word_1_603' title='bbox 2158 4199 2251 4239; x_wconf 89' lang='lat' dir='ltr'><strong>co-</strong></span> 
     </span>
    </p>
   </div>
   <div class='ocr_carea' id='block_1_73' title="bbox 666 4274 2249 4346">
    <p class='ocr_par' dir='ltr' id='par_1_73' title="bbox 666 4274 2249 4346">
     <span class='ocr_line' id='line_1_73' title="bbox 666 4274 2249 4346; baseline -0.003 -14"><span class='ocrx_word' id='word_1_604' title='bbox 666 4292 851 4341; x_wconf 87' lang='lat' dir='ltr'><strong>ronas,</strong></span> <span class='ocrx_word' id='word_1_605' title='bbox 877 4286 934 4333; x_wconf 90' lang='lat' dir='ltr'><strong>et</strong></span> <span class='ocrx_word' id='word_1_606' title='bbox 970 4279 1035 4333; x_wconf 90' lang='lat' dir='ltr'><strong>de</strong></span> <span class='ocrx_word' id='word_1_607' title='bbox 1061 4276 1373 4333; x_wconf 80' lang='lat' dir='ltr'><strong>fortitudine</strong></span> <span class='ocrx_word' id='word_1_608' title='bbox 1399 4275 1631 4331; x_wconf 89' lang='lat' dir='ltr'><strong>ﬁdelium</strong></span> <span class='ocrx_word' id='word_1_609' title='bbox 1648 4274 1893 4346; x_wconf 82' lang='lat' dir='ltr'><strong>exempla</strong></span> <span class='ocrx_word' id='word_1_610' title='bbox 1906 4274 2249 4343; x_wconf 88' lang='lat' dir='ltr'><strong>suntpatien-</strong></span> 
     </span>
    </p>
   </div>
   <div class='ocr_carea' id='block_1_74' title="bbox 666 4362 2249 4436">
    <p class='ocr_par' dir='ltr' id='par_1_74' title="bbox 666 4362 2249 4436">
     <span class='ocr_line' id='line_1_74' title="bbox 666 4362 2249 4436; baseline -0.002 -15"><span class='ocrx_word' id='word_1_611' title='bbox 666 4369 784 4433; x_wconf 80' lang='lat' dir='ltr'><strong>tiae,</strong></span> <span class='ocrx_word' id='word_1_612' title='bbox 811 4384 917 4423; x_wconf 84' lang='lat' dir='ltr'><strong>non</strong></span> <span class='ocrx_word' id='word_1_613' title='bbox 946 4369 1085 4422; x_wconf 89' lang='lat' dir='ltr'><strong>dona</strong></span> <span class='ocrx_word' id='word_1_614' title='bbox 1102 4366 1344 4435; x_wconf 63' lang='lat' dir='ltr'><strong>justitise.</strong></span> <span class='ocrx_word' id='word_1_615' title='bbox 1384 4366 1700 4436; x_wconf 83' lang='lat' dir='ltr'><strong>Singulares</strong></span> <span class='ocrx_word' id='word_1_616' title='bbox 1722 4366 1919 4435; x_wconf 88' lang='lat' dir='ltr'><strong>quippe</strong></span> <span class='ocrx_word' id='word_1_617' title='bbox 1946 4365 1998 4419; x_wconf 89' lang='lat' dir='ltr'><strong>in</strong></span> <span class='ocrx_word' id='word_1_618' title='bbox 2024 4362 2249 4434; x_wconf 84' lang='lat' dir='ltr'><strong>singulis</strong></span> 
     </span>
    </p>
   </div>
   <div class='ocr_carea' id='block_1_75' title="bbox 669 4455 2247 4527">
    <p class='ocr_par' dir='ltr' id='par_1_75' title="bbox 669 4455 2247 4527">
     <span class='ocr_line' id='line_1_75' title="bbox 669 4455 2247 4527; baseline -0.002 -12"><span class='ocrx_word' id='word_1_619' title='bbox 669 4469 877 4516; x_wconf 87' lang='lat' dir='ltr'><strong>mortes</strong></span> <span class='ocrx_word' id='word_1_620' title='bbox 908 4460 1146 4519; x_wconf 85' lang='lat' dir='ltr'><strong>fuerunt.</strong></span> <span class='ocrx_word' id='word_1_621' title='bbox 1181 4474 1281 4514; x_wconf 87' lang='lat' dir='ltr'><strong>nec</strong></span> <span class='ocrx_word' id='word_1_622' title='bbox 1310 4459 1534 4514; x_wconf 80' lang='lat' dir='ltr'><strong>alterius</strong></span> <span class='ocrx_word' id='word_1_623' title='bbox 1562 4457 1847 4527; x_wconf 89' lang='lat' dir='ltr'><strong>quisquam</strong></span> <span class='ocrx_word' id='word_1_624' title='bbox 1877 4455 2119 4511; x_wconf 88' lang='lat' dir='ltr'><strong>debitum</strong></span> <span class='ocrx_word' id='word_1_625' title='bbox 2149 4472 2247 4512; x_wconf 92' lang='lat' dir='ltr'><strong>suo</strong></span> 
     </span>
    </p>
   </div>
   <div class='ocr_carea' id='block_1_76' title="bbox 2346 3347 3923 3429">
    <p class='ocr_par' dir='ltr' id='par_1_76' title="bbox 2346 3347 3923 3429">
     <span class='ocr_line' id='line_1_76' title="bbox 2346 3347 3923 3429; baseline -0.013 -16"><span class='ocrx_word' id='word_1_626' title='bbox 2346 3356 2573 3429; x_wconf 89' lang='lat' dir='ltr'><strong>epistola</strong></span> <span class='ocrx_word' id='word_1_627' title='bbox 2602 3356 2672 3411; x_wconf 90' lang='lat' dir='ltr'><strong>ad</strong></span> <span class='ocrx_word' id='word_1_628' title='bbox 2696 3355 3017 3411; x_wconf 86' lang='lat' dir='ltr'><strong>Flavianum</strong></span> <span class='ocrx_word' id='word_1_629' title='bbox 3047 3354 3219 3424; x_wconf 85' lang='lat' dir='ltr'><strong>(epist.</strong></span> <span class='ocrx_word' id='word_1_630' title='bbox 3258 3353 3358 3426; x_wconf 76' lang='grc'><strong>10)</strong></span> <span class='ocrx_word' id='word_1_631' title='bbox 3391 3369 3407 3408; x_wconf 86' lang='lat'><strong>:</strong></span> <span class='ocrx_word' id='word_1_632' title='bbox 3443 3370 3463 3404; x_wconf 77' lang='grc' dir='ltr'>ι</span> <span class='ocrx_word' id='word_1_633' title='bbox 3497 3350 3574 3404; x_wconf 81' lang='lat' dir='ltr'><strong>Ab</strong></span> <span class='ocrx_word' id='word_1_634' title='bbox 3600 3347 3698 3417; x_wconf 84' lang='lat' dir='ltr'><strong>ipso</strong></span> <span class='ocrx_word' id='word_1_635' title='bbox 3720 3348 3845 3395; x_wconf 81' lang='lat' dir='ltr'><strong>autem</strong></span> <span class='ocrx_word' id='word_1_636' title='bbox 3922 3370 3923 3427; x_wconf 33' lang='grc' dir='ltr'>ξ</span> 
     </span>
    </p>
   </div>
   <div class='ocr_carea' id='block_1_77' title="bbox 2344 3431 3923 3529">
    <p class='ocr_par' dir='ltr' id='par_1_77' title="bbox 2344 3431 3923 3529">
     <span class='ocr_line' id='line_1_77' title="bbox 2344 3431 3923 3529; baseline -0.013 -18"><span class='ocrx_word' id='word_1_637' title='bbox 2344 3457 2614 3529; x_wconf 88' lang='lat' dir='ltr'><strong>principio</strong></span> <span class='ocrx_word' id='word_1_638' title='bbox 2647 3454 2864 3526; x_wconf 85' lang='lat' dir='ltr'><strong>generis</strong></span> <span class='ocrx_word' id='word_1_639' title='bbox 2891 3453 3135 3517; x_wconf 87' lang='lat' dir='ltr'><strong>humani,</strong></span> <span class='ocrx_word' id='word_1_640' title='bbox 3165 3451 3426 3506; x_wconf 83' lang='lat' dir='ltr'><strong>omnibus</strong></span> <span class='ocrx_word' id='word_1_641' title='bbox 3455 3443 3724 3503; x_wconf 89' lang='lat' dir='ltr'><strong>hominibus</strong></span> <span class='ocrx_word' id='word_1_642' title='bbox 3736 3431 3845 3529; x_wconf 74' lang='lat' dir='ltr'><strong>Chri-</strong></span> 
     </span>
    </p>
   </div>
   <div class='ocr_carea' id='block_1_78' title="bbox 2347 3524 3845 3603">
    <p class='ocr_par' dir='ltr' id='par_1_78' title="bbox 2347 3524 3845 3603">
     <span class='ocr_line' id='line_1_78' title="bbox 2347 3524 3845 3603; baseline -0.008 1"><span class='ocrx_word' id='word_1_643' title='bbox 2347 3524 2464 3603; x_wconf 81' lang='lat' dir='ltr'><strong>stus</strong></span> <span class='ocrx_word' id='word_1_644' title='bbox 2493 3524 2579 3603; x_wconf 82' lang='lat' dir='ltr'><strong>est</strong></span> <span class='ocrx_word' id='word_1_645' title='bbox 2607 3524 2954 3602; x_wconf 79' lang='lat' dir='ltr'><strong>denuntiatus</strong></span> <span class='ocrx_word' id='word_1_646' title='bbox 2979 3544 3032 3598; x_wconf 90' lang='lat' dir='ltr'><strong>in</strong></span> <span class='ocrx_word' id='word_1_647' title='bbox 3060 3556 3225 3599; x_wconf 90' lang='lat' dir='ltr'><strong>carne</strong></span> <span class='ocrx_word' id='word_1_648' title='bbox 3248 3550 3515 3598; x_wconf 79' lang='lat' dir='ltr'><strong>venturus</strong></span> <span class='ocrx_word' id='word_1_649' title='bbox 3538 3555 3551 3592; x_wconf 90' lang='lat'><strong>:</strong></span> <span class='ocrx_word' id='word_1_650' title='bbox 3585 3535 3633 3590; x_wconf 89' lang='lat' dir='ltr'><strong>in</strong></span> <span class='ocrx_word' id='word_1_651' title='bbox 3647 3544 3750 3602; x_wconf 67' lang='lat' dir='ltr'><strong>qua.</strong></span> <span class='ocrx_word' id='word_1_652' title='bbox 3771 3524 3845 3580; x_wconf 67' lang='grc' dir='ltr'><strong>δίε·</strong></span> 
     </span>
    </p>
   </div>
   <div class='ocr_carea' id='block_1_79' title="bbox 2348 3619 3842 3707">
    <p class='ocr_par' dir='ltr' id='par_1_79' title="bbox 2348 3619 3842 3707">
     <span class='ocr_line' id='line_1_79' title="bbox 2348 3619 3842 3707; baseline -0.015 -12"><span class='ocrx_word' id='word_1_653' title='bbox 2348 3648 2408 3695; x_wconf 93' lang='lat' dir='ltr'><strong>ut</strong></span> <span class='ocrx_word' id='word_1_654' title='bbox 2456 3641 2659 3695; x_wconf 91' lang='lat' dir='ltr'><strong>dictum</strong></span> <span class='ocrx_word' id='word_1_655' title='bbox 2702 3646 2824 3707; x_wconf 69' lang='lat' dir='ltr'><strong>est,</strong></span> <span class='ocrx_word' id='word_1_656' title='bbox 2865 3636 2935 3690; x_wconf 87' lang='lat' dir='ltr'><strong>Et</strong></span> <span class='ocrx_word' id='word_1_657' title='bbox 2977 3644 3129 3690; x_wconf 90' lang='lat' dir='ltr'><strong>erunt</strong></span> <span class='ocrx_word' id='word_1_658' title='bbox 3157 3634 3262 3689; x_wconf 85' lang='lat' dir='ltr'><strong>duo</strong></span> <span class='ocrx_word' id='word_1_659' title='bbox 3300 3635 3355 3688; x_wconf 89' lang='lat' dir='ltr'><strong>in</strong></span> <span class='ocrx_word' id='word_1_660' title='bbox 3376 3647 3527 3687; x_wconf 86' lang='lat' dir='ltr'><strong>carne</strong></span> <span class='ocrx_word' id='word_1_661' title='bbox 3543 3641 3639 3684; x_wconf 77' lang='lat' dir='ltr'><strong>una</strong></span> <span class='ocrx_word' id='word_1_662' title='bbox 3665 3619 3842 3692; x_wconf 62' lang='lat' dir='ltr'><strong>(Genu.</strong></span> 
     </span>
    </p>
   </div>
   <div class='ocr_carea' id='block_1_80' title="bbox 2345 3710 3844 3799">
    <p class='ocr_par' dir='ltr' id='par_1_80' title="bbox 2345 3710 3844 3799">
     <span class='ocr_line' id='line_1_80' title="bbox 2345 3710 3844 3799; baseline -0.021 -11"><span class='ocrx_word' id='word_1_663' title='bbox 2345 3728 2461 3799; x_wconf 69' lang='grc'><strong>24),</strong></span> <span class='ocrx_word' id='word_1_664' title='bbox 2489 3728 2677 3798; x_wconf 91' lang='lat' dir='ltr'><strong>utique</strong></span> <span class='ocrx_word' id='word_1_665' title='bbox 2724 3728 2832 3782; x_wconf 91' lang='lat' dir='ltr'><strong>duo</strong></span> <span class='ocrx_word' id='word_1_666' title='bbox 2878 3733 3025 3790; x_wconf 90' lang='lat' dir='ltr'><strong>sunt,</strong></span> <span class='ocrx_word' id='word_1_667' title='bbox 3058 3725 3200 3779; x_wconf 88' lang='lat' dir='ltr'><strong>Deus</strong></span> <span class='ocrx_word' id='word_1_668' title='bbox 3249 3732 3313 3779; x_wconf 86' lang='lat' dir='ltr'><strong>et</strong></span> <span class='ocrx_word' id='word_1_669' title='bbox 3364 3723 3541 3784; x_wconf 92' lang='lat' dir='ltr'><strong>homo,</strong></span> <span class='ocrx_word' id='word_1_670' title='bbox 3580 3713 3781 3770; x_wconf 85' lang='lat' dir='ltr'><strong>Christus</strong></span> <span class='ocrx_word' id='word_1_671' title='bbox 3807 3710 3844 3755; x_wconf 82' lang='lat' dir='ltr'><strong>et</strong></span> 
     </span>
    </p>
   </div>
   <div class='ocr_carea' id='block_1_81' title="bbox 2346 3801 3844 3889">
    <p class='ocr_par' dir='ltr' id='par_1_81' title="bbox 2346 3801 3844 3889">
     <span class='ocr_line' id='line_1_81' title="bbox 2346 3801 3844 3889; baseline -0.017 -13"><span class='ocrx_word' id='word_1_672' title='bbox 2346 3819 2612 3885; x_wconf 90' lang='lat' dir='ltr'><strong>Ecclesia,</strong></span> <span class='ocrx_word' id='word_1_673' title='bbox 2638 3834 2758 3889; x_wconf 70' lang='lat' dir='ltr'><strong>qua:</strong></span> <span class='ocrx_word' id='word_1_674' title='bbox 2787 3818 2856 3873; x_wconf 90' lang='lat' dir='ltr'><strong>de</strong></span> <span class='ocrx_word' id='word_1_675' title='bbox 2903 3816 3085 3888; x_wconf 89' lang='lat' dir='ltr'><strong>sponsi</strong></span> <span class='ocrx_word' id='word_1_676' title='bbox 3132 3829 3304 3871; x_wconf 89' lang='lat' dir='ltr'><strong>carne</strong></span> <span class='ocrx_word' id='word_1_677' title='bbox 3352 3812 3563 3884; x_wconf 90' lang='lat' dir='ltr'><strong>prodiit,</strong></span> <span class='ocrx_word' id='word_1_678' title='bbox 3607 3801 3844 3875; x_wconf 73' lang='lat' dir='ltr'><strong>quandoe!</strong></span> 
     </span>
    </p>
   </div>
   <div class='ocr_carea' id='block_1_82' title="bbox 2348 3900 3844 3980">
    <p class='ocr_par' dir='ltr' id='par_1_82' title="bbox 2348 3900 3844 3980">
     <span class='ocr_line' id='line_1_82' title="bbox 2348 3900 3844 3980; baseline -0.007 -10"><span class='ocrx_word' id='word_1_679' title='bbox 2348 3917 2519 3973; x_wconf 88' lang='lat' dir='ltr'><strong>latere</strong></span> <span class='ocrx_word' id='word_1_680' title='bbox 2545 3915 2790 3972; x_wconf 79' lang='lat' dir='ltr'><strong>cruciﬁxi</strong></span> <span class='ocrx_word' id='word_1_681' title='bbox 2839 3919 3095 3967; x_wconf 89' lang='lat' dir='ltr'><strong>manante</strong></span> <span class='ocrx_word' id='word_1_682' title='bbox 3138 3910 3406 3980; x_wconf 85' lang='lat' dir='ltr'><strong>sanguine</strong></span> <span class='ocrx_word' id='word_1_683' title='bbox 3453 3914 3506 3961; x_wconf 89' lang='lat' dir='ltr'><strong>et</strong></span> <span class='ocrx_word' id='word_1_684' title='bbox 3551 3913 3690 3971; x_wconf 67' lang='lat' dir='ltr'><strong>aqua.</strong></span> <span class='ocrx_word' id='word_1_685' title='bbox 3715 3900 3844 3948; x_wconf 64' lang='grc' dir='ltr'>δίκη·</span> 
     </span>
    </p>
   </div>
   <div class='ocr_carea' id='block_1_83' title="bbox 2348 3985 3842 4079">
    <p class='ocr_par' dir='ltr' id='par_1_83' title="bbox 2348 3985 3842 4079">
     <span class='ocr_line' id='line_1_83' title="bbox 2348 3985 3842 4079; baseline -0.017 -12"><span class='ocrx_word' id='word_1_686' title='bbox 2348 4019 2589 4066; x_wconf 90' lang='lat' dir='ltr'><strong>mentum</strong></span> <span class='ocrx_word' id='word_1_687' title='bbox 2644 4004 3070 4079; x_wconf 83' lang='lat' dir='ltr'><strong>regenerationis</strong></span> <span class='ocrx_word' id='word_1_688' title='bbox 3110 4011 3167 4058; x_wconf 91' lang='lat' dir='ltr'><strong>et</strong></span> <span class='ocrx_word' id='word_1_689' title='bbox 3209 3996 3591 4071; x_wconf 89' lang='lat' dir='ltr'><strong>redemptionis</strong></span> <span class='ocrx_word' id='word_1_690' title='bbox 3629 3985 3842 4079; x_wconf 36' lang='lat' dir='ltr'><strong>acoepit-‘t</strong></span> 
     </span>
    </p>
   </div>
   <div class='ocr_carea' id='block_1_84' title="bbox 2349 4071 3841 4157">
    <p class='ocr_par' dir='ltr' id='par_1_84' title="bbox 2349 4071 3841 4157">
     <span class='ocr_line' id='line_1_84' title="bbox 2349 4071 3841 4157; baseline -0.012 0"><span class='ocrx_word' id='word_1_691' title='bbox 2349 4102 2418 4157; x_wconf 85' lang='lat' dir='ltr'><strong>Et</strong></span> <span class='ocrx_word' id='word_1_692' title='bbox 2467 4103 2597 4157; x_wconf 86' lang='lat' dir='ltr'><strong>item</strong></span> <span class='ocrx_word' id='word_1_693' title='bbox 2647 4071 2733 4155; x_wconf 44' lang='lat' dir='ltr'><strong>inv</strong></span> <span class='ocrx_word' id='word_1_694' title='bbox 2754 4096 2977 4154; x_wconf 90' lang='lat' dir='ltr'><strong>homilia</strong></span> <span class='ocrx_word' id='word_1_695' title='bbox 3029 4096 3096 4149; x_wconf 92' lang='lat' dir='ltr'><strong>de</strong></span> <span class='ocrx_word' id='word_1_696' title='bbox 3131 4092 3323 4148; x_wconf 87' lang='lat' dir='ltr'><strong>Natale</strong></span> <span class='ocrx_word' id='word_1_697' title='bbox 3367 4086 3569 4146; x_wconf 89' lang='lat' dir='ltr'><strong>Domini</strong></span> <span class='ocrx_word' id='word_1_698' title='bbox 3616 4082 3747 4154; x_wconf 83' lang='lat' dir='ltr'><strong>(hom.</strong></span> <span class='ocrx_word' id='word_1_699' title='bbox 3779 4071 3841 4139; x_wconf 67' lang='grc' dir='ltr'><strong>υτ</strong></span> 
     </span>
    </p>
   </div>
   <div class='ocr_carea' id='block_1_85' title="bbox 2354 4166 3840 4265">
    <p class='ocr_par' dir='ltr' id='par_1_85' title="bbox 2354 4166 3840 4265">
     <span class='ocr_line' id='line_1_85' title="bbox 2354 4166 3840 4265; baseline -0.013 -17"><span class='ocrx_word' id='word_1_700' title='bbox 2354 4213 2375 4248; x_wconf 71' lang='grc' dir='ltr'>ι</span> <span class='ocrx_word' id='word_1_701' title='bbox 2413 4194 2669 4250; x_wconf 88' lang='lat' dir='ltr'><strong>Salvator</strong></span> <span class='ocrx_word' id='word_1_702' title='bbox 2718 4196 2922 4252; x_wconf 87' lang='lat' dir='ltr'><strong>noster,</strong></span> <span class='ocrx_word' id='word_1_703' title='bbox 2979 4182 3342 4247; x_wconf 84' lang='lat' dir='ltr'><strong>dilectissimi,</strong></span> <span class='ocrx_word' id='word_1_704' title='bbox 3396 4179 3550 4237; x_wconf 90' lang='lat' dir='ltr'><strong>hodie</strong></span> <span class='ocrx_word' id='word_1_705' title='bbox 3603 4166 3840 4265; x_wconf 48' lang='grc' dir='ltr'><strong>ηειιιξεξδξι</strong></span> 
     </span>
    </p>
   </div>
   <div class='ocr_carea' id='block_1_86' title="bbox 2351 4259 3839 4358">
    <p class='ocr_par' dir='ltr' id='par_1_86' title="bbox 2351 4259 3839 4358">
     <span class='ocr_line' id='line_1_86' title="bbox 2351 4259 3839 4358; baseline -0.019 -18"><span class='ocrx_word' id='word_1_706' title='bbox 2351 4284 2699 4356; x_wconf 87' lang='lat' dir='ltr'><strong>gaudeamus.</strong></span> <span class='ocrx_word' id='word_1_707' title='bbox 2721 4278 2908 4349; x_wconf 85' lang='lat' dir='ltr'><strong>Neque</strong></span> <span class='ocrx_word' id='word_1_708' title='bbox 2935 4276 3079 4334; x_wconf 89' lang='lat' dir='ltr'><strong>enim</strong></span> <span class='ocrx_word' id='word_1_709' title='bbox 3110 4276 3288 4330; x_wconf 90' lang='lat' dir='ltr'><strong>locum</strong></span> <span class='ocrx_word' id='word_1_710' title='bbox 3312 4273 3397 4329; x_wconf 83' lang='lat' dir='ltr'><strong>fas</strong></span> <span class='ocrx_word' id='word_1_711' title='bbox 3417 4277 3500 4326; x_wconf 90' lang='lat' dir='ltr'><strong>est</strong></span> <span class='ocrx_word' id='word_1_712' title='bbox 3521 4277 3632 4322; x_wconf 89' lang='lat' dir='ltr'><strong>esse</strong></span> <span class='ocrx_word' id='word_1_713' title='bbox 3650 4259 3839 4358; x_wconf 43' lang='lat' dir='ltr'><strong>tristi“?</strong></span> 
     </span>
    </p>
   </div>
   <div class='ocr_carea' id='block_1_87' title="bbox 2351 4352 3844 4448">
    <p class='ocr_par' dir='ltr' id='par_1_87' title="bbox 2351 4352 3844 4448">
     <span class='ocr_line' id='line_1_87' title="bbox 2351 4352 3844 4448; baseline -0.019 -16"><span class='ocrx_word' id='word_1_714' title='bbox 2351 4352 2443 4431; x_wconf 76' lang='lat' dir='ltr'><strong>ubi</strong></span> <span class='ocrx_word' id='word_1_715' title='bbox 2474 4374 2674 4430; x_wconf 88' lang='lat' dir='ltr'><strong>natalis</strong></span> <span class='ocrx_word' id='word_1_716' title='bbox 2698 4380 2784 4428; x_wconf 91' lang='lat' dir='ltr'><strong>est</strong></span> <span class='ocrx_word' id='word_1_717' title='bbox 2809 4372 2956 4436; x_wconf 83' lang='lat' dir='ltr'><strong>vitae,</strong></span> <span class='ocrx_word' id='word_1_718' title='bbox 2982 4383 3103 4440; x_wconf 59' lang='lat' dir='ltr'><strong>quae</strong></span> <span class='ocrx_word' id='word_1_719' title='bbox 3132 4374 3451 4435; x_wconf 89' lang='lat' dir='ltr'><strong>consumpto</strong></span> <span class='ocrx_word' id='word_1_720' title='bbox 3488 4352 3844 4448; x_wconf 70' lang='lat' dir='ltr'><strong>mortalitatis</strong></span> 
     </span>
    </p>
   </div>
   <div class='ocr_carea' id='block_1_88' title="bbox 2356 4440 3841 4538">
    <p class='ocr_par' dir='ltr' id='par_1_88' title="bbox 2356 4440 3841 4538">
     <span class='ocr_line' id='line_1_88' title="bbox 2356 4440 3841 4538; baseline -0.025 -12"><span class='ocrx_word' id='word_1_721' title='bbox 2356 4484 2505 4525; x_wconf 91' lang='lat' dir='ltr'><strong>more</strong></span> <span class='ocrx_word' id='word_1_722' title='bbox 2530 4465 2731 4538; x_wconf 87' lang='lat' dir='ltr'><strong>ingerit</strong></span> <span class='ocrx_word' id='word_1_723' title='bbox 2761 4463 2917 4520; x_wconf 90' lang='lat' dir='ltr'><strong>nobis</strong></span> <span class='ocrx_word' id='word_1_724' title='bbox 2943 4462 3009 4517; x_wconf 90' lang='lat' dir='ltr'><strong>de</strong></span> <span class='ocrx_word' id='word_1_725' title='bbox 3035 4459 3306 4531; x_wconf 91' lang='lat' dir='ltr'><strong>promissa</strong></span> <span class='ocrx_word' id='word_1_726' title='bbox 3335 4453 3620 4512; x_wconf 79' lang='lat' dir='ltr'><strong>aeternitate</strong></span> <span class='ocrx_word' id='word_1_727' title='bbox 3644 4440 3841 4538; x_wconf 65' lang='lat' dir='ltr'><strong>latitiant.</strong></span> 
     </span>
    </p>
   </div>
   <div class='ocr_carea' id='block_1_89' title="bbox 666 4518 3845 4626">
    <p class='ocr_par' dir='ltr' id='par_1_89' title="bbox 666 4518 3845 4626">
     <span class='ocr_line' id='line_1_89' title="bbox 666 4518 3845 4626; baseline -0.008 -22"><span class='ocrx_word' id='word_1_728' title='bbox 666 4550 777 4604; x_wconf 88' lang='lat' dir='ltr'><strong>ﬁne</strong></span> <span class='ocrx_word' id='word_1_729' title='bbox 800 4549 1080 4619; x_wconf 88' lang='lat' dir='ltr'><strong>persolvit,</strong></span> <span class='ocrx_word' id='word_1_730' title='bbox 1104 4564 1226 4604; x_wconf 91' lang='lat' dir='ltr'><strong>cum</strong></span> <span class='ocrx_word' id='word_1_731' title='bbox 1252 4549 1395 4603; x_wconf 91' lang='lat' dir='ltr'><strong>inter</strong></span> <span class='ocrx_word' id='word_1_732' title='bbox 1438 4547 1579 4603; x_wconf 85' lang='lat' dir='ltr'><strong>ﬁlios</strong></span> <span class='ocrx_word' id='word_1_733' title='bbox 1621 4547 1896 4603; x_wconf 87' lang='lat' dir='ltr'><strong>hominum</strong></span> <span class='ocrx_word' id='word_1_734' title='bbox 1936 4561 2077 4602; x_wconf 89' lang='lat' dir='ltr'><strong>unus</strong></span> <span class='ocrx_word' id='word_1_735' title='bbox 2101 4545 2249 4604; x_wconf 88' lang='lat' dir='ltr'><strong>solus</strong></span> <span class='ocrx_word' id='word_1_736' title='bbox 2277 4518 2327 4578; x_wconf 71' lang='grc' dir='ltr'><strong>θ</strong></span> <span class='ocrx_word' id='word_1_737' title='bbox 2353 4560 2523 4616; x_wconf 71' lang='lat' dir='ltr'><strong>Nemo</strong></span> <span class='ocrx_word' id='word_1_738' title='bbox 2548 4518 2759 4626; x_wconf 47' lang='lat' dir='ltr'><strong>aggjus</strong></span> <span class='ocrx_word' id='word_1_739' title='bbox 2786 4518 3084 4611; x_wconf 68' lang='lat' dir='ltr'><strong>alacritatis</strong></span> <span class='ocrx_word' id='word_1_740' title='bbox 3127 4524 3546 4620; x_wconf 80' lang='lat' dir='ltr'><strong>participatione</strong></span> <span class='ocrx_word' id='word_1_741' title='bbox 3593 4526 3845 4626; x_wconf 48' lang='lat' dir='ltr'><strong>secernititt.</strong></span> 
     </span>
    </p>
   </div>
   <div class='ocr_carea' id='block_1_90' title="bbox 668 4636 2249 4710">
    <p class='ocr_par' dir='ltr' id='par_1_90' title="bbox 668 4636 2249 4710">
     <span class='ocr_line' id='line_1_90' title="bbox 668 4636 2249 4710; baseline -0.001 -14"><span class='ocrx_word' id='word_1_742' title='bbox 668 4636 933 4697; x_wconf 87' lang='lat' dir='ltr'><strong>Dominus</strong></span> <span class='ocrx_word' id='word_1_743' title='bbox 952 4648 1138 4696; x_wconf 89' lang='lat' dir='ltr'><strong>noster</strong></span> <span class='ocrx_word' id='word_1_744' title='bbox 1155 4639 1311 4695; x_wconf 85' lang='lat' dir='ltr'><strong>Jesus</strong></span> <span class='ocrx_word' id='word_1_745' title='bbox 1325 4638 1571 4695; x_wconf 89' lang='lat' dir='ltr'><strong>Christus</strong></span> <span class='ocrx_word' id='word_1_746' title='bbox 1591 4640 1681 4709; x_wconf 90' lang='lat' dir='ltr'><strong>qui</strong></span> <span class='ocrx_word' id='word_1_747' title='bbox 1696 4652 1823 4694; x_wconf 90' lang='lat' dir='ltr'><strong>vere</strong></span> <span class='ocrx_word' id='word_1_748' title='bbox 1837 4648 2139 4710; x_wconf 89' lang='lat' dir='ltr'><strong>eratagnus</strong></span> <span class='ocrx_word' id='word_1_749' title='bbox 2153 4639 2249 4694; x_wconf 86' lang='lat' dir='ltr'><strong>im-</strong></span> 
     </span>
    </p>
   </div>
   <div class='ocr_carea' id='block_1_91' title="bbox 666 4730 2245 4801">
    <p class='ocr_par' dir='ltr' id='par_1_91' title="bbox 666 4730 2245 4801">
     <span class='ocr_line' id='line_1_91' title="bbox 666 4730 2245 4801; baseline -0.001 -13"><span class='ocrx_word' id='word_1_750' title='bbox 666 4733 969 4788; x_wconf 87' lang='lat' dir='ltr'><strong>maculatus</strong></span> <span class='ocrx_word' id='word_1_751' title='bbox 1004 4731 1310 4797; x_wconf 82' lang='lat' dir='ltr'><strong>exstiterit,</strong></span> <span class='ocrx_word' id='word_1_752' title='bbox 1337 4731 1391 4786; x_wconf 90' lang='lat' dir='ltr'><strong>in</strong></span> <span class='ocrx_word' id='word_1_753' title='bbox 1416 4745 1524 4801; x_wconf 90' lang='lat' dir='ltr'><strong>quo</strong></span> <span class='ocrx_word' id='word_1_754' title='bbox 1550 4744 1740 4786; x_wconf 89' lang='lat' dir='ltr'><strong>omnes</strong></span> <span class='ocrx_word' id='word_1_755' title='bbox 1765 4730 2033 4795; x_wconf 81' lang='lat' dir='ltr'><strong>cruciﬁxi,</strong></span> <span class='ocrx_word' id='word_1_756' title='bbox 2056 4745 2245 4786; x_wconf 89' lang='lat' dir='ltr'><strong>omnes</strong></span> 
     </span>
    </p>
   </div>
   <div class='ocr_carea' id='block_1_92' title="bbox 665 4823 2245 4896">
    <p class='ocr_par' dir='ltr' id='par_1_92' title="bbox 665 4823 2245 4896">
     <span class='ocr_line' id='line_1_92' title="bbox 665 4823 2245 4896; baseline -0.001 -15"><span class='ocrx_word' id='word_1_757' title='bbox 665 4826 888 4890; x_wconf 84' lang='lat' dir='ltr'><strong>mortui,</strong></span> <span class='ocrx_word' id='word_1_758' title='bbox 904 4840 1094 4881; x_wconf 92' lang='lat' dir='ltr'><strong>omnes</strong></span> <span class='ocrx_word' id='word_1_759' title='bbox 1118 4825 1333 4896; x_wconf 86' lang='lat' dir='ltr'><strong>sepulti,</strong></span> <span class='ocrx_word' id='word_1_760' title='bbox 1357 4840 1547 4880; x_wconf 88' lang='lat' dir='ltr'><strong>omnes</strong></span> <span class='ocrx_word' id='word_1_761' title='bbox 1570 4823 1678 4880; x_wconf 91' lang='lat' dir='ltr'><strong>sint</strong></span> <span class='ocrx_word' id='word_1_762' title='bbox 1696 4826 1859 4879; x_wconf 88' lang='lat' dir='ltr'><strong>etiam</strong></span> <span class='ocrx_word' id='word_1_763' title='bbox 1883 4824 2124 4880; x_wconf 89' lang='lat' dir='ltr'><strong>suscitati</strong></span> <span class='ocrx_word' id='word_1_764' title='bbox 2147 4825 2245 4879; x_wconf 90' lang='lat' dir='ltr'><strong>:de</strong></span> 
     </span>
    </p>
   </div>
   <div class='ocr_carea' id='block_1_93' title="bbox 665 4915 2245 4990">
    <p class='ocr_par' dir='ltr' id='par_1_93' title="bbox 665 4915 2245 4990">
     <span class='ocr_line' id='line_1_93' title="bbox 665 4915 2245 4990; baseline -0.002 -18"><span class='ocrx_word' id='word_1_765' title='bbox 665 4917 864 4990; x_wconf 89' lang='lat' dir='ltr'><strong>quibus</strong></span> <span class='ocrx_word' id='word_1_766' title='bbox 879 4918 992 4989; x_wconf 89' lang='lat' dir='ltr'><strong>ipse</strong></span> <span class='ocrx_word' id='word_1_767' title='bbox 1003 4916 1245 4974; x_wconf 86' lang='lat' dir='ltr'><strong>dicebat:</strong></span> <span class='ocrx_word' id='word_1_768' title='bbox 1265 4915 1397 4971; x_wconf 85' lang='lat' dir='ltr'><strong>Cum</strong></span> <span class='ocrx_word' id='word_1_769' title='bbox 1409 4916 1668 4970; x_wconf 76' lang='lat' dir='ltr'><strong>exaltatus</strong></span> <span class='ocrx_word' id='word_1_770' title='bbox 1680 4916 1830 4985; x_wconf 77' lang='lat' dir='ltr'><strong>fuero</strong></span> <span class='ocrx_word' id='word_1_771' title='bbox 1844 4933 1876 4969; x_wconf 90' lang='lat' dir='ltr'><strong>a</strong></span> <span class='ocrx_word' id='word_1_772' title='bbox 1890 4925 2052 4981; x_wconf 87' lang='lat' dir='ltr'><strong>terra,</strong></span> <span class='ocrx_word' id='word_1_773' title='bbox 2069 4916 2245 4969; x_wconf 76' lang='lat' dir='ltr'><strong>omnia</strong></span> 
     </span>
    </p>
   </div>
   <div class='ocr_carea' id='block_1_94' title="bbox 663 5004 2247 5082">
    <p class='ocr_par' dir='ltr' id='par_1_94' title="bbox 663 5004 2247 5082">
     <span class='ocr_line' id='line_1_94' title="bbox 663 5004 2247 5082; baseline -0.003 -17"><span class='ocrx_word' id='word_1_774' title='bbox 663 5012 875 5066; x_wconf 73' lang='lat' dir='ltr'><strong>traham</strong></span> <span class='ocrx_word' id='word_1_775' title='bbox 899 5010 970 5066; x_wconf 81' lang='lat' dir='ltr'><strong>ad</strong></span> <span class='ocrx_word' id='word_1_776' title='bbox 995 5027 1075 5066; x_wconf 88' lang='lat' dir='ltr'><strong>me</strong></span> <span class='ocrx_word' id='word_1_777' title='bbox 1107 5008 1292 5082; x_wconf 82' lang='lat' dir='ltr'><strong>(Joan.</strong></span> <span class='ocrx_word' id='word_1_778' title='bbox 1324 5008 1423 5074; x_wconf 83' lang='lat' dir='ltr'><strong>xu,</strong></span> <span class='ocrx_word' id='word_1_779' title='bbox 1446 5008 1559 5077; x_wconf 79' lang='lat'><strong>5‘2).</strong></span> <span class='ocrx_word' id='word_1_780' title='bbox 1585 5008 1744 5064; x_wconf 83' lang='lat' dir='ltr'><strong>Fides</strong></span> <span class='ocrx_word' id='word_1_781' title='bbox 1767 5007 1967 5062; x_wconf 91' lang='lat' dir='ltr'><strong>etenim</strong></span> <span class='ocrx_word' id='word_1_782' title='bbox 1995 5022 2142 5071; x_wconf 91' lang='lat' dir='ltr'><strong>vera,</strong></span> <span class='ocrx_word' id='word_1_783' title='bbox 2163 5004 2247 5073; x_wconf 86' lang='lat' dir='ltr'><strong>ju-</strong></span> 
     </span>
    </p>
   </div>
   <div class='ocr_carea' id='block_1_95' title="bbox 662 5086 2276 5175">
    <p class='ocr_par' dir='ltr' id='par_1_95' title="bbox 662 5086 2276 5175">
     <span class='ocr_line' id='line_1_95' title="bbox 662 5086 2276 5175; baseline -0.006 -13"><span class='ocrx_word' id='word_1_784' title='bbox 662 5105 908 5162; x_wconf 86' lang='lat' dir='ltr'><strong>stiﬁcans</strong></span> <span class='ocrx_word' id='word_1_785' title='bbox 932 5104 1127 5175; x_wconf 85' lang='lat' dir='ltr'><strong>impios</strong></span> <span class='ocrx_word' id='word_1_786' title='bbox 1148 5108 1203 5157; x_wconf 90' lang='lat' dir='ltr'><strong>et</strong></span> <span class='ocrx_word' id='word_1_787' title='bbox 1229 5115 1420 5157; x_wconf 91' lang='lat' dir='ltr'><strong>creans</strong></span> <span class='ocrx_word' id='word_1_788' title='bbox 1439 5086 1635 5170; x_wconf 85' lang='lat' dir='ltr'><strong>justus,</strong></span> <span class='ocrx_word' id='word_1_789' title='bbox 1658 5098 1726 5154; x_wconf 90' lang='lat' dir='ltr'><strong>ad</strong></span> <span class='ocrx_word' id='word_1_790' title='bbox 1753 5098 2108 5154; x_wconf 87' lang='lat' dir='ltr'><strong>humanitatis</strong></span> <span class='ocrx_word' id='word_1_791' title='bbox 2135 5112 2276 5153; x_wconf 39' lang='lat' dir='ltr'><strong>suae.</strong></span> 
     </span>
    </p>
   </div>
   <div class='ocr_carea' id='block_1_96' title="bbox 660 5180 2244 5267">
    <p class='ocr_par' dir='ltr' id='par_1_96' title="bbox 660 5180 2244 5267">
     <span class='ocr_line' id='line_1_96' title="bbox 660 5180 2244 5267; baseline -0.007 -16"><span class='ocrx_word' id='word_1_792' title='bbox 660 5196 824 5267; x_wconf 79' lang='lat'><strong>275</strong></span> <span class='ocrx_word' id='word_1_793' title='bbox 855 5203 1029 5250; x_wconf 84' lang='lat' dir='ltr'><strong>tracta</strong></span> <span class='ocrx_word' id='word_1_794' title='bbox 1055 5180 1399 5264; x_wconf 85' lang='lat' dir='ltr'><strong>participem,</strong></span> <span class='ocrx_word' id='word_1_795' title='bbox 1429 5191 1483 5245; x_wconf 90' lang='lat' dir='ltr'><strong>in</strong></span> <span class='ocrx_word' id='word_1_796' title='bbox 1514 5190 1603 5246; x_wconf 92' lang='lat' dir='ltr'><strong>illo</strong></span> <span class='ocrx_word' id='word_1_797' title='bbox 1636 5189 1867 5259; x_wconf 88' lang='lat' dir='ltr'><strong>acquirit</strong></span> <span class='ocrx_word' id='word_1_798' title='bbox 1904 5188 2157 5251; x_wconf 91' lang='lat' dir='ltr'><strong>salutem,</strong></span> <span class='ocrx_word' id='word_1_799' title='bbox 2189 5186 2244 5241; x_wconf 85' lang='lat' dir='ltr'><strong>in</strong></span> 
     </span>
    </p>
   </div>
   <div class='ocr_carea' id='block_1_97' title="bbox 659 5278 2245 5358">
    <p class='ocr_par' dir='ltr' id='par_1_97' title="bbox 659 5278 2245 5358">
     <span class='ocr_line' id='line_1_97' title="bbox 659 5278 2245 5358; baseline -0.005 -18"><span class='ocrx_word' id='word_1_800' title='bbox 659 5302 769 5358; x_wconf 86' lang='lat' dir='ltr'><strong>quo</strong></span> <span class='ocrx_word' id='word_1_801' title='bbox 807 5286 921 5341; x_wconf 93' lang='lat' dir='ltr'><strong>solo</strong></span> <span class='ocrx_word' id='word_1_802' title='bbox 953 5299 1013 5341; x_wconf 89' lang='lat' dir='ltr'><strong>se</strong></span> <span class='ocrx_word' id='word_1_803' title='bbox 1040 5286 1202 5340; x_wconf 90' lang='lat' dir='ltr'><strong>homo</strong></span> <span class='ocrx_word' id='word_1_804' title='bbox 1227 5281 1435 5338; x_wconf 90' lang='lat' dir='ltr'><strong>invenit</strong></span> <span class='ocrx_word' id='word_1_805' title='bbox 1468 5281 1832 5347; x_wconf 89' lang='lat' dir='ltr'><strong>innocentem,</strong></span> <span class='ocrx_word' id='word_1_806' title='bbox 1876 5278 2106 5334; x_wconf 81' lang='lat' dir='ltr'><strong>liberum</strong></span> <span class='ocrx_word' id='word_1_807' title='bbox 2150 5278 2245 5333; x_wconf 89' lang='lat' dir='ltr'><strong>ha-</strong></span> 
     </span>
    </p>
   </div>
   <div class='ocr_carea' id='block_1_98' title="bbox 658 5369 2245 5449">
    <p class='ocr_par' dir='ltr' id='par_1_98' title="bbox 658 5369 2245 5449">
     <span class='ocr_line' id='line_1_98' title="bbox 658 5369 2245 5449; baseline -0.006 -15"><span class='ocrx_word' id='word_1_808' title='bbox 658 5381 797 5435; x_wconf 87' lang='lat' dir='ltr'><strong>bens</strong></span> <span class='ocrx_word' id='word_1_809' title='bbox 826 5395 924 5449; x_wconf 87' lang='lat' dir='ltr'><strong>per</strong></span> <span class='ocrx_word' id='word_1_810' title='bbox 950 5377 1181 5449; x_wconf 89' lang='lat' dir='ltr'><strong>gratiam</strong></span> <span class='ocrx_word' id='word_1_811' title='bbox 1211 5374 1307 5431; x_wconf 89' lang='lat' dir='ltr'><strong>Dei</strong></span> <span class='ocrx_word' id='word_1_812' title='bbox 1336 5376 1402 5431; x_wconf 91' lang='lat' dir='ltr'><strong>de</strong></span> <span class='ocrx_word' id='word_1_813' title='bbox 1440 5371 1558 5443; x_wconf 90' lang='lat' dir='ltr'><strong>ejus</strong></span> <span class='ocrx_word' id='word_1_814' title='bbox 1599 5372 1837 5444; x_wconf 86' lang='lat' dir='ltr'><strong>potentia</strong></span> <span class='ocrx_word' id='word_1_815' title='bbox 1868 5370 2106 5443; x_wconf 86' lang='lat' dir='ltr'><strong>gloriari,</strong></span> <span class='ocrx_word' id='word_1_816' title='bbox 2152 5369 2245 5441; x_wconf 79' lang='lat' dir='ltr'><strong>qui</strong></span> 
     </span>
    </p>
   </div>
   <div class='ocr_carea' id='block_1_99' title="bbox 661 5462 2245 5537">
    <p class='ocr_par' dir='ltr' id='par_1_99' title="bbox 661 5462 2245 5537">
     <span class='ocr_line' id='line_1_99' title="bbox 661 5462 2245 5537; baseline -0.006 -12"><span class='ocrx_word' id='word_1_817' title='bbox 661 5478 853 5525; x_wconf 91' lang='lat' dir='ltr'><strong>contra</strong></span> <span class='ocrx_word' id='word_1_818' title='bbox 879 5470 1091 5525; x_wconf 89' lang='lat' dir='ltr'><strong>hostem</strong></span> <span class='ocrx_word' id='word_1_819' title='bbox 1124 5467 1344 5523; x_wconf 88' lang='lat' dir='ltr'><strong>humani</strong></span> <span class='ocrx_word' id='word_1_820' title='bbox 1378 5464 1593 5537; x_wconf 89' lang='lat' dir='ltr'><strong>generis</strong></span> <span class='ocrx_word' id='word_1_821' title='bbox 1616 5463 1669 5518; x_wconf 90' lang='lat' dir='ltr'><strong>in</strong></span> <span class='ocrx_word' id='word_1_822' title='bbox 1697 5463 1879 5519; x_wconf 89' lang='lat' dir='ltr'><strong>carnis</strong></span> <span class='ocrx_word' id='word_1_823' title='bbox 1907 5469 2108 5517; x_wconf 62' lang='lat' dir='ltr'><strong>nostrae</strong></span> <span class='ocrx_word' id='word_1_824' title='bbox 2140 5462 2245 5516; x_wconf 79' lang='lat' dir='ltr'><strong>hu-</strong></span> 
     </span>
    </p>
   </div>
   <div class='ocr_carea' id='block_1_100' title="bbox 663 5550 2246 5628">
    <p class='ocr_par' dir='ltr' id='par_1_100' title="bbox 663 5550 2246 5628">
     <span class='ocr_line' id='line_1_100' title="bbox 663 5550 2246 5628; baseline -0.004 -15"><span class='ocrx_word' id='word_1_825' title='bbox 663 5559 893 5615; x_wconf 89' lang='lat' dir='ltr'><strong>militate</strong></span> <span class='ocrx_word' id='word_1_826' title='bbox 920 5571 1264 5628; x_wconf 84' lang='lat' dir='ltr'><strong>congressus,</strong></span> <span class='ocrx_word' id='word_1_827' title='bbox 1307 5555 1391 5611; x_wconf 92' lang='lat' dir='ltr'><strong>his</strong></span> <span class='ocrx_word' id='word_1_828' title='bbox 1416 5554 1706 5609; x_wconf 89' lang='lat' dir='ltr'><strong>vindictam</strong></span> <span class='ocrx_word' id='word_1_829' title='bbox 1753 5566 1908 5607; x_wconf 90' lang='lat' dir='ltr'><strong>suam</strong></span> <span class='ocrx_word' id='word_1_830' title='bbox 1952 5550 2158 5614; x_wconf 87' lang='lat' dir='ltr'><strong>tribuit,</strong></span> <span class='ocrx_word' id='word_1_831' title='bbox 2192 5550 2246 5606; x_wconf 88' lang='lat' dir='ltr'><strong>in</strong></span> 
     </span>
    </p>
   </div>
   <div class='ocr_carea' id='block_1_101' title="bbox 664 5643 2245 5722">
    <p class='ocr_par' dir='ltr' id='par_1_101' title="bbox 664 5643 2245 5722">
     <span class='ocr_line' id='line_1_101' title="bbox 664 5643 2245 5722; baseline -0.006 -16"><span class='ocrx_word' id='word_1_832' title='bbox 664 5666 895 5722; x_wconf 87' lang='lat' dir='ltr'><strong>quorum</strong></span> <span class='ocrx_word' id='word_1_833' title='bbox 927 5664 1154 5721; x_wconf 89' lang='lat' dir='ltr'><strong>corpore</strong></span> <span class='ocrx_word' id='word_1_834' title='bbox 1193 5646 1561 5718; x_wconf 90' lang='lat' dir='ltr'><strong>triumphavit.</strong></span> <span class='ocrx_word' id='word_1_835' title='bbox 1602 5666 1621 5697; x_wconf 75' lang='grc' dir='ltr'><strong><em>ι</em></strong></span> <span class='ocrx_word' id='word_1_836' title='bbox 1660 5645 1729 5699; x_wconf 88' lang='lat' dir='ltr'><strong>Et</strong></span> <span class='ocrx_word' id='word_1_837' title='bbox 1765 5644 1894 5700; x_wconf 91' lang='lat' dir='ltr'><strong>item</strong></span> <span class='ocrx_word' id='word_1_838' title='bbox 1932 5643 1988 5698; x_wconf 90' lang='lat' dir='ltr'><strong>in</strong></span> <span class='ocrx_word' id='word_1_839' title='bbox 2018 5646 2204 5698; x_wconf 86' lang='lat' dir='ltr'><strong>eadem</strong></span> <span class='ocrx_word' id='word_1_840' title='bbox 2233 5663 2245 5697; x_wconf 93' lang='lat'>:</span> 
     </span>
    </p>
   </div>
   <div class='ocr_carea' id='block_1_102' title="bbox 674 5736 2248 5814">
    <p class='ocr_par' dir='ltr' id='par_1_102' title="bbox 674 5736 2248 5814">
     <span class='ocr_line' id='line_1_102' title="bbox 674 5736 2248 5814; baseline -0.004 -16"><span class='ocrx_word' id='word_1_841' title='bbox 674 5766 692 5797; x_wconf 77' lang='grc' dir='ltr'>ι</span> <span class='ocrx_word' id='word_1_842' title='bbox 729 5745 799 5799; x_wconf 84' lang='lat' dir='ltr'><strong>At</strong></span> <span class='ocrx_word' id='word_1_843' title='bbox 824 5745 867 5799; x_wconf 91' lang='lat' dir='ltr'><strong>si</strong></span> <span class='ocrx_word' id='word_1_844' title='bbox 892 5744 943 5798; x_wconf 92' lang='lat' dir='ltr'><strong>in</strong></span> <span class='ocrx_word' id='word_1_845' title='bbox 975 5754 1124 5799; x_wconf 91' lang='lat' dir='ltr'><strong>tante</strong></span> <span class='ocrx_word' id='word_1_846' title='bbox 1156 5742 1275 5797; x_wconf 88' lang='lat' dir='ltr'><strong>luce</strong></span> <span class='ocrx_word' id='word_1_847' title='bbox 1302 5741 1545 5796; x_wconf 91' lang='lat' dir='ltr'><strong>veritatis</strong></span> <span class='ocrx_word' id='word_1_848' title='bbox 1570 5737 1825 5795; x_wconf 84' lang='lat' dir='ltr'><strong>tenebras</strong></span> <span class='ocrx_word' id='word_1_849' title='bbox 1846 5753 1970 5793; x_wconf 92' lang='lat' dir='ltr'><strong>suas</strong></span> <span class='ocrx_word' id='word_1_850' title='bbox 1997 5736 2248 5814; x_wconf 67' lang='lat' dir='ltr'><strong>haeretica</strong></span> 
     </span>
    </p>
   </div>
   <div class='ocr_carea' id='block_1_103' title="bbox 2350 4614 3845 4715">
    <p class='ocr_par' dir='ltr' id='par_1_103' title="bbox 2350 4614 3845 4715">
     <span class='ocr_line' id='line_1_103' title="bbox 2350 4614 3845 4715; baseline -0.023 -9"><span class='ocrx_word' id='word_1_851' title='bbox 2350 4666 2458 4705; x_wconf 90' lang='lat' dir='ltr'><strong>una</strong></span> <span class='ocrx_word' id='word_1_852' title='bbox 2485 4614 2696 4706; x_wconf 72' lang='lat' dir='ltr'><strong>cunctis</strong></span> <span class='ocrx_word' id='word_1_853' title='bbox 2739 4644 2937 4701; x_wconf 60' lang='lat' dir='ltr'><strong>laetitiae</strong></span> <span class='ocrx_word' id='word_1_854' title='bbox 2969 4639 3273 4698; x_wconf 90' lang='lat' dir='ltr'><strong>communis</strong></span> <span class='ocrx_word' id='word_1_855' title='bbox 3316 4647 3403 4694; x_wconf 92' lang='lat' dir='ltr'><strong>est</strong></span> <span class='ocrx_word' id='word_1_856' title='bbox 3437 4633 3569 4689; x_wconf 90' lang='lat' dir='ltr'><strong>ratio</strong></span> <span class='ocrx_word' id='word_1_857' title='bbox 3597 4646 3610 4683; x_wconf 92' lang='lat'><strong>:</strong></span> <span class='ocrx_word' id='word_1_858' title='bbox 3634 4623 3736 4695; x_wconf 84' lang='lat' dir='ltr'><strong>quia</strong></span> 
     </span>
    </p>
   </div>
   <div class='ocr_carea' id='block_1_104' title="bbox 2352 4703 3844 4803">
    <p class='ocr_par' dir='ltr' id='par_1_104' title="bbox 2352 4703 3844 4803">
     <span class='ocr_line' id='line_1_104' title="bbox 2352 4703 3844 4803; baseline -0.021 -8"><span class='ocrx_word' id='word_1_859' title='bbox 2352 4703 2531 4795; x_wconf 79' lang='lat' dir='ltr'><strong>minus</strong></span> <span class='ocrx_word' id='word_1_860' title='bbox 2568 4703 2754 4792; x_wconf 89' lang='lat' dir='ltr'><strong>noster</strong></span> <span class='ocrx_word' id='word_1_861' title='bbox 2803 4732 3010 4803; x_wconf 87' lang='lat' dir='ltr'><strong>peccati</strong></span> <span class='ocrx_word' id='word_1_862' title='bbox 3060 4730 3361 4797; x_wconf 88' lang='lat' dir='ltr'><strong>mortisque</strong></span> <span class='ocrx_word' id='word_1_863' title='bbox 3408 4724 3714 4803; x_wconf 62' lang='lat' dir='ltr'><strong>destructor,</strong></span> <span class='ocrx_word' id='word_1_864' title='bbox 3746 4703 3844 4760; x_wconf 66' lang='lat' dir='ltr'><strong>siet&quot;</strong></span> 
     </span>
    </p>
   </div>
   <div class='ocr_carea' id='block_1_105' title="bbox 2350 4799 3847 4890">
    <p class='ocr_par' dir='ltr' id='par_1_105' title="bbox 2350 4799 3847 4890">
     <span class='ocr_line' id='line_1_105' title="bbox 2350 4799 3847 4890; baseline -0.021 -7"><span class='ocrx_word' id='word_1_865' title='bbox 2350 4828 2557 4883; x_wconf 92' lang='lat' dir='ltr'><strong>nullum</strong></span> <span class='ocrx_word' id='word_1_866' title='bbox 2603 4842 2635 4880; x_wconf 88' lang='lat' dir='ltr'><strong>a</strong></span> <span class='ocrx_word' id='word_1_867' title='bbox 2676 4799 2828 4879; x_wconf 79' lang='lat' dir='ltr'><strong>reatu</strong></span> <span class='ocrx_word' id='word_1_868' title='bbox 2862 4822 3090 4876; x_wconf 89' lang='lat' dir='ltr'><strong>liberum</strong></span> <span class='ocrx_word' id='word_1_869' title='bbox 3120 4818 3345 4890; x_wconf 91' lang='lat' dir='ltr'><strong>reperit,</strong></span> <span class='ocrx_word' id='word_1_870' title='bbox 3377 4816 3451 4868; x_wconf 88' lang='lat' dir='ltr'><strong>ita</strong></span> <span class='ocrx_word' id='word_1_871' title='bbox 3485 4799 3739 4865; x_wconf 85' lang='lat' dir='ltr'><strong>liberandis</strong></span> 
     </span>
    </p>
   </div>
   <div class='ocr_carea' id='block_1_106' title="bbox 2348 4878 3845 4989">
    <p class='ocr_par' dir='ltr' id='par_1_106' title="bbox 2348 4878 3845 4989">
     <span class='ocr_line' id='line_1_106' title="bbox 2348 4878 3845 4989; baseline -0.011 -16"><span class='ocrx_word' id='word_1_872' title='bbox 2348 4878 2713 4974; x_wconf 47' lang='lat' dir='ltr'><strong>insiliant.</strong></span> <span class='ocrx_word' id='word_1_873' title='bbox 2754 4935 2773 4968; x_wconf 76' lang='grc' dir='ltr'><strong>ι</strong></span> <span class='ocrx_word' id='word_1_874' title='bbox 2836 4911 2907 4968; x_wconf 82' lang='grc' dir='ltr'><strong>Ει</strong></span> <span class='ocrx_word' id='word_1_875' title='bbox 2951 4912 3081 4966; x_wconf 92' lang='lat' dir='ltr'><strong>item</strong></span> <span class='ocrx_word' id='word_1_876' title='bbox 3133 4878 3201 4963; x_wconf 45' lang='lat' dir='ltr'><strong>in.</strong></span> <span class='ocrx_word' id='word_1_877' title='bbox 3232 4878 3339 4961; x_wconf 52' lang='lat' dir='ltr'><strong>an;</strong></span> <span class='ocrx_word' id='word_1_878' title='bbox 3364 4899 3576 4960; x_wconf 89' lang='lat' dir='ltr'><strong>homilia</strong></span> <span class='ocrx_word' id='word_1_879' title='bbox 3613 4878 3845 4989; x_wconf 51' lang='grc' dir='ltr'><strong>ςιιοπξεξξξ</strong></span> 
     </span>
    </p>
   </div>
   <div class='ocr_carea' id='block_1_107' title="bbox 2358 4975 3845 5077">
    <p class='ocr_par' dir='ltr' id='par_1_107' title="bbox 2358 4975 3845 5077">
     <span class='ocr_line' id='line_1_107' title="bbox 2358 4975 3845 5077; baseline -0.009 -17"><span class='ocrx_word' id='word_1_880' title='bbox 2358 5027 2378 5060; x_wconf 71' lang='grc' dir='ltr'>ι</span> <span class='ocrx_word' id='word_1_881' title='bbox 2409 5008 2545 5063; x_wconf 85' lang='lat' dir='ltr'><strong>Nam</strong></span> <span class='ocrx_word' id='word_1_882' title='bbox 2575 5006 2826 5077; x_wconf 89' lang='lat' dir='ltr'><strong>superbia</strong></span> <span class='ocrx_word' id='word_1_883' title='bbox 2852 5003 3023 5059; x_wconf 86' lang='lat' dir='ltr'><strong>hostis</strong></span> <span class='ocrx_word' id='word_1_884' title='bbox 3056 4998 3265 5071; x_wconf 88' lang='lat' dir='ltr'><strong>antiqui</strong></span> <span class='ocrx_word' id='word_1_885' title='bbox 3291 5012 3398 5053; x_wconf 90' lang='lat' dir='ltr'><strong>non</strong></span> <span class='ocrx_word' id='word_1_886' title='bbox 3428 4986 3678 5049; x_wconf 80' lang='lat' dir='ltr'><strong>immerito</strong></span> <span class='ocrx_word' id='word_1_887' title='bbox 3701 4975 3845 5077; x_wconf 48' lang='lat' dir='ltr'><strong>Salii“</strong></span> 
     </span>
    </p>
   </div>
   <div class='ocr_carea' id='block_1_108' title="bbox 2352 5069 3845 5164">
    <p class='ocr_par' dir='ltr' id='par_1_108' title="bbox 2352 5069 3845 5164">
     <span class='ocr_line' id='line_1_108' title="bbox 2352 5069 3845 5164; baseline -0.017 -10"><span class='ocrx_word' id='word_1_888' title='bbox 2352 5112 2542 5153; x_wconf 90' lang='lat' dir='ltr'><strong>omnes</strong></span> <span class='ocrx_word' id='word_1_889' title='bbox 2570 5069 2817 5152; x_wconf 73' lang='lat' dir='ltr'><strong>homines</strong></span> <span class='ocrx_word' id='word_1_890' title='bbox 2850 5092 2941 5163; x_wconf 92' lang='lat' dir='ltr'><strong>jus</strong></span> <span class='ocrx_word' id='word_1_891' title='bbox 2982 5069 3325 5164; x_wconf 82' lang='lat' dir='ltr'><strong>tyrannicum</strong></span> <span class='ocrx_word' id='word_1_892' title='bbox 3357 5077 3667 5139; x_wconf 88' lang='lat' dir='ltr'><strong>vindicabat,</strong></span> 
     </span>
    </p>
   </div>
   <div class='ocr_carea' id='block_1_109' title="bbox 2352 5147 3848 5251">
    <p class='ocr_par' dir='ltr' id='par_1_109' title="bbox 2352 5147 3848 5251">
     <span class='ocr_line' id='line_1_109' title="bbox 2352 5147 3848 5251; baseline -0.003 -9"><span class='ocrx_word' id='word_1_893' title='bbox 2568 5147 3174 5251; x_wconf 46' lang='lat' dir='ltr'><strong>dominatupremebat,</strong></span> <span class='ocrx_word' id='word_1_894' title='bbox 3216 5188 3381 5246; x_wconf 88' lang='lat' dir='ltr'><strong>quos,</strong></span> <span class='ocrx_word' id='word_1_895' title='bbox 3403 5166 3631 5236; x_wconf 68' lang='grc' dir='ltr'><strong>ηθειθθίο</strong></span> <span class='ocrx_word' id='word_1_896' title='bbox 3654 5147 3848 5251; x_wconf 48' lang='grc' dir='ltr'><strong>¹¹ξ²⁰ξί²ξῗ</strong></span> 
     </span>
    </p>
   </div>
   <div class='ocr_carea' id='block_1_110' title="bbox 2354 5241 3847 5348">
    <p class='ocr_par' dir='ltr' id='par_1_110' title="bbox 2354 5241 3847 5348">
     <span class='ocr_line' id='line_1_110' title="bbox 2354 5241 3847 5348; baseline -0.024 -15"><span class='ocrx_word' id='word_1_897' title='bbox 2354 5241 2470 5345; x_wconf 87' lang='lat' dir='ltr'><strong>Dei,</strong></span> <span class='ocrx_word' id='word_1_898' title='bbox 2498 5285 2824 5348; x_wconf 89' lang='lat' dir='ltr'><strong>spontaneos</strong></span> <span class='ocrx_word' id='word_1_899' title='bbox 2849 5241 2905 5330; x_wconf 75' lang='lat' dir='ltr'><strong>in</strong></span> <span class='ocrx_word' id='word_1_900' title='bbox 2940 5241 3256 5341; x_wconf 82' lang='lat' dir='ltr'><strong>obsequium</strong></span> <span class='ocrx_word' id='word_1_901' title='bbox 3284 5262 3447 5337; x_wconf 70' lang='lat'><strong>276</strong></span> <span class='ocrx_word' id='word_1_902' title='bbox 3484 5270 3600 5348; x_wconf 74' lang='lat' dir='ltr'><strong>suae</strong></span> <span class='ocrx_word' id='word_1_903' title='bbox 3621 5241 3847 5348; x_wconf 43' lang='lat' dir='ltr'><strong>volanti?</strong></span> 
     </span>
    </p>
   </div>
   <div class='ocr_carea' id='block_1_111' title="bbox 2354 5327 3847 5460">
    <p class='ocr_par' dir='ltr' id='par_1_111' title="bbox 2354 5327 3847 5460">
     <span class='ocr_line' id='line_1_111' title="bbox 2354 5327 3847 5460; baseline 0.019 -33"><span class='ocrx_word' id='word_1_904' title='bbox 2354 5327 2621 5427; x_wconf 48' lang='lat' dir='ltr'><strong>iliciserfat.</strong></span> <span class='ocrx_word' id='word_1_905' title='bbox 2653 5368 2771 5424; x_wconf 79' lang='lat' dir='ltr'><strong>Non</strong></span> <span class='ocrx_word' id='word_1_906' title='bbox 2802 5367 2986 5438; x_wconf 79' lang='lat' dir='ltr'><strong>itaque</strong></span> <span class='ocrx_word' id='word_1_907' title='bbox 3007 5327 3154 5434; x_wconf 47' lang='lat' dir='ltr'><strong>lus-“3</strong></span> <span class='ocrx_word' id='word_1_908' title='bbox 3180 5361 3449 5417; x_wconf 47' lang='lat' dir='ltr'><strong>“mmet”</strong></span> <span class='ocrx_word' id='word_1_909' title='bbox 3477 5327 3847 5460; x_wconf 51' lang='lat' dir='ltr'><strong>°&quot;§&quot;‘f,&#39;.&#39;$.::;</strong></span> 
     </span>
    </p>
   </div>
   <div class='ocr_carea' id='block_1_112' title="bbox 2354 5425 3829 5534">
    <p class='ocr_par' dir='ltr' id='par_1_112' title="bbox 2354 5425 3829 5534">
     <span class='ocr_line' id='line_1_112' title="bbox 2354 5425 3829 5534; baseline -0.001 -14"><span class='ocrx_word' id='word_1_910' title='bbox 2354 5465 2500 5520; x_wconf 90' lang='lat' dir='ltr'><strong>mani</strong></span> <span class='ocrx_word' id='word_1_911' title='bbox 2522 5461 2737 5534; x_wconf 87' lang='lat' dir='ltr'><strong>generis</strong></span> <span class='ocrx_word' id='word_1_912' title='bbox 2763 5425 3098 5521; x_wconf 61' lang='lat' dir='ltr'><strong>servitutem,</strong></span> <span class='ocrx_word' id='word_1_913' title='bbox 3128 5454 3232 5510; x_wconf 89' lang='lat' dir='ltr'><strong>nisi</strong></span> <span class='ocrx_word' id='word_1_914' title='bbox 3259 5452 3325 5507; x_wconf 87' lang='lat' dir='ltr'><strong>de</strong></span> <span class='ocrx_word' id='word_1_915' title='bbox 3365 5462 3430 5502; x_wconf 76' lang='lat'><strong>60</strong></span> <span class='ocrx_word' id='word_1_916' title='bbox 3454 5425 3829 5534; x_wconf 42' lang='lat' dir='ltr'><strong>quae“???</strong></span> 
     </span>
    </p>
   </div>
   <div class='ocr_carea' id='block_1_113' title="bbox 2351 5515 3851 5620">
    <p class='ocr_par' dir='ltr' id='par_1_113' title="bbox 2351 5515 3851 5620">
     <span class='ocr_line' id='line_1_113' title="bbox 2351 5515 3851 5620; baseline -0.009 -10"><span class='ocrx_word' id='word_1_917' title='bbox 2351 5515 2701 5611; x_wconf 39' lang='lat' dir='ltr'><strong>vincerfetur.~</strong></span> <span class='ocrx_word' id='word_1_918' title='bbox 2735 5552 2870 5608; x_wconf 91' lang='lat' dir='ltr'><strong>Cum</strong></span> <span class='ocrx_word' id='word_1_919' title='bbox 2914 5549 3079 5620; x_wconf 88' lang='lat' dir='ltr'><strong>igitur</strong></span> <span class='ocrx_word' id='word_1_920' title='bbox 3130 5543 3435 5603; x_wconf 89' lang='lat' dir='ltr'><strong>misericors</strong></span> <span class='ocrx_word' id='word_1_921' title='bbox 3477 5515 3851 5620; x_wconf 42' lang='grc' dir='ltr'><strong>οῐηηίροίξδθῆῗῗ</strong></span> 
     </span>
    </p>
   </div>
   <div class='ocr_carea' id='block_1_114' title="bbox 2308 5607 3848 5712">
    <p class='ocr_par' dir='ltr' id='par_1_114' title="bbox 2308 5607 3848 5712">
     <span class='ocr_line' id='line_1_114' title="bbox 2308 5607 3848 5712; baseline -0.006 -12"><span class='ocrx_word' id='word_1_922' title='bbox 2308 5701 2317 5709; x_wconf 80' lang='grc'><em>,</em></span> <span class='ocrx_word' id='word_1_923' title='bbox 2354 5607 2727 5711; x_wconf 42' lang='lat' dir='ltr'><strong>siligineis</strong></span> <span class='ocrx_word' id='word_1_924' title='bbox 2756 5607 3113 5712; x_wconf 51' lang='lat' dir='ltr'><strong>suscepvtionis</strong></span> <span class='ocrx_word' id='word_1_925' title='bbox 3143 5637 3389 5692; x_wconf 61' lang='lat' dir='ltr'><strong>humanas</strong></span> <span class='ocrx_word' id='word_1_926' title='bbox 3433 5607 3848 5712; x_wconf 47' lang='lat' dir='ltr'><strong>moderaremfjf:</strong></span> 
     </span>
    </p>
   </div>
   <div class='ocr_carea' id='block_1_115' title="bbox 2363 5694 3853 5801">
    <p class='ocr_par' dir='ltr' id='par_1_115' title="bbox 2363 5694 3853 5801">
     <span class='ocr_line' id='line_1_115' title="bbox 2363 5694 3853 5801; baseline -0.032 -7"><span class='ocrx_word' id='word_1_927' title='bbox 2363 5736 2537 5800; x_wconf 88' lang='lat' dir='ltr'><strong>ordia,</strong></span> <span class='ocrx_word' id='word_1_928' title='bbox 2569 5694 2629 5790; x_wconf 62' lang='lat' dir='ltr'><strong>ul</strong></span> <span class='ocrx_word' id='word_1_929' title='bbox 2652 5735 2903 5790; x_wconf 85' lang='lat' dir='ltr'><strong>virtutem</strong></span> <span class='ocrx_word' id='word_1_930' title='bbox 2914 5694 3303 5801; x_wconf 73' lang='lat' dir='ltr'><strong>rinseparabilis</strong></span> <span class='ocrx_word' id='word_1_931' title='bbox 3324 5736 3353 5776; x_wconf 88' lang='lat' dir='ltr'><strong>a</strong></span> <span class='ocrx_word' id='word_1_932' title='bbox 3391 5730 3485 5775; x_wconf 90' lang='lat' dir='ltr'><strong>suo</strong></span> <span class='ocrx_word' id='word_1_933' title='bbox 3509 5704 3700 5770; x_wconf 89' lang='lat' dir='ltr'><strong>homine</strong></span> <span class='ocrx_word' id='word_1_934' title='bbox 3724 5694 3853 5750; x_wconf 51' lang='lat' dir='ltr'><strong>detur</strong></span> 
     </span>
    </p>
   </div>
  </div>
