3992 6336
634 297 740 355 545

1595 305 1923 366 HINCMARI
1962 309 2360 370 RHEMENSIS
2395 315 2910 377 ARCHIEPISCOPI
3728 337 3806 396 su

633 413 855 468 ciaudus
881 424 935 467 ut
966 431 1161 480 cervus,
1201 426 1248 470 et
1267 418 1414 472 clara
1442 421 1542 474 erit
1571 420 1753 492 lingua
1788 422 2206 493 mutorum(lsa.
2235 427 2289 486 Α
2313 427 2526 482 stantiae
2574 432 2824 498 passione
2845 472 2861 497 ,
2921 433 3015 488 sed
3065 433 3228 492 etiam
3283 437 3444 495 totius
3495 444 3660 498 mundi
3697 461 3809 504 com.

631 501 794 569 xxxv,
823 504 878 568 5,
899 504 974 576 6),
997 507 1175 561 sciens
1196 505 1355 564 Jesus
1375 511 1565 567 adesse
1585 511 1696 581 jam
1726 523 1936 585 tempus
1965 515 2210 584 gloriosa:
2247 531 2258 550 ·
2314 517 2551 572 motione
2579 529 2936 576 monstratum
2959 531 3063 577 est.
3089 523 3358 582 Pendente
3383 529 3519 583 enim
3543 531 3591 585 in
3623 501 3811 602 patibulo

627 593 895 659 passionis
947 596 1228 666 implendas
1254 616 1268 652 :
1297 598 1481 655 Tristis
1519 613 1593 656 est
1629 604 1804 658 anima
1826 621 1963 671 mea,
2013 605 2208 675 inquit,

628 702 792 754 usque
817 688 887 741 ad
902 689 1346 762 mortem(Matth.
1370 709 1518 760 xxvr,
1540 694 1661 765 38);
1685 705 1740 752 et
1762 698 1992 752 iterum:
2021 697 2207 764 Pater,

625 775 672 826 si
687 775 806 842 ﬁeri
839 787 1024 846 potest,
1057 789 1292 835 transeat
1339 797 1371 835 a
1420 800 1501 838 me
1547 784 1688 839 calix
1728 785 1824 840 iste
1868 786 2046 856 (ibid.,
2087 787 2201 857 59).

625 863 834 929 Quibus
878 868 1078 934 verbis,
1121 874 1410 938 quamdam
1440 871 1779 929 formidinem
1806 876 2204 945 profitentibus,

625 965 826 1011 nostra:
847 957 1177 1016 inﬁrmitatis
1206 962 1429 1018 allectus
1473 965 1846 1034 participando
1875 967 2120 1031 curabat,
2151 974 2207 1020 et

623 1047 855 1114 poenalis
893 1052 1242 1121 esperieutiaa
1290 1063 1491 1108 metum
1535 1055 1811 1112 subeundo
1847 1057 2100 1127 pellebat.
2146 1056 2205 1112 In

624 1137 781 1193 nobis
833 1155 962 1209 ergo
1010 1143 1267 1199 Dominus
1317 1155 1506 1202 nostro
1553 1162 1753 1217 pavore
1797 1149 2117 1218 trepidabat,
2149 1157 2205 1205 et

622 1231 965 1299 susceptione
1015 1249 1074 1290 se
1103 1244 1299 1290 nostrae
1349 1239 1678 1295 inﬁrmitatis
1730 1241 1996 1306 induerat,
2020 1250 2080 1296 ut
2107 1258 2205 1298 no-

620 1326 788 1398 stram
824 1320 1241 1380 inconstantiam
1271 1342 1381 1382 suae
1395 1329 1611 1384 virtutis
1631 1331 1901 1387 soliditate
1921 1333 2164 1388 vestiret.
2181 1355 2198 1386 ι

618 1410 752 1464 Item
792 1413 845 1466 in
879 1414 1093 1471 homilia
1124 1420 1189 1473 de
1223 1421 1695 1488 passioneDomini
1742 1423 1904 1489 (hom.
1932 1441 2006 1490 ιν,
2033 1443 2079 1479 c.
2107 1427 2198 1498 I):

623 1519 642 1549 ι
680 1499 919 1559 Peractis
946 1505 1128 1577 itaque
1151 1511 1417 1575 omnibus,
1461 1528 1580 1582 quae
1605 1514 1858 1570 divinitas
1881 1515 1996 1570 ﬁeri
2024 1517 2204 1572 carnis

616 1592 884 1652 velamine
915 1605 1208 1668 temperata
1256 1605 1520 1674 permisit,
1553 1587 1708 1662 Jesus
1735 1607 1903 1664 Filius
1933 1607 2026 1663 Dei
2051 1611 2203 1665 cruci

615 1699 779 1752 quam
795 1688 954 1742 etiam
972 1689 1085 1758 ipse
1102 1694 1888 1762 gestaratafﬁxusest,‘duobus
1905 1700 2202 1757 latronibus

2311 607 2590 677 Creatore,
2647 613 2899 668 universa
2938 625 3190 671 creatura
3237 623 3550 688 congemuit,
3594 633 3642 678 et
3675 630 3813 685 crucis

2323 700 2506 758 clavos
2528 705 2710 758 omnia
2759 706 2919 760 simul
2969 709 3236 764 elementa
3284 723 3574 768 senserunt.
3619 715 3741 770 Nihil
3764 723 3814 774 ab

2311 792 2400 846 illo
2447 797 2714 866 supplicio
2760 799 2989 856 liberum
3032 800 3170 856 fuit:
3199 803 3302 858 hoc
3349 803 3402 858 in
3441 808 3812 865 communionem

2309 881 2391 935 sui
2433 891 2486 936 et
2522 892 2718 940 terram
2765 890 2935 943 traxit
2974 899 3031 945 et
3071 891 3264 945 caelum
3298 910 3312 946 :
3343 895 3446 948 hoc
3484 903 3649 964 petras
3684 900 3813 966 rupit,

2309 986 2656 1031 monumenta
2687 980 2961 1048 patefecit,
3009 980 3220 1036 inferna
3259 985 3538 1049 reseravit,
3581 994 3631 1039 et
3670 986 3814 1041 densa-

2309 1077 2428 1116 rum
2483 1065 2709 1121 horrore
2765 1070 3110 1124 tenebrarum
3162 1073 3342 1127 radios
3397 1073 3520 1128 solis
3566 1075 3812 1130 abscondit.

2307 1150 2547 1209 Debebat
2573 1155 2674 1211 hoc
2701 1158 3068 1214 testimonium
3102 1175 3201 1217 suo
3227 1162 3458 1218 mundus
3483 1165 3688 1227 auctori,
3710 1167 3814 1220 utin

2305 1255 2502 1297 occasu
2533 1242 2838 1302 Conditoris
2865 1248 2948 1302 sui
2976 1249 3172 1304 vellent
3193 1251 3443 1306 universa
3465 1252 3617 1307 ﬁniri.
3641 1252 3728 1308 Sed
3743 1271 3814 1324 pa-

2309 1333 2495 1388 tientia
2528 1333 2620 1390 Dei
2656 1345 2838 1390 servat
2872 1339 3035 1394 rebus
3070 1349 3235 1410 atque
3269 1341 3592 1410 temporibus
3617 1342 3814 1398 ordinem

2307 1437 2484 1489 suum,
2528 1440 2733 1494 nosque
2774 1427 2827 1480 in
2869 1426 3018 1482 illum
3058 1429 3238 1497 potius
3284 1429 3474 1484 invitat
3507 1429 3741 1494 allectum,
3773 1442 3816 1486 ut

2306 1527 2496 1568 eorum
2531 1516 2760 1570 salutem
2787 1527 3055 1587 petamus,
3082 1534 3312 1588 quorum
3342 1520 3540 1575 crimen
3570 1521 3813 1575 horremus.

2308 1603 2480 1660 Tanto
2513 1608 2674 1678 igitur
2700 1608 2894 1678 pretio,
2945 1618 3204 1680 tantoque
3243 1620 3591 1677 sacramento,
3623 1613 3738 1666 eruti
3767 1612 3814 1667 de

2307 1704 2573 1765 potestate
2621 1697 2998 1764 tenebrarum,
3055 1700 3232 1765 etab
3280 1701 3510 1769 antiquae
3551 1701 3815 1770 captivitatis

617 1789 725 1828 uno
741 1775 808 1831 ad
826 1777 1103 1835 dexteram
1123 1784 1428 1852 ipsius,alio
1443 1789 1508 1841 ad
1526 1789 2202 1846 sinistramsimilitercru-
2230 1771 2277 1828 Β
2304 1791 2533 1846 vinculis
2575 1791 2823 1847 absoluti.
2849 1812 2867 1844 ο
2920 1792 2989 1846 Et
3035 1793 3090 1847 in
3135 1799 3328 1848 octava
3359 1794 3572 1848 homilia
3606 1794 3722 1863 (cap.
3747 1795 3810 1858 1).:

616 1864 810 1929 cilixis,
845 1877 903 1923 ut
932 1872 1094 1925 etiam
1125 1873 1178 1928 in
1211 1875 1323 1944 ipsa
1357 1878 1582 1947 patibuli
1603 1881 1783 1950 specie
1808 1892 2204 1940 monstraretur

616 1956 707 2010 illa
723 1973 841 2027 qum
865 1959 915 2014 in
933 1959 1138 2028 judicio
1162 1966 1328 2035 ipsius
1341 1971 1579 2025 omnium
1597 1972 1873 2028 hominum
1895 1985 1978 2030 est
1998 1976 2202 2032 facien-

615 2048 684 2103 da
700 2049 972 2121 discretio,
990 2072 1110 2111 cum
1125 2059 1564 2118 etsalvandorum
1583 2065 1806 2132 ﬁguram
1826 2067 1958 2123 ﬁdes
1978 2070 2203 2124 creden-

614 2140 688 2194 tis
723 2141 950 2200 latronis
1003 2150 1351 2218 exprimeret,
1392 2161 1446 2208 et
1496 2155 1924 2213 damnandorum
1970 2159 2200 2216 formam

613 2229 1305 2309 blasphemantisimpietas
1334 2254 1792 2312 przemonstraret.
1820 2249 2007 2306 Passio
2036 2252 2203 2322 igitur

613 2323 815 2380 Christi
843 2329 1033 2386 salutis
1077 2341 1276 2387 nostrae
1302 2338 1545 2394 continet
1591 2351 2008 2406 sacramentum,
2056 2346 2201 2400 etde

612 2418 976 2478 instrumento
1015 2426 1158 2493 quod
1212 2427 1471 2498 iniquitas
1524 2431 1830 2487 Judazorum
1869 2437 2078 2505 paravit
2132 2439 2200 2493 ad

609 2526 848 2581 ptenam,
873 2516 1115 2584 potentia
1165 2517 1543 2591 Redemptoris
1580 2524 1806 2594 gradum
1842 2524 1970 2579 fecit
1998 2527 2063 2580 ad
2086 2527 2202 2598 glo-

610 2602 749 2658 riam
782 2622 794 2657 :
826 2620 989 2674 quam
1025 2608 1285 2666 Dominus
1309 2610 1466 2668 Jesus
1517 2614 1589 2668 ita
1629 2615 1695 2669 ad
1744 2617 1985 2672 omnium
2027 2619 2200 2675 homi-

609 2712 738 2750 num
768 2700 1006 2768 suscepit
1046 2701 1296 2769 salutem,
1330 2713 1387 2758 ut
1423 2706 1566 2760 inter
1614 2706 1795 2764 clavos
1824 2710 2020 2779 quibus
2054 2710 2200 2782 ligno

607 2788 900 2844 tenebatur
923 2791 1142 2859 afﬁxus,
1171 2808 1270 2863 pro
1315 2795 1758 2855 interfectoribus
1811 2801 1925 2856 suis
1961 2810 2202 2871 paterna:

609 2881 910 2936 clementia:
933 2883 1259 2953 supplicaret
1279 2877 1336 2941 et
1357 2887 1589 2942 diceret:
1625 2887 1808 2951 Pater,
1837 2891 2045 2960 ignosce
2069 2892 2198 2958 illis,

607 2974 732 3043 quia
761 2975 996 3028 nesciunt
1025 2977 1150 3045 quid
1179 2976 1377 3045 faciunt
1402 2977 1553 3049 (Luc.
1587 2995 1745 3046 χχιιι,
1773 2981 1885 3050 54).
1922 2981 2202 3052 Principes

610 3073 788 3116 autem
812 3065 1169 3130 sacerdotum,
1197 3067 1392 3135 quibus
1411 3068 1800 3140 indulgentiam
1833 3070 2082 3128 Salvator
2101 3089 2198 3144 pe-

609 3153 779 3219 tebat,
825 3154 1149 3224 supplicium
1195 3157 1373 3212 crucis
1413 3159 1725 3214 irrisionum
1751 3162 1954 3218 aculeis
1973 3179 2193 3234 aspera-

607 3244 758 3308 bant,
791 3246 921 3300 etin
945 3261 1105 3317 quem
1153 3249 1403 3304 manibus
1432 3250 1662 3321 amplius
1690 3253 1879 3308 saevire
1906 3269 2014 3308 non
2042 3263 2193 3324 pote-

606 3343 750 3400 rant,
784 3336 1089 3405 linguarum
1115 3337 1217 3393 tela
1241 3338 1514 3407 jaciebant
1535 3341 1775 3398 dicentes
1804 3358 1818 3396 :
1850 3343 1994 3398 Alios
2023 3345 2192 3400 salvos

607 3429 755 3498 fecit,
783 3431 1009 3499 seipsum
1033 3429 1238 3485 salvum
1265 3429 1440 3499 facere
1467 3448 1570 3485 non
1596 3442 1780 3503 potest.
1820 3432 1883 3488 Si
1905 3450 1996 3488 rex
2023 3435 2195 3489 Israel

605 3533 703 3586 est,
726 3522 1003 3576 descendat
1035 3525 1100 3576 de
1126 3539 1299 3588 cruce,
1327 3533 1377 3578 et
1401 3523 1659 3578 credimus
1701 3526 1749 3578 ei
1777 3525 1990 3596 (Matth.
2021 3543 2192 3591 xxvn,

605 3614 721 3685 4'2).
753 3633 771 3664 ι
822 3613 952 3668 Item
991 3613 1045 3667 in
1082 3613 1269 3682 quinta
1297 3614 1520 3669 homilia
1568 3615 1635 3670 de
1683 3616 1930 3686 passione
1985 3618 2194 3672 Domini

606 3705 747 3776 (cap.
783 3704 838 3776 5)
873 3721 886 3757 :
920 3723 938 3755 ι
995 3704 1053 3758 1η
1081 3705 1330 3760 omnibus
1376 3714 1578 3770 autem,
1618 3722 1737 3774 quae
1786 3707 1860 3761 illi
1921 3708 2194 3777 popularis

606 3811 672 3851 ac
729 3796 1078 3852 sacerdotalis
1125 3795 1333 3851 insania
1366 3797 1755 3853 contumeliose
1785 3813 1848 3852 ac
1890 3799 2195 3868 procaciter

606 3889 894 3955 inferebat,
945 3897 1145 3945 nostra:
1175 3888 1520 3944 diluebantur
1560 3889 1816 3954 maculae,
1852 3899 2051 3944 nostra;
2097 3905 2161 3944 ex
2183 3920 2195 3929 ~

604 3981 898 4052 piabantur
927 3981 1176 4046 oﬁ'ensae;
1227 3981 1351 4050 quia
1402 3990 1616 4047 natura,
1665 3997 1786 4051 qua:
1824 3982 1876 4035 in
1917 3982 2072 4036 nobis
2104 3997 2194 4036 rea

606 4087 822 4141 semper
856 4071 1034 4127 fuerat
1063 4079 1223 4141 atque
1263 4072 1496 4141 captiva,
1525 4072 1580 4125 in
1618 4070 1708 4124 illo
1731 4071 1990 4125 innocens
2019 4071 2194 4140 patie-

605 4164 770 4217 batur
798 4161 1044 4220 et'libera
1071 4178 1086 4218 :
1119 4171 1178 4217 ut
1200 4162 1268 4216 ad
1302 4162 1654 4218 auferendum
1683 4173 1967 4233 peccatum
2009 4164 2194 4218 mundi

605 4254 699 4308 ille
726 4254 958 4308 hostiam
982 4269 1041 4308 se
1067 4269 1238 4323 agnus
1263 4254 1502 4319 oﬁ'erret,
1529 4269 1690 4323 quem
1721 4263 1776 4308 et
1797 4256 2047 4310 omnibus
2077 4271 2197 4310 cor-

605 4346 808 4414 poralis
843 4345 1147 4400 substantia
1183 4344 1456 4413 iungeret,
1479 4353 1533 4398 et
1553 4344 1622 4398 ab
1661 4345 1912 4398 omnibus
1937 4344 2198 4415 spiritalis

2310 1899 2330 1932 ι
2359 1882 2615 1937 Saevienti
2660 1882 2875 1937 diabolo
2928 1899 3025 1953 per
3073 1883 3376 1938 ministeria
3423 1883 3699 1938 Iudaeorum
3734 1883 3813 1937 lor-

2303 1989 2446 2028 mam
2472 1974 2614 2029 servi
2637 1974 2770 2029 nihil
2801 1965 3005 2044 peccati
3030 1975 3282 2030 habentis
3301 1975 3520 2045 objecit,
3544 1984 3600 2030 ut
3623 1991 3704 2045 per
3719 1991 3812 2029 eum

2303 2073 2552 2135 ageretur
2587 2065 2828 2119 omnium
2855 2080 3041 2130 causa,
3086 2066 3140 2120 in
3175 2081 3286 2135 quo
3327 2067 3441 2123 solo
3479 2076 3588 2120 erat
3625 2066 3812 2121 omnium

2302 2165 2493 2210 natura
2520 2156 2638 2212 sine
2660 2156 2837 2226 culpa.
2885 2156 3164 2211 Irruerunt
3202 2171 3335 2228 ergo
3380 2158 3435 2212 in
3475 2157 3640 2211 lumen
3671 2171 3814 2210 verum

2302 2252 2396 2306 ﬁlii
2428 2252 2794 2316 tenebrarum,
2842 2259 2897 2306 et
2943 2259 3159 2306 utentes
3213 2250 3405 2306 faculis
3439 2259 3590 2320 atque
3622 2250 3811 2311 laternis,

2303 2359 2410 2398 non
2459 2349 2751 2398 evaserunt
2793 2341 3127 2397 inﬁdelitatis
3171 2359 3288 2398 suae
3334 2352 3557 2407 noctem,
3601 2343 3706 2411 quia
3736 2356 3813 2394 non

2305 2442 2687 2498 intellexerunt
2717 2443 2852 2498 lucis
2884 2451 3182 2498 auctorem.
3214 2442 3594 2512 Praaoccupant
3619 2446 3811 2509 paratum

2306 2534 2496 2596 teneri,
2525 2542 2580 2586 et
2621 2535 2846 2587 trahunt
2881 2533 3152 2588 volentem
3180 2535 3327 2589 trahi
3353 2551 3367 2586 :
3393 2533 3482 2602 qui
3510 2532 3554 2587 si
3587 2529 3718 2585 vellet
3741 2528 3811 2582 ob-

2305 2622 2428 2688 niti,
2480 2623 2615 2676 nihil
2661 2622 2878 2692 quidem
2913 2622 2964 2676 in
3000 2623 3255 2693 iniuriam
3312 2620 3424 2691 ejus
3466 2621 3628 2690 impia:
3669 2633 3811 2672 manus

2303 2722 2538 2783 possent,
2566 2715 2660 2769 sed
2694 2715 2878 2768 mundi
2911 2715 3209 2783 redemptio
3243 2716 3562 2777 tardaretur,
3587 2720 3633 2766 et
3659 2709 3811 2764 nullum

2304 2805 2539 2859 salvaret
2580 2805 2796 2869 illzesus,
2831 2805 2922 2874 qui
2964 2819 3061 2875 pro
3095 2807 3342 2860 nn'mium
3373 2813 3488 2860 erat
3515 2803 3668 2858 salute
3691 2799 3811 2854 mori-

2305 2902 2475 2949 turus.
2509 2912 2528 2946 ι
2577 2893 2643 2948 Ει
2687 2895 2816 2949 item
2859 2894 2996 2966 (cap.
3031 2894 3088 2965 5)
3117 2914 3128 2947 :
3159 2913 3177 2945 ι
3205 2892 3418 2949 Pascha
3458 2911 3573 2964 ergo
3611 2898 3811 2948 nostrum,

2303 2984 2444 3038 sicut
2483 2985 2557 3038 ait
2597 2984 2905 3054 Apostolus,
2946 2983 3250 3038 immolatus
3295 2992 3371 3039 est
3411 2982 3631 3037 Christus
3659 2977 3701 3049 (l
3720 2975 3808 3030 Cor.

2303 3092 2358 3139 v,
2385 3076 2441 3146 7)
2467 3093 2480 3129 :
2510 3075 2601 3144 qui
2629 3090 2688 3130 se
2711 3091 2907 3142 novum
2936 3083 2991 3129 et
3012 3090 3200 3129 verum
3237 3072 3667 3130 reconciliationis
3687 3067 3810 3122 sacri-

2303 3166 2484 3221 ﬁcium
2532 3165 2765 3221 offerens
2803 3164 2972 3227 Patri,
3001 3180 3106 3220 non
3138 3166 3191 3219 in
3219 3165 3418 3236 templo
3453 3164 3595 3233 cujus
3616 3163 3707 3231 jam
3725 3165 3810 3210 erat

2300 3254 2451 3308 ﬁnita
2478 3255 2803 3318 reverentia,
2840 3269 2940 3309 nec
2966 3255 3111 3308 intra
3140 3263 3295 3325 septa
3336 3254 3566 3310 civitatis
3595 3251 3654 3306 ob
3687 3245 3810 3302 meri-

2297 3353 2408 3398 tum
2442 3346 2526 3399 sui
2555 3345 2778 3400 sceleris
2826 3345 3123 3410 diruendas,
3173 3346 3272 3400 sed
3321 3345 3453 3399 foris
3495 3352 3633 3397 extra
3678 3345 3810 3393 castra

2298 3435 2590 3490 cruciﬁxus
2641 3443 2726 3489 est
2768 3453 2780 3488 :
2831 3444 2911 3498 ut,
2961 3443 3209 3489 veterum
3263 3436 3589 3490 victimarum
3621 3433 3811 3484 cessante

2299 3526 2580 3596 mysterio,
2631 3541 2770 3580 nova
2817 3524 2996 3578 hostia
3039 3539 3178 3578 novo
3218 3525 3579 3594 imponeretur
3601 3516 3744 3578 altari,
3771 3520 3811 3566 et

2298 3634 2432 3672 crux
2463 3618 2665 3673 Christi
2709 3632 2816 3672 non
2867 3615 3051 3684 templi
3079 3626 3226 3672 esset
3255 3633 3369 3681 ara,
3403 3616 3496 3672 sed
3522 3611 3700 3669 mundi.
3725 3625 3739 3658 ι
3762 3604 3809 3658 Et

2298 3707 2425 3761 item
2472 3707 2525 3760 in
2573 3707 2761 3760 eadem
2793 3725 2805 3758 :
2843 3725 2860 3757 ‹
2891 3705 3147 3769 Traxisti,
3195 3707 3446 3772 Domine,
3491 3703 3654 3759 omnia
3680 3704 3731 3752 ad
3756 3704 3806 3754 te.

2297 3807 2357 3852 ut
2385 3798 2528 3868 quod
2568 3798 2620 3852 in
2659 3812 2766 3851 uno
2787 3797 2987 3853 Iudaea:
3020 3798 3220 3868 templo
3245 3797 3574 3854 obumbratis
3604 3786 3809 3861 signiﬁca-

2300 3887 2536 3943 tionibus
2568 3899 2842 3958 ageretur,
2883 3889 3042 3958 pleno
3066 3899 3367 3959 apertoque
3389 3892 3697 3943 sacramento
3719 3875 3808 3930 uni.

2296 3993 2577 4033 versarum
2602 3979 2804 4047 ubique
2830 3978 3111 4032 nationum
3133 3978 3352 4033 devotio
3375 3976 3670 4032 celebraret.
3696 3967 3809 4020 Nunc

2297 4069 2465 4134 enim,
2511 4068 2810 4124 carnalium
2834 4069 3294 4138 signiﬁcationum
3323 4068 3574 4122 varietate
3597 4063 3807 4116 cessante,

2297 4174 2487 4214 omnes
2535 4157 2870 4213 diﬁ‘erentias
2911 4157 3211 4212 hostiarum
3262 4174 3366 4212 una
3407 4152 3634 4224 corporis
3655 4156 3700 4202 et
3723 4157 3811 4197 san-

2299 4253 2478 4323 guinis
2505 4251 2579 4304 tui
2605 4251 2790 4321 implet
2814 4250 3014 4305 oblatio
3039 4268 3052 4304 :
3082 4250 3343 4320 quoniam
3367 4258 3420 4302 tu
3447 4262 3502 4302 es
3523 4257 3665 4298 verus
3683 4246 3811 4332 agnus

2298 4345 2390 4414 qui
2420 4343 2560 4399 tollis
2582 4352 2863 4414 peccatum
2911 4343 3115 4405 mutuli,
3161 4351 3218 4395 et
3248 4343 3322 4396 ita
3351 4336 3558 4410 perﬁcis
3587 4335 3636 4388 in
3660 4340 3703 4383 te
3724 4339 3809 4377 uni-

605 4437 761 4506 origo
783 4435 1135 4489 discerneret.
1175 4453 1192 4484 ι
1218 4433 1351 4488 Item
1374 4435 1428 4488 in
1462 4441 1613 4488 sexta
1645 4435 1865 4488 homilia
1909 4434 2049 4504 (cap.
2093 4434 2145 4504 l)
2179 4451 2192 4488 :
2221 4467 2276 4525 Β
2301 4451 2456 4490 versa
2486 4435 2762 4505 mysteria,
2792 4443 2850 4487 ut
2876 4434 3017 4488 sicut
3050 4449 3218 4487 unum
3246 4442 3331 4487 est
3356 4447 3452 4502 pro
3478 4426 3613 4483 oumi
3638 4417 3809 4475 victima

574 4525 915 4580 ‘Judazorum
942 4524 1086 4578 enim
1119 4525 1336 4579 ctecitas
1381 4523 1515 4577 nihil
1563 4523 1814 4586 obtinuit,
1865 4523 1965 4577 nisi
2017 4532 2074 4576 ut
2098 4539 2195 4578 sua

607 4617 885 4685 impietate
910 4631 970 4671 se
1027 4617 1278 4686 perderet
1324 4614 1562 4671 :Christi
1615 4630 1742 4669 vero
1784 4615 2039 4686 patientia
2095 4616 2196 4670 hoc

607 4711 740 4778 egit.
764 4716 824 4762 ut
847 4724 1036 4764 omnes
1065 4723 1160 4763 sua
1193 4708 1444 4778 passione
1491 4707 1744 4762 salvaret.
1784 4726 1803 4760 ι
1861 4707 1928 4762 Et
1966 4708 2092 4761 item
2139 4708 2193 4761 in

608 4801 798 4855 eadem
841 4800 978 4871 (cap.
1019 4799 1075 4869 4)
1109 4816 1123 4852 :
1172 4818 1190 4850 ‹
1230 4797 1516 4856 Seditiosis
1546 4799 1709 4870 igitur
1745 4799 2072 4852 clamoribus
2093 4797 2192 4852 Ju-

607 4894 845 4948 d:eorum
873 4892 1096 4947 cedente
1125 4891 1322 4958 Pilato,
1361 4893 1413 4946 in
1445 4891 1563 4948 loco
1588 4892 1672 4946 cui
1705 4906 1897 4946 nomen
1925 4891 2190 4959 Golgotha

607 4985 943 5055 cruciﬁgitur
993 4985 1238 5039 Christus
1288 5003 1300 5038 :
1357 5001 1453 5054 per
1492 4984 1693 5054 lignum
1745 4983 1974 5054 erigitur
2010 4983 2191 5052 lapsus

607 5077 664 5130 in
710 5076 898 5146 ligno,
950 5083 1006 5130 et
1062 5084 1220 5146 gustu
1281 5074 1423 5130 fellis
1477 5083 1532 5129 et
1581 5075 1718 5130 aceti
1789 5075 2011 5129 diluitur
2065 5090 2192 5129 esca

605 5168 854 5238 peccati.
890 5167 1082 5222 Merito
1110 5168 1426 5237 priusquam
1459 5165 1762 5221 traderetur
1787 5166 2001 5220 dixerat
2026 5166 2192 5236 279

607 5260 916 5314 Dominus:
975 5258 1105 5312 Cum
1148 5257 1408 5312 cxaltatus
1463 5257 1610 5326 fuero
1671 5247 1712 5308 ai
1767 5269 1950 5321 terra,
2016 5257 2191 5310 omnia

607 5353 814 5406 traham
854 5351 924 5404 ad
967 5366 1046 5405 me
1075 5349 1259 5420 (Joan.
1283 5365 1382 5412 xu,
1413 5348 1526 5420 32),
1558 5349 1611 5403 id
1637 5358 1738 5414 est,
1772 5357 1939 5404 totam
1971 5365 2190 5404 causam

608 5444 831 5496 humani
864 5442 1077 5512 generis
1103 5456 1278 5510 agam,
1305 5450 1360 5495 et
1385 5440 1510 5494 olim
1544 5441 1810 5508 perditam
1838 5443 1890 5496 in
1925 5443 2190 5511 integrum

595 5533 879 5586 revocabo
919 5540 1191 5595 naturam,
1226 5532 1277 5584 in
1310 5546 1395 5584 me
1429 5531 1606 5584 omnis
1640 5530 1930 5585 inﬁrmitas
1956 5531 2190 5586 abolebi-

613 5633 722 5687 tur,
755 5625 806 5676 in
836 5639 921 5678 me
951 5626 1126 5678 onmis
1153 5624 1306 5694 plaga
1338 5624 1637 5677 sanabitur.
1672 5623 1978 5677 Exaltatum
2011 5632 2188 5677 autem

611 5713 793 5768 Jesum
838 5717 1063 5772 traxisse
1089 5717 1152 5769 ad
1185 5732 1240 5768 se
1271 5716 1468 5780 omnia,
1499 5732 1604 5769 non
1634 5717 1805 5771 solum
1836 5727 2033 5772 nosti-cc
2065 5718 2193 5772 sub-

2301 4528 2666 4584 sacriﬁcium:
2697 4528 2771 4582 ita
2817 4540 2983 4579 unum
3029 4525 3094 4580 de
3119 4525 3268 4580 omni
3317 4533 3471 4594 gente
3507 4519 3575 4574 sit
3615 4519 3806 4580 regnum.

2299 4620 2670 4675 Conﬁteamur
2723 4617 2925 4687 igitur,
2981 4614 3362 4671 dilectissimi.
3421 4609 3555 4680 quod
3606 4600 3810 4670 ηιθείδίθτ

2299 4710 2537 4781 gentium
2569 4708 2773 4763 Paulus‘
2795 4707 3028 4778 gloriosa
3052 4721 3183 4760 voce
3212 4705 3491 4760 confessus
3515 4705 3592 4754 est
3627 4694 3805 4788 dicen-st

2300 4800 2500 4854 Fidelis
2521 4816 2690 4854 sermo
2715 4809 2763 4852 et
2786 4798 2926 4852 omni
2941 4797 3235 4866 acceptione
3250 4795 3459 4864 dignus,
3485 4790 3598 4860 quia
3620 4781 3808 4836 Christus

2296 4889 2454 4944 Iesus
2476 4888 2608 4942 venit
2631 4889 2684 4941 in
2707 4887 2844 4940 hunc
2883 4886 3136 4938 mundum
3165 4893 3456 4954 peccatores
3497 4875 3650 4932 salvas
3674 4869 3810 4938 facere

2301 4980 2349 5050 (Ι
2383 4979 2517 5032 Τὶηι·
2554 4994 2628 5043 ιν,
2674 4978 2752 5047 9).
2791 4977 2928 5032 Hinc
2970 4990 3100 5045 ergo
3149 4973 3447 5028 mirabilior
3475 4975 3552 5022 est
3588 4972 3697 5027 erga
3734 4961 3808 5005 II0s

2299 5069 2670 5124 misericordia
2701 5068 2818 5131 Dei,
2847 5065 2990 5135 quod
3029 5080 3136 5118 nou
3181 5078 3281 5132 pro
3319 5060 3496 5130 justis,
3543 5061 3695 5120 neque
3731 5051 3807 5110 Pro

2299 5161 2524 5225 sanctis,
2568 5159 2664 5215 sed
2702 5175 2800 5229 pro
2836 5157 3035 5226 iniquis
3064 5163 3119 5210 et
3144 5147 3322 5225 impiis
3345 5151 3580 5207 Christus
3603 5148 3674 5195 est
3697 5145 3806 5188 m0"

2302 5267 2461 5310 tuus:
2492 5261 2688 5308 etcum
2741 5251 2929 5305 mortis
2975 5249 3222 5303 aculeum
3269 5243 3506 5312 recipere
3546 5229 3690 5304 280
3723 5234 3803 5275 "0"

2300 5353 2486 5414 posset
2525 5351 2714 5398 natura
2759 5341 2996 5404 deitatis,
3027 5337 3261 5414 suscepit
3290 5343 3466 5388 tamen
3496 5317 3801 5414 nascendo-CI

2301 5403 2457 5490 nobis
2503 5434 2644 5503 quod
2693 5432 2864 5501 possit
2903 5403 3099 5486 offerre
3125 5403 3221 5498 pro
3250 5425 3418 5480 nobis.
3450 5442 3467 5472 ι
3511 5417 3563 5472 1η
3589 5422 3707 5466 nona
3734 5403 3804 5454 bo-

2303 5531 2448 5587 milia
2479 5533 2617 5598 (cap.
2650 5528 2740 5596 9.):
2781 5547 2798 5578 ι
2825 5527 3036 5595 Lugeat
3067 5522 3298 5580 carnalis
3332 5517 3551 5574 Iudaeus,
3576 5503 3657 5560 sed

2301 5625 2427 5676 deat
2481 5587 2740 5692 spiritalis
2783 5619 3143 5680 Christianus,
3192 5625 3245 5670 et
3289 5610 3538 5667 festivitas
3578 5610 3682 5692 qua
3723 5587 3801 5641 ιιιιε

2303 5687 2562 5768 conversa
2612 5721 2694 5766 est
2744 5712 2795 5765 in
2846 5721 3080 5774 noctem,
3122 5708 3274 5763 nobis
3313 5705 3545 5757 coruscet
3571 5694 3615 5746 in
3642 5687 3794 5739 lucem,
