3992 6336
158 344 261 402 345
911 347 1000 406 DE
1031 350 1697 409 PREDESTINATIONE
1735 350 2180 413 DlSSEllTATlO
2214 355 2619 415 POSTERIOR.
3280 361 3387 419 5‘6

161 459 413 530 quoniam
456 474 588 514 crux
624 457 825 514 Christi
852 462 1038 514 eadem
1064 471 1148 516 est
1171 471 1227 517 et
1256 462 1588 517 credentium
1614 462 1726 532 glo—
1755 468 1800 537 Α
1830 463 2134 532 terpellare,
2164 474 2246 519 est
2280 467 2451 535 ipsum
2483 482 2542 522 se
2577 481 2676 536 pro
2712 468 2962 522 omnibus
2994 469 3265 524 hominem
3296 473 3391 527 de-

164 551 260 613 ria,
290 558 346 604 et
374 564 484 603 non
528 549 860 603 credentium
906 564 1084 619 paena.
1114 572 1133 603 ι
1184 552 1254 605 Ει
1278 554 1406 633 item
1447 553 1502 606 in
1536 552 1723 605 eadem
1768 549 1792 589 ‘
1826 563 2152 608 monstrare.
2183 573 2201 606 ι
2232 556 2363 609 item
2392 557 2445 609 in
2469 555 2604 610 libro
2627 557 2901 628 trigesimo
2921 559 3057 628 (cap.
3088 558 3176 630 15)
3208 578 3222 612 :
3261 578 3280 611 ι
3311 560 3393 614 ld-

164 644 299 710 (cap.
326 638 508 709 eod.):
547 640 633 693 «Si
660 648 840 693 autem
888 641 942 693 in
992 642 1141 694 exitii
1178 641 1341 696 Israel
1381 642 1448 696 de
1494 640 1729 711 Egypto
1828 643 1974 698 circo
2002 660 2234 714 namque
2262 647 2404 700 inter
2433 661 2531 701 nos
2561 648 2719 700 homo
2745 646 2921 701 factus
2948 658 3053 713 est,
3083 657 3143 702 ut
3168 662 3274 702 non
3301 663 3393 703 so-

164 728 283 799 agni
314 729 540 799 sanguis
568 728 667 781 fuit
694 728 961 782 restitutio
982 728 1266 794 libertatis,
1287 738 1343 782 et
1364 730 1727 784 sacratissima
1828 732 1939 787 lum
1970 750 2068 788 nos
2097 736 2354 805 sanguine
2383 733 2502 789 fuso
2530 737 2838 803 redimeret,
2866 737 2957 793 sed
2983 739 3145 792 etiam
3174 747 3399 792 ostenso

166 830 244 874 est
288 820 438 875 facta
481 819 766 884 festivitas,
814 836 932 889 qua:
960 835 1057 890 per
1085 822 1314 875 hostiam
1342 822 1563 891 pecudis
1594 822 1731 875 iram
1830 824 2077 892 exemplo
2096 833 2470 880 connnutaret.
2497 825 2551 878 ln
2572 828 2977 882 conversatione
3000 829 3163 898 igitur
3184 836 3395 891 nostra,

167 919 441 965 averterat
464 911 773 974 vastatoris,
804 922 1003 980 quanta
1028 911 1237 980 papulis
1259 910 1582 967 Christianis
1607 927 1735 967 con~
1833 922 1889 969 et
1914 916 2175 969 veniendo
2199 914 2302 967 alia
2329 914 2550 980 invenit,
2571 925 2629 969 et
2649 917 2874 971 vivendo
2902 918 3004 972 alia
3036 918 3240 973 docuit.
3274 918 3401 970 Stu-

168 1004 419 1073 cipienda
458 1013 585 1059 sunt
618 1005 831 1074 gaudia,
867 1020 966 1074 pro
997 1005 1194 1072 quibus
1217 1005 1555 1074 omnipotens
1576 1002 1737 1058 Pater
1835 1004 2034 1058 debant
2073 1006 2216 1059 enim
2247 1017 2435 1059 omnes
2465 1006 2693 1075 superba
2720 1006 2889 1060 Adam
2930 1008 3100 1076 stirpe
3131 1006 3406 1077 progeniti

167 1094 303 1148 Filio
329 1109 436 1149 suo
463 1094 740 1165 unigenito
765 1109 871 1147 non
898 1095 1159 1163 pepercit,
1197 1095 1292 1150 sed
1322 1111 1421 1164 pro
1441 1096 1598 1151 nobis
1620 1110 1739 1150 om-
1836 1108 2093 1164 prospera
2123 1095 2246 1147 vitae
2272 1095 2853 1164 praesentis-appetere,
2883 1097 3111 1151 adversa
3139 1098 3407 1160 devitare,

169 1189 323 1242 nibus
350 1187 575 1241 tradidit
600 1202 745 1251 eum,
785 1196 846 1241 ut
871 1188 923 1240 in
968 1187 1239 1242 occisione
1285 1185 1485 1242 Christi
1530 1187 1737 1241 Pascha
1838 1184 2128 1254 opprobria
2155 1183 2362 1256 fugere,
2394 1184 2617 1256 gloriam
2642 1188 2813 1255 sequi.
2851 1188 3008 1242 Venit
3034 1188 3174 1242 inter
3195 1202 3289 1242 eos
3317 1189 3407 1241 in-

169 1266 308 1333 esset
352 1293 568 1344 verum,
610 1287 665 1332 et
703 1278 757 1332 in
797 1278 1052 1347 singulari
1083 1277 1368 1343 sacrificio,
1400 1292 1507 1347 quo
1534 1291 1640 1331 non
1672 1292 1742 1331 ex
1841 1285 2096 1331 carnatus
2122 1276 2381 1331 Dominus
2409 1278 2633 1332 adversa
2661 1287 2939 1349 appetens,
2972 1293 3225 1349 prospera
3251 1294 3405 1348 sper-

169 1369 544 1423 dominatione
585 1368 883 1422 Pharaonis
924 1384 1062 1423 unus
1101 1368 1348 1438 pupulus,
1398 1368 1493 1422 sed
1521 1382 1590 1422 ex
1627 1368 1743 1423 dia-
1844 1381 2009 1430 nens,
2052 1367 2338 1437 opprobria
2375 1367 2728 1437 amplectens,
2760 1368 2983 1440 gloriam
3013 1368 3242 1439 fugiens.
3274 1367 3413 1421 Nam

171 1457 271 1512 holi
317 1456 641 1526 captivitate
691 1466 833 1511 totus
881 1457 1108 1512 mundus
1169 1458 1416 1512 eruitur?
1444 1476 1464 1508 ι
1516 1457 1649 1512 item
1688 1458 1745 1510 in
1846 1470 1970 1510 cum
1998 1454 2166 1510 Judaei
2206 1456 2354 1509 illmn
2393 1471 2573 1528 regem
2606 1458 2709 1512 sibi
2747 1459 3073 1514 constituere
3098 1458 3421 1521 voluissent,

174 1551 404 1604 homilia
442 1548 874 1619 Quadragesima:
912 1565 926 1601 :
962 1546 1349 1602 «Prudentium
1378 1547 1575 1601 diaboli
1608 1547 1747 1601 stul-
1848 1545 1966 1599 fieri
2008 1561 2103 1600 rex
2143 1544 2379 1617 refugit:
2410 1561 2530 1610 cum
2568 1562 2696 1602 vero
2737 1563 2861 1603 eum
2906 1549 3214 1604 interficere
3260 1548 3418 1601 moli-

122 1682 125 1683 ν
177 1648 279 1692 tam
323 1636 465 1691 fecit
507 1638 770 1706 sapientia
815 1635 934 1699 Dei,
982 1644 1040 1689 ut
1081 1639 1343 1704 superbus
1379 1635 1548 1690 hostis
1575 1635 1748 1690 homi-
1852 1644 2057 1699 rentur,
2079 1646 2269 1705 sponte
2296 1637 2363 1691 ad
2387 1639 2565 1693 crucis
2589 1640 2885 1708 patibulum
2910 1640 3072 1696 venit.
3104 1639 3263 1709 Fugit
3291 1651 3427 1707 ergo

178 1744 294 1781 nem
322 1728 522 1781 videns
565 1741 727 1796 quem
769 1725 1057 1794 aliquando
1099 1733 1470 1794 superaverat,
1500 1739 1609 1778 non
1639 1739 1751 1778 me-
1853 1726 1996 1795 quod
2018 1711 2204 1780 omnes
2232 1735 2510 1796 appetunt,
2530 1728 2755 1797 appetiit
2783 1729 2924 1798 quod
2950 1743 3142 1782 omnes
3167 1726 3376 1795 fugiunt
3403 1742 3418 1778 :

181 1827 357 1872 tucret
403 1833 528 1872 eum
576 1818 825 1887 persequi
871 1832 1031 1886 quem
1067 1832 1163 1886 pro
1193 1817 1442 1871 omnibus
1470 1816 1751 1885 oportebat
1780 1829 1826 1888 Β
1851 1815 1982 1869 fecit
2022 1815 2164 1884 quod
2203 1830 2390 1870 omnes
2433 1816 2779 1883 mirarentur,
2824 1824 2882 1870 ut
2925 1825 2980 1871 et
3026 1827 3274 1885 mortuus
3312 1815 3431 1884 ipse

178 1909 372 1963 occidi.
408 1926 427 1959 ι
460 1908 592 1962 ltem
633 1908 687 1961 in
720 1907 939 1960 homilia
967 1908 1033 1960 de
1060 1907 1307 1975 passione
1335 1905 1577 1960 Domini:
1610 1922 1629 1955 ι
1670 1903 1753 1957 Ad
1854 1914 2176 1975 resurgeret,
2200 1913 2257 1959 et
2284 1913 2458 1959 morte
2482 1921 2579 1960 sua
2609 1906 2744 1961 alios
2773 1906 2839 1960 de
2864 1913 3039 1960 morte
3065 1905 3370 1960 suscitaret.
3402 1924 3421 1955 ι

181 1999 320 2053 hanc
386 1997 778 2068 indulgentiam
835 1997 1060 2051 traditur
1105 1995 1271 2051 Judas
1316 1995 1599 2066 pervenire
1648 2009 1754 2047 non
1854 1996 1986 2051 ltem
2015 1998 2067 2049 in
2096 1995 2234 2050 libro
2266 1996 2538 2065 trigesimo
2566 1997 2742 2067 primo
2768 1997 2906 2068 (cap.
2934 1996 3023 2065 l9)
3053 2014 3066 2049 :
3102 2014 3120 2046 ι
3153 1996 3255 2062 Qui
3283 1994 3429 2047 enim

182 2090 357 2160 potuit
385 2089 678 2159 :quoniam
711 2087 1028 2157 perditionis
1056 2085 1217 2151 filius,
1248 2086 1335 2140 cui
1365 2085 1610 2141 diabolus
1648 2093 1759 2139 sta-
1857 2097 1986 2143 sunt
2012 2088 2105 2142 alii
2130 2087 2383 2158 praerupti
2416 2086 2618 2152 silices,
2647 2087 2753 2141 nisi
2783 2085 2859 2140 illi
2891 2085 3170 2144 fortissimi
3217 2083 3434 2153 angelo-

183 2180 269 2235 bat
291 2196 325 2232 ει
353 2178 584 2241 dextris,
617 2177 766 2246 prius
785 2176 841 2230 in
862 2175 1291 2245 desperationem
1321 2174 1556 2238 transiit,
1598 2187 1757 2242 quam
1861 2195 1980 2235 rum
2021 2179 2196 2243 chori,
2228 2179 2321 2247 qui
2354 2178 2602 2247 quamvis
2641 2180 2747 2233 ndn
2788 2178 3008 2248 integri,
3037 2178 3132 2232 sed
3168 2185 3347 2230 tamen
3379 2175 3434 2228 in

185 2278 591 2326 sacramentum
632 2267 897 2339 generalis
930 2265 1314 2335 redemptimtis
1362 2265 1612 2320 Christus
1663 2264 1763 2317 im-
1863 2269 2082 2339 proprio
2111 2278 2256 2323 statu
2294 2269 2412 2333 (ixi,
2446 2268 2673 2322 cadente
2699 2283 2822 2322 cum
2849 2267 2962 2322 suis
2991 2265 3197 2336 angelis
3222 2263 3437 2319 diabolo

186 2363 382 2432 plerel.
407 2359 565 2426 Nam,
590 2367 803 2412 mortuo
823 2372 921 2429 pro
940 2356 1188 2412 omnibus
1205 2355 1382 2426 impiis
1401 2356 1648 2419 Domino,
1671 2369 1766 2425 ρο-
1866 2360 2277 2416 remanserunt?
2304 2359 2563 2429 Praerupti
2586 2358 2729 2412 enim
2757 2368 2904 2422 sunt,
2934 2359 3066 2426 quia
3091 2369 3218 2425 pars
3244 2366 3434 2408 eorum

189 2456 385 2508 tuisset
399 2452 710 2506 forteetiam
728 2452 815 2506 hic
830 2450 1085 2519 consequi
1103 2448 1484 2513 remedium,si
1498 2463 1603 2502 non
1617 2445 1768 2501 festi-
1868 2454 2080 2515 cecidit,
2123 2467 2250 2520 pars
2280 2451 2556 2505 remansit.
2583 2450 2684 2517 Qui
2716 2450 2908 2521 integri
2932 2449 3147 2518 quidem
3178 2455 3321 2501 stant
3344 2459 3442 2514 per

193 2553 382 2600 nasset
408 2544 479 2599 ad
504 2542 953 2615 laquetumiltem
972 2541 1025 2598 in
1040 2540 1194 2597 aliati
1210 2540 1538 2597 Evacuatum
1570 2546 1654 2595 ρει
1678 2552 1770 2612 ge-
1871 2544 2183 2618 qualitatem
2215 2543 2415 2610 meriti,
2440 2541 2532 2600 sed
2557 2555 2652 2615 per
2672 2539 2890 2600 uulneri
2925 2539 3275 2612 quantitatem
3302 2551 3442 2609 prte-

194 2637 386 2692 nerale
407 2636 535 2690 illud
553 2636 875 2690 venditionis
903 2645 1102 2689 nostrae
1131 2635 1572 2706 chirographum,
1596 2643 1652 2687 et
1677 2648 1770 2702 pa-
1874 2646 2038 2709 ι-υμιι,
2084 2638 2235 2693 Hanc
2279 2639 2697 2708 ριοεειιυριίοηθηι
2742 2636 3027 2690 resumere
3060 2632 3319 2687 Mediam,-
3355 2644 3446 2684 νε.

195 2737 340 2781 ctum
375 2725 707 2795 captivitatis
733 2724 787 2776 in
809 2723 899 2792 jus
930 2723 1141 2778 transiit
1168 2723 1560 2792 Redemptoris.
1594 2740 1611 2771 ι
1641 2721 1771 2774 item

1876 2732 1976 2796 nit,
2008 2738 2065 2783 ut
2090 2731 2364 2798 redempta
2393 2731 2627 2783 humano
2654 2741 2872 2798 genere,
2905 2725 2996 2779 illo
3023 2724 3267 2795 angelica
3295 2723 3446 2775 dant-

198 2818 247 2871 in
289 2817 523 2871 homilia
572 2814 793 2871 Sabbati
840 2817 1049 2869 sancti:
1083 2813 1201 2869 «Ex
1224 2828 1311 2878 eo,
1338 2812 1530 2882 inquit,
1564 2811 1772 2865 initium
1878 2839 1946 2878 na
1987 2821 2235 2885 sai-circi,
2266 2832 2321 2875 ei
2357 2834 2667 2875 mensuram
2701 2817 2940 2872 ρωιεειὶε
2984 2817 3171 2886 patria»,
3215 2811 3454 2881 locuple-

198 2909 359 2963 nobis
402 2905 606 2961 factum
650 2917 734 2961 est
787 2906 1195 2960 resurrectionis
1225 2905 1279 2958 in
1308 2903 1549 2969 Christo,
1576 2917 1642 2957 ex
1670 2919 1774 2972 quo

1882 2916 1989 2969 tius
2020 2915 2250 2969 fortasse
2277 2914 2597 2968 cutnularet.
2619 2912 2848 2982 Propter
2874 2911 3015 2965 hanc
3034 2908 3451 2979 prz'nruptionem

202 3000 251 3052 in
281 3014 354 3052 eo
382 2998 477 3066 qui
505 3011 604 3066 pro
627 2996 876 3052 omnibus
917 3005 1001 3051 est
1040 3004 1305 3062 mortuus,
1337 2995 1504 3049 totius
1535 2994 1648 3064 spei
1679 3008 1777 3047 no-

1883 3004 1951 3061 de
1977 3005 2136 3060 Patre
2166 3005 2386 3069 dicitnr,
2411 3004 2692 3073 proposuit
2723 3003 2776 3057 in
2803 3017 2869 3057 eo
2906 3003 2961 3055 in
2998 2997 3458 3068 dispensationem

203 3101 330 3144 stre:
360 3089 535 3141 forma
561 3085 853 3155 praecessit.
886 3104 907 3138 ι

1886 3097 2235 3168 plenitudinis
2271 3105 2571 3165 temporum
2603 3095 2907 3149 instaurare
2936 3093 3117 3147 omnia
3154 3091 3208 3145 in
3239 3088 3458 3144 Christo

268 3176 477 3231 Beatus
495 3190 709 3245 quoque
741 3174 1035 3243 Gregorius
1061 3174 1116 3229 in
1144 3174 1366 3231 homilia
1395 3175 1605 3231 decima
1629 3182 1778 3229 sexta
1808 3186 1844 3248 ρ

1883 3202 2003 3255 qua:
2035 3186 2094 3260 in
2128 3185 2283 3241 ctelis
2308 3193 2365 3239 et
2391 3199 2512 3253 quas
2551 3184 2604 3237 in
2638 3193 2780 3237 terra
2812 3191 2939 3238 sunt
2970 3182 3025 3237 in
3071 3180 3209 3250 ipso.
3243 3178 3299 3232 ln
3339 3178 3459 3247 ipso

209 3269 374 3324 dicit:
405 3285 426 3317 ι
459 3266 573 3322 Νυη
606 3273 690 3321 est
715 3280 846 3335 ergo
887 3264 1163 3334 indignum
1208 3265 1554 3336 Redemptori
1598 3274 1784 3319 nostro

1885 3279 2084 3348 quippe
2112 3284 2487 3331 restaurantur
2508 3289 2571 3328 ea
2597 3289 2716 3343 quae
2746 3274 2799 3327 in
2830 3278 2984 3328 terra
3004 3280 3148 3334 sunt,
3179 3271 3304 3324 dum
3332 3282 3459 3337 pec-

210 3361 356 3430 quod
417 3358 617 3413 tentari
654 3357 825 3412 voluit
873 3355 967 3427 qui
1026 3365 1251 3411 venerat
1313 3356 1510 3411 occidi.
1571 3353 1784 3409 Iustum

1887 3378 2098 3425 calores
2137 3369 2204 3422 ad
2235 3366 2502 3435 justitiam
2546 3373 2975 3421 convertuntur:
3008 3363 3061 3417 in
3096 3363 3211 3431 ipso
3252 3368 3463 3414 restan-

213 3455 412 3524 quippe
453 3460 570 3505 erat
612 3460 671 3505 ut
712 3451 801 3506 ‘sic
846 3450 1170 3506 tentationes
1213 3458 1425 3505 nostras
1466 3449 1576 3504 suis
1617 3457 1789 3503 tenta-

1891 3470 2079 3518 rantur
2122 3475 2187 3515 ea
2231 3476 2350 3530 qua:
2383 3459 2438 3513 in
2485 3457 2638 3512 cmlis
2687 3464 2831 3520 sunt,
2859 3455 2988 3510 dum
3034 3452 3161 3507 illuc
3196 3450 3464 3506 humiliati

216 3545 459 3599 tionibus
490 3543 754 3607 vinceret,
785 3538 926 3597 sicut
957 3550 1183 3597 mortem
1218 3549 1460 3596 nostram
1499 3556 1595 3594 sua
1624 3554 1788 3595 vene—
1891 3552 2138 3607 homines
2165 3552 2412 3616 redeunt,
2444 3549 2586 3603 unde
2615 3554 2875 3616 apostatae
2904 3544 3078 3615 angeli
3107 3539 3466 3613 superbiendo

218 3644 304 3689 ηῑ
347 3642 524 3688 moue
555 3648 831 3702 ευρετπθο
864 3651 884 3684 ⁸
918 3631 987 3686 Ei
1019 3632 1076 3686 ίη
1119 3632 1339 3686 homilia
1367 3631 1622 3703 νίῧθεῖωθ
1668 3644 1792 3699 εερ-
1893 3641 2222 3695 ceciderunt.
2268 3658 2287 3691 ι
2333 3638 2392 3693 ιιι
2440 3637 2579 3692 libro
2627 3637 2900 3707 trigesimo
2947 3643 3141 3703 quarto
3179 3637 3318 3703 (cap.
3356 3630 3464 3700 8):

224 3727 395 3778 tima:
436 3742 455 3775 ι
482 3723 615 3778 Mori
642 3723 806 3777 etiam
846 3737 947 3794 pro
992 3722 1225 3777 inimicis
1257 3723 1515 3777 Dominus
1552 3729 1792 3785 venerat,
1900 3748 1919 3780 ι
1962 3730 2293 3800 Ειρεαίεικη
2344 3728 2540 3798 quippe
2581 3735 2642 3781 ut
2676 3736 3017 3796 peccatorum
3056 3732 3282 3778 mortem
3322 3721 3469 3792 justo

225 3826 280 3869 et
309 3825 491 3869 tamen
538 3815 837 3884 positurum
867 3827 927 3867 se
948 3814 1182 3867 animam
1211 3828 1307 3882 pro
1342 3812 1531 3868 amicis
1564 3812 1796 3877 dicebal,
1897 3821 2243 3876 morientium
2270 3818 2503 3873 solveret
2532 3831 2681 3872 mors
2706 3816 2839 3884 justi
2876 3815 3071 3883 injuste
3106 3812 3407 3869 morientis.
3443 3828 3465 3862 ι

230 3916 286 3959 ιιι
321 3907 569 3976 profecto
615 3906 769 3959 nobis
816 3906 1141 3969 ostenderet,
1195 3907 1321 3975 quia
1363 3920 1487 3959 cum
1529 3903 1798 3972 diligendo
1898 3912 2028 3967 item
2066 3911 2119 3964 in
2156 3911 2294 3965 libro
2340 3909 2616 3980 trigesimo
2644 3909 2832 3976 quinto
2868 3907 3005 3976 (cap.
3042 3906 3098 3978 9)
3131 3925 3143 3960 :
3173 3924 3191 3956 ι
3230 3902 3471 3960 Sustinui

231 3998 440 4051 lucrum
468 3995 675 4051 -facere
720 3997 787 4051 de
830 3997 1064 4077 inimicis
1107 4012 1391 4066 possumus
1416 4034 1433 4061 ,
1487 3996 1651 4050 etiam
1698 3994 1801 4064 ipsi
1901 4003 1990 4074 qui
2018 4000 2175 4055 simul
2202 4016 2403 4054 mecum
2432 4000 2848 4062 contristamur,
2886 4006 2934 4050 et
2977 4013 3080 4049 non
3113 3995 3213 4065 fuit
3242 4007 3262 4046 .'
3291 4009 3477 4047 conso-

233 4086 392 4140 aniici
442 4097 567 4140 sunt
613 4086 705 4155 qui
745 4094 1158 4155 persequuntur.
1188 4106 1208 4139 ›
1255 4086 1322 4140 Ει
1350 4087 1404 4140 in
1434 4085 1571 4140 libro
1594 4086 1804 4140 deCimO
1903 4096 2095 4149 (autem
2123 4110 2203 4147 me
2230 4093 2469 4163 quwsivi,
2498 4100 2546 4146 et
2591 4108 2695 4145 non
2730 4090 2899 4144 inveni
2928 4089 3101 4157 (Ρωι.
3140 4104 3327 4152 vaut,
3355 4088 3472 4157 21).
3520 4086 3539 4099 “

236 4188 431 4246 quarto
458 4176 737 4231 Moralium
770 4186 908 4249 (cap.
931 4178 1022 4248 22)
1052 4197 1065 4232 :
1097 4197 1115 4229 ι
1146 4178 1309 4234 Stulti
1331 4195 1534 4249 quoque
1560 4179 1808 4248 despicic-
1904 4186 2279 4242 Consolantem
2307 4185 2505 4255 quippe
2535 4184 2588 4237 in
2617 4183 2868 4252 passione
2896 4181 3116 4234 minime
3137 4181 3359 4243 invenit,
3383 4180 3479 4248 qui

218 4268 357 4348 iam
396 4283 482 4320 me
535 4267 656 4336 (Job
686 4283 800 4333 xix,
827 4268 913 4338 18)
942 4287 956 4321 :
986 4284 1050 4323 ac
1077 4269 1121 4323 si
1150 4277 1334 4339 aperte
1361 4269 1631 4324 diceretur
1659 4287 1673 4323 :
1704 4269 1809 4337 lpsi
1902 4291 1974 4343 (ex
2004 4277 2253 4345 despectu
2291 4276 2484 4329 mortis
2512 4275 2674 4329 etiam
2712 4273 2858 4341 ipsos
2896 4272 3079 4326 hostes
3113 4270 3351 4340 pertulit.
3381 4282 3482 4337 pro

241 4357 403 4411 etiam
436 4371 523 4410 me
549 4357 933 4425 despexerunt,
961 4372 1058 4426 pro
1096 4359 1291 4426 quibus
1335 4359 1590 4413 sanandis
1631 4358 1810 4429 Slulli-
1908 4368 2104 4438 quibus
2126 4352 2211 4421 ad
2248 4376 2476 4421 mortem
2505 4366 2669 4420 venit.
2707 4384 2726 4417 ι
2760 4366 2827 4420 Ει
2852 4366 2906 4419 in
2942 4364 3160 4419 homilia
3209 4363 3481 4433 trigesima

246 4449 371 4501 tiam
421 4448 819 4519 praedicationis
863 4450 1147 4518 assumpsi,
1185 4450 1236 4504 id
1283 4458 1445 4505 estut
1473 4466 1568 4520 per
1591 4465 1811 4505 carnem

1914 4455 2066 4513 sexta
2101 4475 2114 4510 :
2155 4476 2174 4509 ι
2211 4456 2293 4511 Ad
2331 4457 2746 4526 abstergendum
2791 4469 3022 4524 namque
3061 4454 3258 4509 mentis
3291 4460 3486 4506 vestrae

224 4539 410 4621 ,νει-ὺί
455 4549 796 4603 sanarentur,
844 4548 898 4594 et
935 4539 1001 4594 ab
1043 4540 1174 4609 ipsis
1225 4542 1509 4611 despectus
1537 4556 1678 4607 sum,
1713 4557 1815 4611 pro
1841 4538 1892 4597 D
1918 4548 2216 4612 fastidium,
2253 4548 2306 4601 in
2345 4562 2500 4602 creua
2542 4546 2635 4606 Dei
2679 4546 2766 4600 ille
2807 4546 2959 4600 vobis
3000 4544 3286 4615 singularis
3321 4558 3489 4614 agnus

252 4632 447 4701 quibus
480 4631 675 4684 stultus
702 4630 960 4685 azstimari
996 4631 1199 4685 veritus
1225 4646 1331 4685 non
1362 4648 1552 4687 sum..i
1597 4631 1727 4687 Item
1762 4632 1814 4685 in
1922 4644 2134 4694 occisus
2161 4647 2262 4692 esi,
2297 4638 2401 4693 Sed
2427 4637 2553 4706 quid
2590 4637 2817 4706 agimus,
2850 4637 2943 4706 qui
2971 4637 3072 4691 hoc
3099 4637 3243 4704 quod
3271 4633 3493 4701 subjun-

254 4724 389 4778 llbl’O
426 4722 690 4792 vigesimo
720 4723 896 4793 primo
926 4723 1064 4792 (cap.
1088 4723 1184 4793 5):
1222 4740 1241 4773 ι
1261 4723 1345 4778 Ad
1367 4726 1470 4778 hoc
1501 4724 1681 4792 itaque
1719 4723 1821 4777 Do-
1925 4729 2068 4798 gitur
2105 4727 2280 4782 adhuc
2320 4726 2436 4779 ﬁeri
2466 4742 2498 4780 a
2526 4726 2708 4780 multis
2732 4726 3007 4780 videmus?
3035 4723 3101 4777 Et
3129 4733 3387 4794 εωρενιιηι
3415 4724 3492 4776 si-

257 4815 436 4867 ininns
489 4813 736 4881 apparuit
781 4811 836 4865 in
882 4825 1063 4876 carne,
1107 4819 1164 4865 ut
1208 4812 1496 4866 humanam
1537 4814 1703 4867 vitam
1729 4813 1823 4865 atl-
1928 4818 2039 4870 mut
2064 4832 2238 4870 omnes
2258 4832 2504 4870 excusare
2533 4814 2685 4886 (Luc.
2712 4831 2821 4881 xw,
2850 4815 2959 4885 18).
2985 4814 3155 4870 Oﬁ'ert
3182 4815 3323 4869 Deus
3351 4813 3495 4882 quod

260 4905 531 4959 monendo
589 4906 903 4969 excitaret,
933 4905 1179 4975 exempla
1228 4906 1511 4975 praebendo
1566 4906 1828 4961 accende-
1932 4908 2110 4976 rogari
2142 4906 2324 4960 debuit
2355 4920 2370 4960 :
2398 4922 2504 4960 non
2543 4914 2758 4977 rogatus
2785 4906 2913 4959 dare
2934 4904 3066 4968 vult,
3095 4904 3238 4973 quod
3267 4903 3354 4955 vix
3377 4915 3498 4968 spe-

240 5005 344 5069 _ret
369 5037 386 5061 ,
439 4995 719 5049 moriendo
770 4995 1093 5059 redimeret,
1143 4996 1468 5064 resurgendo
1496 5003 1823 5065 repararet.)
1935 4997 2042 5050 rari
2071 5004 2283 5065 petet-at
2310 4996 2434 5063 quia
2465 4994 2649 5066 largiri
2677 4995 2988 5063 dignaretur
3015 4991 3329 5062 postulatus.
3360 4990 3500 5044 Con-

266 5087 395 5141 ltem
445 5088 502 5140 in
549 5087 806 5156 vigesimo
845 5087 1079 5141 secundo
1144 5084 1281 5155 (cap.
1323 5086 1411 5157 15)
1453 5103 1465 5139 :
1500 5105 1517 5136 ι
1549 5084 1834 5154 Unigenito
1934 5085 2286 5154 temptoribus
2316 5098 2443 5138 vero
2467 5092 2684 5153 paratas
2710 5083 2931 5138 delicias
2956 5081 3263 5139 refectionis
3283 5088 3501 5132 aeterna

269 5177 411 5229 enim
450 5173 590 5228 Filio
626 5189 723 5244 pro
761 5175 978 5230 homine
1023 5175 1363 5244 interpellare
1407 5183 1509 5238 est,
1559 5175 1698 5245 apud
1741 5189 1835 5229 co-
1934 5175 2312 5239 denuntiat,et
2342 5183 2518 5227 tamen
2540 5172 2914 5237 simulomnes
2936 5178 3218 5226 excusant.
3248 5187 3267 5219 ι
3296 5166 3359 5221 Et
3380 5174 3502 5234 post

245 5248 531 5339 "aeternum
579 5263 794 5319 Patrem
839 5266 1076 5334 seipsum
1121 5265 1390 5320 hominem
1430 5267 1835 5330 demonstrare;
1935 5267 2245 5336 aliquanta:
2274 5284 2293 5316 ι
2322 5266 2412 5318 Ait
2435 5265 2598 5328 enim,
2628 5264 2752 5335 Dico
2797 5278 2968 5316 autem
3008 5261 3146 5315 vobis
3185 5260 3322 5330 quod
3352 5274 3502 5311 nemo

277 5356 430 5421 eique
492 5369 589 5422 pro
645 5354 883 5408 humana
950 5363 1143 5408 natura
1218 5370 1436 5425 rogasse
1499 5363 1580 5409 est
1606 5395 1621 5419 ,
1688 5370 1837 5408 eam-
1939 5355 2399 5413 oirorumillorum
2426 5356 2514 5425 qui
2539 5356 2842 5408 vocalium:
2868 5353 3030 5422 282
3056 5352 3279 5421 gustabit
3308 5363 3505 5403 canant

282 5444 398 5496 dem
437 5443 595 5514 281
641 5438 892 5519 naturam
935 5446 995 5521 in.
1038 5444 1334 5500 divinitatis
1375 5461 1485 5501 sua:
1527 5446 1844 5501 celsitudine
1931 5465 2112 5510 meam
2134 5448 2322 5519 (ibid.,
2367 5448 2480 5520 24).
2522 5448 2660 5503 Ecce
2696 5457 2853 5502 vocat
2876 5461 2973 5515 per
3010 5454 3397 5513 se,vocat~per
3419 5460 3510 5497 an-

286 5534 596 5602 suscepisse.
628 5551 647 5584 ι
681 5533 811 5588 Item
831 5532 885 5587 in
906 5533 1166 5602 vigesimo
1188 5544 1383 5603 quarto
1403 5537 1540 5605 (cap.
1562 5536 1617 5607 2)
1648 5555 1661 5591 :
1697 5557 1714 5588 ι
1743 5536 1848 5591 Per
1918 5602 1923 5609 ί
1948 5537 2288 5608 gelos,vocat
2306 5553 2404 5607 per
2427 5537 2736 5606 prophetas,
2752 5546 2908 5591 vocat
2925 5553 3020 5607 per
3043 5536 3333 5605 apostolos,
3354 5542 3513 5589 vocat

258 5688 263 5703 τ
290 5621 385 5676 hoc
419 5638 514 5691 pro
548 5623 704 5678 nobis
734 5622 879 5677 Patri
916 5623 1171 5693 loquitur,
1202 5640 1300 5693 per
1326 5627 1467 5693 quod
1499 5628 1847 5697 semetipsum
1919 5688 1925 5694 ,
1951 5628 2113 5681 etiam
2133 5641 2228 5697 per
2249 5642 2346 5681 nos
2372 5644 2384 5680 :
2410 5636 2566 5680 vocat
2593 5626 2906 5695 plerumque
2933 5642 3029 5696 per
3054 5625 3332 5690 miracula,
3358 5632 3516 5680 vocat

256 5714 440 5788 ‘no‘ais
478 5714 708 5769 similem
750 5714 1004 5769 ostendit.
1032 5714 1209 5801 Loqui
1245 5717 1440 5785 quippe
1477 5716 1612 5787 ejus,
1644 5718 1729 5771 vel
1763 5718 1849 5773 in-
1955 5720 2265 5789 plerumque
2301 5734 2398 5788 per
2426 5717 2651 5788 ﬂagella,
2682 5728 2838 5774 vocat
2879 5719 3167 5788 aliquando
3206 5733 3304 5788 per
3334 5719 3519 5773 mundt
