3992 6336
546 350 706 409 347·

1527 342 1859 401 HINCMARI
1900 339 2298 400 RHEMENSIS
2331 340 2847 400 ARCHIEPISCOPI

3690 349 3776 409 348

547 459 711 530 hujus
734 473 1012 530 prospera,
1033 465 1196 514 vocat
1223 456 1515 527 aliquando
1545 472 1641 528 per
1675 458 1942 513 adversa:
1975 468 2134 511 nemo
2162 456 2223 530 Α⁸
2242 465 2367 510 runt
2394 456 2448 510 in
2480 456 2826 530 semetipsos,
2854 470 2961 512 non
2992 456 3248 528 baptizati
3283 458 3354 513 ab
3379 473 3465 514 eo.
3498 459 3647 528 Quod
3668 466 3778 523 dicit

549 559 883 616 contemnat,
915 566 984 606 ne
1025 551 1152 605 dum
1192 561 1416 607 vocatus
1454 560 1701 615 excusat,
1742 566 1865 607 cum
1903 549 2135 605 voluerit

550 640 779 695 introire
814 657 919 695 non
958 640 1155 695 valeat.
1184 640 1384 696 Audite
1419 642 1549 711 quid
1590 641 1867 712 Sapientia
1900 655 1996 713 per
2031 639 2133 695 Sa-

550 731 822 787 lomonem
848 733 992 787 dicat
1023 749 1037 786 :
1069 731 1214 786 Tunc
1257 734 1568 787 invocabant
1592 750 1697 800 me,
1725 744 1772 788 et
1822 750 1924 789 non
1967 748 2133 788 exau-

553 822 742 875 diam:
768 838 921 876 mane
959 831 1287 893 consurgent,
1313 833 1360 877 et
1398 840 1502 877 non
1539 825 1800 879 invenient
1834 840 1916 879 nte
1945 822 2131 895 (Prov.

552 930 595 978 ι,
632 912 749 984 28).
781 912 920 968 Hinc
945 922 1030 969 est
1051 915 1192 984 quod
1226 913 1387 970 fatum
1415 916 1653 985 virgines
1679 917 1831 971 tarde
1858 916 2137 972 venientes

550 1005 791 1059 clamant
840 1022 854 1058 :
896 1004 1137 1069 Domine,
1184 1005 1426 1073 Domine,
1466 1008 1611 1076 aperi
1662 1006 1810 1062 nobis
1825 1023 1846 1073 ;
1886 1008 1979 1063 sed
2020 1008 2136 1079 jam

549 1104 681 1149 tunc
722 1093 928 1149 aditum
951 1093 1319 1164 quaerentibus
1345 1093 1575 1149 dicitur:
1602 1095 1788 1160 Amen,
1820 1095 1938 1150 dico
1970 1096 2131 1162 vobis,

552 1184 730 1239 nescio
766 1201 855 1239 vos
879 1183 1095 1254 (Matth.
1123 1201 1253 1249 xxv,
1278 1186 1367 1250 ll,
1390 1185 1499 1256 12).
1531 1204 1550 1238 ι
1584 1185 1723 1240 Hinc
1752 1188 1879 1241 item
1906 1186 2044 1241 idem
2080 1186 2137 1241 in

550 1275 772 1331 homilia
823 1275 1142 1331 duodecima
1177 1290 1192 1328 :
1231 1294 1251 1326 ι
1286 1275 1364 1330 lbi
1396 1274 1511 1344 jam
1570 1290 1599 1329 a
1661 1274 1773 1332 Deo
1813 1290 1919 1331 non
1959 1284 2140 1346 potest

553 1367 754 1422 mereri
784 1367 929 1436 quod
957 1367 1110 1439 petit,
1142 1367 1235 1436 qui
1280 1367 1368 1421 hic
1404 1364 1576 1421 noluit
1614 1368 1802 1423 audire
1835 1369 1976 1437 quod
2015 1368 2136 1438 jus-

558 1457 634 1511 sit
663 1471 678 1510 :
709 1457 799 1526 qui
833 1466 1044 1526 tempus
1078 1471 1330 1527 congrua:
1366 1456 1695 1527 pceuitentite
1739 1456 1989 1527 perdidit,
2029 1457 2141 1511 fru-

554 1556 667 1601 stra
715 1555 839 1602 ante
889 1549 1039 1618 regni
1080 1547 1306 1615 januam
1345 1562 1467 1602 eum
1505 1548 1756 1617 precibus
1799 1550 1962 1603 venit.
2004 1546 2140 1605 Hinc

555 1646 642 1693 est
671 1638 816 1694 enim
851 1639 994 1709 quod
1022 1653 1123 1709 per
1151 1637 1497 1696 Salomonem
1535 1641 1794 1696 Dominus
1821 1641 1954 1696 dicit
1983 1659 1996 1695 :
2036 1641 2140 1695 Vo-

556 1730 673 1782 εαυὶ
711 1737 761 1782 et
789 1728 1073 1795 renuistis;
1122 1730 1330 1783 extendi
1359 1746 1573 1784 manum
1606 1746 1796 1797 meam,
1824 1741 1873 1786 et
1905 1748 2008 1786 non
2040 1733 2138 1801 fuit

2204 524 2288 602 'in
2343 549 2665 619 semetipsos
2692 590 2709 615 ,
2749 549 2834 603 vel
2880 557 3072 603 contra
3127 551 3449 619 semetipsos
3476 592 3491 617 ,
3543 553 3779 624 signiﬁcat

2236 638 2361 709 quia
2391 639 2482 707 qui
2511 641 2742 708 gratiam
2771 640 2864 694 Dei
2895 640 3100 709 respuit
3126 649 3315 695 contra
3347 642 3685 712 semetipsum
3710 645 3778 701 fa-

2235 729 2310 784 cit
2336 744 2351 783 :
2381 730 2464 784 vel
2493 732 2561 786 ad
2592 731 2916 801 semetipsos
2942 733 3167 786 missum
3208 732 3303 787 Dei
3335 734 3617 788 consilium
3650 737 3778 793 stulti

2234 828 2291 875 et
2320 821 2515 892 ingrati
2545 823 2915 894 vituperantes
2943 823 3183 879 noluisse
3215 825 3482 895 recipere.
3513 826 3775 887 Consilium

2234 925 2364 982 ergo
2391 910 2484 967 Dei
2517 921 2600 968 est
2617 952 2631 977 ,
2663 929 2771 983 quo
2798 929 2900 982 per
2921 915 3224 983 passionem
3251 924 3309 970 et
3334 926 3561 971 mortem
3586 916 3775 976 Domini
3850 982 3864 991 ι

2235 1000 2363 1056 Jesu
2415 1001 2672 1057 mundum
2720 1003 2927 1058 salvare
2977 1004 3237 1059 decrevit.
3272 1005 3494 1061 sltem:
3527 1026 3546 1059 ι
3576 1007 3639 1062 Et
3667 1010 3782 1067 bene

2237 1091 2512 1161 saginatus
2537 1092 2742 1148 vitulus
2771 1094 2994 1161 dicitur,
3025 1096 3151 1163 quia
3181 1110 3312 1150 caro
3340 1095 3458 1165 ejus
3493 1098 3620 1153 adeo
3642 1101 3780 1168 spiri-

2237 1180 2330 1234 tali
2368 1188 2452 1234 est
2478 1183 2657 1250 opima
2690 1183 2890 1238 virtute
2916 1223 2931 1247 ,
2970 1192 3029 1238 ut
3063 1199 3160 1255 pro
3199 1186 3368 1240 totius
3406 1188 3587 1242 mundi
3622 1188 3769 1246 salute

2238 1272 2469 1326 sutliciat
2506 1274 2560 1327 in
2609 1274 2828 1329 odorem
2886 1276 3202 1340 suavitatis,
3248 1275 3500 1332 nidorem
3555 1278 3776 1335 videlicet

2240 1362 2630 1418 immolationis
2675 1364 2742 1418 ad
2788 1366 2957 1420 Deum
3010 1366 3262 1432 mittere,
3315 1380 3374 1422 et
3414 1384 3515 1436 pro
3556 1370 3783 1426 omnibus

2238 1466 2490 1510 exorare.
2522 1476 2540 1508 ι
2570 1457 2637 1510 Et
2685 1457 2854 1510 item:
2887 1477 2905 1508 ι
2935 1456 3037 1524 Qui
3084 1458 3228 1511 enim
3282 1458 3578 1528 appellatus
3620 1471 3693 1515 est
3734 1463 3778 1516 in

2241 1557 2388 1604 terra
2416 1565 2513 1603 rex
2536 1548 2840 1605 Iudaeorum
2860 1589 2877 1613 ,
2909 1551 2963 1604 in
2994 1550 3148 1605 caelis
3185 1559 3269 1605 est
3308 1551 3558 1606 dominus
3593 1552 3776 1622 angelo-

2240 1654 2381 1693 rum.
2426 1639 2627 1695 Verum
2656 1641 2782 1710 quia
2834 1641 3083 1696 Christus
3129 1641 3184 1695 in
3235 1656 3403 1696 carne
3438 1642 3598 1697 totius
3629 1645 3785 1699 mundi

2241 1731 2551 1802 propitiatio
2594 1741 2649 1788 et
2689 1733 2965 1788 hominum
3009 1731 3262 1787 videlicet
3304 1740 3361 1787 et
3400 1733 3691 1802 angelorum
3727 1734 3780 1787 il-

556 1819 647 1889 qui
674 1819 973 1889 aspiceret;
1003 1820 1309 1890 despexistis
1350 1837 1501 1875 omne
1534 1821 1811 1876 consilium
1852 1839 2054 1887 meum,
2089 1834 2136 1878 et
2168 1813 2217 1874 Β
2245 1824 2407 1887 luxit,
2439 1824 2663 1895 pulchre
2698 1826 2798 1881 sibi
2842 1825 3071 1881 invicem
3113 1825 3165 1879 in
3196 1823 3315 1893 eius
3348 1826 3503 1881 laude
3532 1826 3774 1895 dispensa-

558 1909 939 1979 increpationes
973 1926 1117 1966 meas
1165 1910 1484 1982 neglexistis.
1525 1911 1639 1984 Ego
1663 1930 1864 1985 quoque
1904 1916 1958 1970 in
1987 1917 2145 1970 inter-

557 2002 637 2053 itu
692 2009 862 2054 vestro
901 2001 1102 2066 ridebo,
1139 2010 1188 2055 et
1221 2002 1554 2056 subsannabo
1592 2019 1710 2057 cum
1742 2005 1882 2059 vobis
1912 2006 2050 2077 quod
2078 2008 2145 2061 tio

555 2088 776 2142 mebatis
806 2089 1092 2144 advenerit.
1133 2089 1263 2145 Cum
1293 2091 1510 2145 irruerit
1546 2095 1813 2162 repentina
1844 2095 2142 2160 calamitas,

555 2189 607 2232 et
634 2179 876 2232 interitus
902 2180 1057 2249 quasi
1085 2188 1364 2250 tempestas
1392 2181 1670 2250 ingruerit.
1703 2180 1927 2246 Quando
1953 2186 2144 2237 venerit

558 2284 719 2339 super
738 2285 827 2323 vos
855 2268 1125 2323 tribulatio
1154 2279 1205 2324 et
1237 2271 1505 2340 angustia.
1540 2270 1686 2326 Tunc
1722 2273 2034 2327 invocabant
2063 2288 2145 2328 me

556 2369 607 2413 et
634 2375 739 2413 non
768 2359 1096 2414 exaudiam:
1126 2375 1281 2414 mane
1318 2370 1652 2431 consurgent,
1679 2371 1725 2415 et
1757 2378 1859 2414 non
1884 2363 2146 2416 invenient

556 2466 641 2504 me
668 2449 850 2523 (Prpa.
877 2465 917 2515 ι,
941 2450 1152 2521 24-27).
1184 2470 1203 2502 ι
1234 2450 1303 2505 Ει
1325 2449 1606 2520 aliquanto
1628 2451 1875 2520 superius
1902 2469 1915 2505 :
1945 2470 1964 2503 ι
1992 2451 2145 2507 Tunc

556 2543 711 2611 regni
733 2543 896 2613 janua
918 2543 1228 2614 lugentibus
1254 2542 1543 2608 clauditur,
1574 2558 1695 2612 quae
1720 2545 1881 2598 modo
1906 2542 2145 2612 quotidie

555 2633 946 2702 paenitentibus
975 2633 1234 2703 aperitur.
1274 2652 1295 2685 ι
1342 2652 1350 2659 ·

633 2722 701 2777 Et
730 2721 1054 2777 venerabilis
1082 2722 1367 2794 presbyter
1396 2722 1541 2777 Beda
1574 2723 1629 2777 in
1671 2722 2007 2792 expositione
2034 2721 2143 2776 Ac-

559 2822 712 2869 tuum
740 2813 1106 2884 apostolorum
1133 2831 1146 2867 :
1176 2832 1195 2865 ι
1223 2813 1500 2870 Demulcet
1522 2825 1702 2869 autem
1731 2814 2003 2883 apostolus
2024 2813 2143 2868 ani—

556 2918 678 2957 mos
700 2900 1031 2967 Judseorum,
1062 2918 1173 2972 quo
1199 2904 1268 2957 ad
1295 2904 1623 2958 credendum
1653 2902 1818 2958 faciat
1851 2904 2147 2973 promptio-

556 3007 669 3057 res,
691 2991 917 3047 dicendo
947 2994 1091 3061 quod
1119 2993 1284 3047 totius
1309 2993 1495 3048 mundi
1519 2993 1769 3048 Salvator
1788 3009 1881 3049 eos
1909 2995 2143 3064 primum

561 3084 880 3138 visitaturus
898 3094 953 3139 et
977 3085 1357 3139 henedicturus
1384 3084 1631 3155 elegerit,
1662 3084 1843 3151 Vobis,
1869 3085 2137 3155 inquiens,

2246 1915 2409 1970 tionis
2430 1914 2671 1971 caelestia
2697 1915 2856 1971 simul
2885 1924 2941 1970 et
2966 1924 3180 1970 terrena
3210 1916 3524 1970 concinunt.
3559 1935 3577 1968 ι
3603 1916 3662 1970 Ει
3684 1916 3784 1970 item

2242 2021 2310 2060 ex
2340 2006 2519 2061 verbis
2542 2006 2811 2063 Ambrosii
2841 2024 2855 2062 :
2890 2026 2908 2059 ι
2942 2005 3089 2060 ludo
3109 2047 3124 2072 ,
3156 2006 3343 2060 osculo
3374 2005 3571 2061 Filium
3594 2006 3788 2061 hominis

2248 2100 2462 2154 tradis?
2504 2098 2675 2171 (Luc.
2707 2115 2846 2166 xm,
2874 2099 2960 2154 48.
2989 2098 3008 2171 )
3058 2099 3256 2154 Filium
3280 2139 3296 2164 ,
3346 2098 3551 2168 inquit,
3591 2098 3787 2154 hominis

2245 2190 2441 2256 tradis,
2499 2190 2626 2261 quia
2680 2206 2827 2256 caro,
2856 2190 3298 2267 non‘divinitas,
3325 2187 3779 2258 comprehenditur.

2243 2281 2374 2335 illud
2409 2291 2586 2337 tamen
2618 2282 2738 2352 plus
2763 2281 3006 2336 confutat
3035 2281 3316 2350 ingratum
3337 2321 3351 2346 ,
3403 2280 3544 2350 quod
3570 2294 3678 2334 eum
3705 2288 3786 2332 trav

2246 2373 2486 2439 diderit,
2518 2373 2610 2443 qui
2649 2388 2771 2428 cum
2802 2380 2948 2427 esset
2981 2371 3074 2426 Dei
3110 2370 3287 2425 Filius
3309 2411 3324 2437 ,
3357 2380 3579 2442 propter
3607 2384 3694 2423 nos
3725 2376 3786 2421 ta.

2252 2479 2374 2517 men
2408 2463 2553 2518 [ilius
2583 2464 2819 2518 hominis
2847 2477 2967 2517 esse
2995 2461 3196 2527 voluit,
3221 2472 3283 2516 et
3310 2463 3463 2531 quasi
3492 2461 3626 2515 dicat
3650 2478 3661 2512 :
3686 2460 3786 2514 Ριοο

2246 2561 2367 2622 pter
2395 2561 2446 2606 te
2472 2553 2730 2622 suscepi,
2766 2554 3007 2623 ingrate,
3042 2551 3182 2621 quod
3217 2552 3414 2606 tradis.
3445 2551 3784 2620 lnterrogative

2246 2655 2377 2695 sane
2426 2641 2897 2711 pronuntiandum
2944 2649 3106 2709 puto,
3160 2640 3321 2710 quasi
3366 2640 3591 2694 amantis
3629 2636 3784 2693 affectu

2248 2732 2510 2801 corripiat
2541 2731 2871 2800 proditorem
2893 2771 2909 2796 ,
2944 2730 3122 2795 Juda,
3157 2729 3345 2783 osculo
3379 2728 3428 2782 F
3430 2729 3574 2783 ilium
3602 2727 3783 2782 hominis

2252 2818 2421 2873 tradis
2445 2821 2471 2873 ?
2504 2819 2607 2874 hoc
2638 2828 2756 2885 est,
2790 2819 2994 2873 amoris
3024 2818 3256 2889 pignore
3290 2818 3486 2873 vulnus
3519 2817 3719 2885 inﬂigis,
3741 2823 3783 2869 et

2247 2910 2533 2965 charitatis
2561 2909 2737 2966 ollicio
2762 2910 3079 2979 sanguinem
3107 2910 3296 2964 fundis
3314 2951 3329 2974 ,
3360 2918 3414 2964 et
3439 2909 3583 2981 pacis
3615 2908 3781 2962 instru-

2247 3009 2428 3056 mento
2455 3009 2685 3055 mortem
2725 3001 2936 3071 irrogas
2955 3042 2970 3066 ,
2998 3014 3192 3055 servus
3234 3001 3517 3057 dominum
3537 3041 3552 3065 ,
3588 2998 3781 3066 discipu-

2244 3090 2330 3146 lus
2357 3091 2542 3162 prodis
2574 3093 2887 3164 magistrum
2910 3133 2925 3158 ,
2950 3092 3153 3148 electus
3188 3093 3521 3148 auctorem?
3547 3111 3565 3144 ι
3595 3090 3654 3145 Et
3678 3090 3781 3144 item

554 3174 786 3245 primum
816 3173 957 3229 Deus
992 3174 1250 3228 suscitans
1282 3172 1482 3227 Filium
1522 3191 1677 3227 suum
1707 3175 1842 3247 (Act.
1872 3191 1951 3239 ιιι,
1974 3172 2090 3245 26).
2120 3191 2141 3226 ι
2173 3179 2218 3241 C
2250 3196 2316 3235 ex
2346 3182 2527 3237 verbis
2555 3181 2866 3253 Hieronymi
2895 3201 2909 3236 :
2943 3202 2963 3234 ι
2995 3181 3063 3237 Εῑ
3088 3184 3368 3252 quomodo
3395 3197 3492 3252 pro
3518 3181 3658 3237 nobis
3678 3194 3772 3235 ma-

558 3263 629 3318 Et
651 3263 779 3317 item
812 3277 828 3316 :
863 3281 881 3314 ‹
909 3262 1245 3332 Munitumque
1291 3262 1521 3318 decebat
1562 3263 1733 3328 illum,
1775 3264 1904 3333 quin
1949 3263 2149 3319 Corne-

557 3358 724 3426 lium,
771 3360 1055 3425 exaudiri,
1101 3360 1192 3429 qui
1242 3358 1556 3414 instantiam
1603 3359 1924 3428 deprecandi
1974 3359 2148 3414 tribus

562 3453 715 3508 horis
741 3454 1063 3508 continuans
1088 3468 1117 3506 a
1143 3460 1294 3507 sexta
1322 3451 1673 3520 pertrahebat
1700 3451 1766 3505 ad
1791 3465 2014 3512 nonam,
2041 3465 2147 3520 quo

561 3554 807 3612 tempore
859 3543 1121 3598 Dominus
1175 3543 1291 3613 ipse
1341 3559 1502 3613 quem
1557 3544 1777 3613 rogabat
1832 3558 1930 3614 pro
1981 3543 2149 3599 totius

565 3635 749 3689 mundi
785 3634 957 3689 salute
996 3634 1235 3689 extensis
1274 3635 1327 3688 in
1367 3649 1530 3689 cruce
1578 3636 1825 3690 manibus
1868 3637 2077 3691 orabat.
2122 3654 2141 3687 ι

560 3724 631 3777 Et
671 3725 799 3778 item
841 3723 896 3777 in
937 3724 1272 3792 expositione
1297 3724 1573 3795 Evangelii
1607 3725 1952 3795 evangelista:
1980 3724 2145 3780 Marci

572 3816 639 3870 ad
670 3816 844 3870 locum
874 3833 887 3869 :
918 3834 937 3867 ι
968 3815 1174 3870 Altiore
1204 3823 1380 3869 autem
1413 3832 1572 3870 sensu
1600 3836 1612 3869 :
1641 3815 1877 3871 Facilius
1896 3818 2036 3871 enim
2062 3825 2149 3871 est

562 3906 837 3962 Christum
864 3906 971 3975 pati
998 3905 1474 3974 pro-dilectoribus
1504 3908 1705 3971 smculi,
1727 3922 1888 3977 quam
1918 3908 2145 3962 dilecto-

561 4013 651 4053 res
691 3998 870 4052 smculi
914 3998 980 4051 ad
1027 3997 1301 4052 Christum
1334 4013 1492 4067 posse
1521 4001 1779 4054 converti.
1822 4018 1842 4053 ι
1873 3999 1939 4053 Et
1970 4000 2095 4053 item
2130 4017 2143 4054 :

568 4108 587 4139 ς
618 4087 884 4142 Passurus
924 4102 1025 4157 pro
1050 4088 1197 4141 omni
1241 4088 1462 4152 mundo,
1492 4097 1547 4143 et
1582 4090 1862 4144 universas
1900 4090 2147 4144 nationes

563 4194 664 4234 suo
702 4179 965 4248 sanguine
999 4181 1395 4247 redempturus,
1428 4187 1672 4233 moratur
1710 4180 1762 4233 in
1792 4178 2050 4234 Bethania
2090 4179 2145 4234 in

558 4270 720 4324 domo
763 4268 1101 4323 obedientize.
1152 4287 1172 4320 s
1213 4267 1281 4321 Et
1331 4268 1508 4322 item:
1556 4286 1576 4318 ι
1617 4267 1944 4337 Amphoram
1994 4282 2147 4338 aqua:

558 4357 809 4425 bajulans
846 4359 1108 4420 occurrit,
1132 4365 1195 4410 ut
1236 4357 1554 4411 ostendatur
1594 4355 1751 4423 hujus
1776 4359 1990 4427 pascha:
2031 4373 2148 4427 my-

559 4448 785 4503 sterium
834 4462 934 4515 pro
977 4444 1252 4500 ablutione
1294 4444 1533 4514 perfecta
1580 4446 1763 4501 mundi
1812 4448 1973 4501 totius
2026 4438 2147 4502 esse

2247 3272 2504 3328 ledictum
2535 3274 2717 3329 crucis
2744 3272 2919 3330 factus
2953 3283 3068 3340 est,
3105 3282 3162 3329 et
3208 3273 3512 3347 ﬂagellatus
3544 3282 3595 3328 et
3641 3268 3783 3326 cruci-

2246 3362 2418 3429 ﬁxus,
2466 3364 2546 3424 sic
2591 3378 2691 3433 pro
2738 3364 2980 3419 omnium
3024 3363 3198 3418 salute
3245 3363 3410 3434 quasi
3454 3362 3634 3418 noxius
3669 3359 3782 3413 inter

2245 3454 2440 3509 noxios
2491 3455 2851 3525 cruciﬁgitur,
2905 3462 2965 3508 ut
3013 3454 3103 3509 ubi
3157 3453 3460 3509 abundavit
3502 3459 3779 3523 peccatum,

2245 3544 2647 3611 superabundet
2675 3552 2730 3599 et
2757 3543 2953 3614 gratia.
2987 3562 3007 3594 ι

2319 3635 2384 3689 Et
2413 3634 2767 3690 Cassiodorus
2796 3634 2851 3688 in
2883 3633 3102 3689 Psalmo
3133 3649 3202 3687 xx
3230 3651 3245 3686 :
3280 3651 3300 3685 ι
3331 3632 3424 3688 Ille
3451 3631 3589 3688 solus
3611 3637 3684 3685 est
3703 3624 3774 3696 qui

2246 3724 2520 3779 desiderio
2547 3723 2873 3779 desideravit
2903 3724 3075 3788 mori,
3108 3724 3332 3794 quando
3371 3738 3428 3778 se
3458 3737 3553 3793 pro
3576 3718 3772 3775 omnium

2248 3815 2423 3869 salute
2467 3813 2730 3869 oﬂ'erebat
2775 3815 2984 3880 occidi,
3039 3824 3097 3869 ut
3141 3817 3417 3886 pretiosus
3462 3814 3661 3884 sanguis
3690 3806 3780 3876 eius

2251 3903 2510 3958 mundum
2545 3903 2878 3965 redimeret,
2908 3918 2979 3957 ne
3008 3902 3260 3957 diabolus
3287 3919 3411 3958 eum
3440 3904 3606 3957 adhuc
3631 3898 3778 3962 iniqua

2246 3993 2670 4062 praesumptione
2697 4002 2955 4048 vastaret.
2992 4013 3011 4045 ι
3048 3993 3115 4046 Et
3142 3994 3274 4047 item
3309 3995 3362 4049 in
3391 3994 3605 4048 eodem:
3632 4008 3650 4040 ι
3676 3985 3777 4040 Nam

2247 4084 2553 4138 nescientes
2577 4099 2704 4139 vera
2747 4085 3043 4138 dixerunt:
3085 4085 3328 4153 oportuit
3368 4097 3528 4138 unum
3566 4095 3653 4149 pro
3683 4088 3777 4129 om-

2250 4173 2412 4229 nibus
2440 4175 2599 4228 mori.
2636 4194 2654 4225 ι
2708 4175 2773 4227 Et
2800 4175 2925 4227 item
2958 4173 3013 4227 in
3056 4173 3267 4242 psalmo
3315 4187 3446 4227 xxi:
3482 4190 3501 4222 ι
3525 4167 3777 4224 Audiamus

2252 4278 2384 4333 ergo
2412 4279 2600 4319 vocem
2651 4262 3017 4317 membrorum
3049 4279 3116 4317 ex
3145 4277 3242 4317 ore
3274 4262 3495 4333 capitis,
3532 4267 3584 4313 et
3617 4249 3778 4309 intelli-

2248 4368 2443 4424 gamus
2484 4369 2549 4407 ex
2603 4362 2788 4408 nostra
2834 4368 3067 4422 persona
3104 4354 3301 4408 merito
3344 4352 3508 4407 fuisse
3548 4349 3778 4403 locutum,

2248 4446 2339 4513 qui
2369 4460 2428 4500 se
2458 4446 2693 4500 hostiam
2741 4444 2935 4500 obtulit
2974 4461 3073 4515 pro
3116 4444 3297 4501 salute
3342 4450 3661 4500 cunctorum.
3690 4428 3778 4486 sEt

561 4537 943 4595 celebrandum
969 4555 983 4591 :
1014 4552 1155 4607 aqua
1199 4538 1395 4607 quippe
1425 4537 1698 4593 lavacrum
1726 4539 1934 4609 gratim,
1956 4538 2145 4609 lagona
2173 4528 2224 4586 Ι)
2252 4536 2380 4591 item
2408 4536 2462 4591 iu
2490 4537 2680 4591 eodem
2707 4553 2721 4589 τ
2760 4554 2778 4586 ι
2802 4534 3142 4605 Quapropter
3149 4533 3262 4604 jam
3279 4550 3383 4589 non
3399 4525 3778 4603 pertimescimus

560 4628 912 4699 fragilitatem
958 4629 1206 4699 designat
1245 4643 1432 4684 eorum
1470 4642 1566 4699 per
1602 4644 1741 4699 quos
1799 4630 1985 4684 eadem
2024 4638 2144 4684 erat

563 4720 739 4792 gratia
772 4718 971 4774 mundo
1008 4719 1454 4774 administranda.
1485 4740 1503 4771 ι
1536 4720 1603 4774 Ει
1632 4721 1801 4775 item:
1840 4738 1858 4770 ι
1891 4719 2145 4774 Consulte

562 4811 680 4868 sive
718 4826 873 4881 aquae
914 4810 1100 4878 baiuli,
1132 4828 1226 4867 seu
1267 4812 1469 4867 domini
1515 4813 1725 4877 domus,
1759 4820 1884 4867 sunt
1925 4820 2146 4881 praiter—

562 4903 732 4957 missa
778 4901 1070 4967 vocabula,
1118 4910 1177 4956 ut
1222 4903 1473 4957 omnibus
1515 4918 1703 4958 verum
1753 4902 1951 4972 pascha
2001 4902 2143 4957 cele-

563 4995 727 5050 brare
796 4992 1131 5057 volentibus,
1200 4995 1306 5048 hoc
1375 5004 1458 5048 est
1521 4993 1723 5049 Christi
1793 4993 2146 5048 sacramentis

536 5084 757 5149 ~imbui,
787 5099 1018 5154 eumque
1046 5099 1158 5139 suae
1200 5086 1397 5141 mentis
1427 5085 1660 5155 hospitio
1694 5084 1970 5155 suscipere
2000 5101 2148 5153 qua»

565 5172 842 5237 rentibus,
885 5171 1115 5227 facultas
1183 5173 1358 5227 danda
1404 5174 1667 5242 signetur.
1704 5194 1722 5225 ο
1777 5174 1841 5228 Ει
1904 5175 2143 5228 iterum:

568 5282 589 5315 ι
633 5261 792 5316 Solus
839 5269 959 5317 orat
1010 5276 1109 5330 pro
1158 5263 1431 5328 omnibus,
1479 5263 1621 5318 sicut
1661 5272 1716 5318 et
1757 5265 1904 5320 solus
1943 5266 2147 5334 patitur

563 5369 664 5424 pro
724 5352 996 5409 universis
1042 5370 1058 5408 :
1105 5363 1162 5409 et
1226 5356 1496 5424 quomodo
1550 5370 1649 5425 pro
1706 5356 1863 5411 nobis
1924 5355 2144 5411 maledi-

564 5451 715 5497 ctum
769 5444 948 5499 crucis
1010 5443 1187 5499 factus
1249 5452 1334 5499 est
1376 5454 1431 5500 et
1478 5444 1806 5515 ﬂagellatus,
1851 5455 1908 5501 et
1963 5445 2139 5501 cruci-

565 5533 743 5598 tixus,
807 5533 887 5588 sic
961 5550 1062 5605 pro
1143 5536 1386 5590 omnium
1427 5536 1635 5611 .salute
1721 5537 1875 5606 quasi
1956 5537 2150 5592 noxius

569 5621 733 5693 283
768 5624 1127 5695 crucifigitur.
1161 5645 1181 5679 ι
1211 5626 1279 5680 Et
1306 5627 1362 5681 in
1390 5624 1712 5682 Commento
1736 5625 1933 5683 Lucae:
1961 5647 1980 5680 ι
2010 5627 2150 5682 Pha-

571 5712 713 5769 risaei
750 5723 931 5772 autem
971 5725 1028 5772 et
1065 5717 1201 5789 legis
1245 5716 1405 5787 periti
1458 5718 1747 5772 consilium
1793 5718 1884 5772 Dei
1930 5733 2148 5788 spreve-

2250 4624 2432 4680 dicere
2477 4625 2647 4680 Deum
2698 4640 2862 4679 carne
2907 4639 3163 4693 passum,
3206 4624 3378 4678 Deum
3416 4630 3665 4677 mortuum
3700 4623 3776 4682 pm

2254 4717 2427 4772 salute
2455 4726 2798 4773 cunctorum.
2828 4736 2845 4767 ι
2872 4715 2940 4770 Ει
2970 4716 3098 4770 item
3125 4715 3316 4770 eodem
3344 4733 3358 4768 :
3390 4732 3409 4765 ι
3437 4710 3563 4766 Nam
3589 4704 3668 4776 qui
3690 4698 3776 4771 pali

2251 4815 2478 4862 venerat
2527 4821 2626 4876 pro
2678 4805 2850 4860 salute
2887 4812 3243 4870 cunctorum,
3290 4818 3447 4873 quem
3488 4810 3656 4855 eorum
3692 4801 3776 4844 non

2253 4896 2460 4951 diceret
2479 4896 2742 4950 fratrem?
2769 4915 2787 4947 ι
2821 4895 2889 4948 Ει
2915 4894 2968 4948 in
3008 4893 3215 4964 psalmo
3239 4910 3347 4948 xxx
3376 4911 3389 4947 :
3424 4909 3443 4943 ι
3470 4890 3541 4944 De
3564 4881 3777 4957 passione

2254 5003 2350 5043 sua
2377 4988 2542 5043 multa
2569 4988 2813 5043 dicturus
2832 5028 2847 5053 ,
2877 4996 2937 5041 ut
2960 5000 3080 5040 eam
3102 4985 3371 5057 frequenti
3394 4977 3636 5038 memoria
3664 4970 3772 5044 piis-

2252 5082 2421 5136 simus
2469 5088 2839 5136 commoneret
2858 5120 2873 5144 ,
2929 5092 3094 5149 quam
3115 5092 3214 5147 pro
3235 5075 3473 5132 omnium
3505 5068 3657 5125 salute
3681 5071 3775 5115 sus-

2250 5175 2414 5245 cepit.
2445 5194 2464 5227 ι
2493 5173 2559 5227 Ει
2597 5173 2651 5228 in
2681 5172 2891 5243 psalmo
2917 5186 3082 5225 xuv:
3114 5188 3133 5221 ι
3165 5169 3291 5224 Haec
3312 5167 3489 5224 omnia
3511 5157 3645 5218 carni
3666 5166 3770 5208 con-

2250 5265 2507 5329 veniunt,
2538 5264 2625 5317 cui
2654 5262 2954 5332 piissimum
2986 5259 3225 5315 Verbum
3252 5257 3457 5311 unitum
3482 5259 3559 5307 est
3580 5258 3668 5317 pro

2249 5353 2362 5407 lute
2385 5360 2728 5407 cunctorum.
2765 5369 2785 5401 ι
2814 5350 2880 5403 Et
2924 5348 2979 5402 in
3008 5348 3216 5419 psalmo
3246 5358 3405 5408 Lxm,
3436 5342 3474 5395 Α
3504 5339 3668 5392 timore
3692 5339 3771 5378 rm-

2252 5444 2375 5498 mici
2401 5444 2541 5513 eripe
2565 5444 2796 5496 animam
2823 5458 2991 5495 meant
3013 5454 3032 5493 :
3065 5459 3083 5491 ι
3114 5439 3231 5495 Non
3259 5435 3484 5508 postulat
3510 5437 3565 5484 ut
3587 5420 3772 5513 minim:

2252 5549 2353 5607 pro
2390 5535 2632 5589 omnium
2672 5532 2847 5587 salute
2888 5530 3170 5594 moriatur,
3213 5528 3353 5583 unde
3388 5523 3590 5578 Petrum
3625 5506 3769 5607 ergit}?

2253 5591 2553 5690 dicentem,
2584 5624 2856 5695 Propitius
2886 5623 2979 5676 tibi
3011 5632 3150 5687 esto,
3181 5618 3431 5682 Domine,
3462 5627 3558 5666 non
3581 5604 3664 5704 erit
3691 5591 3767 5704 tif"

2258 5720 2355 5773 hoc
2386 5716 2619 5788 (Matth.
2651 5693 2740 5772 xvi
2766 5756 2780 5782 ,
2811 5714 2925 5785 22)
2952 5730 2966 5779 ;
2997 5715 3091 5770 sed
3119 5721 3177 5768 ut
3204 5728 3235 5766 a
3269 5709 3453 5764 timore
3480 5693 3641 5773 populi
3667 5697 3767 5758 per:
