3992 6336
244 359 369 415 διεδ

1038 356 1128 412 DE
1167 348 1843 411 PRIEDESTINATIONE
1878 341 2362 409 DlSSER'l‘ATlO-
2383 350 2795 411 POSTERIOR.

3439 361 3548 419 350

243 476 545 547 sequentis
573 474 753 531 anima
789 474 955 549 284
982 484 1170 547 erepta
1201 482 1404 531 sancta:
1431 470 1853 544 dispensationis
1878 471 1929 531 Α
1955 481 2129 525 autem
2161 485 2464 543 receperunt
2494 492 2611 530 eum
2630 517 2645 541 ,
2672 470 2815 531 dedit
2842 475 2916 531 eis
2941 483 3247 547 potestatem
3274 477 3417 547 ﬁlios
3448 478 3545 532 Dei

239 583 371 623 sua:
400 566 671 637 compleat
697 566 1025 636 passionem.
1048 586 1068 620 ι
1098 566 1165 621 Et
1185 567 1238 621 in
1271 566 1479 637 psalmo
1501 581 1606 620 ιιι
1629 583 1643 618 :
1665 582 1685 616 ι
1712 563 1848 619 Nam

238 673 381 713 cum
406 658 600 712 dixero
624 658 860 713 Verbum
884 657 1064 714 Patris
1089 657 1285 713 fecisse
1319 658 1518 713 cmlum
1543 664 1601 712 et
1622 666 1845 721 terram,

234 761 299 806 et
336 751 537 807 omnia
569 766 689 820 qua:
720 750 773 803 in
804 751 886 804 eis
914 758 1071 814 sunt,
1102 750 1342 820 perfecta
1368 750 1655 804 Dominum
1684 747 1847 803 devo-

234 844 402 896 tione
430 842 670 897 laudavi.
717 840 822 896 Sed
851 857 973 895 cum
1001 840 1302 910 adiunxero
1344 843 1683 898 incarnatum
1726 854 1846 895 esse

231 946 348 1000 pro
374 931 554 986 salute
578 942 896 986 cunctorum
915 972 930 997 ,
956 931 1128 1001 adieci
1158 933 1437 988 cumulum
1466 930 1714 985 laudibus
1738 931 1846 995 ple-

230 1021 350 1075 nis.
391 1040 413 1073 s
441 1021 509 1076 Et
551 1021 605 1075 in
648 1020 855 1091 psalmo
892 1037 1060 1076 LXXIII
1092 1040 1106 1077 :
1138 1042 1157 1074 ι
1190 1022 1401 1077 Revera
1433 1022 1738 1092 intelligens
1764 1021 1842 1074 fa-

234 1121 375 1167 ctus
403 1122 495 1168 est
522 1114 700 1183 Asaph
721 1154 736 1177 ,
769 1114 860 1183 qui
890 1114 1016 1169 talia
1061 1115 1198 1183 petit
1233 1116 1377 1170 unde
1419 1122 1566 1168 totus
1604 1113 1840 1168 mundus

232 1203 529 1275 potuisset
570 1203 801 1257 absolvi.
834 1222 852 1255 ι
880 1203 948 1257 Ει
977 1203 1032 1257 in
1066 1202 1284 1259 Psalmo
1322 1218 1523 1259 Lxxw:
1555 1222 1573 1255 ι
1606 1202 1678 1258 Ut
1706 1203 1839 1257 libe-

230 1302 528 1348 raretura
556 1292 817 1355 crimine,
866 1291 1122 1347 invocare
1165 1291 1404 1362 neglexit
1449 1293 1690 1347 omnium
1738 1290 1842 1347 lle-

230 1383 612 1452 demptorem.
649 1402 668 1435 ι
703 1382 771 1437 Et
808 1383 860 1436 in
903 1382 1112 1452 psalmo
1149 1397 1350 1438 Lxxuv
1378 1400 1391 1438 :
1424 1400 1444 1433 ι
1472 1382 1555 1436 Ad
1602 1391 1836 1453 aegrotos

229 1474 498 1529 medicus
517 1514 533 1539 ,
575 1474 644 1527 ad
674 1473 986 1543 pestilentia
1016 1472 1207 1544 plenos
1232 1482 1426 1529 auctor
1455 1472 1648 1528 salutis
1674 1477 1837 1529 adve-

227 1569 361 1624 nit:
401 1568 553 1637 quod
582 1583 690 1622 non
723 1567 894 1622 solum
928 1567 995 1621 ad
1030 1582 1193 1622 unam
1223 1577 1471 1639 gentem,
1503 1567 1597 1622 sed
1634 1566 1701 1621 ad
1741 1568 1838 1622 be-

226 1657 504 1714 neﬁcium
540 1658 704 1713 totius
730 1657 879 1712 orbis
908 1658 1201 1727 aptandum
1230 1668 1332 1712 est.
1368 1677 1386 1709 ι
1420 1656 1485 1711 Et
1524 1657 1577 1711 in
1621 1657 1831 1727 psalmo

226 1762 341 1802 cn
365 1764 382 1800 :
428 1766 449 1797 ι
480 1746 709 1817 Dignum
739 1754 824 1801 est
852 1748 995 1801 enim
1028 1755 1089 1800 ut
1116 1746 1331 1817 publice
1360 1747 1558 1802 debeat
1587 1747 1794 1803 laudari
1814 1788 1830 1814 ,

227 1838 325 1913 qui
357 1838 486 1908 pati
515 1852 614 1908 pro
638 1838 878 1893 omnium
904 1838 1078 1893 salute
1103 1838 1353 1907 dignatus
1378 1845 1482 1893 est.
1519 1857 1537 1889 ι

782 1966 1010 2025 CAPUT
1051 1967 1297 2024 XXXIV.

227 2060 404 2116 Nunc
432 2063 574 2131 quod
599 2079 759 2131 supra
788 2065 1307 2117 commemoravimus
1332 2063 1543 2118 tertium
1572 2063 1825 2132 sequitur,

299 2134 581 2199 quomodo
607 2133 882 2186 orthodoxi
904 2144 951 2185 et
977 2134 1180 2203 antiqui
1201 2135 1438 2203 magistri
1462 2149 1527 2186 ea:
1554 2134 1828 2203 scripturis

299 2204 632 2255 authenticis
660 2204 1053 2264 demonstrant,
1076 2202 1305 2256 discrete
1322 2220 1424 2256 non
1451 2203 1635 2255 debere
1670 2202 1825 2255 intel-

298 2272 494 2341 ligere,
515 2273 637 2340 quia
661 2271 778 2325 licet
803 2272 958 2335 fuerit
978 2271 1217 2326 Christus
1240 2288 1426 2341 passus
1449 2289 1542 2341 pro
1563 2273 1827 2334 omnibus,

298 2358 419 2394 non
449 2353 622 2395 tamen
651 2358 828 2395 omnes
857 2342 925 2394 ad
956 2353 1205 2395 a'ternam
1234 2343 1460 2396 salutem
1491 2342 1675 2394 mundi
1709 2358 1827 2410 pre-

297 2414 382 2465 tio
404 2452 418 2473 ,
450 2411 507 2464 id
536 2421 612 2464 est
640 2412 901 2479 passionis
928 2411 1041 2480 ejus
1070 2414 1315 2481 mysterio
1344 2412 1746 2481 sintredempti.
1778 2412 1825 2464 A

297 2497 417 2551 quo
454 2482 619 2551 pretio
660 2482 895 2551 extranei
933 2492 1089 2545 sunt,
1127 2480 1217 2551 qui
1252 2491 1341 2534 aut
1382 2480 1623 2551 delectati
1662 2482 1827 2551 capti-f

298 2549 471 2604 vitate
502 2550 683 2602 redimi
709 2549 985 2603 noluerunt
1007 2590 1022 2612 ,
1055 2549 1147 2602 aut
1173 2562 1283 2615 post
1310 2549 1715 2617 redemptionem
1755 2549 1825 2602 ad

296 2619 549 2672 eamdem
574 2630 695 2672 sunt
724 2620 1039 2689 captivitatis
1069 2622 1367 2674 servitutem
1395 2620 1606 2673 reversi.

296 2728 457 2783 Ecce
494 2727 766 2796 quomodo
814 2729 985 2783 sancti
1042 2729 1293 2785 doctores
1332 2739 1622 2785 senserunt
1661 2740 1825 2799 atque

225 2821 607 2891 scripserunt,
659 2821 803 2889 quod
848 2819 1098 2876 Christus
1125 2821 1283 2877 .lesus
1320 2822 1582 2877 Dominus
1615 2833 1819 2886 nosmr,

227 2913 542 2983 redemptio
592 2911 801 2967 scilicet
845 2913 1013 2967 totius
1051 2914 1268 2978 mundi,
1320 2929 1421 2983 pro
1461 2914 1714 2968 omnibus
1753 2913 1825 2968 sit

225 3021 450 3075 passus,
481 3005 605 3061 licet
632 3020 739 3060 non
768 3020 958 3059 omnes
985 3005 1258 3075 passionis
1287 3005 1404 3074 ejus
1432 3007 1690 3077 mysterio
1716 3007 1826 3061 sint

224 3097 525 3167 redempti.
580 3095 714 3151 Nam
766 3097 811 3151 si
862 3096 1138 3152 Christum
1190 3098 1276 3152 his
1324 3105 1535 3153 tantum
1584 3099 1821 3153 remedia

1948 560 2067 628 ﬁeri
2090 602 2106 626 ,
2135 562 2216 616 his
2240 565 2330 630 qui
2356 565 2571 619 credunt
2597 566 2654 620 in
2683 567 2891 620 nomine
2915 567 3030 636 ejus
3060 567 3081 639 (
3101 566 3261 621 Joan.
3283 583 3301 623 t
3320 608 3335 633 ,
3367 568 3436 622 12
3458 567 3501 639 ).

2024 654 2175 711 Unde
2197 656 2262 720 si,
2296 665 2355 710 ut
2390 655 2852 713 Przedestinatiani
2897 659 3103 725 dicunt,
3136 675 3244 715 non
3287 670 3370 716 est
3410 678 3539 732 pas-

1950 738 2044 802 sus
2068 746 2328 803 Dominus
2358 748 2459 802 nisi
2487 764 2586 818 pro
2616 750 2700 805 bis
2728 760 2935 806 tantum
2980 754 3069 823 qui
3114 753 3384 822 passionis
3419 754 3538 823 ejus

1948 839 2210 909 mysterio
2240 846 2364 893 sunt
2405 839 2689 908 redempti,
2736 850 2792 895 et
2831 842 2920 910 qui
2954 857 3057 896 non
3107 842 3388 897 salvantur
3427 859 3537 898 non

1945 939 2033 985 est
2058 930 2351 985 voluntatis
2382 931 2498 994 Dei,
2529 930 2683 999 cujus
2723 932 2988 987 voluntati
3021 948 3179 988 nemo
3223 943 3400 1003 potest
3450 951 3538 990 re-

1945 1020 2157 1087 sistere,
2199 1021 2414 1093 penitus
2458 1031 2519 1076 nt
2557 1021 2849 1085 salventur,
2883 1022 3113 1092 iniustus
3146 1033 3229 1079 est
3266 1025 3408 1080 Deus
3442 1026 3536 1095 qui

1944 1109 2107 1163 infert
2156 1110 2333 1176 iram,
2380 1118 2568 1164 contra
2627 1111 2769 1179 quod
2816 1111 2947 1166 dicit
2997 1112 3531 1183 ApostoluszAbsit.

1943 1197 2231 1265 Quoniam,
2268 1207 2325 1253 ut
2357 1198 2610 1255 catholici
2640 1199 2877 1255 fatentur
2923 1202 3186 1272 magistri,
3234 1212 3318 1257 est
3358 1203 3533 1273 gratia

1943 1289 2037 1344 Dei
2067 1290 2245 1345 salvos
2273 1290 2522 1350 faciendi.
2563 1299 2619 1345 et
2646 1299 2731 1346 est
2759 1289 2987 1345 liberum
3016 1291 3301 1346 arbitrium
3341 1292 3532 1346 volun—

1942 1380 2080 1433 tarie
2110 1380 2220 1434 Deo
2249 1380 2632 1435 sacrificandi:
2662 1386 2717 1435 et
2766 1396 2926 1435 nemo
2962 1381 3162 1435 invitus
3202 1381 3340 1436 bene
3380 1381 3534 1447 facit,

1939 1466 2105 1526 etiam
2142 1472 2187 1527 si
2216 1473 2417 1527 bonum
2466 1481 2550 1527 est
2591 1472 2735 1543 quod
2781 1472 2931 1539 facit,
2962 1474 3089 1544 quia
3139 1473 3272 1528 nihil
3314 1475 3535 1544 prodest

1939 1567 2161 1637 spiritus
2189 1567 2399 1622 timoris
2424 1567 2510 1621 ubi
2544 1583 2649 1623 non
2685 1577 2770 1639 est
2801 1568 3025 1637 spiritus
3054 1567 3357 1623 charitatis.
3388 1565 3532 1634 Qua-

1936 1670 2157 1731 propter
2210 1660 2477 1716 catholica
2521 1660 2759 1715 Ecclesia
2806 1670 2989 1716 cantat
3045 1661 3272 1716 Domino
3316 1661 3533 1718 miseri-

1937 1753 2174 1808 cordiam
2225 1762 2279 1807 et
2318 1738 2607 1823 judicium,
2655 1753 2747 1822 qui
2804 1769 2910 1808 non
2964 1753 3112 1807 venit
3157 1762 3218 1807 ut
3255 1752 3532 1821 iudicaret

1859 1844 1908 1903 B
1937 1845 2220 1910 mundum,
2252 1846 2344 1899 sed
2378 1854 2435 1899 ut
2463 1845 2768 1899 salvaretur
2809 1846 3040 1899 nmndus
3068 1861 3163 1915 per
3196 1846 3390 1916 ipsum.
3422 1844 3530 1902 Ve-

1932 1935 2046 1991 niet
2074 1944 2271 1996 autem,
2301 1919 2442 1989 sicut
2474 1934 2525 1987 in
2569 1933 2812 2005 symbolo
2838 1936 3147 1999 confitetur,
3177 1933 3243 1988 ad
3277 1932 3529 2003 judican-

1932 2020 2031 2079 dos
2059 2024 2210 2079 vivos
2247 2031 2305 2078 et
2351 2031 2615 2077 mortuos.
2649 2022 2705 2076 Si
2741 2037 2891 2093 ergo,
2919 2032 2979 2076 ut
3000 2012 3333 2094 Augustinus
3367 2024 3525 2089 dicit,

1929 2130 2035 2169 non
2062 2123 2144 2169 est
2179 2113 2275 2168 Dei
2309 2114 2509 2184 gratia,
2536 2116 2807 2183 quomodo
2835 2114 3007 2169 salvat
3050 2115 3345 2169 mundum?
3372 2124 3428 2171 et
3475 2117 3523 2171 si

1927 2220 2034 2259 non
2078 2213 2162 2258 est
2209 2204 2440 2258 liberum
2486 2204 2793 2270 arbitrium,
2833 2207 3103 2275 quomodo
3128 2207 3336 2277 iudicat
3366 2223 3525 2262 mun-

1928 2294 2091 2348 dum?
2123 2294 2324 2349 Passus
2359 2303 2443 2349 est
2479 2294 2646 2366 igitur
2679 2295 2940 2351 Dominus
2968 2313 3068 2367 pro
3091 2299 3364 2363 omnibus,
3394 2298 3526 2356 licet

1927 2400 2034 2438 non
2056 2399 2248 2438 omnes
2276 2384 2545 2455 passionis
2572 2384 2687 2451 eius
2720 2388 2983 2456 mysterio
3010 2388 3118 2441 sint
3144 2388 3429 2459 redempti,
3462 2399 3524 2444 ut

1926 2476 2104 2531 omnis
2129 2476 2220 2545 qui
2247 2476 2420 2530 credit
2450 2475 2504 2530 in
2550 2476 2724 2545 ipsum
2770 2494 2876 2532 non
2920 2487 3127 2547 pereat,
3178 2479 3272 2533 sed
3319 2470 3525 2542 habeat'

1928 2564 2096 2618 vitam
2144 2573 2427 2629 aeternam,
2458 2563 2526 2618 ad
2570 2580 2731 2634 quam
2786 2565 2980 2620 invitat
3027 2581 3241 2633 omnes,
3284 2568 3512 2623 dicens:

1936 2651 2118 2707 Venite
2156 2653 2226 2705 ad
2254 2669 2335 2706 me
2354 2669 2559 2716 omnes,
2589 2663 2638 2707 et
2668 2654 2938 2707 invenietis
2967 2656 3195 2725 requiem
3237 2656 3519 2712 animabus

1925 2740 2108 2793 vestris
2139 2738 2352 2810 (Matth.
2388 2755 2465 2805 XI,
2492 2740 2605 2812 29),
2633 2749 2687 2796 et
2713 2741 2826 2795 vult
2849 2757 3039 2797 omnes
3067 2744 3313 2799 homines
3332 2744 3514 2801 salvos

1926 2826 2065 2893 fieri,
2096 2828 2188 2897 qui
2216 2828 2485 2883 neminem
2510 2829 2625 2883 vult
2658 2831 2856 2900 perire,
2888 2832 3017 2887 licet
3043 2848 3150 2888 non
3179 2849 3371 2902 omnes
3400 2835 3513 2889 sal-

1924 2929 2139 2974 ventur.
2170 2919 2322 2987 Quod
2348 2928 2529 2975 autem
2563 2922 2783 2991 quidam
2809 2923 3106 2990 salvantur,
3132 2925 3391 2981 salvantis
3423 2935 3513 2982 est

1925 3012 2162 3067 donum:
2193 3013 2335 3080 quod
2365 3027 2493 3067 vero
2531 3014 2749 3083 quidam
2780 3023 3029 3083 pereunt,
3056 3018 3400 3085 pereuntium
3429 3026 3518 3073 est

1929 3106 2203 3170 meritum,
2233 3105 2359 3176 quia
2390 3106 2587 3175 perivit
2629 3107 2803 3161 Adam
2832 3116 2889 3163 et
2924 3108 2977 3163 in
3007 3107 3125 3178 ipso
3156 3123 3349 3164 omnes
3390 3124 3519 3180 per-

226 3187 482 3242 attulisse
532 3187 763 3243 dicimus
825 3189 918 3257 qui
976 3188 1233 3261 redempti
1298 3196 1463 3254 sunt,
1519 3188 1825 3245 videbimur
1852 3180 1897 3242 C
1928 3197 2143 3253 ivimus.
2177 3198 2252 3253 De
2287 3213 2394 3268 qua
2418 3215 2595 3254 massa
2618 3200 2936 3269 perditionis
2964 3202 3182 3271 quidam
3216 3202 3390 3271 gratia
3418 3201 3519 3257 eu-

226 3277 516 3332 absolvere
567 3294 672 3332 non
728 3279 1075 3350 redemptos,
1125 3295 1262 3350 quos
1308 3295 1408 3349 pro
1452 3280 1824 3349 redemptione

225 3375 544 3434 contempta
600 3375 814 3422 constat
862 3383 984 3423 esse
1028 3356 1361 3439 puniendos,
1411 3368 1556 3424 sicut
1601 3377 1824 3423 sanctus

224 3455 569 3524 Augustinus
609 3457 661 3511 in
711 3473 960 3513 sermone
1002 3458 1068 3513 de
1114 3459 1373 3530 Symbolo
1413 3460 1480 3514 ad
1522 3460 1823 3529 neophytos

227 3560 290 3602 ex
325 3547 626 3619 Evangelio
657 3550 819 3604 dicit:
861 3548 1038 3604 Veniet
1069 3552 1197 3605 liora
1217 3591 1231 3616 ,
1262 3551 1476 3622 quando
1515 3568 1691 3605 omnes
1729 3550 1821 3629 qui

225 3650 349 3693 sunt
378 3640 439 3693 in
466 3643 814 3696 monumentis
842 3643 1061 3696 audient
1086 3659 1260 3696 vocem
1285 3642 1401 3713 ejus
1420 3685 1434 3708 ,
1469 3652 1517 3696 et
1539 3643 1820 3712 procedent

224 3729 315 3800 qui
357 3730 486 3783 bene
521 3729 753 3798 fecerunt
791 3731 847 3784 in
890 3731 1323 3784 resurrectionem
1366 3732 1482 3785 vita:
1505 3748 1523 3795 ,'
1549 3732 1637 3802 qui
1674 3730 1817 3784 mala

224 3830 467 3888 egerunt,
502 3822 558 3873 in
588 3822 1013 3875 resurrectionem
1042 3821 1236 3891 judicii
1272 3822 1455 3893 (Joan.
1503 3839 1556 3887 v,
1585 3823 1676 3894 28)
1707 3839 1721 3887 ;
1762 3828 1818 3877 et

224 3910 297 3964 illi
332 3910 596 3964 videbunt
626 3911 678 3965 in
708 3912 880 3966 forma
908 3913 1144 3967 hominis
1174 3913 1228 3967 in
1256 3928 1415 3983 quem
1443 3914 1810 3978 crediderunt,

223 4010 276 4054 et
328 4001 408 4054 illi
466 4017 627 4070 quem
678 4010 1160 4073 contempserunt:
1219 4004 1449 4058 formam
1496 4019 1625 4058 vero
1681 4004 1809 4067 Dei,

222 4106 328 4158 qna
358 4090 587 4159 aequalis
614 4100 696 4145 est
724 4089 909 4155 Patri,
943 4092 1091 4163 impii
1125 4110 1229 4149 non
1258 4094 1537 4148 videbunt.
1572 4093 1814 4148 Tolletur

222 4183 369 4236 enim
400 4182 630 4251 impius,
663 4197 731 4236 ne
764 4181 945 4237 videat
970 4182 1275 4238 claritatem
1306 4183 1553 4248 Domini,
1584 4191 1639 4237 et
1668 4182 1811 4237 beati

221 4273 610 4329 mundicordes
634 4313 651 4338 ,
682 4273 938 4343 quoniam
968 4274 1070 4342 ipsi
1100 4274 1269 4329 Deum
1298 4274 1576 4329 videbunt.
1610 4275 1678 4328 Et
1701 4274 1810 4329 Do-

221 4370 405 4423 minus
436 4367 601 4421 dicit:
635 4363 932 4419 Pra'dicate
963 4365 1310 4437 Evangelium
1343 4367 1485 4421 omni
1517 4375 1808 4431 creaturae,

222 4458 275 4512 id
313 4466 405 4512 est
449 4456 599 4509 omni
650 4454 899 4511 homini:
940 4455 1044 4521 Qui
1090 4457 1368 4511 crediderit
1415 4466 1464 4512 et
1511 4457 1809 4527 baptizatus

1927 3299 2127 3362 guntur
2159 3290 2226 3345 ad
2263 3292 2449 3356 vitam,
2483 3291 2702 3360 quidam
2734 3293 2788 3346 in
2820 3307 2883 3347 ea
2928 3291 3137 3360 judicio
3164 3293 3515 3357 desemntur,

1924 3392 1980 3438 et
2016 3398 2120 3457 non
2166 3398 2195 3436 a
2238 3381 2348 3437 Deo
2396 3383 2851 3452 przedestinantur
2879 3384 2947 3438 ad
2978 3395 3231 3448 mortem,
3272 3383 3363 3453 qui
3405 3398 3514 3438 non

1925 3473 2038 3528 vult
2062 3485 2289 3528 mortem
2324 3474 2650 3544 peccaturis,
2676 3473 2771 3529 sed
2815 3481 2875 3528 ut
2918 3483 3272 3529 convertatur
3292 3483 3346 3528 et
3366 3474 3512 3528 vivat

1925 3562 2140 3635 (Ezech.
2170 3580 2322 3629 xvm,
2355 3565 2469 3625 25).
2497 3564 2616 3635 Ipse
2662 3573 2746 3619 est
2786 3564 2931 3619 enim
2973 3564 3279 3618 resurrectio
3310 3571 3357 3618 et
3384 3565 3510 3627 vita,

1920 3666 1967 3709 et
1990 3658 2082 3726 qui
2102 3656 2265 3709 credit
2288 3655 2344 3709 in
2370 3671 2514 3718 eum,
2555 3657 2760 3709 etiamsi
2799 3665 3038 3709 mortuus
3081 3655 3239 3723 fuerit
3281 3656 3431 3719 vivet,
3460 3663 3509 3709 et

1916 3748 2007 3818 qui
2038 3748 2157 3801 vivit
2181 3752 2229 3800 et
2264 3747 2427 3800 credit
2471 3747 2526 3799 in
2565 3761 2689 3800 eum
2731 3763 2835 3801 non
2867 3747 3120 3800 morietur
3153 3746 3207 3800 in
3252 3755 3507 3799 aeternum

1918 3834 2099 3905 (Joan.
2125 3851 2206 3900 Xl,‘
2226 3835 2315 3897 25.
2343 3834 2459 3905 26),
2484 3835 2593 3889 vita
2618 3838 2803 3890 vivens
2832 3850 2901 3890 ex
2944 3850 3082 3904 pane
3132 3836 3274 3898 vivo,
3310 3834 3402 3903 qui
3438 3832 3513 3887 de

1916 3926 2055 3981 caelo
2078 3926 2380 3987 descendit,
2410 3934 2465 3979 et
2490 3927 2582 3980 dat
2610 3928 2775 3979 vitam
2815 3927 3034 3987 mundo,
3066 3941 3226 3995 quem
3258 3925 3405 3980 dedit
3445 3926 3501 3978 in

1914 4031 2075 4070 cruce
2105 4031 2202 4085 pro
2236 4017 2485 4069 omnibus
2515 4016 2866 4076 redimendis,
2904 4016 3045 4070 sicut
3090 4015 3205 4084 ipse
3231 4016 3360 4070 dicit
3393 4032 3407 4069 :
3434 4014 3511 4069 Et

1911 4110 2064 4178 panis
2092 4125 2239 4174 quem
2272 4125 2362 4177 ego
2389 4108 2579 4161 dedero
2612 4124 2737 4162 caro
2771 4123 2887 4161 mea
2928 4120 3001 4161 est
3040 4124 3135 4176 pro
3178 4108 3361 4161 mundi
3398 4108 3506 4161 vita

1914 4199 2097 4272 (Joan.
2125 4217 2203 4261 vt,
2232 4199 2344 4270 52).
2392 4198 2472 4252 Ad
2515 4198 2669 4267 cujus
2697 4214 2848 4253 csum
2885 4213 3073 4272 omnes
3100 4197 3388 4251 Psalmista
3419 4199 3502 4252 in-

1909 4292 2046 4347 vitat
2086 4293 2312 4347 dicens:
2346 4290 2588 4345 Accedite
2632 4291 2702 4344 ad
2740 4305 2880 4353 eum,
2920 4299 2966 4344 et
2996 4271 3406 4353 .illuminamini,
3451 4298 3502 4343 et

1908 4381 2083 4436 vultus
2132 4383 2285 4435 vestri
2338 4397 2440 4434 non
2484 4382 2782 4434 erubescent
2832 4379 3231 4449 (Psal..xxxm,
3271 4379 3357 4449 6);
3396 4388 3495 4434 et:

1909 4472 2128 4528 Gustate
2167 4483 2215 4527 et
2254 4474 2420 4527 videte
2464 4490 2619 4544 quant
2663 4475 2839 4526 suavis
2879 4473 3251 4527 est'Dominus
3275 4486 3293 4523 :
3316 4473 3497 4526 beatus

220 4549 381 4618 fuerit
411 4547 591 4602 salvus
617 4549 749 4611 erit,
779 4548 869 4617 qui
900 4564 1015 4602 vero
1044 4566 1148 4603 non
1176 4551 1457 4605 crediderit
1487 4551 1803 4604 condemna—
1832 4531 1885 4592 D
1913 4565 1989 4618 νίν
2033 4566 2122 4634 qui
2175 4574 2350 4632 sperat
2411 4531 2488 4616 in,
2508 4580 2566 4616 eo
2610 4563 2785 4627 (ibid.,
2821 4563 2898 4631 9).
2946 4562 3012 4616 Et
3044 4563 3109 4617 de
3149 4578 3258 4631 quo
3299 4562 3499 4616 iterum

221 4640 361 4692 bitur
392 4638 412 4709 (
440 4637 615 4691 Marc.
644 4653 765 4701 xvr,
798 4637 899 4704 t5,
933 4638 1001 4693 l6
1021 4637 1063 4710 ).
1089 4638 1154 4692 Et
1181 4657 1194 4692 :
1228 4638 1332 4705 Qui
1368 4657 1473 4694 non
1504 4640 1667 4694 credit
1687 4640 1804 4711 jam

214 4728 493 4797 judicatus
520 4735 597 4781 est
620 4767 635 4792 ,
661 4727 788 4794 quia
813 4745 917 4782 non
946 4729 1166 4783 credidit
1205 4730 1259 4785 in
1300 4732 1510 4784 nomine
1550 4732 1807 4800 unigeniti

219 4813 347 4869 Filii
380 4816 499 4869 Dei.
546 4814 661 4869 Hoc
691 4828 768 4871 est
798 4826 971 4872 autem
992 4819 1280 4888 judicium,
1308 4823 1432 4890 quia
1461 4821 1557 4876 (ua:
1584 4823 1720 4876 venit
1750 4824 1806 4877 in

220 4904 477 4959 mundum
497 4945 513 4970 ,
543 4915 592 4959 et
620 4905 917 4961 dilexerunt
938 4909 1172 4964 homines
1194 4912 1361 4981 magis
1385 4914 1622 4968 tenebras
1644 4931 1804 4985 quam

221 4993 383 5049 lucem
409 5009 429 5047 :
457 5006 608 5050 erant
635 4997 773 5051 enim
801 5014 983 5052 eorum
1008 5000 1150 5053 mala
1173 5018 1329 5071 opera
1358 5003 1557 5073 (Joan.
1586 5022 1645 5061 tn
1665 5048 1679 5070 ,
1710 5006 1795 5072 18,

220 5087 285 5141 l9
305 5085 347 5158 ).
380 5086 490 5141 Et:
531 5084 663 5141 Cum
703 5089 895 5143 venerit
936 5089 1026 5144 ille
1064 5093 1279 5161 spiritus
1324 5094 1488 5165 285
1533 5097 1796 5164 veritatis,

221 5178 304 5233 ille
331 5189 515 5249 arguet
547 5178 835 5247 mundum,
868 5181 921 5236 id
950 5191 1034 5237 est
1068 5182 1402 5261 habitaiores
1437 5195 1493 5241 et
1528 5197 1798 5244 amatores

221 5271 432 5334 mundi,
466 5270 532 5325 de
558 5281 801 5340 peccato,
830 5273 958 5343 quia
992 5291 1097 5328 non
1134 5275 1349 5331 credunt
1385 5278 1440 5331 in
1478 5295 1558 5332 me
1590 5279 1792 5351 (Joan.

222 5373 305 5412 xvt
324 5399 340 5424 ,
366 5358 465 5429 8).
494 5357 615 5413 Lua:
643 5359 781 5414 enim
811 5362 867 5416 in
894 5362 1118 5418 tenebris
1148 5363 1285 5419 lueet
1308 5407 1323 5431 ,
1355 5377 1404 5420 et
1432 5368 1654 5422 tenebrae
1676 5386 1794 5424 eam

226 5464 326 5502 non
359 5450 865 5520 comprehenderunt
902 5451 1112 5525 (Joan.
1142 5470 1198 5520 ι,
1228 5455 1302 5527 5)
1332 5470 1347 5511 :
1384 5473 1490 5512 non
1532 5459 1659 5527 quia
1691 5474 1798 5515 non

225 5546 529 5605 potuerunt,
546 5538 645 5596 sed
669 5542 796 5612 quia
821 5542 1129 5600 noluerunt.
1154 5545 1290 5601 Nam
1311 5557 1367 5603 et
1392 5551 1628 5607 tenebrat
1643 5568 1797 5609 rece-

226 5637 444 5696 perunt,
472 5633 674 5702 quibus
705 5634 937 5692 dicitur:
969 5635 1175 5694 Fuistis
1202 5638 1489 5711 aliquando
1531 5645 1755 5701 tenebrat
1779 5687 1795 5713 ,

226 5733 358 5772 nunc
388 5732 562 5777 autem
593 5714 689 5780 lui
716 5727 769 5782 in
794 5727 1021 5786 Domino
1048 5729 1068 5801 (
1091 5728 1285 5801 Ephes.
1318 5748 1367 5800 ν,
1396 5733 1469 5803 8)
1497 5752 1515 5800 ;
1546 5742 1795 5807 quotquot

1915 4654 2058 4708 idem
2085 4653 2216 4706 dicit
2238 4670 2251 4706 :
2279 4652 2382 4716 Qui
2402 4668 2456 4705 se
2468 4651 2711 4720 elongant
2736 4669 2768 4704 α
2785 4662 2856 4711 te.
2878 4651 3495 4721 peribunt(Psal.Lxxn,

1911 4744 2003 4814 27)
2035 4761 2048 4796 :
2075 4743 2330 4812 quoniam
2353 4750 2412 4794 ut
2441 4741 2555 4810 ipse
2581 4741 2838 4796 Dominus
2861 4742 3031 4796 dicit:
3064 4740 3167 4807 Qui
3191 4758 3292 4795 non
3332 4742 3507 4796 credi-l

1912 4835 2068 4898 derit,
2091 4833 2340 4887 videlicet
2381 4832 2432 4885 in
2480 4832 2801 4901 promissam
2852 4841 2906 4886 et
2951 4842 3194 4902 paratam
3240 4832 3498 4889 omnibus

1911 4924 2160 4986 salutem,
2206 4922 2637 4977 condemnabitur
2660 4921 2851 4992 (Marc.
2879 4938 2989 4985 xvi,
3022 4923 3147 4991 £6);
3188 4930 3242 4976 et
3268 4923 3501 4988 Paulus,

1906 5014 2017 5069 imo
2047 5029 2144 5083 per
2174 5028 2295 5067 eum
2326 5012 2440 5080 ipse
2470 5011 2739 5074 Christus,
2767 5027 2831 5067 ea
2862 5021 3071 5067 tantum
3105 5013 3210 5068 fide
3232 5028 3351 5081 quae
3393 5029 3491 5083 per

1902 5104 2244 5158 dilectionem
2299 5110 2556 5172 operatur
2596 5102 2880 5158 credentes
2935 5103 3131 5157 salvari
3178 5103 3330 5167 dicit,
3372 5104 3501 5175 ejus

1899 5193 2211 5262 coapostolo
2249 5193 2571 5258 afﬁrmante,
2596 5188 2702 5248 non
2745 5194 3005 5264 prodesse
3035 5193 3220 5261 fidem,
3250 5195 3297 5250 si
3321 5211 3493 5266 opera

1898 5289 2130 5359 quisque
2155 5304 2260 5365 non
2284 5287 2501 5343 habent.

1973 5381 2141 5452 286
2187 5379 2309 5434 Noti
2351 5380 2494 5434 enim
2538 5389 2665 5435 sunt
2712 5396 2810 5452 per
2852 5380 3162 5436 universum
3223 5382 3493 5437 mundum

1900 5482 2061 5542 atque
2102 5471 2372 5527 manifesti
2419 5487 2649 5541 quorum
2696 5471 2940 5541 exempla
2997 5471 3296 5541 posuimus,
3347 5489 3498 5543 quos

1899 5561 2213 5632 singillatim
2259 5576 2326 5615 ex
2385 5561 2605 5617 nomine
2656 5561 3095 5633 designavimus,
3144 5577 3493 5634 quorumque

1900 5653 2159 5709 doctrina:
2208 5651 2507 5717 innitimur,
2553 5667 2584 5705 a
2632 5667 2864 5722 quorum
2909 5651 3153 5708 doctrina
3202 5663 3258 5708 et
3315 5669 3490 5711 sensu

1899 5743 2207 5811 quicunque
2238 5741 2511 5796 discordat
2546 5742 2686 5797 inter
2715 5742 3013 5800 catholicos
3050 5746 3324 5801 numerari
3371 5752 3493 5806 nom
