3992 6336
509 326 615 384 551

1505 330 1837 388 HINCMARI
1876 321 2273 383 RIIEMENSIS
2310 323 2829 386 ARCHIEPISCOPI
2875 393 2886 400 ,
3636 344 3722 398 553

459 471 475 517 ι
511 443 674 499 valet.
711 442 813 511 Qui
859 443 972 500 sive
1023 444 1266 510 Hebraea,
1317 447 1432 500 sive
1477 445 1686 508 Gneca,
1738 448 1852 502 sive
1905 445 2094 499 Latina
2123 443 2175 500 A
2199 443 2447 507 Galliam,
2478 443 2740 510 Africam,
2771 446 3108 516 Hispaniam,
3137 447 3419 519 Illyricum,
3455 451 3725 524 Thraciam,

512 534 710 606 linguis
733 534 786 588 in
821 535 1101 590 catholica:
1124 537 1371 591 veritatis
1393 536 1774 606 praedicatione
1813 536 2098 601 fulserunt,

509 623 590 677 De
616 637 843 694 quorum
875 625 1092 695 scriptis
1129 641 1321 680 sanum
1349 627 1682 696 sapientibus
1726 627 1813 696 pie
1859 642 2102 695 quaeren-

510 713 656 768 tibus
702 729 807 782 pax
853 725 909 770 et
956 717 1233 786 multiplex
1278 720 1552 789 profertur
1606 721 1930 783 instructio,
1982 735 2102 789 qua:

511 805 652 858 sicut
670 804 802 860 alias
821 806 1053 862 haereses
1083 810 1370 875 destruxit,
1396 812 1468 865 ita
1493 812 1655 866 etiam
1681 813 1824 866 hunc
1844 813 1934 882 qui
1958 828 2102 868 nunc

512 895 798 965 repullulat
821 897 1053 953 abscidit
1093 915 1357 956 errorem.
1386 903 1626 970 Quorum
1667 904 1974 969 lectionem,
2017 905 2101 960 vel

510 986 692 1055 potius
733 976 982 1043 lectionis
1021 1004 1205 1044 veram
1253 991 1687 1062 intelligentiam,
1740 995 1966 1048 multum
2009 994 2103 1047 im-

510 1079 812 1144 prudenter
836 1086 892 1132 et
921 1078 1083 1134 nimis
1118 1079 1365 1150 imperite
1409 1083 1498 1137 isti
1537 1083 1783 1138 moderni
1826 1083 2103 1138 Praedesti-

511 1168 719 1222 natiani
740 1168 1010 1224 declinare
1037 1180 1354 1236 noscuntur,
1377 1181 1438 1228 ut
1461 1173 1624 1228 etiam
1649 1174 1715 1228 de
1743 1190 1935 1228 eorum
1958 1189 2103 1228 com-

512 1257 638 1327 plici
669 1273 935 1326 perversa:
961 1261 1376 1330 conspirationis
1410 1278 1675 1316 consensu
1705 1263 1963 1333 singulari
2004 1279 2100 1318 nu-

512 1362 667 1401 mero
709 1347 912 1402 dictum
963 1349 1034 1402 sit
1081 1365 1111 1402 a
1155 1349 1420 1421 Propheta
1449 1367 1464 1405 :
1493 1351 1681 1405 Noluit
1727 1353 2011 1424 intelligere
2045 1364 2102 1408 ut

515 1440 640 1491 bene
665 1447 870 1508 ageret:
903 1439 1228 1510 iniquitatem
1270 1443 1551 1496 meditatus
1593 1451 1668 1496 est
1711 1444 1768 1496 in
1807 1443 1965 1496 cubili
2006 1460 2102 1499 suo

514 1525 689 1596 (Ρεαι.
718 1543 880 1594 xxxv,
903 1529 1014 1601 45).
1041 1531 1178 1598 Quid
1200 1542 1378 1587 autem
1402 1534 1660 1604 iniquius,
1684 1544 1742 1588 ut
1761 1533 1870 1589 Leo
1891 1537 2099 1601 scribit,

514 1636 677 1689 quam
712 1621 874 1691 impie
902 1638 1116 1692 sapere,
1142 1634 1196 1679 et
1217 1627 1632 1697 sapientioribus
1661 1629 2102 1700 doctioribusque

513 1712 1032 1768 noncredere?Sed
1076 1715 1128 1769 in
1172 1717 1313 1772 hanc
1355 1718 1715 1788 insipientiam
1759 1721 1980 1784 cadunt,
2009 1721 2099 1790 qui

515 1816 639 1870 eum
670 1802 736 1855 ad
765 1806 1190 1872 cognoscendam
1214 1807 1497 1862 veritatem
1520 1809 1698 1878 aliquo
1735 1789 2102 1880 impediuntur
2129 1789 2177 1848 Β

515 1891 769 1960 obscuro,
810 1909 915 1947 non
943 1894 1009 1948 ad
1032 1895 1372 1964 propheticas
1396 1912 1574 1963 voces,
1609 1915 1736 1955 non-
1759 1901 1826 1956 ad
1854 1901 2105 1971 apostoli-

517 1993 610 2032 cas
632 1978 861 2046 litteras,
890 1996 990 2037 nec
1035 1983 1100 2036 ad
1146 1985 1482 2056 evangelicas
1502 1990 1880 2055 auctoritates,
1916 1992 2010 2046 sed
2037 1993 2105 2048 ad

519 2071 841 2141 semetipsos
872 2085 1180 2140 recurrunt,
1223 2087 1277 2132 et
1312 2079 1434 2134 ideo
1471 2081 1718 2151 magistri
1751 2085 1954 2141 erroris
1993 2086 2106 2139 exi-

517 2167 687 2230 stunt,
711 2161 835 2229 quia
863 2163 1106 2219 veritatis
1133 2165 1378 2237 discipuli
1414 2184 1520 2223 non
1552 2169 1792 2226 fuerunt.
1821 2173 2105 2229 Praemissa

518 2247 662 2302 enim
719 2263 850 2304 voce
891 2251 1167 2310 Dominica
1207 2272 1326 2325 qua:
1365 2257 1526 2312 dicit:
1573 2256 1962 2316 Prwdicabitur
2009 2265 2106 2318 hoc

519 2333 864 2406 Evangeltum
913 2341 970 2395 in
1021 2352 1128 2398 toto
1167 2347 1364 2400 mundo
1401 2347 1616 2419 (Matth.
1668 2367 1820 2416 xxw,
1869 2353 1978 2420 l4),
2016 2369 2107 2409 se-

519 2427 752 2482 cundum
801 2433 1305 2498 prtenuntiationem
1349 2439 1722 2506 propheticam
1765 2457 1884 2510 qua:
1921 2443 1994 2496 illi
2022 2443 2106 2496 di-

522 2519 598 2572 cit
625 2533 640 2571 :
674 2519 790 2574 Vox
819 2523 1038 2578 touitrui
1067 2527 1143 2579 tui
1181 2528 1236 2580 in
1262 2537 1376 2581 rota
1398 2527 1572 2598 (Psal.
1593 2546 1774 2594 Lxxvt,
1813 2533 1924 2601 l9),
1956 2533 2008 2586 id
2027 2541 2111 2587 est

517 2610 832 2678 praedicatio
861 2613 1137 2685 Evangelii
1183 2618 1237 2673 in
1282 2627 1395 2676 toto
1442 2623 1661 2688 mundo,
1686 2625 1775 2693 qui
1805 2625 1910 2680 illis
1937 2627 2066 2681 dicit
2091 2647 2104 2681 :

521 2699 819 2759 Prwdicate
859 2705 1202 2778 Evangelium
1250 2713 1392 2765 omni
1448 2724 1702 2769 creaturae
1749 2716 1944 2786 (Marc.
1995 2735 2106 2784 xvr,

521 2793 635 2860 15),
657 2810 885 2864 quorum
909 2816 1069 2854 sonus
1090 2802 1145 2855 in
1174 2819 1377 2857 omnem
1400 2814 1592 2858 terram
1624 2808 1796 2869 exivit,
1826 2820 1872 2863 et
1899 2811 1950 2862 in
1977 2812 2109 2878 lines

523 2880 661 2934 orbis
703 2893 860 2938 terra:
893 2887 1043 2940 verba
1086 2905 1264 2943 eorum
1313 2890 1484 2963 (Psal.
1531 2910 1683 2957 xvnt,
1724 2895 1799 2966 5),
1845 2899 2109 2968 hodieque

519 2973 841 3040 procedunt,
886 2976 972 3030 isti
1009 2988 1132 3033 sunt
1169 2995 1304 3050 quos
1351 2983 1740 3053 descripsimus
1779 2986 1970 3043 Patres
2014 3005 2109 3042 ea-

524 3059 730 3126 tbolici,
767 3065 962 3133 quibus
990 3065 1246 3124 Dominus
1273 3085 1370 3140 per
1414 3073 1728 3141 prophetam
1757 3075 1910 3140 dixit,
1941 3086 1994 3130 et
2021 3093 2110 3132 us-

2199 533 2408 598 Asiam,
2444 533 2745 600 Orientem,
2775 536 3026 603 Pontum,
3058 537 3368 609 Egyptum,
3397 539 3728 602 Britanniam:

2201 640 2321 693 qua:
2369 634 2427 678 ut
2474 642 2702 682 numero
2749 627 3032 682 denarium
3069 631 3264 700 quippe
3315 635 3635 701 excedentes,
3677 641 3733 694 ad

2199 716 2728 772 duodenarium-non
2757 729 3136 789 pervenerant,
3167 722 3240 775 ita
3262 731 3317 778 et
3341 725 3526 780 merito
3556 727 3729 795 imper-

2201 804 2357 860 fectae
2384 816 2542 860 erant
2589 815 2878 878 antequam
2914 811 3226 881 evangeliea
3276 812 3379 866 ﬁde
3429 822 3481 867 et
3525 815 3732 872 doctrina

2199 896 2608 967 perﬁcerentur,
2640 898 2754 954 haec
2808 915 2927 969 quae
2955 915 3024 954 ex
3073 916 3261 955 eorum
3304 904 3516 973 scriptis
3544 907 3732 978 collegi-

2201 1009 2344 1058 mus,
2369 993 2510 1046 inter
2526 993 2628 1047 alia
2653 1001 2815 1048 rectae
2840 993 2962 1048 ﬁdei
2987 994 3420 1062 praedicamenta,
3440 1012 3530 1067 per
3548 1009 3735 1056 centum

2203 1083 2387 1138 decem
2417 1092 2474 1138 et
2509 1083 2674 1138 trium
2705 1084 3108 1152 provinciarum
3158 1087 3442 1156 mysticum
3495 1103 3632 1156 temne
3655 1107 3736 1144 nu-

2199 1189 2408 1228 merum
2437 1175 2776 1230 docuerunt:
2809 1175 3063 1244 quoniam
3094 1175 3400 1245 quicunque
3433 1175 3485 1230 in
3532 1178 3737 1246 praelatis

2202 1265 2376 1318 tribus
2403 1267 2551 1318 orbis
2576 1264 3026 1328 dimensionibus,
3057 1264 3284 1334 Europae
3309 1264 3568 1329 videlicet,
3599 1267 3735 1332 Asiae,

2201 1354 2490 1419 etAt‘ricae,
2520 1363 2575 1409 et
2604 1354 2656 1408 in
2682 1362 2916 1423 quatuor
2947 1353 3131 1408 mundi
3153 1353 3414 1422 partibus,
3446 1354 3497 1407 in
3525 1349 3737 1409 undecim

2203 1461 2418 1515 quoque
2442 1445 2771 1515 regionibus,
2795 1453 2850 1500 et
2879 1445 2932 1498 in
2964 1443 3053 1499 his
3083 1453 3298 1498 centum
3328 1443 3507 1498 decem
3527 1452 3576 1498 et
3597 1445 3739 1499 tribus

2202 1536 2517 1606 provinciis,
2550 1537 2602 1590 in
2639 1536 2855 1590 nomine
2876 1535 3054 1590 Patris
3075 1543 3128 1588 et
3161 1535 3281 1588 Filii
3311 1543 3366 1589 et
3400 1533 3617 1604 Spiritus
3641 1551 3738 1589 san-

2204 1629 2274 1683 cti
2303 1637 2522 1684 renatus
2548 1643 2615 1682 ex
2661 1644 2798 1698 aqua
2841 1637 2896 1682 et
2945 1627 3181 1697 Spiritus
3228 1634 3434 1690 sancto,
3465 1626 3587 1697 legis
3611 1625 3740 1680 deca-

2204 1717 2387 1788 logum
2420 1718 2591 1788 gratia
2623 1717 2945 1789 evangelica:
2988 1716 3391 1786 praedicationis
3442 1717 3542 1770 vita
3585 1717 3741 1771 obser-

2205 1823 2340 1865 vans
2364 1817 2419 1864 et
2445 1809 2700 1874 moribus,
2745 1825 2865 1864 cum
2895 1809 2990 1865 Dei
3025 1809 3316 1864 dilectione
3361 1817 3416 1862 et
3448 1809 3675 1878 proximi,
3699 1809 3745 1863 in

2207 1901 2414 1956 unitate
2442 1901 2697 1958 Ecclesiae
2725 1901 3007 1956 catholicae
3053 1898 3502 1970 perseveraverit,
3535 1899 3596 1953 ad
3612 1908 3741 1953 eter-

2213 2006 2339 2046 nam
2370 1990 2561 2056 vitam,
2613 2005 2733 2060 quae
2779 1989 3091 2044 centenario
3142 2002 3372 2042 numero
3398 1986 3489 2055 qui
3535 1986 3596 2040 de
3636 1985 3740 2040 iaava

2207 2079 2532 2134 transfertur
2559 2080 2614 2133 in
2661 2079 2938 2133 dexteram
2981 2077 3316 2148 designatur,
3347 2085 3558 2130 auctore
3583 2083 3631 2128 et
3654 2074 3734 2126 fau.

2209 2177 2325 2224 tore
2346 2168 2560 2224 Christo
2584 2169 2878 2238 perveniet,
2929 2166 3082 2234 cujus
3126 2166 3451 2221 auctoritate
3477 2164 3651 2218 Patres
3674 2163 3742 2216 isti

2207 2275 2304 2330 per
2326 2261 2734 2330 dispositionem
2780 2259 3154 2331 apostolicam,
3180 2274 3306 2327 quae
3351 2258 3454 2312 illis
3475 2255 3637 2311 divisit
3660 2267 3744 2308 ter-

2210 2365 2304 2416 rae,
2331 2351 2384 2405 id
2408 2360 2495 2406 est
2513 2350 2787 2415 Ecclesia},
2820 2365 3009 2420 agrum
3041 2349 3094 2403 in
3124 2347 3346 2402 funibus
3369 2346 3744 2408 distributionis,

2212 2443 2402 2498 domos
2451 2441 2556 2497 sibi
2605 2442 2920 2496 distributas
2970 2440 3039 2494 ad
3085 2440 3380 2509 regendum
3417 2447 3741 2506 susceperunt.

2217 2531 2437 2600 suisque
2467 2530 2872 2584 successoribus
2915 2528 3018 2583 ﬁde
3056 2536 3110 2582 et
3138 2528 3407 2592 doctrina,
3437 2542 3547 2595 qua
3572 2524 3746 2580 cmlitus

2217 2621 2406 2677 imbuti
2434 2621 2674 2687 fuerunt,
2699 2621 2962 2692 regendas
3001 2620 3253 2675 translati
3277 2621 3344 2675 ad
3371 2636 3525 2690 regna
3547 2618 3748 2673 etelestia

2212 2712 2569 2782 reliquerunt.
2604 2711 2756 2768 Unde
2777 2720 2831 2766 et
2854 2711 3085 2766 Basilius
3131 2711 3186 2764 in
3213 2725 3462 2766 sermone
3486 2711 3548 2765 de
3577 2708 3748 2779 psalmo

2213 2800 2662 2870 quinquagesimo
2709 2814 2853 2854 nono
2901 2799 3032 2854 dicit
3061 2817 3075 2851 :
3108 2817 3126 2850 ι
3157 2796 3315 2852 Nunc
3342 2813 3488 2868 ergo,
3519 2797 3743 2866 inquiens,

2213 2892 2354 2946 hanc
2378 2892 2701 2962 prmcipuam
2725 2900 2784 2946 et
2801 2891 2949 2946 velut
2993 2891 3261 2960 privatam
3286 2891 3566 2960 quamdam
3609 2889 3750 2941 haere-

2213 2980 2435 3034 ditatem
2483 2981 2538 3035 in
2584 2981 2902 3035 divisionem
2949 2981 3171 3044 vocabo,
3202 2990 3260 3035 et
3302 2994 3622 3036 communem
3649 2992 3746 3032 cum

2215 3071 2425 3126 caeteris
2449 3071 2700 3126 omnibus
2729 3070 2946 3126 faciam.
2996 3070 3130 3126 Cum
3161 3080 3347 3125 autem
3377 3070 3593 3126 divisum
3616 3065 3751 3120 fuerit

524 3164 630 3217 que
651 3151 808 3208 hodie
830 3169 1016 3210 eorum
1038 3157 1281 3212 doctrina
1306 3171 1448 3216 recta
1475 3163 1579 3218 ﬁde
1601 3173 1656 3218 et
1679 3166 1929 3235 operibus
1954 3167 2108 3222 bonis
2135 3158 2182 3222 C
2215 3174 2594 3221 testamentum
2620 3165 2677 3219 in
2712 3179 2921 3229 omnes,
2947 3174 3001 3218 et
3030 3174 3229 3220 cuncta
3255 3163 3370 3234 ejus
3420 3165 3612 3218 utilitas
3650 3160 3747 3229 uni-

527 3239 824 3298 Ecclesiam
855 3243 1278 3312 gubernantibus
1317 3251 1446 3305 dicit
1478 3251 1704 3308 :Ponite
1748 3258 1907 3310 corda
1943 3268 2110 3312 vestra

524 3329 580 3382 in
619 3331 805 3386 virtute
851 3333 985 3403 ejus,
1017 3336 1251 3394 civitatis
1291 3340 1498 3396 scilicet
1537 3341 1857 3412 Jerusalem,
1887 3363 2006 3416 qua:
2030 3358 2113 3405 est

524 3419 787 3488 Ecclesia,
840 3434 888 3477 et
937 3425 1230 3482 distribuite
1268 3429 1449 3484 domos
1483 3434 1629 3500 ejus,
1669 3444 1723 3488 ut
1762 3438 2014 3490 enarretis
2056 3440 2110 3492 in

523 3512 764 3579 progenie
803 3514 989 3578 altera,
1031 3520 1279 3587 quoniam
1320 3521 1404 3573 hic
1442 3532 1516 3575 est
1558 3522 1698 3577 Deus
1739 3527 2107 3597 uoster(Psal.

524 3615 694 3666 xsvu,
725 3602 834 3672 H),
862 3605 913 3658 id
952 3615 1054 3672 est,
1093 3617 1286 3664 utnon
1328 3611 1574 3668 habeatis
1623 3613 1851 3670 formam
1894 3619 2110 3687 pietatis

522 3693 776 3749 virtutem
815 3696 931 3764 ejus
956 3699 1301 3772 abnegantes,
1329 3705 1421 3759 sed
1451 3707 1504 3760 in
1552 3708 1750 3764 virtute
1777 3709 1892 3779 ejus
1924 3715 2109 3782 ponite

522 3784 686 3839 corda
738 3798 938 3856 vestra,
985 3807 1106 3861 qua:
1142 3802 1226 3848 est
1267 3797 1503 3853 charitas
1545 3799 1612 3855 de
1664 3803 1824 3855 corde
1874 3820 2008 3872 puro
2055 3814 2110 3860 et

523 3878 852 3933 conscientia
880 3881 1017 3936 bona
1049 3892 1105 3938 et
1126 3884 1236 3959 .ﬁde
1265 3903 1366 3942 non
1395 3888 1542 3954 ﬁcta,
1579 3900 1635 3944 et
1683 3893 1784 3946 ista
1827 3893 2108 3963 dispensa-

525 3968 671 4023 tione
697 3973 1092 4038 praadicationis
1112 3987 1307 4034 vestrm
1332 3979 1637 4037 distribuite
1658 3984 1845 4039 domos
1875 3986 2106 4044 civitatis

522 4073 678 4123 mete,
711 4064 885 4130 magni
917 4065 1120 4120 scilicet
1164 4070 1324 4139 regis,
1375 4071 1763 4127 concordantes
1809 4075 1860 4128 in
1910 4077 2107 4147 angulo

519 4148 794 4219 Evangelii
836 4169 962 4209 vera
991 4156 1253 4213 charitate
1289 4160 1600 4229 conjuncto,
1647 4174 1707 4217 ut
1746 4168 2012 4222 enarretis
2051 4169 2104 4223 in

519 4243 774 4309 progenie
824 4243 1016 4308 altera,
1052 4249 1306 4317 quoniam
1349 4267 1448 4321 ego
1487 4268 1603 4306 sum
1654 4255 1796 4309 Deus
1825 4257 2101 4312 vobiscum

521 4345 844 4402 permanens
877 4337 1126 4390 omnibus
1169 4339 1358 4393 diebus
1386 4357 1554 4410 usque
1584 4343 1650 4397 ad
1687 4349 2104 4402 consummatio-

520 4435 642 4475 nem
681 4424 880 4486 saeculi,
913 4424 1004 4492 qui
1053 4427 1192 4480 dabo
1235 4428 1388 4482 vobis
1434 4433 1858 4500 gubernantibus
1910 4435 2098 4490 Eccle-

519 4509 657 4562 siam
686 4527 880 4577 meam,
913 4515 1172 4572 adversus
1200 4534 1363 4588 quam
1391 4531 1559 4590 porta:
1589 4523 1744 4578 inferi
1772 4541 1875 4579 non
1905 4543 2111 4596 praeva-

521 4599 729 4665 lebunt,
759 4618 822 4657 os
869 4614 923 4657 ct
963 4607 1280 4675 sapientiam
1319 4611 1402 4665 cui
1443 4629 1548 4666 non
1581 4624 1832 4683 poterunt
1859 4618 2111 4674 resistere

521 4701 577 4763 et
605 4696 975 4752 contradicere
1005 4715 1192 4756 omnes
1233 4704 1526 4758 adversarii
1559 4708 1746 4762 vestri.

591 4781 707 4847 Isti,
739 4785 983 4867 inquam,
1010 4791 1292 4846 orthodoxi
1337 4795 1588 4850 doctores
1621 4798 1670 4850 in
1719 4797 1867 4862 Asia,
1895 4799 2105 4868 Europa

520 4881 574 4925 et
619 4872 806 4944 Libya,
837 4893 956 4946 qua!
994 4889 1049 4933 et
1093 4882 1273 4937 Africa
1304 4885 1520 4948 dicitur,
1564 4895 1728 4954 atque
1773 4886 1825 4940 iu
1870 4899 2103 4957 quatuor

519 4965 703 5016 mundi
753 4968 1014 5033 partibus,
1065 4970 1316 5038 Oriente,
1371 4975 1682 5040 Occidente,
1733 4977 1996 5047 Aquilone
2047 4992 2102 5036 et

518 5055 737 5122 Austro,
784 5058 1063 5115 illuminati
1109 5064 1175 5116 ab
1201 5079 1265 5118 eo
1294 5067 1386 5135 qui
1412 5078 1494 5121 est
1523 5083 1648 5122 vere
1673 5068 1762 5122 lux
1805 5071 2008 5132 mundi,
2047 5081 2102 5126 et

520 5145 787 5202 illuminat
814 5165 1029 5204 omnem
1059 5153 1328 5209 hominem
1359 5159 1662 5213 venientem
1691 5160 1742 5212 in
1774 5161 1916 5215 hunc
1949 5177 2102 5214 mun-

520 5239 646 5292 dum
674 5239 856 5308 (Joau.
895 5258 932 5296 ι.
974 5243 1050 5312 9),
1081 5246 1386 5316 quicunque
1413 5249 1766 5314 illuuiinatur,
1795 5252 1906 5306 sive
1939 5263 2102 5307 natu-

519 5334 620 5388 rali
649 5335 883 5405 ingenio,
913 5353 1005 5392 seu
1043 5340 1321 5408 sapientia:
1363 5343 1625 5408 doctrina,
1657 5344 1832 5398 edocti
1861 5346 2022 5399 etiam
2071 5363 2101 5400 a

518 5422 757 5492 perfecto
797 5435 878 5479 ter
922 5437 1186 5496 quaterno
1225 5431 1593 5498 apostolorum
1637 5449 1882 5499 numero,
1930 5435 2106 5504 perfe-

521 5499 702 5585 ctique
760 5517 922 5586 287
977 5518 1031 5571 in
1074 5519 1177 5573 [ide
1237 5521 1519 5575 Trinitatis
1569 5531 1624 5577 et
1669 5499 2103 5592 doctrina-atque

521 5605 830 5677 evangelica
862 5609 966 5662 vita
986 5650 1000 5672 ,
1045 5626 1140 5679 per
1171 5611 1423 5667 undecim
1474 5613 1718 5684 regiones
1747 5615 1895 5669 orbis
1944 5624 2101 5669 terra:

522 5698 761 5754 sedentis
791 5701 844 5755 in
875 5703 1109 5758 tenebris
1138 5711 1192 5757 ct
1219 5704 1406 5759 umbra
1435 5706 1644 5773 mortis,
1679 5706 1730 5761 id
1763 5715 1846 5762 est
1868 5705 2097 5772 Italiam,

2209 3257 2381 3312 versis
2409 3255 2636 3325 cmperit
2658 3270 2778 3310 esse
2829 3255 3154 3320 communis,
3205 3255 3320 3311 Deo
3360 3269 3456 3325 pro
3484 3254 3625 3308 nobis
3657 3264 3748 3304 om—

2210 3347 2368 3401 nibus
2391 3345 2584 3400 melius
2610 3345 2813 3414 aliquid
2835 3344 3172 3414 providente,
3200 3353 3332 3398 tunc
3351 3345 3510 3398 etiam
3532 3337 3752 3396 convallis

2212 3421 2680 3489 tabernaculorum
2716 3433 3048 3497 dimetietur,
3082 3435 3185 3487 hoc
3211 3443 3296 3488 est
3340 3434 3610 3488 universus
3631 3427 3749 3482 orbis

2213 3533 2500 3589 terrarum,
2527 3526 2619 3594 qui
2650 3525 2808 3579 vallis
2835 3524 3310 3580 tabernaculorum
3339 3541 3436 3595 pro
3472 3517 3750 3577 habitaculis

2209 3631 2497 3684 corporum
2536 3616 2714 3670 dictus
2741 3624 2846 3680 est,
2880 3615 2966 3670 hic
2990 3615 3136 3669 velut
3163 3617 3397 3683 quadam
3421 3623 3560 3668 sorte
3585 3610 3751 3666 divisus

2210 3717 2374 3778 atque
2406 3709 2707 3771 dimensus,
2736 3723 2834 3776 per
2877 3708 3088 3778 singula
3115 3709 3233 3762 loca
3284 3707 3634 3762 Ecclesiarum
3677 3698 3750 3754 Dei

2207 3799 2480 3868 parochiis
2504 3807 2560 3853 et
2588 3797 2909 3852 incolatihus
2951 3798 3336 3868 distiuguetur.
3373 3798 3517 3851 Tunc
3539 3795 3680 3848 etiam
3700 3803 3750 3842 ea

2209 3907 2330 3961 qua:
2352 3889 2521 3943 divisa
2551 3888 2760 3943 suntin
2811 3889 3076 3942 unitatem
3124 3888 3252 3943 ﬁdei
3308 3885 3638 3958 congregahit
3681 3880 3750 3934 illc

2209 3980 2299 4050 qui
2332 3980 2579 4048 paciﬁcat
2601 3992 2697 4048 per
2725 3979 3042 4050 sanguinem
3074 3994 3260 4044 suum,
3289 3980 3405 4034 sive
3425 3993 3539 4047 quae
3563 3977 3609 4029 in
3636 3983 3752 4027 terra

2211 4081 2359 4137 sunt,
2391 4071 2505 4125 sive
2549 4087 2670 4140 quae
2699 4071 2754 4124 in
2786 4070 2960 4134 cmlis,
3005 4080 3060 4124 et
3103 4071 3198 4140 qui
3249 4071 3486 4126 medium
3527 4067 3753 4139 parietem

2208 4164 2352 4234 sepis
2383 4163 2597 4218 solvens
2629 4161 2758 4217 facit
2805 4172 3037 4232 utraque
3071 4179 3240 4216 unum
3273 4162 3486 4234 (Ephes.
3529 4177 3584 4224 ιι,
3613 4157 3704 4226 Η).
3733 4171 3750 4203 ›

2279 4258 2355 4312 De
2383 4255 2580 4327 quibus
2605 4255 3035 4310 dimensionibus
3061 4255 3240 4310 sortiti
3279 4264 3403 4309 sunt
3427 4255 3511 4308 isti
3539 4243 3752 4306 catholici

2208 4350 2462 4403 doctores
2497 4345 2806 4416 hujusmodi
2859 4347 3122 4416 regendas
3169 4346 3479 4415 parochias,
3529 4343 3577 4395 id
3618 4347 3690 4392 est
3712 4336 3751 4387 in

2213 4438 2349 4491 urbe
2375 4435 2568 4500 Roma,
2619 4436 2766 4489 orbis
2809 4434 3018 4490 scilicet
3065 4435 3266 4502 capite,
3304 4434 3532 4502 indeque
3576 4443 3661 4497 per
3687 4434 3752 4476 to-

2219 4536 2332 4581 tum
2361 4527 2642 4590 mundum,
2686 4524 3050 4587 Innocentius,
3083 4523 3430 4587 leestinus,
3472 4520 3596 4583 Leo,
3621 4525 3752 4582 autne

2216 4616 2526 4687 Gregorius,
2561 4631 2666 4668 non
2693 4614 2867 4668 solum
2899 4614 2964 4667 de
2986 4615 3088 4668 hoc
3110 4613 3372 4683 capitulo,
3409 4627 3512 4680 quo
3553 4617 3750 4674 evange—

2212 4707 2314 4760 lica
2345 4716 2400 4760 et
2431 4705 2722 4775 apostolica
2752 4704 3074 4758 auctoritate
3116 4705 3365 4768 docetur,
3398 4701 3517 4771 quia
3541 4695 3750 4752 Christus

2209 4795 2365 4850 Jcsus
2390 4797 2534 4850 venit
2566 4795 2622 4848 in
2651 4797 2793 4849 hunc
2845 4796 3104 4848 mundum
3155 4804 3465 4864 peccatores
3508 4789 3668 4844 salvos
3689 4783 3752 4836 fa-

2211 4903 2356 4952 cere,
2384 4888 2474 4957 qui
2502 4903 2600 4956 pro
2641 4887 2820 4956 impiis
2843 4895 3088 4940 mortuus
3115 4895 3199 4940 est
3221 4886 3399 4954 justus
3421 4898 3514 4954 pro
3537 4875 3746 4949 iujusliS;

2211 4991 2264 5034 et
2317 4980 2460 5048 quod
2507 4979 2551 5032 si
2593 4994 2728 5032 unus
2781 4993 2879 5047 pro
2925 4977 3175 5031 omnibus
3223 4985 3467 5030 mortuus
3498 4980 3594 5033 est,
3644 4976 3748 5032 ergo

2209 5087 2399 5127 omnes
2425 5070 2619 5124 mortui
2669 5080 2814 5134 sunt,
2851 5079 2904 5122 et
2934 5085 3032 5138 pro
3081 5069 3334 5124 omnibus
3385 5074 3615 5120 mortuus
3653 5065 3746 5113 est:

2210 5177 2398 5215 verum
2449 5171 2504 5215 et
2550 5162 2616 5215 de
2669 5161 3007 5230 praescientia
3051 5169 3106 5214 et
3149 5159 3602 5230 prmdestiuatioue
3649 5147 3746 5209 Dei,

2210 5261 2372 5320 atque
2413 5252 2477 5306 de
2505 5251 2676 5322 gratia
2719 5260 2772 5304 et
2799 5251 2966 5304 libero
2995 5251 3249 5314 arbitr-io,
3297 5264 3501 5304 necnon
3543 5255 3594 5298 et
3630 5236 3746 5309 quod

2211 5341 2355 5395 Deus
2383 5355 2571 5394 omnes
2604 5341 2850 5394 homines
2901 5340 3012 5394 vult
3049 5340 3225 5394 salvos
3274 5337 3408 5400 ﬁeri,
3436 5346 3486 5390 et
3513 5331 3743 5388 neminem

2210 5433 2378 5502 288
2404 5431 2518 5484 vult
2543 5431 2742 5500 perire,
2762 5432 2901 5486 sicut
2921 5431 3369 5502 praeseripsimus,
3387 5429 3678 5482 docuerunt.
3700 5417 3743 5469 In

2209 5523 2360 5577 Italia
2423 5523 2774 5578 nihilominus
2819 5523 3095 5593 provincia
3158 5521 3424 5592 Ligurius,
3464 5513 3742 5577 exterisque

2208 5615 2407 5669 Italicae
2438 5614 2672 5684 regionis
2701 5614 2886 5668 decem
2930 5623 2987 5669 et
3039 5623 3163 5669 octo
3210 5611 3513 5684 provinciis,
3556 5609 3745 5660 sanch

2207 5705 2540 5761 Ambrosius.
2599 5704 2654 5758 In
2713 5703 3096 5774 septemdecim
3131 5717 3280 5773 aeque
3313 5699 3588 5756 Galliarum
3637 5699 3740 5759 pro-
