3992 6336
258 346 386 405 553

1061 346 1148 403 DE
1186 337 1854 400 PREDES’I’INATIONE
1894 335 2346 396 DISSERTATIO
2381 340 2792 397 POSTERIOR.

3430 345 3540 402 554

265 464 472 521 vinciis
496 472 718 520 sanctus
736 461 972 519 Hilarius
989 472 1043 518 et
1067 463 1320 532 Prosper,
1341 463 1416 516 ita
1445 469 1504 515 ιιι
1525 459 1857 527 scripsimus,
1889 454 1939 513 A
1969 470 1990 502 ι
2035 453 2328 510 Donatistae
2371 456 2511 525 apud
2554 471 2614 511 se
2661 464 2868 510 tantum
2905 456 2959 510 in
2997 455 3179 511 Africa
3217 459 3540 516 catholicam

266 555 611 609 docuerunt.
634 553 691 607 ln
714 568 809 608 sex
832 552 1122 622 provinciis
1158 551 1357 605 Africae
1382 548 1685 621 Cyprianus
1727 545 1863 600 Car-

267 642 621 713 thaginensis
654 642 1113 712 archiepiscopus,
1144 649 1200 694 et
1257 649 1479 694 sanctus
1532 635 1865 706 Augustinus

270 732 793 802 Hipponeregiensis
819 732 1104 800 episcopus
1134 729 1213 784 sic
1239 727 1504 783 catholice
1545 726 1862 779 docuerunt.

268 824 538 894 Idemque
562 824 755 879 beatus
802 822 1136 892 Augustinus
1186 817 1412 873 antidoti
1451 816 1864 878 coniectionem,

268 917 349 971 ad
374 914 522 971 hanc
542 923 600 970 et
627 910 771 969 alias
799 913 998 968 multas
1025 911 1366 966 inﬁrmitates
1410 908 1637 963 miriﬁce
1669 906 1868 960 facien-

271 1004 418 1070 tem,
448 1005 555 1059 hoc
581 1004 769 1058 morbo
801 1003 853 1057 in
880 1000 1069 1057 Galliis
1098 998 1468 1055 laborantibus
1510 998 1658 1051 circa
1705 994 1863 1050 linem

271 1095 495 1150 dierum
522 1109 743 1149 suorum
771 1092 1089 1148 transmisit.
1125 1089 1397 1159 llispanim
1422 1102 1634 1158 quoque
1661 1094 1866 1155 septem

268 1184 580 1254 provinciae
616 1183 720 1237 hac
748 1182 991 1237 doctrina
1023 1180 1288 1236 catholica
1336 1192 1433 1248 per
1478 1186 1725 1231 sanctum
1770 1175 1865 1229 lli-

262 1273 481 1329 «larium
510 1282 568 1328 et
595 1272 916 1343 Prosperum
947 1272 1227 1326 illustrata:
1272 1268 1512 1324 fuerunt.
1544 1268 1601 1324 ln
1648 1268 1868 1337 provin-

254 1366 385 1423 ~ciis
408 1364 597 1420 decem
623 1372 678 1419 et
705 1378 897 1419 novem
920 1362 1136 1435 Illyrici,
1167 1361 1316 1416 Pauli
1346 1360 1727 1430 praedicatione
1750 1357 1869 1413 fun-

275 1456 530 1520 datis,vet
557 1470 651 1511 sex
678 1454 975 1524 provinciis
997 1453 1262 1516 Thraciae,
1290 1452 1346 1506 in
1373 1466 1478 1521 qua
1495 1460 1582 1506 est
1606 1449 1867 1504 Constan-

282 1545 565 1614 tinopolis,
601 1559 763 1614 quam
820 1543 1112 1615 Gregorius
1138 1541 1528 1606 Nazianzenus,
1568 1541 1651 1593 vir
1682 1540 1734 1593 in
1763 1538 1869 1592 title

258 1645 337 1691 'et
367 1638 613 1692 doctrina
635 1636 1062 1705 opinatissimus,
1104 1650 1203 1706 per
1229 1634 1508 1689 duodecim
1539 1648 1711 1688 annos
1755 1630 1869 1702 epi-

272 1730 577 1799 scopaliter
602 1729 765 1793 rexit,
808 1729 1183 1783 haereticorum
1235 1726 1411 1796 capita
1458 1724 1866 1795 conquassavit,

274 1796 485 1893 eosque
513 1821 774 1876 novacula
804 1820 1008 1888 linguae
1044 1820 1331 1875 catholicae
1356 1834 1388 1874 a
1432 1817 1726 1889 provinciis
1756 1816 1865 1872 eis-
1894 1796 1940 1854 Β

272 1913 404 1966 dem
433 1912 625 1966 erasit.
657 1908 859 1965 Verum
888 1919 948 1965 et
993 1910 1279 1980 Dionysius
1324 1909 1695 1979 Areopagitas,
1726 1908 1866 1962 anti-

262 2018 423 2073 quus
453 2012 510 2057 et
541 2000 865 2057 venerabilis
893 2001 1074 2066 Pater,
1124 2001 1264 2056 sicut
1291 2000 1624 2070 scripsimus,
1646 2008 1868 2069 aposto-

275 2091 381 2147 lice
405 2091 612 2155 docuit,
637 2100 693 2146 et
718 2089 954 2146 Joannes
981 2088 1397 2161 Chrysostomus
1424 2090 1501 2145 ita
1525 2100 1584 2144 ut
1632 2089 1749 2158 ejus
1777 2090 1868 2144 de-

277 2183 497 2238 clarant
527 2183 837 2238 testimonia
860 2182 1193 2253 praedicavit.
1224 2182 1283 2237 In
1321 2181 1602 2237 duodecim
1647 2181 1865 2252 provin-

263 2276 379 2330 ciis
424 2275 605 2340 Asiae,
658 2275 800 2330 sicut
850 2275 965 2344 ipse
1010 2272 1246 2329 Joannes
1290 2271 1708 2342 Chrysostomus
1756 2270 1868 2326 suis

274 2363 501 2432 scriptis
528 2364 883 2427 demonstrat,
912 2361 1068 2417 exsul
1118 2360 1352 2418 factione
1407 2361 1782 2417 luereticorum
1814 2367 1871 2415 et

276 2454 641 2522 quorumdam
700 2453 866 2507 etiam
911 2452 1103 2517 livore,
1142 2453 1217 2507 ita
1251 2452 1555 2522 perdocuit.
1601 2451 1659 2506 ln
1711 2450 1868 2522 Syria

278 2543 507 2609 Ciliciae,
548 2544 609 2598 in
658 2559 764 2614 qua
811 2552 895 2598 est
943 2542 1253 2605 Antiochia,
1285 2541 1579 2611 provinciis
1621 2541 1871 2596 videlicet

268 2633 469 2689 decem
494 2648 742 2699 numero,
773 2634 942 2689 isdem
967 2632 1203 2689 Joannes
1230 2632 1670 2703 Chrysostomus,
1725 2640 1872 2688 ante-

270 2740 444 2795 quam
475 2726 545 2781 ab
568 2726 877 2791 Antiochia,
906 2734 965 2780 ut
996 2725 1288 2781 Liberatus
1314 2724 1657 2797 Carthaginis
1691 2724 1870 2779 archi-

283 2817 541 2871 diaconus
577 2817 790 2880 scribit,
847 2826 1157 2887 assumptus
1204 2816 1672 2885 Constantinopoli
1724 2814 1871 2870 ordi-

275 2913 509 2960 naretur
531 2906 841 2977 episcopus,
867 2906 942 2961 ita
991 2905 1386 2976 dogmatizasse
1408 2904 1695 2977 probatur.
1732 2903 1869 2959 Bea-

275 3004 367 3050 tus
396 3010 614 3066 quoque
640 2995 997 3067 Hieronymus
1048 2997 1102 3050 in
1134 2996 1293 3067 Syria
1338 2995 1643 3061 Palaestina,
1681 2995 1734 3050 in
1763 3009 1870 3065 qua

273 3096 363 3142 est
389 3086 693 3142 Jerusalem
743 3088 937 3143 civitas
992 3093 1049 3143 et
1093 3087 1371 3142 Bethleem
1419 3087 1692 3158 oppidum,
1729 3088 1870 3143 sicut

270 3178 457 3249 .posita
478 3193 510 3232 a
535 3178 692 3233 nobis
717 3179 835 3249 ejus
866 3178 1175 3233 testimonia
1198 3177 1495 3242 declarant,
1522 3178 1596 3233 ita
1632 3178 1868 3233 sensisse

276 3278 333 3325 et
356 3269 609 3324 docuisse
633 3269 910 3339 probatur.
958 3267 1017 3322 In
1066 3266 1223 3323 Ponti
1249 3276 1373 3322 octo
1398 3268 1709 3337 provinciis,
1741 3282 1870 3337 qua-

270 3374 400 3413 mm
428 3375 537 3413 una
568 3367 651 3414 est
689 3359 1045 3430 Cappadocia,
1076 3359 1307 3415 Basilius
1352 3358 1726 3430 Cappadocus,
1755 3376 1868 3415 ma-

276 3465 419 3522 gnus
450 3458 508 3504 et
529 3451 863 3505 orthodoxus
887 3458 1091 3516 orator,
1129 3452 1206 3506 ita
1256 3451 1524 3507 catltolice
1567 3452 1770 3507 docuit.
1808 3452 1869 3508 in

254 3541 545 3614 ~.éligypto,
573 3542 629 3596 in
661 3556 768 3611 qua
812 3549 897 3597 est
925 3541 1276 3607 Alexandria,
1304 3543 1653 3607 Athanasius,
1693 3542 1868 3598 Theo-

278 3634 482 3703 philus,
507 3641 563 3687 et
590 3630 844 3703 Cyrillus,
864 3633 1037 3687 ’sicut
1077 3632 1410 3704 scripsimus,
1443 3648 1533 3688 sex
1563 3634 1869 3704 provincias

282 3725 607 3779 docuerunt.
643 3723 703 3777 lu
721 3722 1003 3778 Britannia
1026 3724 1264 3794 quinque
1285 3723 1683 3795 provinciarum
1725 3725 1868 3780 Beda

280 3817 590 3885 presbyter,
619 3822 678 3869 ut
716 3816 1072 3881 ostendimus,
1105 3826 1413 3871 sanctarum
1464 3816 1867 3888 Scripturarum

277 3905 609 3962 auctoritate
639 3912 695 3960 et
722 3914 1030 3960 sanctorum
1055 3904 1275 3960 Patrum
1324 3906 1570 3962 doctrina
1616 3909 1730 3963 haec
1773 3924 1870 3963 ca-

282 3996 484 4050 tholica
511 4006 860 4051 monumenta
890 3996 1003 4052 suis
1028 3998 1261 4066 posteris
1289 3996 1596 4067 dereliquit.

354 4086 556 4155 Sicque
592 4086 779 4141 talium
835 4087 1072 4142 virorum
1119 4087 1521 4158 praedicatione,
1574 4104 1604 4142 a
1651 4088 1868 4146 Christo

277 4177 604 4242 illuminata,
630 4184 690 4232 et
736 4177 806 4233 ab
860 4176 1118 4247 apostolis
1140 4176 1387 4241 fundata,
1437 4178 1703 4233 catholica
1758 4190 1870 4235 toto

281 4266 415 4321 orbe
446 4264 637 4321 diffusa
661 4266 908 4322 Ecclesia
932 4268 1284 4332 consistente,
1321 4267 1411 4322 isti
1452 4269 1691 4324 moderni
1720 4268 1869 4324 Praz-

270 4356 653 4425 destinatiani,
690 4359 784 4429 qui
817 4369 1076 4429 quantum
1098 4360 1298 4413 rescire
1332 4374 1645 4429 possumus,
1672 4361 1870 4417 diversi

281 4450 495 4504 ordinis
517 4458 572 4504 et
617 4449 856 4516 habitus,
884 4451 1222 4519 diversaeque
1247 4449 1621 4521 professionis,
1652 4466 1754 4508 nec
1801 4453 1868 4507 ad

282 4541 558 4595 decimum
592 4556 879 4596 numerum
931 4551 1316 4611 pervenerunt,
1351 4543 1404 4597 in
1436 4543 1609 4598 tribus
1659 4553 1867 4599 tantum

276 4631 601 4702 provinciis,
628 4642 821 4688 contra
861 4641 1129 4687 tantorum
1163 4632 1463 4689 doctrinam
1492 4635 1633 4690 sicut
1672 4634 1871 4706 legitur

285 4740 471 4779 mures
512 4725 717 4795 egressi
769 4724 838 4780 de
870 4725 1136 4787 cavernis
1167 4726 1301 4790 suis,
1348 4734 1403 4781 et
1450 4726 1596 4781 velut
1641 4728 1871 4798 pustula:

286 4814 516 4870 humore
557 4816 720 4870 noxio
733 4815 1077 4870 coalescente
1101 4817 1169 4870 de
1196 4816 1317 4871 loco
1346 4817 1399 4871 in
1426 4816 1548 4872 loco
1575 4826 1785 4873 scatent
1812 4818 1867 4873 in

288 4921 537 4976 c0rpore,
576 4915 746 4977 atque
793 4907 941 4963 velut
982 4916 1168 4977 putres
1196 4915 1254 4963 et
1289 4917 1557 4979 corrupta:
1589 4910 1870 4965 cicatrices

287 4993 545 5061 EchSia:
564 5000 807 5054 membra
829 4997 1034 5053 fmdare
1055 5007 1343 5064 tentantes,
1359 5015 1418 5057 se
1431 5000 1729 5056 catholicos
1749 5016 1872 5057 esse

287 5091 497 5156 dicunt,
525 5092 749 5171 suisque
772 5091 1039 5160 capitulis,
1075 5091 1161 5146 vel
1184 5093 1364 5161 potius
1388 5092 1667 5161 pediculis,
1691 5092 1869 5147 eccle-

290 5182 490 5237 siarum
514 5181 795 5253 prmsules,
818 5182 991 5249 nimio,
1006 5195 1194 5236 errore
1214 5190 1268 5236 et
1289 5183 1406 5237 sine
1435 5182 1769 5238 discussione
1788 5182 1873 5236 vel

290 5276 691 5330 examinatione
710 5274 1009 5340 ordinatos,
1038 5282 1203 5343 atque
1247 5288 1354 5328 non
1376 5275 1872 5346 appropinquantes

292 5365 600 5436 apostolica:
615 5364 999 5434 2891mm,
1018 5363 1277 5419 denotare
1288 5380 1383 5418 seu
1398 5363 1660 5419 infamare
1677 5381 1874 5434 praesu-

292 5455 596 5519 munt.,Sed
625 5471 729 5509 non
752 5463 836 5509 est
868 5455 969 5509 hoc
994 5470 1215 5519 novum,
1244 5454 1383 5509 sicut
1410 5470 1510 5510 nec
1538 5470 1671 5509 nova
1698 5457 1871 5510 hiero-

259 5587 262 5593 η
293 5548 366 5600 sis
402 5562 565 5617 quam
605 5546 887 5601 extollunt.
937 5546 1007 5602 Ut
1036 5547 1180 5600 enim
1212 5546 1401 5601 beatus
1430 5547 1788 5618 Augustinus,
1818 5556 1874 5602 et

295 5638 346 5691 in
379 5637 700 5691 tractatibus
731 5637 1089 5701 Psalmorum,
1122 5647 1176 5693 et
1205 5638 1265 5692 in
1300 5638 1571 5709 opusculis
1597 5638 1664 5692 de
1691 5637 1875 5693 Pasto-

296 5727 442 5800 ribus
489 5737 544 5783 et
594 5729 827 5806 ovibus,
868 5737 923 5785 ct
949 5731 1113 5804 etiam
1143 5731 1197 5786 in
1226 5731 1347 5789 aliis
1375 5734 1489 5788 suis
1515 5732 1666 5788 libris
1694 5734 1824 5791 dicit
1857 5752 1870 5789 :

1966 547 2292 602 remansisse
2319 544 2686 619 gloriabantur
2725 548 3023 603 Ecclesium
3049 589 3064 615 ,
3103 548 3238 604 falso
3274 551 3416 605 inter
3441 568 3545 608 cte-
3588 572 3593 576 ν

1967 645 2084 691 tera
2129 635 2425 707 Scriptura:
2472 640 2733 693 donantes
2778 639 3080 709 exemplum
3133 656 3242 711 quo
3290 642 3487 699 dicitur
3524 663 3540 700 :

1966 726 2110 781 Deus
2137 727 2201 780 ab
2229 726 2409 796 Africo
2438 730 2622 794 veniet,
2650 737 2699 782 et
2738 740 2950 783 sanctus
2978 730 3043 783 de
3070 741 3242 784 monte
3282 733 3542 788 condenso

1952 827 2015 870 ,ει
2045 817 2286 871 umbroso
2330 816 2493 888 (Hab.
2519 833 2604 883 ιιι,
2625 819 2700 888 5).
2737 837 2756 871 ι
2797 817 3036 886 Quorum
3079 818 3365 879 falsitatem
3398 823 3541 880 idem

1967 907 2160 962 beatus
2188 905 2516 977 Augustinus
2556 908 2894 977 apertissime
2923 909 3232 975 denudavit,
3271 919 3325 965 et
3354 927 3544 982 repro-

1946 990 2147 1063 ‘bavit,
2189 1009 2351 1069 atque
2382 1000 2588 1054 revicit.
2639 999 2773 1052 Nam
2820 1000 2865 1054 si
2903 1000 3086 1069 plures
3111 1017 3273 1071 quam
3307 994 3542 1058 diximus

1967 1106 2192 1145 numero
2234 1090 2473 1145 moderni
2511 1090 2747 1145 existant
2789 1089 3273 1157 Praadestinatiani,
3310 1094 3539 1147 necdum

1968 1194 2294 1249 cognoscere
2325 1194 2611 1250 possumus
2638 1196 2651 1232 :
2684 1178 2811 1246 quia
2839 1178 2943 1232 etsi
2973 1193 3160 1234 eorum
3192 1181 3353 1235 corda
3381 1183 3434 1235 in
3466 1180 3543 1235 in-

1969 1269 2175 1322 saniam
2203 1269 2445 1339 perversi
2484 1283 2676 1324 sensus
2703 1267 2985 1331 ebulliunt,
3020 1284 3184 1338 prava
3215 1277 3392 1324 tamen
3421 1286 3544 1341 qua:

1968 1357 2207 1411 sentiunt
2263 1358 2503 1429 apertius
2556 1357 2735 1427 eloqui
2785 1372 2893 1411 non
2939 1366 3289 1426 praesumunt.
3359 1359 3432 1413 lta
3485 1370 3545 1414 ut

1969 1457 2154 1519 aperte
2181 1448 2459 1503 videamus
2489 1449 2697 1518 impleri
2734 1448 2876 1518 quod
2918 1450 3178 1519 scriptum
3217 1458 3300 1504 est
3348 1469 3361 1504 :
3405 1448 3545 1505 Con-

1968 1551 2190 1607 gregana
2231 1538 2364 1591 sicut
2405 1536 2459 1591 in
2499 1547 2612 1591 utre
2649 1553 2813 1609 aqua:
2851 1537 3013 1591 maris
3053 1534 3227 1607 (Psal.
3259 1555 3430 1603 xxxu,
3464 1539 3540 1610 Ἰ).

1968 1632 2121 1702 Aqua
2171 1633 2316 1688 enim
2368 1632 2533 1688 maris
2583 1632 2724 1689 sicut
2778 1632 2832 1688 in
2891 1642 3012 1686 utre
3065 1642 3386 1703 congregata
3439 1642 3543 1696 est,

1971 1722 2187 1793 quando
2241 1740 2426 1789 amara
2479 1725 2855 1779 haereticorum
2910 1723 3135 1779 scientia
3190 1724 3330 1794 quod
3381 1739 3545 1793 prave

1969 1816 2134 1872 sentit
2173 1816 2228 1870 in
2273 1826 2493 1886 pectore
2537 1816 2876 1884 comprimit,
2916 1823 2971 1867 et
3002 1821 3188 1883 aperte
3221 1814 3402 1869 dicere
3436 1829 3545 1868 non

1967 1907 2265 1979 praesumit.
2308 1906 2374 1962 Et
2405 1915 2551 1962 recte
2580 1906 2793 1961 noviter
2814 1904 3148 1977 garrientes,
3193 1914 3253 1960 ut
3286 1905 3545 1970 diximus,

1967 2005 2228 2068 quantum
2275 2008 2603 2068 cognoscere
2647 2009 2972 2066 possumus,
3022 1994 3079 2049 in
3114 1995 3410 2050 uovenario
3454 2010 3549 2049 nu-

1968 2103 2120 2142 mero
2163 2095 2474 2153 remanent,
2509 2095 2565 2142 et
2606 2088 2673 2142 ad
2712 2088 2982 2143 decimum
3028 2103 3135 2143 non
3177 2088 3542 2158 perveniunt:

1968 2179 2127 2235 sicuti
2148 2187 2209 2234 et
2233 2194 2424 2234 novem
2454 2179 2674 2249 leprosi,
2705 2179 2818 2249 qui.
2852 2194 2959 2233 uno
2983 2179 3051 2233 ad
3076 2179 3277 2250 gratias
3314 2178 3547 2235 referen-

1967 2270 2066 2325 das
2102 2284 2343 2335 reverso,
2380 2270 2574 2341 ingrati
2620 2270 2848 2326 Domino
2875 2281 3251 2329 remanserunt
3277 2289 3291 2326 2
3322 2271 3445 2341 quia
3490 2281 3546 2327 et

1968 2362 2059 2418 isti
2083 2363 2151 2416 ab
2172 2362 2380 2417 unitate
2403 2361 2655 2416 Ecclesia:
2686 2363 2738 2415 in
2765 2361 2868 2416 ﬁde
2888 2361 3151 2417 catholica
3177 2372 3545 2432 permanente,

1969 2455 2296 2525 paucitatem
2332 2470 2445 2510 sua:
2477 2454 2699 2510 vilitatis
2743 2465 3122 2525 segregantes,
3159 2455 3205 2509 si
3233 2434 3428 2510 salvari
3458 2470 3549 2509 vo-

1969 2544 2121 2608 lunt,
2168 2545 2236 2599 ad
2278 2545 2543 2600 unitatem
2591 2544 2871 2600 catholica:
2916 2545 3039 2600 ﬁdei
3088 2549 3313 2600 necesse
3357 2557 3443 2601 est
3489 2556 3549 2601 ιιι

1969 2634 2147 2688 redire
2186 2642 2497 2704 procurent.
2549 2631 2750 2688 Novem
2801 2633 2982 2703 itaque
3028 2633 3269 2703 indigent
3312 2648 3451 2699 uno,
3488 2642 3549 2688 ut

1969 2726 2201 2796 quadam
2241 2726 2465 2780 unitatis
2493 2725 2667 2779 forma
2695 2725 3063 2795 coagulentnr,
3090 2735 3145 2780 et
3179 2726 3502 2799 decemsmt
3530 2742 3545 2778 :

1967 2830 2136 2870 unum
2167 2823 2349 2870 autem
2378 2830 2485 2869 non
2522 2815 2607 2869 eis
2644 2813 2847 2884 indiget
2881 2822 2938 2868 ut
2966 2814 3234 2869 custodiat
3260 2815 3544 2869 unitatem.

1971 2906 2150 2963 Unum
2190 2907 2234 2962 si
2278 2906 2509 2961 addatur
2536 2907 2603 2961 ad
2646 2919 2877 2971 novem,
2914 2909 3158 2976 quaedam
3196 2906 3398 2978 eﬂigies
3437 2907 3553 2962 uni-

1973 2998 2099 3052 tatis
2126 2996 2401 3067 impletur,
2426 3012 2535 3067 quo
2564 2995 2624 3052 lit
2651 3004 2800 3051 tanta
2826 2996 3148 3067 complexio,
3178 3007 3237 3052 ιιι
3265 2998 3406 3053 ultra
3442 3013 3553 3054 non

1968 3090 2372 3160 progrediatur,
2417 3099 2474 3144 et
2512 3090 2613 3144 hac
2640 3104 2737 3160 per
2762 3088 3082 3145 inﬁnitatem
3117 3090 3327 3146 numeri
3368 3090 3553 3162 regula

1971 3184 2309 3240 custodiatur
2337 3201 2351 3237 :
2382 3198 2412 3237 a
2442 3198 2547 3253 qua
2579 3183 2670 3252 qui
2702 3184 2785 3237 sui
2814 3182 3080 3253 pravitate
3121 3197 3312 3239 sensus
3339 3183 3554 3253 reprobi

1969 3276 2146 3332 ell'ecti
2173 3292 2204 3331 a
2239 3277 2515 3332 consortio
2544 3276 2765 3331 unitatis
2789 3276 2995 3331 exclusi
3039 3285 3186 3342 sunt,
3218 3277 3273 3332 in
3319 3292 3555 3333 novena-

1966 3370 2053 3426 rio
2075 3384 2324 3434 numero,
2356 3368 2459 3423 nisi
2485 3368 2687 3423 reversi
2714 3366 2940 3433 fuerint,
2967 3377 3224 3436 tanquam
3254 3368 3555 3437 imperfecti

1968 3468 2335 3526 remanentes,
2366 3461 2508 3514 inter
2528 3459 2739 3527 ignotos
2768 3458 2823 3512 in
2850 3458 2937 3513 die
2970 3458 3150 3529 magni
3185 3456 3376 3528 iudicii
3405 3459 3557 3514 dam-

1970 3553 2241 3607 nabuntur
2267 3592 2282 3618 ,
2368 3553 2565 3622 quibus
2638 3550 2767 3605 dicit
2818 3549 3081 3605 Dominus
3134 3567 3151 3605 :
3224 3549 3418 3605 Nescio
3466 3567 3555 3605 vos

1970 3642 2187 3713 (Matth.
2218 3656 2356 3704 xxv;
2390 3641 2518 3695 Luc.
2549 3640 2692 3711 xm).

2044 3731 2148 3787 Sed
2187 3733 2232 3786 si
2266 3732 2375 3797 isti,
2403 3731 2496 3800 qui
2523 3739 2584 3785 ιιι
2612 3745 2852 3790 errorem
2903 3745 3061 3787 suum
3106 3740 3374 3798 astruant,
3421 3747 3558 3802 quo-

1938 3848 1939 3851 η
1972 3825 2219 3881 rmndam
2251 3825 2536 3879 doctorum
2568 3839 2633 3880 ex
2683 3824 2769 3880 his
2798 3839 2932 3893 quos
2969 3825 3285 3881 nominatim
3325 3825 3559 3895 signavi-

1970 3929 2092 3968 mus
2120 3914 2422 3968 testimonia
2449 3911 2750 3982 proferunt,
2779 3914 3104 3969 sententiam
3136 3915 3258 3969 libri
3282 3915 3555 3984 Apologia:

1970 4005 2114 4060 beati
2149 4003 2393 4074 Gregorii
2435 4002 2766 4057 Nazianzeni
2804 4002 3033 4057 sollicite
3074 4003 3336 4074 legerent,
3372 4015 3428 4059 et
3454 4004 3560 4060 sibi

1972 4096 2214 4151 studiose
2257 4103 2445 4163 aptare
2482 4098 2738 4147 curarent
2762 4132 2782 4158 ,
2829 4091 3082 4149 solertius
3121 4102 3177 4147 et
3205 4093 3473 4161 salubrius
3503 4094 3561 4148 in

1973 4187 2206 4242 lectione
2232 4194 2289 4240 et
2317 4183 2595 4247 doctrina,
2614 4176 2793 4252 atque
2828 4181 3011 4237 auditu
3035 4182 3313 4260 doctrina:
3348 4199 3561 4239 eorum-

1973 4279 2097 4333 dem
2136 4274 2357 4331 Patrum
2392 4274 2724 4346 proﬁcerent
2746 4312 2763 4339 ,
2804 4286 3113 4343 eorumque,
3133 4273 3440 4327 testimonia
3467 4289 3561 4330 au-

1975 4367 2243 4424 dientibus
2271 4365 2617 4436 ponderanda
2654 4372 3043 4437 praponerent.
3079 4363 3190 4419 Nos
3229 4378 3465 4441 quoque,
3509 4365 3558 4420 si

1893 4485 1951 4546 Β
1977 4457 2124 4514 illam
2151 4461 2343 4513 devote
2379 4455 2649 4511 mentibus
2681 4453 2883 4509 nostris
2910 4453 3254 4509 recondimus
3274 4493 3290 4518 ,
3331 4462 3399 4527 et
3420 4453 3558 4524 vigi-

1974 4550 2153 4605 lanter
2173 4547 2519 4610 attendimus,
2548 4544 2922 4614 calcatiusque
2963 4545 3017 4599 in
3059 4544 3357 4613 Scripturis
3383 4553 3440 4599 et
3465 4544 3563 4599 do-

1974 4650 2183 4699 ctorum
2211 4638 2529 4694 tractatibus
2550 4636 2801 4707 legimus,
2826 4636 2983 4690 dente
3006 4635 3233 4705 simplici
3261 4636 3558 4702 ruminare,

1975 4749 2039 4787 ac
2068 4730 2247 4802 palato
2277 4728 2457 4785 cordis
2494 4736 2811 4798 progustare
2836 4766 2852 4791 ,
2898 4727 3111 4781 sincera
3138 4728 3299 4782 etiam
3328 4729 3466 4795 ﬁde,
3504 4737 3561 4783 et

1936 4863 1945 4869 ο
1974 4823 2155 4879 sobrio
2185 4820 2489 4883 intellectu,
2521 4833 2586 4873 ac
2625 4817 2825 4873 mundo
2852 4819 3017 4874 corde
3044 4834 3279 4883 sumere,
3308 4821 3389 4874 ori
3426 4837 3561 4891 quo-

1944 4955 1949 4959 .
1973 4927 2081 4982 que
2109 4919 2295 4965 nostro
2320 4908 2519 4963 ostium
2548 4915 2605 4962 et
2630 4922 2785 4962 seras
2821 4907 3109 4972 adhibere,
3147 4908 3432 4978 verbisque
3462 4925 3560 4966 no-

1942 5004 2107 5059 .stris
2151 5010 2410 5057 stateram
2463 5013 2764 5070 apponere,
2804 5009 2860 5052 et
2902 4999 3118 5054 modum
3154 4999 3234 5053 eis
3282 4999 3561 5069 imponere

1975 5092 2387 5164 procurabimus
2416 5131 2432 5157 ,
2484 5099 2547 5145 ut
2592 5089 2929 5144 auditoribus
2983 5088 3037 5143 in
3093 5097 3331 5159 tempore
3394 5092 3559 5147 tritici

1977 5198 2309 5249 mensuram,
2349 5182 2491 5237 sicut
2532 5180 2790 5249 scriptum
2837 5187 2923 5232 est
2969 5177 3120 5249 (Luc.
3149 5194 3249 5244 xu,
3278 5178 3369 5250 42)
3394 5219 3410 5245 ,
3462 5180 3562 5235 tri-

1975 5278 2146 5334 buere
2170 5274 2463 5345 valeamus.
2495 5272 2586 5325 Ait
2612 5270 2755 5325 enim
2787 5268 3046 5323 Dominus
3076 5270 3144 5323 ad
3171 5271 3395 5324 chorum
3424 5286 3563 5341 prae-

1936 5412 1944 5417 .
1979 5368 2273 5429 dicentium
2304 5381 2403 5436 per
2433 5364 2751 5434 prophetam
2784 5379 2798 5414 :
2838 5361 3071 5415 Audiens
3097 5361 3262 5431 290
3294 5363 3560 5418 nuntiabis

1977 5463 2052 5517 eis
2083 5478 2147 5515 ea:
2178 5476 2260 5513 me
2309 5456 2522 5529 (Ezech.
2556 5470 2639 5516 ιιι,
2672 5451 2796 5517 l7),
2840 5466 2907 5506 ex
2944 5467 3030 5507 me
3060 5453 3327 5517 videlicet,
3358 5468 3462 5507 non
3492 5470 3560 5510 ex

1942 5616 1945 5619 _
1983 5563 2054 5607 te.
2085 5553 2163 5606 Ac
2188 5550 2233 5604 si
2277 5556 2461 5617 aperte
2485 5560 2674 5599 omnes
2704 5558 2803 5598 nos
2828 5551 3067 5609 moneat,
3100 5553 3158 5598 ut
3187 5542 3479 5613 Scriptum:
3509 5558 3563 5600 ct

1937 5692 1945 5696 μ
1982 5642 2368 5699 catholicorum
2392 5637 2779 5693 dictisnostros
2793 5640 3483 5698 sensusaccommodemus,
3513 5648 3564 5692 rt

1941 5794 1947 5805 ,
1982 5749 2102 5804 (ιιιξε
2128 5732 2250 5788 inde
2268 5772 2281 5797 ,
2309 5730 2536 5787 Domino
2560 5727 2884 5798 inspirante,
2916 5725 3163 5796 libamus,
3190 5744 3252 5784 ac
3277 5729 3322 5785 si
3344 5729 3409 5783 de
3429 5745 3563 5798 puro
