3992 6336
528 362 638 451 355
1506 377 1839 437 HlNCMAIll
1873 373 2270 432 BHEMENSIS
2298 373 2824 431 'ARClllEPlSCOPl
3689 382 3781 444 εδδ

526 509 695 581 prmio
721 506 923 563 illibata
952 500 1295 559 audientibus
1322 498 1691 571 propinemus,
1731 504 1787 550 et
1830 511 1942 550 non
1972 494 2110 549 dicta
2142 498 2194 555 Α
2219 491 2379 546 modo
2425 491 2480 546 in
2529 490 2660 546 illud
2705 493 2849 548 versi
2895 500 3061 564 atque
3093 493 3321 561 mutati,
3367 505 3427 552 et
3460 498 3608 553 omni
3636 504 3784 559 verbo

529 597 800 653 catholica
831 595 897 649 ad
926 601 1141 648 nostros
1169 603 1365 662 pravos
1391 601 1583 642 sensus
1611 584 1887 641 inﬂectere
1914 598 2118 654 praesu-
2217 597 2361 637 nunc
2388 583 2813 652 acquiescentes,
2857 584 3019 655 paulo
3044 595 3169 656 post
3208 586 3411 643 iterum
3454 588 3781 657 reluctantes,

530 703 764 745 mamus.
815 684 907 740 Ait
947 682 1090 739 enim
1126 680 1382 753 praefatus
1412 677 1729 749 magniﬁcus
1758 677 1948 731 doctor
1982 673 2117 730 Gre-
2216 673 2377 728 simul
2396 683 2450 728 et
2477 675 2768 745 magistros
2792 683 2847 729 et
2868 675 3044 730 studia
3065 685 3402 746 permutant,
3429 686 3487 733 et
3506 679 3649 733 velut
3674 682 3784 749 pul-

530 780 713 851 gorius
760 779 814 833 in
869 777 1007 831 libro
1050 767 1158 844 quo
1190 774 1458 833 diximus,
1507 772 1559 825 id
1601 780 1684 825 est
1712 770 1767 824 in
1811 768 2113 839 Apologia:

536 889 555 922 (
588 870 804 940 Triplici
837 883 1070 936 namque
1105 865 1262 919 modo
1294 865 1344 918 in
1383 862 1625 918 Ecclesia
1656 860 1947 916 dicentium
1973 858 2118 929 peri-

531 961 709 1015 culum
740 960 965 1028 pendet,
1000 972 1067 1011 ex
1098 970 1292 1018 sensu,
1339 970 1402 1007 ex
1436 951 1632 1015 verbo,
1682 966 1750 1004 ex
1794 948 2012 1013 auditu,
2056 953 2117 1000 ut

530 1048 787 1120 perfacile
836 1047 1069 1108 eveniat,
1098 1044 1153 1098 in
1179 1058 1287 1098 uno
1337 1042 1528 1097 saltem
1575 1040 1774 1109 aliquo,
1816 1038 1861 1093 si
1909 1053 2015 1093 non
2060 1036 2115 1091 in

528 1142 784 1195 omnibus
813 1137 941 1191 labi.
984 1136 1091 1189 Aut
1135 1136 1280 1190 enim
1312 1135 1489 1187 minus
1519 1132 1851 1186 illuminatns
1879 1138 1962 1183 est
1988 1143 2115 1182 sen-

530 1244 645 1292 sus,
669 1239 765 1281 aut
789 1228 858 1280 ad
880 1223 1275 1296 cxplanandum
1305 1220 1477 1276 defuit
1503 1235 1681 1274 sermo
1706 1217 1995 1280 sufﬁciens,
2023 1222 2116 1269 aut

530 1320 669 1375 bene
697 1317 905 1387 prolata
947 1315 1181 1371 crassior
1211 1328 1316 1367 non
1344 1312 1537 1380 recipit
1564 1311 1798 1373 auditus,
1830 1316 1885 1362 et
1911 1321 1979 1361 ex
2007 1321 2115 1361 uno

528 1411 777 1482 quolibet
808 1411 1000 1464 horum
1041 1422 1167 1462 casu
1196 1405 1253 1459 fit
1284 1405 1335 1458 in
1372 1403 1623 1459 omnibus
1649 1401 1946 1472 periculum
1977 1399 2116 1454 veri-

529 1501 677 1555 tatis.
711 1500 778 1553 Et
804 1499 1020 1568 quidem
1052 1497 1104 1551 in
1137 1496 1257 1550 aliis
1286 1495 1591 1563 quibusque
1620 1491 1814 1545 studiis
1841 1500 1896 1544 et
1919 1489 2115 1543 doctri-

2214 870 2345 910 vero
2375 856 2618 910 stultitiae
2642 871 2752 911 sua:
2779 855 3064 925 proferunt
3104 855 3362 912 fructum.
3394 856 3532 912 Nam
3556 858 3694 913 velut
3717 860 3785 917 fa-

2216 948 2367 1017 ligati
2395 948 2665 1002 audiendo
2691 948 2956 1014 diversos,
2983 957 3039 1003 et
3060 948 3188 1004 victi
3224 951 3388 1005 taedio
3429 950 3591 1004 sirnul
3620 954 3784 1007 omnia

2216 1048 2497 1106 respuunt,
2527 1048 2583 1094 et
2611 1037 2775 1093 veluti
2804 1040 2959 1094 vacui
2988 1048 3044 1094 et
3073 1041 3263 1096 inanes
3305 1042 3363 1096 in
3403 1043 3654 1099 omnibus
3678 1060 3782 1114 qua:

2214 1131 2559 1185 crediderunt
2602 1130 2763 1195 facti,
2820 1132 3077 1187 continuo
3125 1133 3286 1187 etiam
3340 1144 3687 1191 contemnere
3735 1148 3784 1196 et

2215 1222 2443 1276 irridere
2471 1237 2573 1276 nos
2602 1222 2887 1291 incipiunt,
2911 1222 3059 1277 velut
3091 1223 3228 1278 nihil
3254 1223 3585 1281 rationabile
3607 1227 3658 1281 in
3691 1229 3781 1285 ﬁde

2215 1324 2402 1367 nostra
2448 1314 2740 1378 habentes,
2771 1322 2825 1367 et
2852 1314 3137 1383 patiuntur
3177 1315 3323 1384 quod
3376 1317 3625 1371 accidere
3664 1320 3784 1374 solet

2216 1405 2302 1460 his
2346 1405 2438 1475 qui
2487 1405 2673 1460 oculos
2719 1404 2919 1469 dolent,
2953 1414 3010 1461 et
3039 1405 3167 1461 solis
3194 1407 3379 1463 lumen
3410 1420 3680 1476 accusant,
3712 1412 3781 1467 vel

2216 1497 2306 1567 qui
2338 1513 2522 1563 aures,
2566 1506 2623 1553 et
2665 1513 2826 1553 voces
2856 1498 3134 1552 hominum
3186 1499 3369 1554 minus
3412 1515 3537 1556 esse
3581 1516 3781 1557 sonoras

2214 765 2300 819 vis
2331 773 2494 819 vento
2533 765 2766 835 agitatus
2794 764 2951 821 facile
2982 765 3407 822 transferuntur.
3442 767 3528 822 Ad
3555 769 3784 827 ultimum
3838 776 3841 779 ’
3922 826 3927 841 η

527 1589 615 1644 nis
660 1588 817 1643 facile
861 1587 947 1641 vel
997 1585 1269 1656 profertur
1311 1582 1396 1637 vel
1435 1581 1734 1651 recipitur:
1771 1580 1824 1632 in
1864 1578 1950 1633 his
1983 1591 2113 1631 vero

525 1680 732 1736 nostris
775 1677 974 1734 scholis
1014 1677 1129 1746 ipsa
1169 1675 1475 1728 auditorum
1524 1670 1854 1742 exspectatio
1901 1669 2112 1725 dicturo

524 1771 828 1842 periculum
859 1778 1100 1839 generat.
1135 1768 1417 1837 Tanquam
1447 1767 1590 1821 enim
1621 1767 1687 1821 de
1713 1764 1825 1820 Deo
1851 1763 2105 1827 audituri,

2213 1599 2531 1658 queruntur.
2564 1588 2857 1658 Propterea
2898 1604 3028 1661 ergo
3058 1588 3228 1643 multo
3255 1589 3446 1645 utilius
3470 1597 3556 1644 est
3583 1592 3776 1657 animae,

2213 1680 2533 1749 simpliciter
2558 1689 2611 1734 et
2639 1695 2786 1749 purae
2825 1680 3072 1734 veritatis
3108 1680 3376 1735 elementa
3417 1681 3705 1750 suscipere,
3734 1692 3779 1736 et

2213 1769 2357 1823 velut
2399 1771 2540 1824 ceris
2579 1784 2643 1824 ea
2685 1771 2920 1824 nondum
2951 1771 3261 1826 charaxatis
3288 1772 3609 1836 inscribere,
3635 1788 3776 1842 quam

528 1871 586 1917 et
612 1863 680 1917 de
709 1876 917 1916 summa
943 1860 1184 1915 omnium
1229 1873 1324 1929 spe
1360 1871 1425 1911 ac
1453 1856 1624 1911 salute
1658 1855 1960 1925 suscepturi
1986 1870 2108 1909 ver—
2137 1851 2182 1910 B
2210 1875 2372 1930 super
2398 1859 2484 1913 illa
2507 1873 2626 1929 quae
2658 1868 2781 1914 ante
2812 1858 2950 1912 male
2990 1861 3196 1928 scripta
3241 1869 3371 1914 sunt
3399 1862 3709 1930 perducere,
3731 1863 3774 1916 id

525 1952 688 2017 bum,
735 1958 936 2021 quanto
979 1948 1285 2005 callidiores
1312 1962 1437 2017 erga
1487 1946 1642 2001 fidem
1675 1944 1907 2011 fuerint,
1956 1951 2111 1997 tanto

528 2042 849 2098 attentiores
876 2049 933 2095 et
962 2039 1392 2109 scrupulosiores
1424 2052 1550 2108 erga
1577 2035 1901 2090 audiendum
1940 2035 2106 2100 ﬁent;

523 2131 600 2186 ita
630 2139 690 2185 ut
731 2129 903 2186 sicubi
939 2128 1139 2197 aliquid
1186 2143 1344 2183 secus
1382 2126 1610 2181 dicentis
1635 2138 1816 2178 sermo
1841 2122 2105 2186 sonuerit,

524 2236 630 2275 non
683 2220 1063 2275 titubationem
1109 2218 1304 2288 linguae
1349 2222 1575 2286 putent,
1618 2214 1711 2269 sed
1747 2213 2109 2283 proditionem

526 2308 650 2363 fidei
678 2309 1003 2377 pietatisque
1028 2307 1403 2360 condcmnent.
1436 2312 1490 2358 et
1516 2304 1758 2373 judicent
1793 2302 1971 2354 omnia
2000 2315 2105 2355 non

522 2398 769 2453 docentis
802 2398 1011 2451 ratione
1041 2437 1055 2459 ,
1092 2396 1185 2450 sed
1227 2393 1462 2465 propriis
1507 2393 1774 2447 sensibus.
1817 2389 1932 2445 Non
1961 2391 2107 2445 enim

521 2504 659 2559 quos
684 2488 737 2541 in
767 2487 1005 2542 Ecclesia
1050 2487 1312 2547 audiunt,
1354 2485 1449 2539 sed
1483 2499 1618 2553 quos
1646 2483 1712 2537 de
1738 2482 1897 2536 domo
1924 2496 2107 2536 secum

522 2580 775 2635 deferunt
803 2589 1190 2635 conservantes
1232 2578 1508 2648 dogmata,
1539 2592 1645 2631 non
1673 2590 1792 2644 quae
1818 2573 2108 2628 rationabi-

521 2673 650 2728 liter
675 2673 1003 2736 didicerunt,
1033 2671 1126 2726 sed
1157 2685 1278 2740 quae
1314 2685 1381 2724 ex
1409 2668 1799 2724 consuetudine
1832 2683 1939 2722 non
1983 2682 2109 2737 pro-

516 2762 681 2818 babili
718 2770 1027 2817 tenuerunt.
1069 2760 1137 2815 Et
1178 2761 1279 2814 hoc
1305 2760 1427 2814 dico
1472 2759 1649 2814 adhuc
1681 2773 1786 2811 non
1813 2756 1967 2810 valde
1996 2771 2109 2810 ma-

521 2851 699 2907 lorum
726 2850 1005 2906 hominum
1042 2850 1256 2914 vitium,
1290 2848 1382 2919 qui
1425 2847 1553 2903 licet
1601 2846 1840 2916 regulam
1887 2860 1993 2899 non
2030 2855 2109 2899 tc-

520 2948 688 2997 neant
713 2941 994 3004 veritatis,
1033 2948 1214 2993 tamen
1250 2939 1501 3009 religiose
1546 2938 1662 2992 haec
1691 2937 1802 3008 pati
1831 2936 2104 3001 videntur,

516 3038 569 3085 et
607 3031 808 3085 habere
835 3029 1008 3083 selum
1040 3027 1158 3092 Dei,
1191 3028 1286 3083 sed
1315 3042 1420 3082 non
1452 3028 1744 3081 secundum
1774 3026 2057 3080 scientiam
2088 3044 2100 3078 :

514 3131 570 3176 et
606 3121 727 3175 ideo
773 3120 1017 3174 fortassis
1069 3118 1394 3173 videbantur
1425 3133 1535 3171 non
1582 3118 1781 3172 debere
1813 3117 2105 3171 vehemen-

2193 1958 2295 2005 est
2322 1966 2483 2020 super
2530 1949 2726 2004 malam
2777 1949 3076 2004 doctrinam
3126 1959 3182 2003 et
3232 1966 3494 2020 perversa
3550 1952 3775 2023 dogmata

2209 2040 2438 2095 verbum
2471 2041 2593 2095 fidei
2624 2056 2689 2096 ac
2713 2040 2961 2095 veritatis
3009 2041 3259 2111 ingerere
3284 2083 3301 2108 ,
3348 2051 3408 2098 et
3446 2059 3568 2099 cum
3609 2046 3773 2114 primis

2209 2143 2482 2203 postrema
2523 2112 2873 2189 confundeire.
2915 2153 2934 2186 ι
2967 2133 3035 2188 Et
3063 2134 3223 2204 paulo
3272 2144 3401 2206 post
3437 2151 3452 2188 :
3488 2154 3507 2187 ι
3548 2112 3772 2191 Animam

2209 2240 2340 2280 vero
2368 2225 2515 2279 illam
2548 2225 2740 2279 melius
2771 2226 3039 2289 excolam,
3063 2241 3184 2294 qua:
3202 2227 3354 2281 nullo
3375 2228 3553 2283 adhuc
3577 2228 3769 2298 maligni

2210 2318 2434 2373 cultoris
2454 2326 2638 2373 aratro
2662 2325 2924 2374 temerata
2947 2328 3050 2383 est,
3068 2335 3167 2374 nec
3186 2322 3559 2389 praeventione
3577 2320 3769 2391 pessimi

2209 2411 2434 2466 seminis
2458 2422 2736 2480 occupata.
2771 2412 3025 2481 Alioquin
3046 2412 3415 2482 duplicabitur
3437 2413 3592 2468 nobis
3616 2412 3765 2475 labor,

2209 2499 2336 2554 dum
2364 2515 2587 2556 necesse
2612 2510 2694 2557 est
2717 2502 2871 2571 prius
2897 2513 3188 2572 conceptas
3222 2503 3451 2558 malitiae
3478 2504 3668 2559 formas
3691 2503 3766 2556 de-

2209 2591 2467 2646 trudere:
2506 2600 2620 2646 tum
2659 2592 2856 2647 deinde
2899 2593 3162 2648 bonitatis
3211 2594 3508 2665 imaginem
3538 2593 3762 2647 virtutum

2208 2682 2349 2738 ceris
2367 2683 2644 2737 varianter
2666 2682 2986 2748 reformare,
3006 2693 3069 2738 ut
3087 2700 3248 2754 quam
3281 2684 3469 2738 multa:
3490 2699 3552 2738 ac
3575 2683 3768 2737 diversae

2208 2772 2425 2829 fuerant
2450 2775 2508 2828 in
2534 2775 2715 2829 anima
2744 2775 2954 2849 species
2983 2775 3398 2846 depravationis
3423 2815 3440 2841 ,
3485 2783 3591 2829 tam
3619 2771 3769 2827 multae

2207 2863 2317 2918 sint
2338 2873 2393 2919 et
2418 2863 2796 2919 restitutionis.
2834 2883 2853 2917 ι
3788 2870 3797 2883 ⁸

2277 2950 2545 3007 Caeterum
2569 2951 2712 3022 quod
2742 2952 2873 3008 dicit
2896 2952 3126 3009 domnus
3164 2952 3507 3009 Prudentius
3541 2952 3591 3006 in
3617 2949 3766 3005 libello

2207 3048 2335 3108 suo;
2348 3057 2510 3113 quem
2538 3044 2606 3098 ad
2628 3043 2888 3113 quosdam
2918 3042 3137 3110 fratres,
3164 3052 3466 3113 antequam
3495 3056 3648 3112 supra
3673 3052 3765 3094 me-

2206 3142 2474 3187 moratam
2509 3133 2795 3204 epistolam
2838 3132 3114 3188 Weniloni
3155 3133 3569 3205 archiepiscopo
3595 3145 3682 3186 suo
3705 3129 3763 3184 di-

512 3212 623 3266 tius
669 3209 1060 3276 condemnari;
1122 3217 1309 3278 utpote
1361 3221 1462 3262 nec
1519 3207 1744 3261 multum
1792 3205 2097 3277 vapulaturi

2206 3225 2454 3290 rexisset,
2480 3225 2799 3297 composuit.
2831 3244 2851 3276 ί
2874 3223 3011 3280 Cum
3038 3227 3204 3292 enim,
3235 3227 3515 3295 inquiens,
3543 3220 3762 3295 quemad-

515 3312 772 3373 tanquam
812 3302 1122 3373 ignorantes
1163 3299 1378 3355 Domini
1407 3298 1763 3363 voluntatem,
1803 3306 1859 3353 et
1899 3297 2102 3353 idcirco

512 3409 621 3449 non
672 3393 936 3449 facientes
987 3406 1129 3446 eam.
1191 3390 1356 3459 Atqui
1403 3389 1652 3444 fortassis
1695 3389 1858 3443 etiam
1903 3387 2101 3458 corrigi

513 3485 804 3555 aliquando
831 3491 1089 3554 poterunt
1115 3490 1172 3536 et
1200 3479 1499 3536 emendari.
1532 3478 1643 3534 Sed
1668 3478 1920 3547 religiosa
1949 3493 2103 3534 mens

514 3591 676 3646 quam
702 3576 812 3630 cito
837 3572 1148 3637 offenditur,
1176 3580 1287 3626 tam
1313 3580 1561 3641 prompte
1592 3579 1647 3624 et
1677 3568 1834 3625 facile
1857 3579 2098 3625 curatur.

513 3665 573 3721 Si
600 3664 724 3735 quis
749 3663 890 3718 forte
915 3662 967 3717 ei
1003 3676 1183 3717 sermo
1210 3670 1332 3730 apte
1357 3670 1414 3715 et
1434 3668 1807 3731 competenter
1827 3659 2101 3715 adhibitus

510 3768 611 3810 cor
634 3752 952 3825 pulsaverit,
990 3753 1246 3806 continuo
1276 3751 1416 3806 sicut
1460 3749 1660 3821 ignifer
1685 3750 1824 3820 lapis
1860 3749 2103 3819 pulsatus

514 3846 718 3912 simili,
767 3860 837 3902 ex
869 3859 933 3899 ea
963 3859 1084 3914 qua:
1115 3843 1220 3898 sibi
1252 3842 1574 3898 naturaliter
1611 3842 1755 3897 inest
1799 3841 1937 3897 lucis
1966 3841 2103 3897 scin-

512 3939 631 3994 tilla
668 3936 950 4007 lampadas
973 3935 1260 3991 confestim
1298 3935 1545 3990 veritatis
1582 3932 1849 3989 accendit.
1894 3932 1970 3988 De
1998 3932 2103 3988 illis

514 4042 649 4083 vero
677 4026 809 4098 quid
833 4024 1102 4092 dicamus,
1136 4026 1228 4095 qui
1259 4026 1387 4080 dum
1411 4023 1687 4092 iactantia:
1712 4022 1935 4094 gloriam
1963 4038 2102 4092 quato

508 4128 660 4186 runt,
700 4127 756 4175 et
801 4132 1035 4189 praeesse
1086 4117 1296 4188 papulis
1344 4116 1706 4182 delectantur,
1759 4114 2101 4185 iniquitatem

518 4215 573 4270 in
605 4213 879 4270 excelsum
914 4213 1208 4282 loquuntur
1247 4229 1261 4265 :
1304 4212 1397 4282 qui
1444 4210 1592 4266 velut
1631 4210 1849 4266 Jamnes
1881 4208 2100 4278 quidam

511 4314 568 4361 et
616 4305 928 4371 Mambres,
977 4318 1085 4359 non
1137 4313 1249 4359 tam
1299 4301 1434 4358 Mosi
1486 4317 1651 4373 quam
1701 4302 1916 4357 veritati
1972 4302 2100 4357 resi-

510 4409 666 4458 stunt
695 4442 712 4466 ,
773 4410 832 4456 et
904 4402 1191 4455 adversum
1252 4413 1440 4455 sanam
1495 4399 1800 4455 doctrinam
1855 4414 2097 4456 commo-

508 4501 638 4548 vent
662 4506 813 4546 arma
845 4491 1171 4546 verborum?
1211 4488 1454 4545 Tertium
1486 4505 1698 4561 quoque
1723 4505 1891 4562 genus
1918 4499 2097 4545 estex

2213 3317 2433 3372 modum
2463 3319 2637 3373 sancti
2661 3316 3023 3388 evangelista,
3051 3317 3318 3374 verissimi
3357 3318 3599 3372 videlicet
3622 3314 3761 3369 dicto-

2204 3425 2324 3464 rum
2348 3411 2518 3482 ipsius
2543 3410 2921 3481 factorumque
2941 3411 3291 3481 stipulatores
3314 3420 3483 3481 atque
3502 3408 3758 3478 scriptores

2203 3510 2488 3568 testantur,
2522 3503 2665 3559 inter
2693 3502 3018 3557 cmnandum
3065 3502 3326 3573 mysteria
3363 3516 3475 3556 sua:
3511 3511 3659 3568 quam
3683 3507 3759 3545 vo-

2202 3590 2410 3650 luntate
2452 3593 2619 3649 subiit
2665 3595 2856 3650 mortis
2903 3608 3127 3664 prorsus
3178 3592 3438 3648 indebitae
3488 3595 3756 3654 nostraeque

2204 3684 2597 3756 redemptionis
2641 3684 2915 3751 ediceret,
2943 3698 3046 3754 pro
3094 3683 3288 3754 quibus
3338 3689 3613 3756 pateretur
3649 3674 3754 3729 inti-

2203 3777 2389 3831 mavit.
2425 3775 2569 3831 Dicit
2603 3776 2750 3831 enim
2789 3775 3119 3831 Matthazus:
3152 3775 3222 3829 Et
3260 3775 3524 3847 accipiens
3553 3768 3753 3828 calicem.

2202 3869 2401 3940 gratias
2424 3869 2528 3939 egit
2548 3877 2597 3923 et
2618 3868 2761 3923 dedit
2787 3867 2895 3923 illis
2923 3869 3101 3923 dicens
3125 3881 3143 3920 :
3169 3866 3346 3922 Bibite
3375 3883 3439 3922 ex
3468 3867 3561 3919 hoc
3587 3873 3754 3917 omnes.

2203 3959 2308 4014 Hic
2336 3970 2411 4014 est
2435 3961 2653 4031 sanguis
2679 3976 2826 4014 meus
2852 3961 2973 4015 novi
3006 3960 3324 4025 testamenti,
3369 3960 3458 4031 qui
3492 3972 3582 4027 pro
3604 3949 3753 4007 multis

2202 4051 2501 4120 effundatur
2528 4052 2582 4105 in
2615 4051 2972 4106 remissionem
3008 4059 3343 4122 peccatorum
3375 4047 3582 4122 (Matth.
3618 4054 3752 4102 xxvii

2199 4141 2290 4206 27,
2323 4140 2437 4212 28).
2479 4140 2692 4195 Marcus
2740 4149 2925 4196 autem
2955 4155 2971 4196 :
3003 4140 3072 4195 Et
3121 4149 3335 4211 accepto
3391 4138 3547 4194 calice
3584 4130 3752 4205 gratias

2202 4247 2360 4300 agens
2385 4231 2526 4285 dedit
2552 4233 2649 4297 eis,
2677 4242 2727 4285 et
2756 4232 2994 4286 biberunt
3024 4230 3199 4286 exilio
3228 4247 3430 4286 omnes.
3458 4228 3526 4282 Et
3546 4226 3615 4280 ait
3634 4220 3752 4276 illis:

2204 4317 2307 4373 Hic
2333 4329 2408 4374 est
2431 4322 2647 4391 sanguis
2674 4337 2820 4375 meus
2849 4322 2969 4375 novi
2994 4322 3312 4385 testamenti,
3356 4321 3447 4392 qui
3482 4332 3572 4389 pro
3601 4309 3751 4368 multis

2201 4409 2500 4480 eﬂ'undetur
2527 4409 2741 4481 (Matth.
2771 4426 2887 4477 xw,
2915 4410 3010 4477 23,
3038 4410 3156 4482 24).
3187 4410 3365 4466 Lucas
3391 4423 3551 4465 vero:
3573 4403 3656 4469 Et,
3678 4416 3751 4454 ac-

2203 4507 2346 4568 cepto
2387 4515 2542 4570 pane,
2566 4501 2767 4570 gratias
2805 4501 2908 4570 egit
2930 4508 2977 4555 et
3005 4500 3181 4571 fregit,
3222 4509 3273 4555 et
3307 4499 3449 4554 dedit
3469 4498 3540 4552 eis
3559 4494 3746 4548 dicem:

507 4581 780 4652 imperitia
805 4581 1290 4637 contradicentium
1319 4598 1334 4635 :
1362 4596 1525 4652 quam
1552 4583 1738 4652 utique
1767 4582 2095 4653 imperitiam
2122 4573 2175 4633 D
2202 4588 2319 4644 Hoc
2342 4600 2416 4645 εει
2447 4607 2632 4662 corpus
2661 4608 2835 4647 meum
2877 4595 3017 4664 quod
3064 4610 3159 4664 ρνο
3201 4593 3341 4649 vobis
3386 4590 3628 4651 εναάειιιτ,
3666 4582 3746 4634 hoc

507 4682 905 4743 consequenter
948 4674 1234 4729 insolentia
1269 4676 1581 4741 comitatur,
1620 4685 1676 4730 et
1716 4674 1864 4729 omni
1902 4674 2092 4741 verbo,

506 4763 613 4819 nisi
665 4766 809 4835 quod
854 4765 955 4836 ipsi
1003 4764 1362 4836 protulerint,
1411 4765 1682 4821 hostiliter
1716 4777 1772 4820 et
1801 4765 2095 4821 insolenter

505 4863 819 4911 occurrunt.
848 4856 890 4910 A
920 4856 1135 4928 quibus,
1162 4858 1456 4912 secundum
1481 4857 1691 4913 Domini
1719 4857 1941 4921 dictum,
1971 4870 2095 4927 por-

504 4965 691 5005 corum
725 4966 876 5005 more
900 4950 1146 5006 veritatis
1176 4951 1482 5022 margaritae
1510 4951 1735 5021 pedibus
1763 4942 2111 5006 conculcan?

504 5051 611 5097 tur.
643 5043 747 5096 Alii
775 5058 989 5115 quoque
1011 5052 1156 5106 sunt;
1184 5044 1274 5112 qui
1306 5043 1506 5097 nullam
1537 5043 1752 5112 quidem
1779 5058 1847 5098 ex
1869 5043 2087 5114 proprio

501 5148 665 5188 sensu
699 5133 1008 5204 opinionem
1038 5132 1324 5196 deferunt,
1375 5149 1549 5205 neque
1586 5135 1822 5204 aliquam
1852 5133 2083 5189 formam

499 5225 567 5279 de
617 5225 721 5281 fide
762 5226 855 5281 Dei
897 5227 1176 5288 obtinent,
1215 5226 1297 5282 vel
1346 5227 1542 5281 bonam
1586 5227 1672 5282 vel
1717 5226 1912 5282 malam
1943 5241 1958 5281 :
1988 5228 2085 5284 sed

496 5314 660 5386 29],
689 5315 942 5370 omnibus
972 5332 1031 5369 se
1060 5316 1277 5370 tradunt
1322 5316 1595 5387 magistris
1618 5358 1633 5381 ,
1678 5324 1839 5387 atque
1867 5331 2083 5371 omnem

501 5407 805 5476 suscipiunt
829 5421 1168 5472 sermonem;
1200 5408 1346 5462 velut
1370 5410 1513 5478 quod
1555 5408 1747 5462 melius
1776 5417 1862 5463 est
1904 5415 1959 5462 et
2000 5420 2086 5462 re-

502 5501 642 5556 ctius
667 5517 734 5556 ex
763 5502 1014 5558 omnibus
1039 5502 1281 5568 electuri,
1310 5505 1618 5575 ignorantes
1638 5505 1761 5575 quia
1790 5519 1894 5559 non
1914 5504 2085 5560 bonos

503 5595 570 5649 de
600 5594 826 5649 veritate
864 5596 1076 5665 iudices
1120 5595 1419 5666 elegerunt,
1451 5599 1769 5667 semetipsos
1813 5595 2083 5661 videlicet,

494 5682 740 5755 judicare
769 5697 827 5739 se
852 5694 1047 5755 putant
1075 5701 1232 5755 posse
1259 5685 1325 5740 de
1359 5702 1416 5741 se
1437 5701 1556 5756 qua:
1585 5702 1643 5742 se
1673 5687 1911 5742 fatentur
1935 5687 2085 5756 igno-

500 5789 652 5829 rare:
680 5785 791 5829 tum
820 5774 1013 5830 deinde
1042 5789 1106 5828 cx
1138 5775 1522 5830 verisimilibus
1544 5775 1857 5847 frequenter
1879 5776 1933 5830 in
1960 5775 2082 5843 hoc,

2199 4681 2360 4752 facile
2403 4683 2459 4737 in
2496 4699 2665 4738 meam
2700 4685 3262 4739 commemorationem.
3296 4682 3547 4740 Similiter
3567 4685 3613 4731 et
3639 4669 3746 4728 cali-

2199 4788 2342 4838 cem,
2367 4782 2641 4845 postquam
2667 4776 2911 4840 manavit,
2950 4775 3127 4829 dicens
3149 4788 3168 4826 :
3194 4773 3299 4829 Hic
3314 4784 3400 4829 est
3425 4771 3561 4826 calix
3586 4774 3744 4820 novum

2199 4873 2566 4919 testamentum
2590 4866 2647 4920 in
2668 4867 2924 4936 sanguine
2950 4882 3064 4921 meo
3092 4867 3181 4938 qui
3204 4884 3298 4937 pro
3322 4866 3459 4922 vobis
3481 4858 3744 4933 effundatur

2198 4953 2351 5026 (Luc.
2381 4970 2515 5019 χιιι,
2544 4955 2632 5021 19,
2661 4955 2775 5027 20).
2805 4954 2862 5011 Si
2889 4958 2969 5012 sic
2998 4958 3372 5014 tantummodo
3402 4954 3550 5011 nobis
3576 4943 3741 5005 intelli-

2192 5045 2425 5116 gendum
2458 5046 2625 5101 tradit
2652 5047 2795 5117 quod
2824 5047 2956 5103 dicit
2976 5047 3309 5120 evangelista
3344 5049 3541 5109 Lucas,
3571 5048 3625 5096 ut
3652 5048 3739 5092 non

2188 5138 2347 5193 aliter
2376 5139 2505 5193 illud
2551 5140 2934 5211 intelligamus,
2965 5141 3068 5196 nisi
3094 5141 3238 5211 quod
3267 5156 3367 5212 pro
3402 5137 3550 5194 vobis
3587 5127 3739 5186 trade-

2186 5240 2295 5296 tur,
2342 5238 2398 5284 et
2430 5245 2528 5300 pro
2568 5231 2723 5286 vobis
2770 5229 3045 5299 fundetur,
3092 5232 3147 5287 id
3173 5241 3258 5289 est
3286 5248 3383 5303 pro
3409 5230 3512 5286 illis
3550 5225 3631 5296 qui
3670 5220 3733 5275 ibi

2186 5322 2433 5390 aderant,
2477 5324 2533 5378 in
2582 5324 2687 5380 hoc
2731 5325 2875 5395 quod
2928 5324 3213 5381 Matthaaus
3260 5326 3420 5397 292
3461 5330 3514 5379 et
3551 5318 3733 5374 Marcus

2188 5413 2472 5477 dixerunt,
2506 5415 2661 5470 nobis
2690 5430 2815 5486 spes
2857 5416 3037 5486 aliqua
3081 5431 3203 5473 esse
3241 5414 3452 5487 potest:
3481 5417 3732 5484 possumus

2188 5505 2331 5559 enim
2359 5520 2480 5561 esse
2508 5506 2573 5561 de
2601 5506 2709 5560 illis
2746 5507 2952 5562 multis.
3008 5506 3115 5564 Sed
3161 5508 3217 5563 in
3260 5511 3362 5565 hoc
3408 5503 3542 5577 quod
3580 5499 3729 5554 Lucas
3769 5536 3777 5543 -

2189 5597 2345 5662 dixit,
2377 5614 2503 5669 spes
2531 5599 2686 5654 nobis
2717 5600 2904 5655 salutis
2946 5600 3092 5656 nulla
3120 5601 3258 5669 erit,
3301 5616 3400 5659 nec
3427 5597 3551 5653 ﬁdes
3574 5590 3725 5657 alid“

2189 5691 2507 5756 remanebit,
2566 5692 2692 5761 quia
2744 5690 2920 5747 Lucas
2965 5693 3184 5750 nonnisi
3231 5703 3433 5749 tantum
3473 5700 3564 5759 pro
3598 5675 3724 5735 vobis

2190 5781 2354 5852 dixit;
2385 5790 2438 5837 et
2465 5780 2509 5838 si
2538 5783 2741 5838 veritas
2768 5785 2911 5839 sicut
2936 5799 3125 5841 verum
3153 5787 3302 5857 dicit,
3333 5796 3510 5842 verum
3533 5766 3718 5832 dixerit:
