3992 6336
578 342 686 441 55o

1550 374 1885 433 HINCMARI
1925 367 2321 427 RIIEMENSIS
2355 364 2880 425 ARCHIEPISCOPI
3691 377 3790 436 ’πω

573 517 676 573 pro
692 498 944 556 omnibus
962 510 1154 568 passus
1180 480 1280 559 est,
1306 503 1361 550 et
1379 493 1696 557 resurrexit,
1717 491 1840 560 quia
1857 487 2162 551 resurrexit,
2192 493 2240 551 Α
2267 482 2438 552 magis
2465 481 2863 537 observandum
2913 481 3069 537 nobis
3113 490 3218 547 est,
3262 483 3389 553 quia
3427 486 3657 546 omnibus
3694 508 3791 563 pro.

575 589 849 659 inquiens,
881 588 1033 640 tertia
1054 585 1139 639 die
1162 583 1213 655 (I
1243 583 1366 638 Cor.
1403 599 1493 648 xv,
1517 581 1596 649 4).
1635 600 1652 632 ι
1690 581 1745 634 ln
1781 579 1998 634 Christo
2025 576 2171 630 enim

573 696 765 737 ornnes
809 678 1188 740 resurrexisse,
1252 676 1392 731 sicut
1430 676 1483 729 iu
1528 675 1700 729 Adam
1749 681 1991 725 mortuos
2028 683 2166 733 esse,

575 787 735 826 nemo
764 769 1001 824 fidelium
1031 769 1279 837 denegat.
1320 787 1339 818 ι
1394 767 1459 819 Et
1488 766 1615 819 item
1643 782 1656 816 :
1713 783 1732 814 ι
1775 760 1881 816 Per
1908 762 2169 814 hominem

574 882 738 926 mors,
764 873 811 917 et
843 879 937 930 per
955 863 1218 915 hominem
1254 860 1563 913 resurrectio
1594 866 1920 935 mortuorum
1968 853 2015 925 (1
2043 853 2165 908 Cor.

576 971 669 1019 xv,
697 956 813 1021 Ἥ).
858 953 929 1007 Ut
955 953 1079 1021 quia
1108 960 1329 1022 peccato
1356 950 1590 1006 hominis
1636 964 1784 1003 mors
1823 947 2037 1001 inventa
2063 954 2166 1011 est,

575 1044 778 1099 Christi
834 1042 1046 1110 iustitia
1101 1041 1559 1096 resurrectionem
1609 1038 1870 1093 meruerit
1926 1046 2168 1092 mortuo-

576 1154 720 1192 rum.
756 1159 774 1190 ι
809 1137 876 1191 Et
904 1137 1056 1200 item,
1086 1135 1211 1206 quia
1244 1151 1349 1190 non
1380 1149 1571 1190 omnes
1599 1132 1879 1187 salvantur
1902 1130 2171 1201 passionis

574 1228 778 1285 Christi
817 1228 1100 1299 mysterio,
1136 1228 1227 1296 qui
1255 1236 1382 1282 sunt
1416 1227 1507 1295 qui
1550 1225 1684 1281 salvi
1719 1224 1855 1278 ﬁunt
1882 1224 1934 1278 in
1978 1223 2170 1278 eadem

575 1320 804 1391 epistola
853 1320 984 1374 dicit
1029 1319 1203 1391 (epist.
1236 1318 1310 1383 2,
1352 1334 1400 1370 c.
1446 1317 1541 1387 6):
1604 1335 1622 1366 ι
1654 1315 1901 1385 Tempore
1961 1322 2170 1382 accepto

577 1412 823 1468 exaudiui
851 1423 899 1465 te
939 1409 1024 1481 (II
1061 1407 1185 1464 Cor.
1217 1425 1289 1474 vr,
1322 1407 1401 1468 2).
1452 1406 1542 1463 Sic
1573 1407 1716 1461 enim
1756 1405 1997 1460 decrevit
2032 1404 2172 1458 Deus

576 1503 800 1557 afﬂuere
840 1501 1268 1557 misericordiam
1320 1516 1493 1564 suam,
1537 1508 1595 1552 nt
1632 1499 1686 1552 in
1729 1497 1946 1552 nomine
1968 1496 2169 1551 Christi

578 1594 936 1664 poscentibus
990 1591 1250 1645 auxilium
1306 1590 1613 1660 largiretur.
1650 1607 1668 1639 ι
1734 1588 1802 1641 Et
1862 1587 2038 1650 item,
2104 1587 2173 1642 de

577 1685 852 1756 passionis
874 1684 991 1754 ejus
1015 1683 1279 1739 beneficio
1306 1681 1631 1753 generaliter
1660 1679 1870 1734 cunctis
1896 1679 2172 1749 proposito

579 1777 755 1848 (ibid.,
780 1793 827 1829 c.
848 1775 901 1845 5)
931 1794 945 1829 :
983 1793 1002 1826 ι
1039 1775 1286 1829 Christus
1310 1773 1475 1837 enim,
1505 1771 1776 1840 inquiens,
1805 1780 1929 1840 post
1955 1785 2171 1825 crucem

2275 572 2437 625 missa
2468 579 2553 626 est
2586 570 2780 625 salus?
2820 590 2840 622 ι

2344 660 2588 728 Qualiter
2615 675 2744 721 vero
2767 674 2828 714 se
2865 660 3097 731 quisque
3139 661 3240 718 hoc
3275 664 3511 734 generali
3554 666 3793 727 defraudet

2271 749 2560 814 beneﬁcio,
2589 749 2643 802 in
2671 748 2858 803 eadem
2884 750 3111 819 epistola
3142 751 3255 820 ipse
3294 754 3617 809 demonstrat
3642 758 3793 815 dicens

2228 824 2238 834 ’
2274 842 2444 915 (epist.
2479 842 2531 906 1,
2561 856 2608 894 c.
2648 840 2702 910 2)
2734 859 2748 893 :
2795 838 3061 911 Spiritalis
3106 842 3365 911 dijudicat
3414 846 3581 899 omnia
3623 846 3668 917 (I
3695 847 3791 903 Cor.

2273 949 2337 997 ιι,
2367 931 2477 1003 l5).
2511 951 2529 984 ι
2581 931 2714 985 Cum
2756 932 2899 985 enim
2938 941 3150 987 constet
3192 948 3379 989 omnes
3437 937 3665 993 inimicos
3700 940 3797 997 fidei

2273 1022 2409 1078 falsa
2436 1033 2621 1076 tenere
2648 1036 2748 1091 pro
2778 1021 2942 1086 veris,
2968 1024 3244 1078 accusatio
3286 1024 3498 1079 illorum
3527 1028 3577 1080 in
3622 1029 3794 1085 irritum

2267 1115 2380 1185 jam
2429 1101 2659 1169 deducta
2701 1121 2806 1178 est,
2854 1112 2969 1167 veri
3018 1113 3222 1184 judicio
3268 1115 3614 1186 condemnata
3654 1123 3796 1188 :quia

2276 1206 2381 1272 Qui
2423 1222 2527 1259 non
2561 1203 2746 1267 credit,
2777 1203 2955 1272 inquit
2990 1204 3285 1270 Dominus,
3317 1205 3437 1274 jam
3462 1206 3711 1275 judicatus
3739 1220 3796 1263 est

2274 1298 2455 1370 (Joan.
2487 1312 2569 1361 ιιι,
2605 1296 2715 1367 l8).
2745 1295 2851 1350 Sed
2894 1304 2950 1349 et
2974 1297 3205 1353 credens
3254 1308 3418 1367 atque
3444 1299 3739 1368 redemptus,
3763 1304 3796 1356 si

2275 1389 2329 1442 in
2352 1403 2418 1442 eo
2443 1388 2585 1458 quod
2607 1387 2839 1442 credidit
2864 1395 2919 1441 et
2947 1388 3259 1458 redemptus
3286 1399 3372 1444 est
3400 1404 3504 1443 non
3530 1405 3795 1459 permanse-

2275 1479 2369 1544 rit,
2393 1488 2447 1534 et
2478 1478 2592 1548 ipse
2630 1478 2890 1532 beneficio
2912 1479 3151 1549 generali
3183 1495 3242 1534 se
3269 1480 3469 1550 privat.
3499 1500 3517 1531 ι
3544 1480 3664 1535 ltem
3689 1482 3797 1535 idem

2276 1570 2414 1641 (cap.
2438 1570 2494 1640 6)
2534 1569 2586 1622 in
2622 1569 2812 1625 eadem
2839 1569 3066 1637 epistola
3092 1568 3223 1624 dicit
3250 1588 3262 1623 :
3301 1589 3321 1621 ι
3356 1569 3531 1640 Empti
3566 1552 3687 1625 enim
3705 1574 3797 1627 estis

2274 1662 2439 1731 pretio
2463 1659 2511 1730 (1
2538 1659 2661 1713 Cor.
2693 1674 2768 1724 Vl,
2791 1658 2910 1731 20),
2951 1668 3007 1714 et
3036 1661 3165 1731 quia
3191 1676 3323 1716 caro
3352 1662 3526 1731 pretio
3552 1664 3697 1731 empti
3728 1680 3795 1718 su-

2275 1766 2417 1815 mus,
2459 1749 2776 1820 propensius
2813 1748 3040 1804 Domino
3086 1759 3274 1805 nostro
3327 1751 3531 1806 servire
3570 1752 3795 1815 debemus,

581 1838 972 1921 descendit'ad
1011 1863 1214 1919 inferos
1241 1863 1453 1918 devicta
1489 1838 1702 1926 morte;
1736 1869 1792 1915 et
1807 1838 1944 1930 quia
1978 1876 2171 1929 pecca—

2274 1856 2342 1896 ne
2368 1838 2608 1895 olfensus
2653 1854 2684 1893 a
2713 1854 2818 1909 qua
2850 1852 2950 1895 nos
2985 1839 3213 1894 redemit
3238 1840 3404 1895 morti
3434 1855 3531 1896 nos
3574 1841 3748 1895 reddat.
3778 1862 3792 1893 ι

581 1964 695 2009 tum
719 1955 1013 2019 nesciebat,
1056 1954 1227 2008 teneri
1266 1969 1295 2007 a
1326 1962 1500 2008 morte
1525 1968 1631 2008 non
1663 1952 1851 2021 potuit,
1883 1951 2008 2020 quia
2032 1965 2178 2027 mors

578 2054 864 2114 peccatum
896 2043 1125 2098 inanivit
1151 2052 1206 2098 et
1240 2041 1529 2104 infernum,
1556 2050 1615 2095 ut
1646 2057 1794 2096 mors
1828 2039 1959 2110 justi
1982 2056 2175 2111 pecca-

579 2138 793 2193 toribus
836 2136 1143 2208 proliceret,
1170 2144 1231 2189 ut
1251 2135 1317 2190 de
1340 2144 1537 2192 caetero
1560 2149 1708 2189 mors
1731 2149 1826 2188 eos
1847 2133 1938 2202 qui
1964 2133 2176 2202 signum

581 2231 760 2286 crucis
785 2231 991 2285 habent
1015 2238 1197 2284 tenere
1242 2244 1347 2283 non
1387 2229 1576 2298 possit.
1610 2248 1628 2279 ι
1674 2226 1809 2281 ltem
1847 2224 1985 2295 (cap.
2012 2224 2066 2295 (ι)
2110 2224 2176 2279 de

579 2319 668 2373 his
708 2319 799 2388 qui
848 2319 1026 2373 crucis
1064 2318 1343 2373 salvantur
1398 2316 1683 2388 mysterio,
1736 2316 1790 2370 in
1837 2314 2072 2385 Epistola
2106 2317 2176 2367 ad

580 2409 899 2466 Romanos:
949 2407 1010 2464 Si
1051 2411 1186 2463 enim
1232 2409 1571 2477 complantati
1612 2423 1793 2461 sumus
1844 2404 2176 2459 similitudini

578 2500 763 2554 mortis
792 2500 930 2569 ejus,
960 2497 1117 2552 simul
1148 2507 1196 2552 ct
1228 2498 1619 2551 resurrectionis
1651 2497 1844 2550 erimus
1890 2494 2063 2567 (Rom.
2098 2510 2172 2559 vr,

580 2589 658 2660 5).
701 2610 720 2641 ι
757 2590 910 2645 Tunc
956 2605 1056 2644 nos
1103 2587 1336 2643 feliciter
1384 2587 1518 2641 dicit
1555 2600 1713 2657 posse
1760 2598 2080 2652 resurgere,
2128 2584 2174 2639 si

580 2681 918 2736 similitudini
965 2680 1160 2735 mortis
1204 2673 1322 2749 ejus
1376 2677 1635 2733 fuerimus
1683 2674 2029 2745 complantati
2057 2715 2071 2740 ,
2119 2674 2174 2729 id

578 2779 685 2835 est,
714 2771 758 2825 si
785 2771 837 2824 in
861 2769 1127 2840 baptismo
1154 2769 1337 2823 omnia
1363 2769 1492 2822 vitia
1517 2768 1864 2837 deponentes,
1896 2765 1947 2819 in
1977 2780 2171 2819 novam

577 2862 746 2918 vitam
785 2861 1031 2916 translati
1062 2861 1128 2915 de
1171 2868 1371 2914 caetero
1399 2875 1505 2914 non
1546 2872 1866 2929 peccemus:
1910 2870 2007 2927 per
2030 2855 2173 2925 quod

580 2952 744 3006 simul
773 2960 827 3005 et
857 2950 1272 3005 resurrectionis
1323 2949 1464 3003 illius
1513 2948 1716 3003 similes
1764 2948 1999 3009 erimus,
2046 2946 2172 3016 quia

580 3043 877 3097 similitudo
904 3041 1095 3095 mortis
1128 3041 1359 3095 similem
1397 3041 1677 3111 praestabit
1697 3037 2169 3093 resurrectionem.

579 3133 694 3188 Nec
717 3133 860 3187 enim
895 3133 1001 3186 erit
1028 3132 1346 3195 similitudo,
1393 3140 1451 3185 ut
1475 3131 1607 3185 nihil
1656 3131 1820 3184 distet
1845 3128 1936 3198 qui
1979 3127 2170 3183 similis

2280 1931 2349 1986 Et
2392 1933 2517 2001 quia
2547 1947 2646 1987 nec
2678 1931 2813 1987 tales
2857 1933 3128 2001 peribunt,
3160 1932 3206 1986 si
3249 1932 3309 1987 in
3360 1934 3708 1988 incredulitate
3734 1933 3798 1987 vel

2277 2023 2332 2077 in
2379 2022 2666 2091 iniquitate.
2691 2036 2798 2077 non
2832 2022 3330 2092 perseveraverint,
3348 2023 3401 2076 in
3426 2024 3606 2077 eadem
3624 2024 3798 2078 demon-

2276 2123 2413 2168 strat
2428 2113 2615 2167 dicens
2629 2113 2767 2185 (cap.
2786 2113 2844 2182 5)
2874 2131 2887 2167 :
2909 2112 3034 2167 Non
3046 2113 3195 2183 potui
3208 2112 3353 2167 vobis
3372 2112 3514 2183 loqui
3532 2114 3667 2183 quasi
3683 2112 3800 2182 spiri-

2275 2203 2469 2257 talibus
2484 2200 2536 2273 (l
2550 2199 2675 2256 Cor.
2696 2217 2779 2267 ιιι,
2799 2201 2874 2273 1).
2897 2222 2913 2252 ι
2936 2200 3173 2272 Spiritus
3183 2202 3332 2256 enim
3349 2212 3565 2258 sanctus
3584 2214 3693 2256 tunc
3704 2215 3798 2271 per-

2275 2303 2461 2349 manet
2476 2295 2530 2349 in
2545 2308 2612 2348 eo
2626 2293 2713 2348 cui
2731 2308 2790 2349 se
2811 2293 3089 2359 infuderit,
3108 2295 3151 2349 si
3176 2303 3367 2350 manet
3391 2295 3443 2349 in
3464 2294 3712 2365 proposito
3736 2307 3800 2347 re-

2258 2384 2663 2456 generationis,
2680 2384 2725 2439 si
2753 2399 2861 2455 quo
2884 2386 3084 2451 minus,
3115 2388 3403 2442 abscedit:
3426 2386 3500 2441 ita
3526 2396 3685 2440 tamen
3704 2384 3797 2438 utsi

2276 2473 2659 2528 reformaverit
2710 2488 2770 2529 se
2819 2474 3001 2537 homo,
3059 2474 3248 2529 redeat
3301 2476 3371 2530 ad
3419 2475 3580 2529 illum.
3623 2474 3799 2542 Semper

2275 2564 2419 2620 enim
2447 2573 2671 2634 paratus
2699 2564 2768 2619 ad
2787 2565 2990 2620 bonum
3016 2574 3118 2628 est,
3140 2566 3377 2637 diligens
3407 2567 3758 2638 pmniteutiam.
3780 2582 3794 2614 ι

2274 2656 2426 2723 Quod
2451 2658 2518 2712 de
2538 2656 2742 2726 Spiritu
2772 2666 2960 2713 sancto
3005 2659 3094 2713 hic
3120 2659 3428 2715 catholicus
3472 2649 3647 2715 doctor
3680 2658 3797 2717 dicit,

2272 2749 2380 2805 hoc
2407 2749 2473 2805 de
2491 2748 2653 2803 Patre
2677 2757 2733 2803 et
2764 2747 2904 2803 Filio
2932 2765 3056 2805 cum
3090 2752 3283 2806 eodem
3317 2753 3520 2821 Spiritu
3558 2760 3718 2807 sancto
3738 2755 3798 2803 est

2273 2841 2608 2898 sentiendum
2633 2882 2650 2909 ,
2704 2845 2934 2912 quorum
2986 2857 3097 2898 una
3160 2852 3248 2900 est
3305 2845 3551 2900 voluntas
3605 2852 3655 2898 et
3708 2856 3798 2911 ope-

2273 2933 2431 3005 ratio.

2344 3023 2495 3080 Hanc
2543 3026 2823 3081 catholica:
2878 3027 3165 3082 discretam
3219 3027 3619 3100 intelligentiam
3643 3026 3698 3081 de
3733 3037 3800 3078 reo

2275 3118 2584 3188 demptione
2609 3119 2829 3173 humani
2869 3121 3087 3191 generis
3132 3136 3229 3190 per
3270 3121 3485 3176 DOmini
3527 3120 3799 3191 passionem,

578 3224 686 3278 erit
719 3224 771 3276 in
813 3222 1059 3292 corporis
1082 3221 1271 3292 gloria,
1316 3236 1421 3275 non
1468 3220 1519 3274 in
1563 3219 1863 3274 divinitatis
1900 3227 2113 3272 natura.
2142 3237 2162 3269 ι
2196 3218 2241 3280 C
2276 3210 2446 3263 lenuit
2487 3217 2708 3264 sanctus
2750 3209 3135 3280 Hieronymus,
3185 3213 3375 3268 dicens
3418 3213 3472 3267 in
3521 3209 3799 3281 expositione

578 3314 648 3369 Et
688 3314 817 3368 item
860 3315 998 3384 (cap.
1050 3313 1140 3382 15)
1187 3311 1457 3383 generalis
1498 3310 1742 3366 beneficii
1790 3310 2173 3365 discretionem

579 3408 920 3462 demonstrat
949 3406 1002 3459 in
1054 3403 1294 3475 Epistula
1329 3404 1519 3473 prima.
1535 3403 1603 3455 ad
1651 3400 2000 3456 Corinthios:
2027 3397 2175 3454 Sicut

472 3514 480 3529 '
577 3500 717 3552 enim
768 3499 823 3551 in
855 3498 1025 3550 Adam
1074 3512 1253 3549 omnes
1304 3495 1639 3555 moriuntur,
1669 3494 1746 3546 ita
1788 3502 1836 3545 et
1872 3492 1929 3545 in
1968 3489 2175 3545 Christo

582 3606 762 3643 omnes
791 3589 1194 3656 rivi/icabuntur
1220 3585 1273 3659 (Ι
1301 3586 1426 3640 Cor.
1456 3601 1544 3650 xv,
1742 3602 1761 3635 ι
1794 3582 2052 3638 Omnibus
2083 3592 2175 3654 qui

578 3689 707 3735 sunt
743 3694 809 3733 ex
855 3678 972 3748 ejus
1002 3694 1229 3748 corpore
1254 3678 1541 3748 acquisivit
1565 3677 1757 3742 vitam,
1805 3676 1858 3731 id
1888 3684 1971 3731 est
1996 3691 2177 3730 resur-

581 3773 899 3827 rectionem.
953 3770 1214 3839 Quamvis
1257 3785 1387 3840 ergo
1433 3766 1740 3840 generalem
1777 3766 1964 3822 tribuit
1996 3781 2176 3821 resur-

582 3862 901 3925 rectionem,
938 3870 996 3914 ut
1038 3860 1178 3914 sicut
1211 3860 1263 3914 in
1288 3858 1458 3913 Adam
1487 3874 1696 3923 omnes,
1740 3857 1854 3912 sive
1878 3854 2035 3924 justi,
2061 3856 2175 3911 sive

581 3953 792 4022 iniusti,
845 3954 1169 4018 moriuntur,
1220 3953 1294 4007 ita
1344 3962 1402 4008 et
1453 3953 1505 4006 in
1564 3951 1782 4007 Christo
1815 3966 2023 4016 omnes,
2064 3959 2174 4005 tam

581 4046 870 4102 credentes
921 4062 1084 4116 quam
1131 4046 1475 4112 difﬁdentes,
1529 4053 1851 4115 resurgant:
1918 4044 2043 4100 licet
2105 4044 2173 4099 ad

582 4154 798 4209 poenam
851 4138 1131 4201 increduli,
1190 4146 1371 4192 tamen
1414 4137 1675 4192 viviticari
1720 4137 1993 4199 videntur,
2046 4136 2172 4206 quia

581 4244 809 4301 corpora
830 4245 925 4283 sua
956 4222 1235 4299 recipient,
1262 4227 1374 4297 jam
1402 4244 1507 4283 non
1529 4227 1799 4289 morituri,
1848 4227 1941 4280 sed
1964 4224 2172 4295 passuri

580 4332 798 4392 pmnam
832 4319 886 4372 in
929 4319 1009 4372 eis
1035 4318 1155 4389 sine
1199 4318 1305 4371 line
1356 4316 1500 4386 quod
1547 4316 1767 4371 credere
1803 4314 2111 4369 noluerunt.
2148 4332 2166 4364 ι

580 4409 713 4464 Item
737 4409 876 4481 (cap.
908 4408 987 4476 l),
1009 4409 1156 4478 quod
1196 4407 1526 4477 generaliter
1553 4406 1804 4461 omnibus
1834 4419 1931 4473 per
1956 4420 2172 4459 crucem

581 4501 729 4555 salus
756 4499 1028 4569 proposita
1048 4508 1305 4568 operatur
1328 4497 1572 4567 singulis,
1604 4497 1656 4550 in
1683 4497 1872 4551 eadem
1896 4495 2168 4565 Epistola:

2275 3299 2531 3369 Epistolas
2569 3302 2638 3355 ad
2679 3300 2979 3370 Ephesios:
3015 3321 3033 3354 ι
3076 3301 3191 3358 Hoc
3218 3304 3274 3357 in
3317 3303 3415 3359 Dei
3443 3302 3575 3357 Filio
3598 3297 3799 3370 possibile

2271 3388 2620 3460 judicandum
2649 3399 2755 3455 est,
2782 3392 2928 3459 quod
2963 3407 3157 3447 cruore
3199 3408 3303 3448 suo
3349 3409 3454 3449 non
3482 3393 3653 3447 urbem
3675 3403 3799 3443 unam

2276 3483 2372 3537 sed
2424 3490 2597 3536 totum
2648 3491 2844 3553 purgat
2897 3484 3109 3538 orbem.
3163 3503 3182 3536 ι
3241 3484 3314 3539 Et
3366 3486 3420 3540 in
3460 3477 3799 3539 Commentario

2276 3573 2512 3629 Mattheei
2551 3572 2644 3628 :F
2646 3574 2769 3629 ilius
2794 3575 3019 3630 hominis
3076 3592 3179 3630 non
3231 3578 3375 3632 venit
3424 3574 3709 3636 ministrari,
3733 3569 3799 3624 sed

2274 3665 2601 3730 ministrare,
2647 3674 2695 3718 et
2719 3665 2849 3718 dare
2873 3666 3107 3719 animam
3141 3682 3295 3719 suam
3331 3666 3705 3735 redemptionem
3734 3673 3802 3730 pro

2274 3754 2455 3810 multis
2506 3754 2722 3825 (Matth.
2778 3769 2871 3815 xx,
2910 3755 3025 3827 28).
3050 3773 3070 3806 ι
3124 3753 3239 3809 Νοιι
3270 3754 3417 3811 dixit
3444 3769 3538 3825 pro
3584 3750 3800 3809 omnibus,

2275 3850 2370 3904 sed
2399 3863 2498 3920 pro
2526 3847 2730 3914 multis,
2773 3849 2826 3903 id
2873 3858 2958 3904 est
3009 3865 3108 3920 pro
3156 3850 3242 3905 his
3274 3851 3377 3920 qui
3429 3849 3638 3904 credere
3661 3842 3803 3896 volue-

2276 3941 2403 3997 rint.
2456 3959 2476 3993 ι
2533 3938 2625 3994 Sic
2655 3931 2734 3994 et'
2755 3938 2899 3994 Beda
2949 3939 3003 3993 in
3057 3938 3279 3994 homilia
3334 3937 3603 4009 Evangelii
3646 3933 3804 3988 decima

2274 4034 2428 4087 tertia
2453 4050 2467 4087 :
2490 4052 2509 4085 ι
2535 4032 2593 4087 1η
2618 4031 2822 4102 Spiritu
2846 4040 3035 4087 sancto
3053 4032 3362 4103 baptizaus,
3394 4053 3414 4087 ι
3441 4033 3563 4102 quin
3586 4027 3803 4084 Christus,

2281 4142 2301 4174 ι
2334 4123 2402 4177 ad
2428 4122 2658 4179 tollenda
2684 4131 2927 4192 peccata,
2953 4138 3060 4177 non
3093 4122 3265 4179 solum
3294 4122 3486 4187 lsrael,
3512 4120 3663 4176 sedet
3680 4114 3804 4170 totius

2275 4212 2480 4275 mundi,
2533 4213 2579 4266 si
2607 4212 2657 4267 ei
2702 4213 2925 4268 credere
2964 4211 3216 4276 voluerit,
3247 4211 3476 4268 idoneus
3511 4217 3604 4265 est.
3636 4227 3654 4260 ι
3687 4202 3801 4258 lianc

2275 4311 2499 4359 sanctus
2518 4302 2759 4358 Hilarius
2806 4303 2985 4358 tenuit
3026 4312 3082 4358 et
3125 4302 3332 4368 docuit,
3366 4303 3548 4357 dicens
3583 4299 3633 4353 in
3674 4305 3803 4362 expo-

2275 4394 2473 4449 sitione
2501 4393 2693 4464 psalmi
2724 4409 2892 4448 cxvm
2924 4410 2938 4447 :
2978 4412 2997 4444 ‹
3028 4392 3180 4448 Tunc
3203 4392 3441 4447 humano
3457 4388 3628 4461 generi
3649 4395 3801 4451 expro-

2276 4486 2397 4540 brat
2429 4501 2536 4540 non
2585 4485 2903 4553 poenitenti,
2953 4498 3128 4553 neque
3179 4483 3232 4537 in
3289 4483 3435 4537 viam
3490 4473 3800 4546 evangelicam

596 4590 816 4644 Verbum
851 4590 989 4642 enim
1036 4591 1205 4642 crucis
1231 4565 1561 4658 pereuntibus
1588 4587 1796 4658 quidem
1847 4586 2069 4641 stuititia
2094 4595 2170 4642 est

2274 4577 2541 4648 pergenti,
2573 4577 2626 4631 id
2647 4576 2789 4645 quod
2820 4576 2874 4630 in
2905 4576 3113 4645 psalmo
3138 4575 3470 4630 continetur.
3495 4571 3617 4638 Qua:
3642 4565 3799 4621 utilitas

583 4684 635 4755 (I
662 4674 850 4745 Con},
896 4680 1002 4752 l8).
1038 4701 1055 4733 ι
1095 4681 1436 4735 Manifestum
1485 4689 1590 4745 est,
1642 4681 1768 4750 quia
1817 4681 2011 4749 quibus
2038 4697 2171 4738 crux

582 4774 782 4830 Christi
811 4772 1035 4827 stultitia
1061 4782 1163 4838 est,
1203 4772 1253 4825 in
1288 4771 1586 4841 perditione
1612 4779 1773 4825 sunt:
1806 4770 2002 4824 inferni
2026 4773 2171 4826 enim

583 4867 745 4923 morti
778 4882 883 4920 non
935 4874 1061 4920 sunt
1101 4865 1294 4935 erepti.
1330 4862 1430 4918 llis
1482 4875 1657 4917 autem
1703 4861 1792 4934 qui
1837 4862 1970 4917 salvi
2010 4862 2169 4931 ﬁunt,

582 4960 745 5015 virtus
794 4956 892 5012 Dei
928 4969 1003 5012 est
1040 4957 1237 5029 (ibid).
1277 4957 1395 5012 Non
1443 4962 1547 5023 estg
1569 4954 1882 5019 obscurum,
1930 4955 2057 5024 quia
2090 4955 2174 5009 his

579 5050 671 5119 qui
699 5049 928 5104 credunt
958 5048 1130 5102 virtus
1155 5046 1247 5102 Dei
1293 5057 1408 5101 est:
1440 5046 1666 5100 credunt
1695 5044 1837 5099 enim
1881 5059 1988 5099 non
2015 5042 2170 5097 infir-

583 5140 825 5195 mitatem
857 5154 978 5193 esse
1008 5153 1224 5191 crucem
1255 5136 1481 5198 Christi,
1522 5135 1625 5202 sed
1653 5135 1926 5198 virtutem,
1976 5132 2173 5188 intelli-

584 5238 775 5300 gentes
819 5237 1047 5282 mortem
1082 5227 1283 5281 victam
1311 5241 1430 5280 esse
1471 5226 1523 5279 in
1556 5239 1750 5279 cruce:
1779 5223 1931 5293 cujus
1959 5222 2170 5293 signum

583 5320 677 5390 qui
705 5319 905 5373 habent
945 5318 1079 5373 salvi
1122 5326 1266 5381 sunt,
1311 5317 1436 5387 quia
1464 5315 1532 5370 ab
1562 5315 1652 5370 illa
1696 5315 1867 5369 teneri
1915 5330 2021 5369 non
2047 5329 2169 5383 pos-

587 5420 731 5466 sunt.
762 5431 779 5462 »
813 5410 947 5477 Quia
977 5409 1305 5480 generaliter
1325 5408 1576 5462 omnibus
1602 5407 1671 5461 sit
1697 5405 1844 5460 salus
1872 5405 2165 5475 proposita,

588 5502 717 5556 item
749 5499 887 5572 (cap.
919 5499 973 5569 9)
999 5500 1051 5553 in
1084 5500 1272 5553 eadem
1301 5498 1434 5553 dicit
1472 5498 1696 5567 epistola
1726 5515 1739 5551 :
1773 5496 1957 5549 Omnis
1996 5494 2085 5563 qui
2116 5496 2173 5548 in

588 5607 754 5660 agone
779 5590 1060 5653 contendit,
1090 5589 1152 5642 ab
1179 5588 1417 5643 omnibus
1446 5605 1500 5641 se
1518 5587 1736 5641 abstinet
1756 5585 1805 5657 (I
1830 5584 1954 5640 Cor.
1978 5584 2034 5647 9,
2056 5583 2172 5652 25).

595 5701 613 5731 ι
647 5682 834 5735 Abhis
869 5680 1118 5735 omnibus
1141 5696 1261 5749 quae
1302 5680 1520 5734 vitanda
1565 5679 1754 5732 eadem
1802 5677 1967 5731 tradit
2012 5675 2174 5729 disci-

590 5772 759 5843 plina,
782 5788 903 5827 cum
928 5772 1106 5829 sciant
1130 5787 1294 5827 unum
1320 5771 1483 5842 295
1520 5770 1921 5827 coronandum:
1969 5777 2173 5839 quanto

2273 4671 2329 4723 in
2369 4670 2624 4739 sanguine
2678 4684 2814 4733 meo,
2862 4668 2991 4721 dum
3052 4667 3310 4721 descendo
3358 4668 3414 4720 in
3471 4661 3799 4730 corruptionem

2238 4766 2239 4769 ‘
2275 4757 2453 4831 (Psal.
2505 4776 2661 4824 nix,
2693 4758 2787 4831 20)
2819 4758 3174 4828 ?Exprobrat
3220 4759 3367 4812 enim
3413 4752 3646 4826 superbis
3674 4744 3801 4814 alque

2276 4851 2609 4917 maledictis,
2651 4866 2750 4906 cur
2795 4850 2931 4905 nihil
2977 4850 3031 4904 iu
3086 4857 3430 4904 sacramento
3459 4840 3710 4915 sanguinis
3738 4832 3799 4888 sui

2276 4949 2440 5010 atque
2464 4942 2654 4995 mortis
2688 4938 2937 4993 utilitatis
2962 4953 3075 4992 sua:
3108 4953 3228 4993 esse
3255 4932 3686 5012 existimaverunt,
3706 4936 3800 4979 cum

2244 5030 2368 5087 'ille
2419 5032 2590 5087 nostri
2643 5045 2807 5086 causa
2850 5036 2907 5085 et
2940 5040 3119 5094 natus,
3158 5037 3214 5084 et
3260 5042 3471 5099 passus,
3507 5034 3559 5080 et
3600 5025 3802 5076 mortuus

2277 5127 2369 5181 sit.
2402 5144 2421 5177 ›
2455 5125 2547 5180 Sic
2568 5125 2739 5180 sensit
2769 5131 2826 5179 et
2868 5124 3053 5179 docuit
3097 5131 3318 5178 sanctus
3345 5121 3574 5176 Joannes
3607 5113 3800 5180 Chryse

2260 5229 2513 5287 ,stomus,
2558 5218 2745 5272 dicens
2802 5217 2857 5270 in
2906 5214 3144 5285 Epistola
3191 5214 3258 5268 ad
3298 5211 3565 5270 Hebrmos,
3612 5199 3801 5272 qualilel'

2277 5309 2451 5380 gratia
2484 5307 2577 5363 Dei
2603 5322 2701 5377 pro
2724 5305 2976 5361 omnibus
3003 5303 3304 5376 gustaverit
3336 5308 3580 5359 mortem,
3613 5304 3710 5380 non
3722 5296 3799 5353 pro

2278 5377 2528 5454 lidelibus
2565 5406 2798 5462 tantum,
2832 5398 2927 5451 sed
2954 5410 3053 5465 pro
3073 5393 3275 5447 mundo
3318 5390 3581 5445 universo.
3609 5381 3669 5435 Et
3682 5377 3800 5465 (loco

2277 5489 2479 5543 dictum
2506 5497 2611 5552 est,
2643 5487 2712 5540 ad
2734 5462 3022 5541 multorum
3045 5480 3399 5538 exhauriendo
3424 5482 3625 5548 peccata
3646 5462 3798 5545 (Ηέὒτο

2277 5598 2355 5645 ιιι,
2379 5580 2492 5653 28).
2524 5580 2591 5633 Et
2630 5580 2744 5649 ipse
2786 5577 3006 5649 quidem
3050 5592 3150 5647 pro
3173 5573 3423 5630 omnibus
3462 5572 3685 5623 mortuus
3716 5558 3797 5607 est.

2238 5680 2239 5685 ‘
2277 5675 2416 5742 Quid
2447 5682 2624 5729 autem
2647 5674 2691 5728 si
2717 5688 2823 5727 non
2850 5685 3037 5726 omnes
3059 5669 3308 5732 credunt,
3346 5672 3400 5718 et
3420 5659 3509 5716 ille
3528 5652 3657 5728 quod
3675 5654 3801 5703 suum

2277 5776 2358 5825 est
2389 5766 2684 5838 implevit?
2725 5764 2818 5822 Sic
2869 5763 3041 5820 sensit
3083 5773 3140 5818 et
3188 5759 3370 5817 docuit
3394 5755 3452 5812 S.
3492 5744 3799 5820 Augustinus.
