3992 6336
1630 135 1657 148 ο
1690 134 1705 145 φ

163 312 262 368 50!

946 303 1036 359 DE
1073 298 1742 379 PREDESTINATIONE
1779 296 2244 361 DISSERTATIO
2281 301 2695 363 POSTERIOR.

3313 306 3419 366 562

159 425 348 480 dicens
371 420 424 475 in
446 418 587 474 libro
609 417 675 473 de
699 416 1052 487 Correptione
1075 424 1131 471 et
1154 415 1340 471 Gratia
1380 432 1394 469 ε
1425 432 1444 465 c
1477 413 1610 480 Quis
1633 427 1747 467 ma—
1771 413 1823 476 Α
1847 413 2068 482 respicit
2101 423 2345 486 partem.
2377 433 2500 472 cum
2542 418 2760 493 sanguis
2810 419 3021 478 Domini
3064 423 3235 479 nostri
3291 422 3417 480 Jesu

160 515 243 585 gis
285 510 474 567 dilexit
512 507 758 562 infirmos
791 521 952 576 quam
999 504 1089 559 ille
1133 504 1224 574 qui
1252 520 1352 574 pro
1375 503 1625 559 omnibus
1662 510 1749 558 est

160 604 339 658 factus
366 600 633 664 inﬁrmus,
663 606 719 654 et
751 613 850 668 pro
876 596 1128 653 omnibus
1155 612 1220 652 ex
1266 597 1377 666 ipsa
1402 595 1565 667 296
1597 594 1751 649 inlir-

160 693 354 749 mitate
381 687 706 745 crucifixus?
749 706 769 740 ι
796 686 864 740 Ει
901 687 953 740 in
986 685 1129 757 libro
1155 693 1311 741 sexto
1349 694 1534 740 contra
1578 681 1747 738 Julia-

161 797 293 838 num
318 801 331 836 :
367 800 389 833 ε
421 779 502 834 Illi
525 785 655 835 sunt
676 776 888 832 liberati
912 790 942 829 a
965 785 1208 846 peccato,
1233 791 1333 847 pro
1376 775 1571 845 quibus
1596 788 1745 829 mor-

162 885 287 928 tuus
313 879 405 927 est
443 869 534 940 qui
580 881 858 939 nunquam
907 867 1085 921 fuerat
1131 866 1184 920 in
1225 873 1450 937 peccato
1489 874 1544 921 et
1579 863 1747 920 semel

162 972 439 1027 mortuus,
464 970 645 1016 tamen
665 975 764 1032 pro
786 974 1112 1030 unoquoque
1144 969 1271 1015 tunc
1292 958 1544 1025 moritur,
1568 972 1745 1029 quan-

160 1055 231 1111 do
259 1056 316 1110 in
346 1052 468 1121 ejus
491 1059 669 1107 morte
692 1050 1042 1120 quantalibet
1080 1049 1254 1105 inlatis
1296 1049 1463 1104 fuerit
1498 1047 1744 1122 baptiza-

160 1154 269 1209 tur,
302 1144 360 1199 id
387 1152 491 1209 est,
518 1150 648 1197 tunc
672 1142 723 1196 ei
746 1139 987 1211 proderit
1006 1155 1153 1194 mors
1177 1140 1294 1211 ejus
1313 1141 1405 1209 qui
1431 1138 1535 1194 fuit
1554 1139 1607 1194 in
1621 1153 1746 1209 pec-

160 1247 318 1303 rato,
359 1235 581 1307 quando
626 1234 683 1289 in
722 1232 840 1305 ejus
876 1240 1052 1287 morte
1108 1232 1452 1302 baptizatus,
1498 1239 1745 1288 mortuus

162 1330 325 1382 fuerit
369 1328 537 1382 etiam
592 1325 707 1395 ipse
743 1333 999 1394 peccato,
1045 1324 1137 1393 qui
1177 1332 1420 1379 mortuus
1462 1324 1640 1379 luerat
1687 1324 1745 1379 in

159 1428 418 1493 peccato.
457 1439 475 1471 ›
510 1418 662 1473 Hanc
687 1417 858 1471 tenuit
881 1424 935 1471 et
969 1416 1281 1485 prazdicavit
1307 1426 1530 1472 sanctus
1568 1415 1745 1472 Theo-

162 1513 341 1582 philus
366 1509 610 1581 pontifex
648 1507 1069 1571 Alexandrinus,
1104 1507 1291 1563 dicens
1340 1508 1395 1562 in
1433 1508 1607 1576 capite
1642 1507 1746 1562 Pa-

160 1603 371 1659 schalis
405 1600 646 1670 epistola:
668 1598 842 1654 tertiae
872 1616 886 1652 :
919 1618 936 1651 ι
963 1596 1116 1652 Nunc
1139 1613 1351 1668 quoque
1376 1598 1470 1653 Dei
1493 1598 1615 1653 viva
1658 1612 1745 1653 sa-

163 1693 371 1764 pientia
416 1707 515 1746 nos
544 1691 610 1745 ad
656 1700 905 1746 sanctum
945 1699 1205 1760 provocat
1225 1689 1433 1745 Pascha
1458 1689 1742 1746 celebran-

1846 502 2050 560 Cbristi
2080 505 2311 574 pretium
2346 509 2508 563 totius
2532 509 2602 564 sit
2629 511 2833 566 mundi.
2866 531 2885 565 ι
2906 512 3056 568 Hanc
3081 513 3196 585 ipsa
3227 525 3417 571 sancta

1847 594 2005 677 sedes
2048 596 2342 664 apostolica
2374 598 2449 652 .in
2511 602 2726 657 arcanis
2776 602 3076 659 coelestium
3132 607 3411 677 mysterio-

1845 702 1965 742 rum
1991 687 2153 759 297
2181 703 2249 743 ex
2275 690 2637 760 apostolorum
2667 694 2953 751 traditione
2984 696 3178 753 retinet
3198 697 3405 754 dicens:

1851 793 1871 827 ι
1892 775 2019 832 Hinc
2038 778 2216 834 hostia
2244 794 2573 851 quaesumus,
2601 780 2846 851 Domine,
2869 786 3090 840 mundet
3116 797 3300 842 nostra
3325 787 3416 843 dea

1844 866 1993 937 licta,
2018 885 2137 940 quae
2160 871 2216 926 in
2246 886 2344 927 ara
2372 873 2549 928 crucis
2584 874 2860 930 immolata
2883 877 3046 932 totius
3080 878 3266 935 mundi
3296 878 3418 941 tulit

1844 958 2126 1017 offensam.
2166 981 2185 1015 ι
2220 962 2289 1019 Ει
2324 962 2451 1018 item
2494 982 2507 1018 :
2547 983 2567 1017 ‹
2617 965 2810 1021 Annue
2838 967 3013 1034 nobis,
3064 967 3313 1034 Domine,
3358 977 3419 1023 ut

1844 1051 2038 1107 anima:
2062 1051 2251 1107 famuli
2302 1053 2376 1108 tui
2418 1053 2617 1110 Leonis
2656 1055 2771 1110 hinc
2795 1056 2966 1125 prosit
3006 1055 3227 1122 oblatio,
3255 1072 3419 1127 quam

1844 1139 2171 1197 immolando
2195 1142 2359 1199 totius
2388 1144 2571 1199 mundi
2604 1144 2838 1200 tribuisti
2865 1146 3093 1202 relaxari
3135 1148 3352 1203 delicta.
3392 1169 3410 1200 ι

1845 1231 1914 1286 Et
1940 1248 1953 1286 :
1984 1250 2003 1284 ι
2029 1232 2280 1303 Respice,
2302 1233 2643 1303 omnipotens
2665 1245 2719 1289 et
2743 1235 3055 1291 misericors
3079 1234 3245 1301 Deus,
3258 1252 3422 1306 super

1845 1324 1987 1381 hanc
2013 1323 2271 1379 familiam
2304 1332 2472 1391 tuam,
2498 1340 2597 1395 pro
2634 1341 2739 1397 qua
2777 1328 3034 1383 Dominus
3058 1335 3242 1383 noster
3264 1312 3421 1383 Iesus

1844 1413 2092 1469 Christus
2118 1430 2225 1470 non
2249 1415 2516 1471 dubitavit
2543 1418 2789 1473 manibus
2820 1419 2956 1474 tradi
3002 1418 3337 1485 nocentium,
3364 1428 3421 1475 et

1847 1506 2025 1563 crucis
2068 1508 2251 1563 subire
2298 1517 2644 1565 tormentum.
2695 1529 2715 1564 ι
2750 1510 2904 1567 Unde
2927 1510 3100 1582 legem
3144 1511 3422 1576 credendi.

1844 1605 1905 1652 ut
1926 1599 2114 1653 beatus
2146 1597 2467 1655 Coelestinus
2492 1601 2698 1666 scribit,
2728 1600 2811 1656 lex
2838 1604 3039 1656 statuat
3065 1601 3420 1672 supplicandi.

1917 1686 2068 1743 Hanc
2088 1687 2402 1743 orthodoxe
2428 1688 2791 1759 intelligentiae
2818 1690 3199 1746 discretionem
3230 1691 3423 1747 hause-

163 1784 309 1849 dum,
352 1797 547 1837 omnes
587 1782 815 1851 cupiens
856 1779 975 1851 ejus
1001 1795 1122 1836 esse
1158 1780 1469 1851 participes.
1502 1798 1521 1833 ι
1575 1780 1643 1835 Et
1690 1780 1746 1835 in
1777 1770 1822 1830 Β
1850 1784 1976 1829 runt
2005 1776 2251 1831 catholici
2281 1785 2463 1846 patres
2512 1779 2683 1833 nostri
2725 1780 2790 1835 de
2835 1779 3072 1835 fontibus
3104 1780 3421 1846 Salvatoris,

164 1878 334 1948 prima
374 1875 631 1947 synodica
663 1892 677 1928 :
708 1893 727 1926 ι
758 1873 985 1937 Idcirco,
1020 1873 1221 1943 inquit,
1262 1873 1515 1931 omnibus
1558 1887 1746 1930 errore

162 1968 407 2023 seductis
431 1968 618 2021 vivens
641 1981 822 2022 sermo
855 1965 952 2019 Dei
987 1965 1041 2020 in
1078 1965 1339 2020 auxilium
1376 1973 1624 2022 nostrum
1648 1980 1743 2022 ve-

166 2060 238 2113 nit
260 2060 334 2114 ad
362 2067 560 2123 terras,
583 2073 703 2126 qua:
723 2057 1045 2127 ignorabant
1070 2055 1271 2112 cultum
1294 2057 1411 2123 Dei,
1435 2065 1489 2112 et
1501 2056 1746 2114 veritatis

165 2152 583 2207 sollicitudinem
619 2150 978 2206 sustinebant.
1020 2148 1185 2219 Cujus
1224 2149 1302 2204 rei
1336 2150 1486 2205 testis
1527 2149 1617 2205 ille
1651 2149 1745 2219 qui

163 2245 421 2314 loquitur,
475 2241 666 2297 Omnes
715 2240 1095 2311 deliquerunt,
1153 2238 1313 2295 simul
1364 2238 1575 2294 inutiles
1616 2239 1746 2308 facti

164 2348 276 2390 sunt
305 2335 494 2407 (Rom.
526 2334 746 2401 111,12).
780 2351 798 2384 ι
848 2332 916 2386 Et
973 2332 1098 2386 item
1146 2331 1203 2386 in
1240 2331 1513 2386 secunda:
1547 2348 1567 2381 ι
1604 2328 1746 2385 Prte-

164 2425 359 2480 bentes
381 2438 481 2479 nos
501 2423 691 2493 dignos
713 2422 1096 2476 communione
1119 2421 1364 2491 corporis
1388 2428 1444 2474 et
1468 2419 1747 2492 sanguinis

161 2511 391 2568 Christi.
442 2511 533 2567 Sic
577 2512 721 2567 enim
763 2512 1092 2567 merebimur
1127 2512 1372 2583 accipere
1422 2526 1588 2583 regna
1627 2523 1746 2567 co:-

162 2604 343 2660 lorum
375 2604 429 2658 in
455 2603 675 2658 Christo
713 2601 841 2657 Iesu
870 2601 1102 2658 Domino
1139 2610 1345 2658 nostro.
1372 2620 1394 2654 ι
1422 2601 1490 2657 Ει
1527 2609 1747 2657 sumtus

166 2697 268 2752 Leo
290 2697 355 2750 in
379 2694 604 2764 epistola
626 2696 692 2749 ad
715 2694 949 2750 Leonem
972 2693 1309 2766 Augustum:
1332 2713 1358 2747 ‹
1380 2692 1583 2749 Eli‘usio
1601 2692 1746 2749 enim

166 2789 292 2859 justi
338 2802 439 2856 pro
462 2787 678 2857 injustis
702 2787 983 2859 sanguinis
1004 2787 1208 2842 Christi
1229 2796 1341 2842 tam
1384 2785 1485 2841 fuit
1509 2786 1659 2842 dives
1679 2785 1747 2840 ad

162 2882 426 2950 pretium,
457 2888 517 2933 ut
548 2880 593 2933 si
627 2881 951 2934 universitas
979 2878 1316 2950 captivorum
1346 2879 1400 2934 in
1424 2877 1748 2947 Redempto-

167 2988 278 3027 rem
334 2987 493 3026 suum
540 2973 816 3035 crederet,
865 2972 1072 3026 nullum
1116 2970 1313 3028 diaboli
1359 2969 1573 3026 vincula
1617 2969 1767 3033 reti-5

169 3072 382 3118 nerunt.
428 3082 446 3114 ι
485 3062 551 3116 Ει
582 3062 900 3117 Ambrosius
947 3063 1000 3117 in
1039 3062 1248 3132 psalmo
1288 3077 1495 3117 cxvm:
1532 3079 1551 3112 ‹
1591 3059 1745 3127 Quod

170 3162 417 3208 mortuus
444 3162 528 3208 est
564 3152 833 3219 Christus,
865 3162 1119 3209 mortuus
1152 3161 1235 3209 est
1267 3152 1451 3209 semel.
1486 3150 1750 3208 Omnibus

174 3242 222 3296 in
245 3258 541 3298 commune
576 3244 741 3298 semel
795 3251 1042 3299 mortuus
1086 3251 1191 3309 est,
1234 3252 1291 3300 et
1334 3242 1560 3312 singulis
1586 3242 1752 3297 semel
1788 3236 1795 3241 ”

175 3337 425 3402 moritur,
450 3351 554 3391 non
587 3334 918 3406 frequenter.
952 3354 971 3385 ι
1002 3334 1091 3391 Sic
1116 3344 1336 3390 sanctus
1361 3333 1654 3406 Gregorius
1676 3342 1755 3389 te-

175 3428 286 3484 nuit
319 3436 375 3483 et
398 3426 714 3497 praedicavit
750 3425 803 3480 in
835 3426 972 3481 libro
1004 3425 1282 3480 Moralium
1323 3425 1534 3481 decimo
1560 3432 1754 3494 quarto

177 3519 358 3573 dicens
381 3517 520 3589 (cap.
543 3515 637 3587 22)
664 3536 677 3570 :
707 3534 727 3567 ι
754 3514 921 3571 Stulti
951 3530 1166 3586 quoque
1187 3515 1555 3586 despiciebant
1572 3530 1658 3570 me
1684 3533 1697 3570 :
1727 3533 1747 3569 ι

177 3623 237 3663 ac
284 3608 331 3663 si
382 3616 570 3678 aperte
624 3607 898 3663 diceretur
927 3625 942 3661 :
970 3607 1077 3677 lpsi
1126 3622 1213 3661 me
1261 3608 1426 3662 etiam
1492 3606 1773 3676 despexe-,

178 3707 317 3765 runt,
346 3714 447 3771 pro
484 3697 678 3769 quibus
726 3697 982 3754 sanandis
1027 3697 1312 3754 stultitiam
1352 3697 1756 3769 praedicationis

179 3792 465 3861 assumpsi.
499 3792 551 3846 id
581 3800 663 3847 est
706 3801 764 3845 ut
796 3807 892 3862 per
917 3806 1140 3847 carnem
1174 3790 1334 3846 Verbi
1379 3798 1707 3846 sanarentur
1736 3806 1751 3844 :

178 3887 317 3941 etab
342 3887 479 3958 ipsis
502 3886 792 3958 despectus
820 3902 964 3952 sum,
995 3900 1095 3957 pro
1134 3885 1565 3955 quibusstultus
1607 3884 1754 3939 testi-

180 3980 307 4033 mari
339 3979 547 4034 veritus
569 3993 672 4032 non
719 3993 862 4033 sum.
897 3978 965 4032 Et
1004 3978 1136 4033 item
1166 3976 1222 4031 in
1266 3975 1493 4032 bomilia
1520 3973 1758 4031 secunda

181 4066 479 4125 Ezechielis
504 4069 780 4140 prophetae
808 4088 822 4123 :
856 4086 885 4125 s
919 4069 1306 4125 Persecutores
1355 4081 1484 4122 suos
1528 4065 1771 4135 diligunt_

180 4159 559 4228 przedicatores
608 4158 814 4225 sancti;
863 4158 959 4217 sed
1010 4159 1126 4229 ipse
1168 4164 1360 4213 auctor
1400 4154 1640 4211 omnium
1694 4168 1759 4209 ac

181 4249 512 4321 Redemptor
543 4250 598 4305 in
624 4250 876 4319 passione
918 4250 1149 4320 positus,
1193 4264 1293 4320 pro
1320 4242 1757 4320 persecutoribus

184 4341 465 4397 intercedit
486 4343 670 4398 dicens
704 4359 718 4396 :
758 4339 940 4407 Pater,
974 4343 1182 4412 ignosce
1206 4342 1335 4405 illis,
1372 4343 1496 4413 quia
1524 4341 1758 4396 nesciunt

1846 1867 1938 1938 qui
1965 1868 2128 1922 dicit:
2154 1865 2336 1922 Simile
2357 1877 2432 1922 est
2464 1883 2678 1939 regnum
2698 1867 2945 1924 caelorum
2969 1870 3167 1925 homini
3189 1872 3278 1942 qui
3302 1871 3426 1941 fecit

1846 1958 2057 2027 nuptias
2074 1957 2192 2028 ﬁlio
2217 1973 2333 2024 suo,
2367 1966 2414 2012 et
2439 1959 2579 2014 misit
2620 1975 2790 2014 servos
2826 1976 2948 2014 suos
2972 1976 3153 2016 vocare
3182 1963 3424 2016 invitatos

1845 2048 1916 2102 ad
1954 2049 2186 2120 nuptias,
2215 2057 2263 2104 et
2287 2048 2714 2105 nolebanlvenire
2737 2051 2955 2123 (Matth.
2998 2070 3133 2120 xxu,
3161 2054 3217 2120 2,
3246 2053 3325 2125 5).
3359 2055 3428 2109 Et

1846 2147 1968 2211 post
1992 2140 2094 2195 alia
2119 2158 2132 2195 :
2162 2139 2292 2195 Dico
2318 2140 2457 2197 vobis
2488 2142 2628 2212 quod
2657 2159 2806 2199 nemo
2836 2145 3068 2200 uirorum
3094 2146 3306 2201 illorum
3336 2150 3427 2218 qui

1845 2231 2013 2287 uocati
2048 2240 2168 2286 sunt
2191 2232 2416 2302 gustabit
2437 2249 2635 2288 caenam
2659 2251 2828 2291 meam
2857 2234 3009 2308 (Luc.
3039 2253 3150 2304 xw,
3177 2237 3292 2308 24).
3323 2237 3431 2295 Ve-

1846 2329 2043 2377 nerunt
2068 2330 2248 2378 autem
2277 2322 2432 2378 multi
2459 2323 2525 2380 de
2552 2325 2655 2380 viis
2683 2328 2861 2383 vocati
2883 2338 2937 2383 ct
2973 2330 3210 2399 sepibus,
3238 2338 3295 2386 et
3321 2331 3425 2385 im-

1846 2411 2005 2482 pleta:
2029 2420 2154 2468 sunt
2180 2413 2379 2484 nuptiae
2405 2414 2874 2473 discumbentium.
2902 2418 2969 2474 Et
2997 2420 3213 2489 quidam
3240 2436 3429 2477 eorum

1846 2504 1940 2574 qui
1962 2516 2244 2572 venerunt,
2269 2521 2375 2561 non
2400 2507 2587 2563 habuit
2608 2501 2809 2564 vestem
2830 2510 3152 2580 nuptialem,
3177 2520 3232 2567 et
3251 2512 3430 2583 ligatis

1847 2594 2096 2650 manibus
2115 2604 2170 2651 et
2189 2596 2414 2667 pedibus
2440 2598 2639 2655 missus
2658 2608 2742 2655 est
2762 2601 2815 2655 in
2840 2603 3087 2656 tenebras
3108 2616 3171 2657 es
3182 2602 3427 2669 teriores,

1848 2687 1940 2743 ubi
1987 2688 2093 2743 erit
2136 2688 2293 2746 lletus
2345 2700 2399 2745 et
2441 2693 2641 2749 stridor
2688 2693 3076 2752 dentiumrllaa
3117 2697 3318 2767 nuptis:
3361 2699 3430 2756 ab

1850 2772 1980 2851 ipsis
2001 2783 2183 2838 mundi
2213 2783 2533 2840 rudimentis
2564 2795 2761 2855 paratae
2790 2796 2931 2854 sunt,
2965 2788 3081 2845 bare
3108 2790 3176 2845 ad
3204 2792 3306 2848 has
3332 2808 3433 2848 nu-

1848 2871 1991 2941 ptias
2018 2871 2086 2927 ab
2103 2881 2293 2929 exortu
2322 2874 2541 2930 humani
2563 2878 2778 2947 generis
2798 2881 3009 2937 vocatio
3033 2882 3268 2947 exstitit,
3292 2883 3436 2941 sicut

1850 2972 2071 3020 sanctus
2121 2965 2483 3037 Hieronymus
2530 2969 2584 3024 in
2628 2969 3028 3030 Commentario
3085 2975 3326 3046 epistolae
3366 2976 3438 3033 ad

1853 3059 2077 3144 Galatas
2107 3062 2240 3118 dicit
2281 3080 2294 3117 :
2325 3062 2510 3119 Haeres
2539 3063 2640 3120 iste
2673 3065 2948 3135 parvulus,
2978 3067 3069 3137 qui
3100 3068 3234 3124 nihil
3258 3069 3439 3127 diﬂ'ert

1851 3167 1882 3208 a
1910 3168 2068 3209 servo
2096 3169 2221 3209 cum
2249 3154 2321 3211 sit
2346 3155 2598 3212 dominus
2624 3159 2885 3224 omnium,
2916 3161 3009 3216 sed
3037 3161 3137 3217 sub
3169 3163 3438 3219 tutoribus

1850 3250 1937 3299 est
1963 3258 2135 3315 usque
2173 3243 2242 3299 ad
2277 3244 2603 3316 praalinitum
2635 3256 2844 3318 tempus
2871 3264 2899 3303 a
2926 3258 3103 3321 patre,
3136 3260 3305 3307 totum
3332 3254 3437 3309 hu-

1852 3350 2073 3390 manum
2110 3351 2279 3408 genus
2305 3336 2373 3393 ab
2393 3348 2583 3395 exortu
2609 3353 2781 3411 usque
2800 3343 2871 3397 ad
2899 3343 3188 3400 adventum
3215 3343 3439 3411 Christi,

1853 3436 1911 3483 et
1939 3437 1998 3483 ut
2040 3428 2273 3498 amplius
2314 3428 2513 3498 dicam,
2564 3447 2736 3503 usque
2777 3434 2846 3488 ad
2873 3436 3059 3491 mundi
3095 3450 3437 3493 consumma-

1853 3520 2055 3577 tionem
2077 3521 2364 3594 signiﬁcat.
2392 3522 2670 3591 Quomodo
2696 3525 2840 3581 enim
2860 3540 3050 3584 omnes
3075 3528 3130 3583 in
3156 3530 3433 3602 protopla-

1854 3618 1940 3667 sto
1964 3611 2135 3668 Adam
2180 3615 2413 3670 necdum
2451 3615 2565 3671 nati
2590 3617 2933 3674 moriuntur:
2958 3618 3034 3674 ita
3073 3634 3264 3677 omnes
3297 3630 3351 3676 et
3380 3622 3441 3683 hi

1855 3704 1949 3774 qui
1993 3713 2121 3761 ante
2164 3707 2454 3762 adventum
2501 3708 2703 3765 Christi
2753 3710 2867 3766 nati
2916 3719 3065 3778 sunt,
3109 3712 3163 3766 in
3204 3714 3443 3773 secundo

1855 3794 2026 3853 Adam
2055 3797 2620 3872 viviﬁcantur:atque
2650 3800 2725 3856 ita
2763 3802 2844 3867 lit,
2887 3810 2947 3858 ut
2972 3811 3028 3858 et
3051 3818 3150 3859 nos
3176 3804 3279 3876 legi
3321 3821 3440 3861 ser-
3510 3837 3521 3842 ν

1855 3888 2114 3943 vierimus
2143 3889 2197 3943 in
2220 3890 2491 3959 patrihus,
2523 3899 2581 3949 et
2604 3890 2679 3945 illi
2702 3893 2878 3962 gratia
2907 3892 3187 3949 salvantur
3214 3896 3267 3950 in
3296 3895 3442 3954 ﬁliis.

1857 3979 1924 4035 Et
1951 3981 2227 4050 quoniam,
2255 3989 2318 4035 ut
2348 3981 2541 4039 beatus
2570 3982 2898 4055 Augustinus
2941 3986 2995 4039 in
3035 3985 3173 4041 libro
3201 3986 3269 4042 de
3293 3986 3445 4047 Bono

1856 4072 2276 4142 perseverantiae
2328 4072 2463 4128 dicit
2517 4072 2656 4145 (cap.
2709 4074 2804 4145 8),
2859 4075 3101 4146 nunquid
3160 4077 3444 4137 hominum

1857 4169 2070 4217 naturte
2095 4161 2214 4216 dum
2234 4162 2405 4238 sunt?
2444 4162 2606 4218 absit.
2632 4161 2688 4219 Si
2717 4163 2836 4218 duae
2862 4173 3070 4220 naturae
3089 4174 3286 4230 essent,
3320 4180 3448 4238 gra-

1858 4250 1933 4305 tia
1963 4249 2067 4305 ulla
2109 4265 2218 4305 non
2244 4229 2442 4306 'esset:
2472 4252 2613 4306 unde
2656 4258 2869 4308 constat
2914 4251 3042 4322 quia
3075 4229 3277 4308 natura
3310 4229 3446 4321 una,

1859 4340 1956 4396 sed
1978 4340 2160 4410 dispar
2183 4346 2266 4395 est
2287 4340 2481 4411 gratia.
2506 4340 2715 4397 Etcum
2730 4357 2897 4397 unum
2922 4341 2980 4397 in
3003 4343 3236 4414 generali
3265 4358 3445 4400 massa

182 4435 299 4505 quid
322 4434 528 4504 faciunt
550 4432 701 4504 (Luc.
727 4449 882 4499 χχιιι,
916 4433 1028 4505 54).
1058 4434 1296 4490 Membra
1339 4450 1432 4489 sua
1464 4442 1668 4505 ponunt
1702 4434 1757 4488 in
1782 4461 1835 4522 υ
1861 4432 2181 4504 perditionis
2228 4434 2300 4490 sit
2340 4434 2620 4500 meritum,
2668 4450 2864 4507 magna
2915 4435 3200 4493 diversitas
3243 4444 3345 4502 est,
3376 4436 3448 4493 ab

184 4526 429 4594 passione
452 4540 550 4595 pro
574 4524 867 4580 fratribus:
897 4526 990 4581 sed
1018 4541 1116 4594 pro
1141 4525 1434 4581 electorum
1456 4524 1560 4578 vita
1587 4538 1780 4593 usque,

188 4616 249 4669 ad
272 4627 504 4670 mortem
556 4630 616 4672 se
654 4615 877 4672 tradidit
901 4625 1092 4673 auctor
1125 4618 1271 4672 vitae.
1306 4637 1325 4670 ι
1358 4616 1425 4671 Ει
1455 4617 1508 4672 in
1534 4610 1748 4671 homilii

190 4705 462 4780 Evangelii
491 4708 788 4779 vigesima:
825 4726 847 4761 ι
877 4709 1031 4765 Illum
1063 4707 1299 4765 Joannes
1340 4708 1578 4778 Baptista
1614 4722 1755 4777 prae+

191 4801 369 4859 dicare
401 4802 674 4869 veniebat,
706 4802 796 4873 qui
832 4801 1094 4873 quosdam
1131 4818 1196 4859 ex
1221 4800 1423 4867 Judrea,
1465 4808 1521 4855 et
1559 4799 1775 4867 multos,

191 4909 257 4949 ex
281 4896 530 4964 gentibus
547 4896 846 4966 praedicare
873 4896 1141 4952 veniebat.
1173 4913 1192 4947 ι
1227 4895 1294 4950 Ει
1333 4895 1384 4949 in
1408 4892 1668 4964 vigesimo
1690 4892 1760 4947 li-

195 4988 293 5043 bro
312 4988 593 5045 Moralium
620 5006 635 5043 :
662 4988 1046 5059 «Redemptor
1079 5004 1277 5059 corpus
1304 4986 1541 5057 passioui
1570 4984 1768 5040 obtulit

197 5079 333 5146 quod
353 5096 450 5150 pro
479 5080 667 5137 electis
688 5088 1073 5151 assumpserat.
1089 5099 1107 5132 ι
1135 5079 1203 5135 Ει
1230 5080 1386 5134 item:
1413 5096 1430 5129 ι
1456 5076 1767 5147 lnterpellat

199 5183 295 5238 pro
333 5172 488 5228 nobis
536 5172 821 5238 Dominus,
870 5187 975 5227 non
1020 5187 1194 5237 voce,
1243 5171 1341 5226 sed
1392 5169 1764 5233 miseratione,

200 5259 320 5328 quia
346 5262 488 5331 quod
546 5262 794 5319 damnari
840 5262 893 5316 in
936 5261 1123 5317 electis
1175 5260 1366 5326 noluit,
1424 5258 1767 5329 suscipiendo

202 5349 501 5407 liberavit.)
527 5353 594 5408 Et
615 5351 850 5421 Prosper
865 5368 930 5408 ex
950 5351 1282 5421 delegatione
1306 5351 1613 5421 apostolica:
1624 5349 1770 5405 sedis

206 5440 336 5498 hanc
365 5444 685 5500 catholicam
710 5445 1120 5514 intelligentiam
1144 5444 1410 5514 exposuit,
1433 5443 1620 5498 dicens
1639 5457 1769 5498 con-

209 5539 285 5584 tra
313 5532 491 5590 Gallos
521 5535 579 5590 in
617 5536 1060 5606 recapitulatione
1096 5549 1267 5589 nona:
1306 5554 1324 5586 ι
1346 5533 1448 5601 Qui
1473 5534 1769 5604 dicitquod

210 5633 309 5675 non
331 5638 428 5692 pro
449 5624 810 5680 totiusmundi
832 5626 1204 5695 redemptione
1225 5622 1475 5679 Salvator
1496 5624 1566 5679 sit
1587 5624 1769 5679 cruci-

212 5707 362 5783 ﬁxus,
392 5732 498 5772 non
522 5716 932 5790 adsacramenti
958 5716 1232 5789 virtutem,
1260 5717 1354 5788 sed
1385 5714 1451 5771 ad
1475 5715 1770 5773 inlidelium

679 5807 950 5873 PATBOL.
987 5807 1251 5873 CXXV.

1864 4526 2015 4583 initio
2050 4539 2221 4597 usque
2246 4524 2316 4582 ad
2347 4526 2867 4583 consummationem
2896 4527 3101 4594 saeculi,
3131 4527 3186 4583 in
3214 4527 3447 4584 homini-

1860 4618 1964 4675 hus
2007 4633 2217 4675 morum
2259 4626 2315 4673 et
2351 4616 2648 4673 actionum.
2679 4616 2787 4674 Per
2812 4617 3313 4675 similitudinem-dc
3334 4635 3449 4677 uno

1861 4709 2099 4774 homine,
2121 4709 2260 4764 etde
2279 4709 2440 4764 unius
2458 4709 2630 4765 vineae
2653 4709 2985 4777 diversitate,
3003 4710 3233 4767 duarum
3256 4710 3449 4767 lectio-

1857 4816 1990 4855 num
2009 4801 2372 4865 distinctione,
2389 4801 2637 4856 Salvator
2654 4801 3006 4866 demonstrat,
3028 4803 3243 4859 dicens:
3262 4801 3450 4859 Simile

1865 4902 1939 4947 est
1982 4908 2196 4963 regnum
2244 4890 2492 4947 caelorum
2536 4893 2745 4948 homini‘
2762 4894 3163 4965 patrifamilias,
3193 4894 3283 4966 qui
3320 4894 3448 4948 exiit

1868 4981 2037 5054 primo
2086 4999 2238 5036 mane
2291 4982 2581 5038 conducere
2621 4986 2890 5054 operarios
2938 4984 2993 5038 in
3035 4985 3239 5038 vineam
3293 4999 3447 5038 suam

1871 5072 2085 5145 (Matth.
2119 5089 2213 5139 xx,
2246 5073 2325 5149 l).
2373 5072 2503 5127 Cum
2550 5090 2665 5128 sero
2707 5084 2882 5128 autem
2921 5073 3119 5142 factum
3144 5072 3450 5139 esset,dicit

1868 5165 2112 5220 dominus
2159 5166 2318 5219 viuere
2364 5166 2695 5234 procuratori
2741 5182 2836 5221 suo
2866 5179 2886 5218 :
2922 5164 3063 5219 Voca
3108 5165 3373 5234 operarios
3399 5152 3453 5219 et

1871 5257 2027 5311 redde
2057 5255 2160 5311 illis
2203 5256 2490 5311 mercedem
2537 5257 2708 5328 (ibid.,
2749 5257 2826 5328 8).
2870 5255 3021 5312 Unde
3054 5266 3272 5313 sanctus
3313 5256 3451 5312 Gre-

1869 5350 2053 5421 gorius
2074 5349 2235 5421 (hom.
2270 5348 2356 5421 19)
2382 5366 2395 5402 :
2418 5368 2435 5400 ι
2463 5347 2545 5402 Ad
2569 5348 2944 5412 erudiendum,
2966 5344 3165 5417 inquit,
3191 5345 3452 5402 Dominus

1867 5444 2080 5514 plebem
2117 5458 2292 5508 suam,
2323 5443 2477 5512 quasi
2528 5442 2595 5496 ad
2641 5441 2991 5497 excolendam
3031 5440 3242 5496 vineam
3272 5455 3447 5505 suam.

1870 5534 2018 5588 nullo
2040 5543 2281 5603 tempore
2328 5531 2535 5587 destitit
2577 5532 2855 5602 operarios
2897 5532 3114 5587 mittere
3160 5549 3173 5586 :
3224 5530 3350 5601 quia
3397 5524 3455 5607 et

1872 5626 2023 5696 prius
2050 5640 2147 5694 per
2188 5623 2395 5688 Patres,
2431 5631 2487 5679 et
2524 5624 2865 5694 postmodum
2904 5638 3002 5695 per
3029 5623 3165 5695 legis
3203 5622 3455 5705 doctores

1873 5724 1926 5772 et
1948 5714 2260 5787 prephetas,
2288 5714 2357 5769 ad
2390 5720 2691 5770 extremum
2721 5728 2849 5771 vero
2871 5728 2969 5785 per
2999 5710 3293 5785 apostolos,
3321 5709 3456 5788 dum

2938 5806 3015 5866 12
