3930 5402
577 368 695 440 365'
1556 372 1885 432 HINCMARI
1922 370 2316 433 nnaumsts
2348 378 2869 443 ARCHIEPISCOPI
3656 407 3735 465 δα

572 506 742 584 [uehis
787 518 898 560 sum
943 513 1122 555 mores
1164 491 1414 556 excoluit,
1447 491 1602 586 quasi
1645 507 1743 563 per
1774 494 2061 586 operarios
2089 491 2143 586 in
2169 493 2224 553 Α
2248 491 2424 586 (Rom.
2448 511 2513 562 -v,
2552 497 2664 570 l9).
2704 500 2773 556 Et
2799 502 2964 561 item:
2991 504 3060 561 Ut
3105 509 3172 563 sit
3215 509 3320 581 ipse
3359 513 3737 586 primogenitusin

571 582 743 657 uinea:
767 596 975 652 cultura
1002 588 1280 647 laboravit.
1308 584 1565 653 Quamvis
1591 583 1642 638 in
1666 583 1905 654 quolibet
1933 583 2149 640 modulo
2247 582 2424 640 multis
2445 586 2698 655 fratribus
2723 591 2900 655 (Rom.
2932 611 3049 662 vni,
3069 597 3181 668 29).
3207 600 3268 655 Et
3294 582 3448 658 item:
3478 582 3570 672 Qui
3591 613 3738 670 multo:

570 682 657 747 vel
685 699 970 749 mensura,
1001 680 1168 753 298
1210 675 1460 767 quisquis
1497 688 1621 730 cum
1651 673 1755 767 nde
1806 681 1953 767 recta
1991 674 2149 767 bona)
2245 671 2383 767 filios
2407 676 2461 730 in
2489 677 2711 747 gloriam
2753 684 3047 741 adduxerat
3083 687 3268 761 (Hebr.
3299 708 3355 757 ιι,
3379 692 3578 767 10).Ει
3609 699 3736 758 item;

572 776 803 836 actionis
828 772 1057 835 exstitit,
1110 767 1269 838 hujus
1294 765 1465 822 viuere
1506 763 1787 835 operarius
1834 761 1953 816 fuit.
2008 780 2027 815 ›
2083 761 2162 815 Et‘
2246 762 2483 847 Christus
2508 770 2666 824 semel
2703 790 2890 841 passus
2932 789 3007 832 est
3033 780 3104 833 ad
3146 780 3421 838 multorum
3444 761 3740 847 exhauriendo

572 872 698 923 item
732 884 748 919 :
782 863 1003 919 Vineam
1039 857 1323 931 pastinavit
1377 855 1552 919 homo,
1581 862 1633 908 et
1677 852 2017 907 circumdedit
2060 869 2147 906 se-
2242 845 2452 926 peccata
2504 860 2687 930 (Hebr.
2735 880 2812 931 ts,
2851 867 2963 938 28).
3010 868 3078 924 Et
3123 871 3250 927 item
3276 900 3293 927 ε
3339 873 3559 933 Clarium
3601 845 3740 937 dum)

567 977 701 1032 pem,
727 965 775 1012 et
805 956 939 1023 fodit
964 953 1160 1018 lacum,
1206 961 1253 1006 et
1282 947 1889 1045 tediﬁcavit-turrimtet
1911 947 2049 1045 misit
2077 946 2146 999 ad
2246 947 2533 1045 {Icclesiam
2556 993 2569 1017 ,
2600 963 2647 1007 et
2674 956 2897 1026 seipsum
2937 962 3154 1016 tradidit
3178 980 3272 1034 pro
3295 983 3355 1020 ea
3376 967 3568 1040 (Ephes.
3594 975 3739 1045 v,25).

565 1051 826 1125 agricolas
846 1050 902 1104 in
931 1058 1160 1117 tempore
1181 1057 1406 1105 servum,
1438 1049 1496 1094 ut
1523 1038 1587 1092 ab
1622 1038 1865 1108 agricolis
1891 1038 2145 1105 acciperet
2247 1038 2350 1095 Sed
2382 1049 2436 1094 et
2486 1014 2790 1111 Matthmus,
2822 1057 2876 1101 et
2920 1014 3152 1118 Marcus,
3178 1014 3264 1110 reti
3297 1014 3740 1124 [uagi-lico}:

563 1144 629 1198 de
684 1142 860 1213 fructu
907 1138 1069 1194 vinea:
1113 1133 1307 1207 (Marc.
1356 1148 1456 1196 xu,
1501 1132 1578 1199 1),
1628 1137 1681 1183 et
1722 1129 1945 1197 reliqua.
1990 1125 2145 1184 Unde
2245 1146 2343 1202 pas
2380 1135 2647 1201 otnnibus,
2693 1139 2784 1193 sed
2831 1155 2929 1209 pro
2966 1143 3147 1200 multis
3195 1154 3250 1201 et
3285 1163 3379 1219 pro
3426 1153 3563 1206 votis
3603 1156 3739 1208 ιηάρ-

565 1235 708 1290 Beda
736 1251 750 1288 ε
780 1252 798 1285 ί
827 1231 970 1287 Bene
997 1239 1205 1298 tempus
1229 1225 1499 1279 Ῑτυείιίυηι
1531 1221 1729 1291 Ροδιιίῑν
1775 1235 1880 1274 Ποη
1918 1234 2146 1311 PTOVQH'
2246 1224 2514 1296 ιιιι⁹299
2541 1242 2737 1297 corpus
2765 1245 2966 1296 meum,
2991 1241 3046 1287 et
3067 1233 3367 1292 eﬁ‘undctur
3391 1243 3587 1311 sanguis
3608 1259 3739 1309 meus,

569 1339 701 1383 tum.
730 1324 921 1382 Nullus
944 1322 1089 1379 enim
1108 1320 1315 1374 fructus
1346 1315 1554 1371 exstitit
1576 1312 1753 1384 populi
1785 1310 2155 1403 contumacis,
2244 1312 2429 1368 dicunt
2493 1325 2850 1384 protestatum
2899 1320 3064 1378 fuisse
3106 1323 3388 1380 Dominum
3434 1326 3738 1396 Salvator-em,

564 1421 743 1478 nullus
769 1418 926 1487 huius
952 1416 1121 1471 vineae
1143 1419 1452 1484 proventus,
1486 1405 1697 1462 tametsi
1720 1402 1911 1459 crebro
1939 1418 2002 1457 ac
2027 1401 2141 1457 sol-
2242 1406 2364 1475 quia
2393 1406 2517 1461 licet
2542 1424 2637 1478 pro
2658 1411 2908 1467 omnibus
2931 1429 3121 1483 passus
3141 1415 3324 1483 fuerit,
3350 1434 3451 1473 non
3475 1436 3636 1477 omnes
3652 1438 3741 1492 pas-

565 1499 711 1570 licite
751 1516 1103 1580 quaereretur,
1153 1503 1401 1557 inventus
1449 1506 1550 1552 est.
1592 1495 1659 1550 Et
1698 1493 1776 1549 sic
1825 1492 1891 1547 de
1942 1491 2134 1562 primo,
2241 1496 2409 1552 sionis
2434 1497 2550 1567 ejus
2572 1503 2826 1572 mysterio
2847 1512 2969 1558 sunt
2999 1504 3258 1577 redempti
3284 1525 3299 1562 :
3327 1518 3381 1562 et
3406 1509 3522 1578 quia
3548 1526 3636 1565 non
3654 1491 3738 1566 om-

565 1604 820 1667 sccundo,
847 1607 903 1655 et
931 1596 1089 1653 tertio
1117 1590 1410 1665 praemissis
1436 1586 1630 1649 servis,
1664 1598 1833 1653 usque
1852 1581 1919 1637 ad
1942 1581 2138 1671 adven-
2240 1604 2337 1645 nes
2366 1601 2489 1645 sum
2518 1591 2801 1663 redempti,
2826 1610 2924 1665 pro
2949 1598 3142 1668 quibus
3168 1607 3254 1655 εει
3276 1616 3480 1671 passus,
3511 1604 3571 1659 ad
3599 1604 3741 1660 inﬁde.

566 1703 676 1749 tum
709 1689 821 1751 lilii,
851 1689 916 1742 de
953 1699 1060 1755 quo
1102 1680 1300 1737 dicitur
1338 1696 1352 1732 :
1399 1674 1558 1729 Forte
1611 1669 2138 1762 verebuntur/ilium
2239 1679 2366 1735 nam
2390 1683 2859 1755 respicupanem’
2899 1704 3004 1744 non
3033 1690 3100 1744 ad
3123 1669 3293 1760 pretii
3319 1702 3739 1762 potesmwm’wm

562 1800 732 1840 meum
756 1778 969 1852 (Mailh-
997 1789 1109 1838 “1:
1135 1769 1245 1841 57)·
1276 1767 1427 1836 Qum]
1453 1764 1725 1833 ambigere
1752 1762 1892 1817 Deus
1918 1759 2131 1823 ἀίοίιιπν
2164 1844 2204 1852 __
2236 1773 2453 1843 sanguis
2482 1774 2693 1830 Domini
2728 1778 2894 1832 nostri
2917 1778 3044 1834 Jesu
3066 1759 3264 1836 Christi
3283 1759 3509 1852 pretium
3533 1785 3595 1838 sit
3621 1786 3740 1840 totius

561 1892 667 1932 n0n
699 1874 764 1929 de
790 1867 1089 1942 igilommia
1124 1863 1290 1928 Venit.
1322 1859 1416 1916 Sed
1456 1866 1515 1912 ιιι
1544 1855 1711 1912 libera
1746 1854 1990 1909 νοίωιιδε
2030 1853 2128 1907 Ῑιο·
2163 1844 2211 1905 Β
2238 1863 2440 1917 mundi.
2472 1863 2813 1920 Manifestum
2837 1877 2920 1923 est
2953 1844 3453 1943 etiam,quia-juxta
3467 1874 3736 1944 Apostolum.

561 1967 693 2023 mini
736 1970 1061 2020 reservetur.
1095 1959 1163 2013 Et
1194 1955 1340 2011 venit
1381 1951 1540 2015 (ilius,
1583 1948 1673 2019 qui
1722 1946 1865 2001 venit
1891 1958 2135 2016 quaerere
2239 1949 2547 2023 Quicunque
2574 1954 2824 2025 baptismi
2858 1974 3036 2013 sumus
3064 1960 3120 2013 in
3146 1959 3358 2016 Christo
3385 1963 3528 2029 Jesu,
3550 1965 3596 2018 in
3621 1976 3739 2019 morte

560 2069 615 2117 et
658 2058 861 2115 salvum
892 2053 1071 2109 facere
1104 2049 1246 2121 quod
1280 2047 1534 2116 perierat,
1579 2041 1764 2097 dicens
1798 2057 1810 2094 :
1852 2036 2027 2093 Venite
2063 2038 2133 2091 ad
2234 2040 2396 2111 ipsius
2422 2043 2671 2113 baptizati
2691 2063 2870 2101 sumus
2900 2048 3076 2119 (Rom.
3104 2067 3178 2115 vt,
3210 2051 3289 2123 3).
3322 2053 3391 2107 Ει
3425 2063 3482 2108 ιιι
3509 2056 3626 2110 idem
3648 2056 3740 2110 dicit

560 2170 641 2207 me
663 2164 837 2207 omnes
867 2147 957 2219 qui
978 2143 1228 2199 laboratis
1255 2150 1305 2195 et
1326 2137 1526 2194 onerati
1548 2136 1688 2199 estis,
1713 2145 1761 2189 et
1781 2150 1871 2201 ego
1901 2132 2130 2201 reficiam
2231 2130 2520 2203 Apostolus
2548 2151 2561 2188 :
2589 2134 2766 2206 Empti
2782 2153 2961 2192 sumus
2975 2142 3140 2210 pretio
3159 2158 3353 2213 magno
3377 2143 3425 2214 (Ι
3454 2144 3566 2199 Cor.
3581 2161 3641 2209 v1,
3658 2144 3736 2213 20).

559 2261 648 2299 vos
684 2241 857 2314 (ibid.,
905 2237 999 2307 '28)
1028 2254 1042 2290 :
1070 2236 1161 2306 qui
1194 2249 1298 2288 non
1326 2230 1473 2286 venit
1506 2236 1561 2282 ut
1599 2228 1804 2297 judicct
1851 2225 2129 2290 mundum,
2231 2222 2301 2279 Et
2324 2226 2512 2283 beatus
2548 2225 2742 2283 Petrus
2778 2230 2910 2286 dicit
2938 2249 2952 2286 :
2994 2231 3118 2287 Non
3148 2237 3561 2305 corruptibilibus
3584 2247 3738 2290 auroet

559 2339 653 2393 sed
692 2345 749 2391 ut
777 2334 1010 2390 salvetur
1032 2328 1263 2385 mundus
1287 2339 1384 2395 per
1412 2324 1604 2393 ipsum.
1638 2321 1704 2374 Et
1729 2316 2131 2388 apprehenden-
2232 2328 2444 2387 argento
2487 2320 2734 2390 redempti
2769 2324 2893 2376 estis
2933 2322 2998 2378 de
3030 2341 3164 2379 rana
3203 2337 3377 2381 vestra
3420 2330 3739 2382 conversatione

559 2442 641 2486 tes
671 2424 843 2483 coloni
877 2422 1043 2477 lilium
1073 2416 1408 2475 occiderunt.
1434 2411 1572 2480 Quid
1613 2426 1741 2482 ergo
1770 2409 1932 2465 faciet
1960 2408 2131 2464 domi-
2229 2418 2461 2478 paterna?
2481 2412 2805 2478 traditionis,
2836 2414 2927 2467 sed
2950 2417 3177 2485 pretioso
3210 2420 3471 2488 sanguine
3504 2420 3631 2489 quasi
3653 2418 3739 2488 agni

558 2536 660 2575 nus
682 2517 853 2573 vineae
874 2509 1126 2584 agricolis
1152 2507 1292 2564 illis?
1316 2519 1633 2575 responsum
1658 2510 1740 2556 est
1764 2520 1776 2555 :
1804 2498 1974 2554 Malos
1994 2497 2130 2554 male
2231 2500 2628 2556 incontaminati
2658 2514 2705 2557 et
2744 2505 3068 2561 immaculati
3106 2506 3237 2563 Iesu
3279 2510 3478 2564 Christi
3506 2510 3553 2582 (I
3578 2507 3690 2563 Petr.
3712 2524 3739 2571 ι,

554 2610 730 2682 perdet
770 2605 919 2681 (ibid.
941 2644 957 2672 ,
992 2601 1084 2675 41)
1109 2619 1122 2657 :
1148 2600 1402 2672 quoniam
1429 2594 1521 2668 qui
1565 2610 1670 2649 non
1714 2591 2017 2662 creditjam
2042 2590 2102 2660 ju

2230 2590 2341 2666 18).
2378 2594 2444 2648 Et
2472 2603 2648 2650 tamen
2689 2596 2813 2653 licet
2837 2597 3224 2656 Gothescalcus
3244 2604 3653 2671 pertinacissime
3671 2603 3737 2655 de-

555 2702 764 2755 dicatus
793 2706 900 2763 est,
928 2695 980 2751 id
1007 2703 1091 2751 est
1115 2692 1226 2764 jam
1284 2690 1570 2744 damnatus
1593 2692 1696 2749 est,
1725 2683 1849 2754 quia
1879 2699 1983 2738 non
2010 2697 2130 2738 cre—
2229 2690 2388 2753 neget
2409 2686 2551 2753 quod
2577 2700 2736 2741 nemo
2767 2686 2964 2743 Christi
2995 2689 3306 2760 redemptus
3352 2694 3596 2764 sanguine
3617 2692 3739 2765 possit

553 2790 688 2847 didit
714 2791 766 2845 in
796 2785 1014 2844 nomine
1055 2779 1318 2852 unigeniti
1354 2777 1473 2833 Filii
1517 2775 1612 2830 Dei
1643 2792 1656 2828 :
1689 2775 1793 2829 hoc
1828 2782 1912 2828 est
1947 2773 2145 2826 autem
2228 2774 2428 2844 perire,
2453 2786 2678 2845 pereunt
2714 2779 2929 2848 quidam
2956 2788 3045 2835 aut
3079 2782 3146 2836 ad
3175 2781 3542 2839 inﬁdelitatem
3568 2783 3737 2844 reversi,

549 2882 837 2952 judicium,
868 2876 1079 2934 scilicet
1094 2870 1403 2935 'damnatio,
1449 2867 1573 2936 quia
1601 2865 1691 2918 lux
1717 2864 1861 2919 venit
1889 2863 1943 2917 in
1974 2876 2098 2917 mun

2229 2876 2321 2921 aut
2350 2868 2403 2922 in
2429 2869 2711 2938 iniquitate
2739 2869 3008 2940 defuncti,
3053 2873 3194 2929 sicut
3224 2874 3372 2930 idem
3400 2877 3575 2931 beatus
3597 2875 3737 2929 Petrus

554 2974 699 3032 dum,
732 2976 785 3023 et
814 2965 1116 3022 dilexerunt
1156 2959 1403 3016 homines
1455 2955 1706 3011 tenebras
1752 2951 1923 3022 magis
1966 2964 2127 3019 quam
2229 2960 2564 3016 demonstrat
2596 2962 2821 3019 dicens;
2851 2963 3087 3020 puerum
3111 2983 3228 3021 vero
3259 2976 3315 3021 ει
3347 2967 3739 3039 ρδεηάορνοριιεισ

551 3066 759 3129 lucem;
791 3068 949 3116 erant
988 3056 1141 3114 enim
1192 3068 1381 3109 eorum
1437 3049 1577 3106 mala
1626 3062 1811 3118 opera.
1866 3045 2130 3101 iudicatis
2228 3049 2284 3102 in
2309 3050 2522 3119 populo,
2562 3053 2694 3106 sicut
2715 3062 2761 3106 et
2796 3054 2852 3108 in
2884 3055 3022 3110 vobis
3060 3064 3209 3110 erunt
3236 3056 3478 3128 magistri
3506 3055 3736 3116 mendaces,

552 3167 754 3221 autem,
787 3154 838 3209 id
877 3160 981 3216 est,
1012 3146 1281 3205 damnatis
1341 3142 1446 3199 illis
1492 3140 1699 3198 colonis
1742 3137 2011 3210 pessimis,
2042 3136 2126 3190 vi-
2158 3206 2198 3221 Α
2230 3141 2319 3210 qui
2347 3141 2593 3197 inducent
2628 3155 2795 3200 sectas
2823 3146 3160 3216 perditionis,
3202 3158 3250 3201 et
3281 3165 3408 3203 eum
3434 3150 3519 3219 qui
3546 3148 3647 3203 emit
3676 3162 3736 3199 eos

551 3263 709 3305 neam
741 3259 893 3303 suam
936 3241 1132 3297 locavit
1177 3238 1299 3293 aliis
1341 3233 1620 3306 agricolis,
1670 3231 1762 3301 qui
1806 3230 2030 3285 reddant
2075 3228 2125 3283 ei
2153 3206 2198 3271 Ο
2228 3231 2512 3288 Dominum
2545 3246 2788 3305 negantes
2807 3206 2832 3302 ,’
2855 3206 3255 3306 superducentes
3288 3239 3397 3292 sibi
3436 3206 3626 3293 celerem
3650 3250 3734 3305 per-

549 3341 785 3396 fructum
824 3332 1151 3404 temporibus
1180 3328 1325 3392 suis;
1356 3325 1481 3397 quia
1509 3322 1652 3379 sicut
1678 3320 1766 3376 ille
1811 3319 1951 3390 apud
1996 3318 2125 3373 Μαι·
2227 3324 2475 3381 ditionem
2503 3326 2584 3393 (ll
2635 3325 2780 3382 Petr.
2812 3344 2872 3393 ιι,
2896 3329 2972 3398 l).
3001 3327 3155 3384 Unde
3171 3327 3320 3384 Beda
3346 3348 3360 3385 :
3395 3350 3413 3382 ι
3442 3330 3515 3384 De
3537 3330 3735 3383 hoclem-

550 3431 747 3484 thecam
778 3423 1063 3495 exposuit:
1090 3418 1221 3473 Ideo
1259 3416 1377 3470 dico
1425 3413 1586 3473 vobis,
1632 3409 1901 3479 auferetur
1927 3406 2123 3462 avobis
2223 3429 2395 3486 pore,
2443 3416 2647 3487 inquit,
2688 3427 2741 3473 ει
2787 3418 2984 3473 panius
3027 3420 3191 3483 dicit,
3232 3420 3405 3490 empti
3450 3420 3573 3475 esus
3608 3414 3737 3487 νηιίο

550 3534 766 3591 regnum
828 3515 947 3579 Dei,
995 3521 1044 3567 et
1102 3510 1315 3564 dabitur
1342 3504 1480 3577 genti
1510 3502 1726 3574 facienti
1761 3500 1961 3570 fructus
2007 3499 2121 3569 ejus
2224 3519 2438 3576 magno,
2468 3506 2764 3575 gloriﬁcate
2803 3517 2858 3563 et
2890 3517 3101 3579 portate
3138 3506 3427 3564 Dominum
3469 3511 3518 3563 in
3565 3514 3735 3572 corpore

545 3609 764 3680 (Matth.
794 3621 910 3672 xxx,
937 3602 1050 3674 45).
1084 3601 1171 3658 Sic
1207 3601 1404 3670 quippe
1432 3594 1574 3650 Deus
1617 3591 1797 3646 dilexit
1843 3591 2092 3645 mundum

2223 3607 2422 3652 vestro.
2449 3597 2637 3653 Merito
2659 3610 2835 3654 autem
2857 3600 2958 3654 sibi
2978 3599 3209 3680 celerem
3230 3598 3578 3669 perditionem
3599 3610 3732 3666 super-

547 3674 603 3757 ut
633 3698 827 3755 Filium
848 3711 1001 3753 suum
1020 3692 1341 3764 unigenitum
1372 3688 1541 3752 daret,
1567 3693 1623 3740 ut
1652 3684 1818 3739 omnis
1841 3682 1931 3754 qui
1958 3682 2120 3736 credit
2221 3689 2442 3753 ducum,
2465 3690 2552 3759 qui
2577 3690 2986 3760 Redemptorem
3012 3674 3165 3745 suum
3186 3701 3468 3761 negantes,
3489 3693 3615 3746 hunc
3633 3698 3737 3742 recte

458 3787 464 3792 ’
520 3790 601 3845 οἰη
625 3791 795 3859 ipsum
819 3802 921 3841 non
940 3793 1137 3856 pereat,
1163 3780 1249 3835 sed
1277 3777 1463 3833 habeat
1484 3777 1640 3831 vitam
1665 3783 1911 3828 cateruam
1934 3771 2010 3843 (Jc

2221 3781 2524 3836 cculitendo
2552 3780 2873 3852 gloriﬁcare,
2890 3791 2945 3837 et
2964 3782 3351 3838 benefaciendo
3372 3798 3470 3837 suo
3491 3783 3539 3836 in
3564 3790 3734 3847 cunmm

548 3896 629 3943 ut,
660 3878 768 3950 16).
800 3877 868 3932 Et
901 3875 1095 3931 beatus
1132 3872 1323 3927 Petrus
1348 3889 1362 3925 :
1390 3867 1515 3923 Non
1547 3867 1745 3932 tardat,
1788 3864 1982 3936 inquit,
2010 3863 2100 3918 Do-

2221 3873 2364 3927 ferre
2389 3872 2714 3935 detractant,
2742 3872 2897 3942 quod
2922 3887 3112 3928 omnes
3144 3871 3355 3927 faciunt
3381 3871 3619 3926 licerelici.
3650 3888 3665 3919 ι
3691 3865 3731 3916 Et

545 3971 718 4025 minus
746 3966 1138 4040 promissionem
1169 3977 1339 4027 suam,
1368 3958 1458 4015 sed
1491 3966 1754 4029 exspectat
1785 3966 1992 4027 prapter
2005 3972 2092 4009 vos

2219 3973 2437 4022 sanctus
2456 3964 2653 4020 Paulus
2677 3965 2730 4019 in
2752 3964 2977 4035 epistola
3006 3965 3073 4019 ad
3108 3963 3424 4019 Corinthios
3448 3958 3732 4027 :Itaqtthtti‘

546 4060 963 4132 nolens’aliquem
982 4059 1172 4129 perire,
1192 4054 1283 4110 sed
1299 4068 1474 4108 omnes
1490 4052 1559 4106 ad
1578 4049 1932 4120 paenitentiam
1944 4063 2098 4103 rever-

2218 4068 2419 4126 cunque
2442 4054 2606 4110 ederit
2618 4070 2803 4125 panem
2832 4054 2989 4130 hunc,
3018 4064 3107 4107 aut
3136 4053 3321 4107 biberit
3344 4054 3554 4108 calicem
3572 4044 3731 4104 Domini

542 4154 584 4209 ti
610 4151 690 4224 (II
710 4150 950 4216 Petr.m,
969 4148 1044 4221 9).
1066 4147 1132 4202 Et
1157 4154 1376 4202 sanctus
1389 4141 1585 4198 P301115
1610 4159 1624 4196 τ
1653 4138 1756 4205 Qui
1777 4137 1983 4209 Ρτορνίο
2002 4136 2115 4207 ﬁlio
2216 4148 2427 4218 indigne
2450 4187 2466 4214 ,
2522 4163 2640 4202 reus
2676 4148 2772 4202 erit
2824 4148 3053 4216 corporis
3112 4158 3160 4200 et
3223 4150 3499 4218 sanguinis
3548 4140 3730 4199 Domini.

542 4259 637 4298 suo
659 4258 765 4298 non
786 4241 1030 4312 pepercit,
1058 4237 1149 4292 sed
1176 4253 1271 4307 pro
1293 4234 1438 4290 nobis
1465 4230 1700 4288 omnibus
1726 4228 1942 4283 tradidit
1964 4226 2094 4281 illan

2218 4236 2272 4308 (I
2303 4236 2426 4292 Cor.
2451 4251 2526 4303 ιι,
2558 4235 2670 4307 l7.)
2708 4235 2860 4292 Unde
2883 4236 3200 4292 Ambrosius
3229 4254 3243 4290 :
3280 4255 3298 4287 c
3330 4237 3470 4304 Quid
3497 4242 3574 4291 est
3597 4241 3732 4288 autem

541 4336 720 4409 (Rom.
744 4351 861 4400 vm,
891 4332 1003 4403 52).
1038 4328 1104 4385 Et
1135 4330 1180 4384 si
1206 4345 1339 4383 unus
1364 4342 1459 4396 pro
1491 4323 1729 4379 omnibus
1750 4330 1984 4377 mortuus
2013 4331 2087 4375 est

2216 4343 2338 4386 reos
2365 4344 2485 4386 esse
2507 4369 2523 4396 ,
2553 4328 2654 4385 nisi
2693 4343 2883 4400 poenas
2911 4330 3041 4387 dare
3072 4332 3261 4385 mortis
3288 4331 3535 4386 Domini?
3562 4325 3732 4384 Occisus

540 4445 659 4501 ergo
682 4443 857 4483 omnes
878 4424 1072 4479 πιοτηιί
1094 4430 1213 4476 δτιηι
1242 4418 1324 4492 (Π
1342 4416 1466 4473 (Ῐοτο
1486 4432 1541 4483 ν»
1572 4414 1661 4485 14)
1688 4432 1701 4468 ε
1733 4424 1788 4471 ei
1814 4428 1912 4484 ιπο
1939 4412 2114 4468 οηιηίο
2213 4430 2298 4476 est
2326 4421 2469 4476 enim
2500 4430 2556 4476 et
2583 4435 2680 4491 pro
2710 4420 2795 4476 his
2816 4421 2916 4491 equi
2963 4419 3285 4476 beneﬁcium
3316 4419 3440 4489 ejus
3478 4420 3529 4474 in
3566 4415 3732 4471 irritum

538 4521 641 4575 bus
661 4527 907 4609 mortuus
930 4525 1032 4579 est,
1060 4512 1150 4582 qui
1175 4511 1320 4609 dedit
1344 4507 1690 4609 semetipsum
1715 4520 1816 4575 pro
1834 4503 2108 4606 omnibus,
2134 4546 2189 4609 Β
2215 4508 2438 4566 ducunt.
2472 4530 2489 4562 ι
2528 4510 2593 4565 Et
2618 4511 2746 4567 item
2777 4525 2793 4565 :
2821 4507 3019 4565 Peribit
3043 4511 3095 4565 in
3125 4521 3215 4564 tua
3240 4511 3461 4565 scientia
3498 4508 3645 4579 frater
3664 4517 3732 4572 pm

470 4648 479 4653 ς
537 4619 593 4665 et
612 4608 785 4681 gratia
811 4606 905 4661 Dei
931 4619 1031 4674 pro
1057 4601 1306 4657 omnibus
1334 4597 1567 4671 gustavit
1595 4605 1847 4661 mortem,
1873 4593 2023 4666 quia,
2050 4602 2112 4650 ut
2134 4593 2184 4609 "
2214 4616 2317 4672 quo
2351 4598 2590 4656 Christus
2631 4608 2866 4656 mortuus
2919 4612 2994 4656 est
3040 4600 3089 4673 (l
3135 4599 3258 4656 Cor.
3314 4616 3417 4656 vui
3441 4639 3458 4667 ,
3502 4599 3602 4666 ll).
3633 4594 3732 4647 llim‘

536 4679 703 4752 Isaias
723 4692 1092 4749 dicit:0mnes
1121 4689 1252 4745 velut
1278 4687 1695 4743 oveserraoimus
1718 4684 1854 4758 (Isa.
1887 4682 2109 4755 xm,6).
2213 4701 2437 4749 sanctus
2493 4692 2865 4748 Ambrosius;
2919 4692 2988 4747 Ει
3050 4700 3104 4745 tu
3161 4692 3271 4748 eris
3331 4690 3544 4747 occasio
3584 4679 3731 4740 monis

542 4785 921 4855 Unusquisque
944 4783 1085 4838 viam
1114 4796 1266 4837 suam
1303 4777 1613 4843 declinavit,
1645 4784 1702 4833 et
1731 4775 1992 4832 Dominus
2012 4789 2094 4846 po-

2209 4784 2416 4852 fratris,
2445 4800 2604 4856 quem
2624 4785 2874 4842 Christus
2896 4793 2956 4840 ut
2977 4785 3285 4851 redimeret,
3307 4780 3545 4854 crucifigi
3568 4795 3621 4835 se
3635 4788 3729 4846 ιιι-τ-

535 4879 644 4935 suit
678 4879 731 4934 in
767 4892 833 4934 eo
862 4875 1199 4945 iniquitatem
1226 4870 1464 4926 omnium
1488 4875 1750 4925 nostrum.
1800 4886 1820 4921 ι

2210 4878 2376 4934 misit.
2408 4877 2476 4932 Et
2499 4877 2758 4934 Dominus
2782 4879 2951 4934 dicit:
2986 4878 3107 4932 Non
3136 4878 3302 4932 omnis
3330 4877 3423 4949 qui
3460 4876 3579 4929 dicit
3602 4867 3728 4924 mihi:

607 4990 742 5058 Quia
773 5004 901 5045 vero
932 4999 1244 5050 nonomncs
1272 4982 1535 5054 passionis
1558 4981 1674 5052 ejus
1697 4979 1955 5052 mysterio
1980 4984 2107 5034 sunt

2209 4967 2449 5036 Domine,
2484 4968 2726 5037 Domine,
2768 4970 2984 5024 intrabit
3022 4970 3081 5025 in
3119 4986 3334 5040 regnum
3372 4969 3636 5027 calorum:
3662 4958 3729 5015 διά

533 5079 816 5134 redempti.
864 5079 989 5130 licet
1013 5079 1123 5128 inse
1144 5074 1305 5128 fuerit
1345 5086 1536 5126 nassus
1575 5086 1672 5124 pro
1694 5071 1963 5124 omnibus.
1995 5085 2082 5122 ma

2206 5059 2298 5122 qui
2320 5059 2444 5110 facit
2472 5056 2787 5112 voluntatem
2816 5057 2995 5113 Patris
3024 5061 3127 5115 mei
3150 5060 3241 5130 qui
3274 5061 3327 5114 in
3356 5058 3500 5114 uelis
3533 5063 3619 5117 est,
3649 5053 3730 5121 ipse

3502 5148 3611 5218 ﬁt.)
3644 5144 3725 5198 Et:
