3992 6336
175 341 272 402 365

916 326 1011 385 DE
1046 318 1717 383 PBEDESTINATIONE
1754 317 2204 377 DlSSERTATlO
2236 318 2648 379 POSTERIOR.

3313 316 3429 375 366-

173 457 249 513 dis
269 450 502 527 quidam,
546 445 615 501 ad
641 441 1015 501 inﬁdelitatem
1041 439 1129 495 vel
1163 443 1599 509 perseverantem
1626 434 1738 527 ini-
1765 437 1815 498 Α
1840 426 1896 499 (Ι
1926 427 2047 483 Cor.
2095 445 2170 495 ιι,
2202 430 2318 527 l7),
2339 430 2466 502 quia
2513 432 2603 527 qui
2630 431 2765 527 sine-
2785 429 3066 519 disciplina
3114 429 3423 527 traditionis

173 526 420 617 quitatem
450 537 679 603 reversi,
708 534 843 590 vitio
871 532 1091 604 proprio
1133 538 1379 602 pereant,
1410 543 1515 608 pro
1547 526 1744 617 quibus

174 616 272 693 non
297 638 522 704 negatur
552 627 696 698 quod
720 624 973 681 Christus
993 621 1157 677 fuerit
1180 633 1391 692 passus,
1419 633 1519 674 cur
1546 632 1644 688 pro
1665 616 1746 671 eis

172 728 323 783 etiam
350 738 459 778 non
490 722 751 776 credatur
774 725 937 786 atque
964 714 1177 769 dicatur
1222 726 1414 789 passus
1442 709 1627 773 fuisse,
1652 707 1745 778 qui

172 836 259 876 sua
280 814 523 873 delectati
548 810 883 882 captivitate,
915 816 1009 861 ant
1040 806 1198 861 ﬁdem
1232 805 1519 860 noluerunt
1542 802 1625 856 vel
1649 818 1747 856 uo-

174 909 281 962 lunt
305 905 548 975 recipere
572 943 591 969 ,
622 908 717 955 aut
742 898 1085 969 iniquitatem
1119 895 1407 950 noluerunt
1434 893 1522 947 vel
1557 892 1747 948 nolunt

174 997 411 1053 deserere
441 1012 456 1049 :
489 991 790 1064 praesertim
820 1003 944 1043 cum
975 986 1319 1058 apertissime
1351 984 1612 1038 Dominus
1656 984 1741 1038 di-

173 1099 253 1143 cat
271 1085 548 1156 discipulis
573 1102 585 1137 :
614 1080 911 1137 Prwdicate
927 1077 1270 1147 Evangelium
1296 1076 1438 1129 omni
1460 1074 1740 1129 creaturis.

174 1177 267 1243 Qui
292 1176 573 1231 crediderit
614 1181 661 1227 et
699 1170 995 1240 baptizatus
1042 1167 1233 1236 fuerit,
1266 1164 1442 1219 salvus
1474 1166 1573 1219 erit
1605 1182 1620 1218 ε
1654 1164 1744 1236 qui

172 1284 278 1324 sero
298 1284 398 1320 non
415 1264 695 1320 crediderit
710 1258 1147 1330 condemnabitur
1173 1257 1369 1330 (Marc.
1396 1272 1506 1322 xvr,
1526 1258 1610 1322 l5,
1630 1256 1737 1330 l6).

174 1357 233 1415 Et
249 1359 371 1413 item
399 1370 417 1410 :
450 1356 519 1410 Et
543 1356 641 1409 nisi
663 1341 1004 1408 abundaverit
1022 1326 1235 1421 just‘itia
1260 1356 1427 1403 vestra
1446 1349 1564 1419 plus
1585 1326 1742 1421 quam

170 1451 318 1523 300
352 1448 667 1505 Scribarum
705 1456 753 1501 et
799 1444 1194 1498 Pltarisa’orum
1217 1483 1232 1510 ,
1264 1458 1370 1497 non
1397 1442 1661 1497 intrabitis
1687 1443 1743 1496 in

171 1556 367 1611 regnum
395 1537 650 1593 caelorum
679 1534 895 1607 (Matth.
929 1550 987 1599 v,
1013 1532 1129 1603 20).

233 1633 293 1685 Et
321 1629 473 1700 quod
500 1629 631 1683 dicit
658 1624 1069 1689 Gothescalcus,
1098 1624 1225 1694 quia
1253 1624 1357 1680 hoc
1389 1631 1476 1679 est
1502 1638 1740 1679 evacua-

174 1736 223 1776 re
244 1735 466 1775 erucem
497 1717 723 1784 Christi,
753 1717 799 1771 si
829 1717 1040 1771 dicatur
1075 1716 1204 1785 quia
1248 1731 1345 1786 pro
1388 1716 1640 1771 omnibus
1671 1715 1742 1769 sit

1845 526 1900 573 et
1922 520 2352 576 conversationis
2373 522 2656 587 accedunt,
2688 521 2769 577 rei
2793 530 2921 577 sunt
2948 520 3195 593 corporis
3221 531 3275 575 et
3298 535 3426 576 san-

1844 608 2037 681 guinis.
2088 609 2141 664 id
2168 620 2255 666 est
2289 625 2482 680 ptenas
2536 612 2741 668 dabunt
2780 611 2973 668 mortis
3010 610 3258 678 Domini;
3286 628 3424 683 quo-

1844 714 1989 754 niam
2015 701 2255 769 quidem,
2277 710 2337 755 ut
2359 710 2579 757 sanctus
2613 701 2907 772 Gregorius
2937 702 2992 756 in
3027 700 3249 756 homilia
3278 700 3425 755 deci‘

1846 806 1933 845 ma
1953 792 2229 863 prophetae
2252 792 2551 849 Ezechielis
2573 792 2724 857 dicit,
2756 808 2860 848 una
2885 800 2971 849 est
2994 807 3138 863 spes,
3160 806 3269 847 una
3290 792 3424 847 ﬁdes

1843 892 1928 936 cst
1953 881 2371 952 praecedentium
2405 890 2569 953 atque
2593 882 2932 953 sequentium
2968 882 3309 954 populorum.
3345 881 3427 937 Si-

1844 981 1937 1027 cut
1989 974 2066 1028 illi
2117 983 2430 1046 exspectata
2472 976 2727 1047 passione
2772 991 2837 1031 ac
2868 977 3262 1033 resurrectione
3298 975 3426 1032 Filii

1844 1067 1939 1123 Dei
1988 1069 2178 1124 salvati
2207 1079 2354 1137 sunt,
2380 1071 2454 1124 ita
2492 1085 2590 1125 nos
2639 1069 2913 1140 praeterita
2959 1068 3210 1140 passione
3257 1067 3421 1136 illius,

1845 1181 1910 1220 ac
1956 1175 2306 1237 permanente
2339 1167 2394 1222 in
2436 1165 2633 1223 saecula
2673 1164 3074 1222 resurrectione
3128 1164 3423 1221 salvamur.

1844 1256 1912 1311 Et
1954 1268 2172 1314 sanctus
2231 1257 2589 1330 Hieronymus
2649 1257 2705 1313 in
2757 1258 2982 1327 epistola
3033 1258 3104 1311 ad
3156 1254 3378 1311 Galatas
3406 1293 3426 1321 ,

1844 1346 2083 1404 Christus
2119 1351 2290 1421 gratia
2323 1348 2461 1415 Dei,
2514 1350 2629 1405 sive
2681 1356 2741 1403 ut
2786 1349 2842 1404 in
2885 1349 3202 1420 quibusdam
3243 1363 3428 1405 exem-

1842 1438 2085 1510 plaribus
2115 1440 2342 1510 legitur,
2391 1440 2583 1512 absque
2626 1439 2736 1494 Deo
2774 1457 2869 1512 pro
2914 1440 3153 1495 omnibus
3187 1448 3428 1494 mortuus

1767 1557 1770 1560 ~
1841 1531 2032 1604 est(11
2073 1530 2197 1587 Cor.
2236 1549 2290 1598 γ,
2344 1531 2475 1604 15);
2518 1550 2537 1583 ‹
2586 1531 2644 1587 Si
2688 1541 2869 1588 autem
2913 1547 3014 1603 pro
3050 1531 3341 1595 omnibus,
3372 1538 3430 1585 et

1842 1625 1998 1696 301
2027 1640 2125 1695 pro
2154 1624 2353 1696 Moyse,
2384 1633 2438 1679 et
2460 1639 2557 1695 pro
2582 1624 2848 1679 universis
2865 1622 3162 1695 prophetis,
3179 1637 3209 1677 e
3232 1621 3430 1692 quibus

1845 1716 2022 1771 nullus
2044 1717 2217 1787 potuit
2244 1716 2425 1771 delere
2444 1715 2858 1787 chirographum
2886 1722 3041 1770 vetus
3066 1713 3208 1783 quod
3238 1714 3431 1769 adver-

171 1827 344 1883 passus
388 1809 675 1874 Christus,
715 1816 768 1862 et
809 1823 913 1861 non
955 1807 1064 1861 sint
1107 1820 1295 1862 omnes
1338 1807 1600 1876 redempti
1634 1821 1734 1876 pro
1765 1796 1812 1855 Β
1842 1823 1959 1862 sum
1989 1823 2089 1863 nos
2119 1808 2378 1878 scriptum
2401 1816 2538 1874 erat,
2566 1817 2622 1863 et
2641 1807 2857 1877 alligare
2884 1806 3011 1861 illud
3037 1804 3204 1861 cruci.
3235 1804 3429 1859 Omnes

172 1902 345 1972 quibus
376 1901 552 1955 voluit
583 1899 716 1970 pati,
746 1914 850 1952 non
884 1906 967 1952 est
1001 1897 1198 1952 mirum
1234 1899 1281 1953 si
1312 1898 1490 1952 taliter
1517 1897 1740 1968 exponit

173 1993 407 2048 evacuari
439 2006 657 2047 crucem
692 1989 892 2045 Christi
917 2030 933 2055 ,
961 1988 1054 2059 qui
1098 2003 1365 2044 evacuare
1394 1988 1740 2059 praesumpsit
1770 2012 1775 2015 Α

172 2091 564 2139 sacramentum
610 2081 892 2153 baptismi,
944 2080 1269 2135 sententiam
1318 2080 1544 2150 apostoli
1592 2079 1737 2135 Petri

169 2189 462 2244 exponens,
493 2172 631 2226 Eum
655 2172 744 2242 qui
766 2172 888 2225 emit
934 2186 1019 2224 eos
1062 2169 1348 2223 Dominum
1383 2178 1629 2239 negantes
1650 2167 1736 2239 (II

175 2263 301 2320 Petr.
328 2282 403 2331 ll,
431 2266 509 2335 l).
536 2285 555 2319 ι
582 2264 862 2334 Baptismi,
892 2261 1084 2332 inquit,
1110 2270 1449 2317 sacramento
1469 2277 1564 2318 eos
1585 2263 1734 2326 emit,

173 2372 262 2411 non
296 2367 490 2411 tamen
526 2371 627 2426 pro
666 2356 744 2411 eis
777 2369 996 2409 crucem
1036 2354 1240 2418 subiit,
1285 2368 1463 2424 neque
1508 2362 1739 2407 mortem

173 2449 405 2517 pertulit,
434 2462 610 2517 neque
637 2448 954 2518 sanguinem
982 2445 1140 2500 fudit.
1180 2465 1198 2498 ι
1234 2444 1475 2512 Qualiter
1500 2461 1629 2500 vero
1651 2445 1739 2499 in-

174 2538 457 2609 telligenda
485 2538 557 2592 sit
576 2538 843 2592 sententia
872 2535 1135 2607 Apostoli,
1166 2552 1273 2606 qua
1298 2536 1450 2601 dicit,
1474 2535 1599 2591 Non
1622 2552 1743 2590 eva-

174 2639 494 2682 rueturcrnx
514 2626 711 2681 Christi
739 2626 790 2699 (1
827 2625 951 2681 Cor.
984 2627 1153 2697 1,17),
1180 2627 1437 2697 quoniam
1461 2626 1740 2681 notissima

173 2728 246 2773 est
278 2719 681 2793 catholicorum
729 2718 1016 2788 expositio,
1062 2718 1342 2772 brevitatis
1370 2718 1549 2773 studio
1577 2717 1741 2772 verba

174 2810 453 2879 Augustini
480 2816 690 2862 tantum
731 2823 798 2863 ex
836 2807 973 2863 libro
995 2808 1062 2863 de
1104 2806 1306 2863 Natura
1342 2816 1396 2862 et
1434 2805 1619 2862 Gratia
1647 2822 1745 2877 po-

175 2899 340 2954 nimus
371 2900 518 2969 (cap.
553 2899 607 2967 7)
635 2915 649 2951 :
684 2916 702 2949 ι
736 2898 1065 2961 Evacuatur,
1105 2897 1301 2968 inquit,
1343 2911 1476 2952 crux
1515 2895 1737 2961 Christi,

175 2992 214 3044 si
234 2991 415 3062 aliquo
445 2991 605 3046 modo
631 2999 827 3061 praeter
858 2991 1000 3046 illius
1036 2999 1458 3055 sacramentum,
1494 2989 1562 3043 ad
1583 2987 1744 3057 justi-

177 3082 293 3135 tiam
317 3083 603 3151 vitamque
644 3091 900 3135 asternam
930 3081 1200 3151 perveniri
1235 3095 1392 3150 posse
1433 3081 1677 3135 dicatur:
1717 3097 1735 3130 ι

1840 1900 1977 1954 enim
1988 1910 2344 1969 peccaverunt,
2360 1910 2407 1954 ct
2434 1901 2665 1971 indigent
2684 1898 2855 1971 gloria
2868 1897 2966 1953 Dei
2985 1898 3154 1969 (Rom.
3177 1912 3260 1962 tu,
3274 1896 3424 1968 25).»

1840 1989 1907 2044 Ει
1932 1991 1997 2045 de
2021 1990 2106 2045 his
2133 1990 2223 2060 qui
2252 1989 2441 2046 salvati
2475 2006 2581 2043 non
2609 2000 2739 2045 sunt
2787 1997 3008 2045 sanctus
3053 1987 3344 2063 Gregorius
3375 1989 3433 2043 in

1840 2081 2064 2135 homilia
2110 2097 2251 2137 nona
2301 2080 2601 2137 Ezechielis
2649 2080 2781 2137 dicit
2818 2097 2834 2134 :
2889 2099 2909 2132 ι
2954 2077 3261 2135 Notandum
3302 2082 3432 2148 quia

1840 2179 2124 2241 postquam
2189 2171 2328 2226 mala
2380 2179 2664 2241 parentum
2725 2170 3106 2247 defunctorum
3179 2170 3429 2236 dixerat,

1841 2261 2062 2317 mittens
2109 2262 2424 2333 prophetam
2473 2262 2541 2315 ad
2570 2262 2710 2318 [illos
2748 2263 2897 2327 dicit,
2928 2260 2986 2317 Si
3026 2262 3161 2331 forte
3203 2260 3284 2315 vel
3327 2260 3427 2329 ipsi

1840 2352 2080 2418 audiant,
2124 2360 2173 2406 et
2218 2352 2351 2422 forte
2398 2353 2665 2423 quiescant
2702 2351 2921 2424 (Ezech.
2947 2368 3009 2418 ll,
3033 2350 3109 2424 5).
3161 2350 3300 2419 Quid
3344 2356 3433 2415 est

1841 2442 2045 2509 dicere,
2069 2442 2145 2498 uel
2167 2444 2287 2510 ipsi,
2312 2444 2417 2498 nisi
2448 2443 2572 2512 quia
2601 2458 2790 2499 eorum
2817 2453 3020 2514 patres,
3052 2444 3141 2513 qui
3170 2443 3227 2497 in
3270 2443 3431 2512 culpa

1841 2530 2080 2587 defuncti
2104 2541 2253 2600 sunt,
2283 2534 2470 2588 audire
2499 2533 2791 2589 noluerunt
2818 2534 2841 2588 ?
2878 2553 2899 2587 ι
2929 2534 2996 2589 Ει
3016 2533 3336 2589 Ambrosius
3371 2534 3431 2588 in

1841 2624 2067 2694 epistola
2115 2625 2182 2680 ad
2227 2625 2537 2691 Romanos,
2585 2625 2843 2697 Nunquid
2870 2627 2945 2680 sic
2984 2626 3315 2696 o/Tenderunt
3365 2636 3423 2679 ut

1842 2715 2084 2770 caderent
2109 2716 2283 2770 tabsit
2307 2714 2479 2787 (Rom.
2513 2731 2592 2781 xr,
2617 2715 2705 2788 ll)
2732 2734 2745 2770 :
2768 2734 2788 2768 ι
2807 2716 2921 2796 Hoc
2942 2717 3074 2772 dicit
3099 2716 3243 2787 quod
3265 2731 3431 2790 supra

1841 2808 2158 2874 memoravi,
2177 2809 2301 2879 quia
2326 2824 2431 2862 non
2454 2808 2535 2864 sic
2552 2807 2860 2865 dididerunt
2892 2816 2951 2865 ut
2990 2824 3268 2879 nunquam
3300 2824 3429 2880 poso

1842 2904 1963 2951 sent
1983 2897 2228 2961 credere,
2259 2898 2311 2951 id
2334 2906 2436 2961 est,
2474 2912 2582 2953 non
2631 2898 2707 2953 ita
2735 2908 2958 2970 propter
3001 2898 3434 2955 incredulitatem
3464 2926 3475 2935 ο

1842 3006 1996 3046 suam
2018 2992 2203 3047 caecati
2229 3000 2353 3047 sunt
2383 3000 2443 3047 ut
2469 2992 2649 3048 curari
2676 3008 2783 3049 non
2806 3000 3051 3067 possent,
3076 2994 3217 3048 sicut
3236 2992 3432 3049 diabo-

1843 3082 1954 3136 lum
1980 3083 2207 3154 legimus
2228 3084 2508 3139 cecidis‘se.
2541 3102 2560 3136 ι
2592 3082 2718 3141 Haec
2741 3084 2999 3151 diximus,
3017 3100 3084 3140 ne
3101 3085 3265 3143 etiam
3289 3098 3434 3139 nunc

175 3172 597 3226 succinctissime
623 3171 1015 3242 contingentes,
1041 3171 1167 3240 quia
1197 3172 1338 3227 sicut
1373 3185 1479 3225 non
1509 3184 1744 3223 evacua-
1770 3167 1814 3229 C
1846 3191 2088 3231 errorem
2105 3176 2244 3245 ejus,
2263 3177 2466 3246 quinos
2490 3192 2702 3233 errasse
2720 3192 2829 3233 non
2845 3192 2973 3234 vere
2994 3177 3151 3242 dixit,
3165 3176 3234 3232 de
3255 3177 3436 3247 impiis

181 3270 257 3315 tur
280 3262 418 3316 ﬁdes
462 3259 688 3326 Christi,
721 3261 768 3315 si
808 3274 998 3316 omnes
1025 3276 1131 3314 non
1164 3260 1511 3323 crediderint,
1554 3268 1609 3315 et
1641 3273 1747 3314 non

179 3365 464 3412 evacuatur
495 3355 836 3428 baptismatis
878 3366 1280 3411 sacramentum
1316 3356 1567 3412 omnibus
1610 3371 1749 3427 prae-

186 3447 486 3512 dicandum,
514 3447 561 3502 si
586 3461 776 3502 omnes
802 3446 1082 3501 credentes
1104 3445 1359 3516 baptizati
1386 3461 1495 3501 non
1522 3445 1743 3501 fuerint.

187 3556 204 3588 l
234 3537 343 3593 Non
385 3538 557 3603 enim,
587 3537 765 3607 inquit
791 3535 1028 3607 Prosper
1054 3551 1122 3591 ex
1148 3536 1406 3615 Apostolo
1428 3535 1532 3607 (Ad
1555 3535 1745 3606 object.

182 3626 286 3684 Gal.
322 3629 476 3686 Sent.
510 3629 612 3703 ιι),
643 3630 846 3686 excidit
870 3631 1092 3685 verbum
1135 3630 1250 3694 Dei,
1279 3643 1452 3701 neque
1486 3638 1749 3686 evacuata

181 3728 254 3774 est
273 3721 461 3777 mundi
491 3719 827 3789 redemptio:
855 3719 981 3788 quia
1007 3728 1063 3775 et
1085 3720 1132 3775 si
1163 3734 1271 3774 non
1309 3720 1561 3791 cognovit
1587 3735 1747 3774 mun-

182 3810 272 3866 dus
309 3812 481 3867 Deum
521 3812 575 3867 in
622 3811 768 3867 vasis
812 3810 924 3873 iraa,
980 3811 1229 3881 cognovit
1281 3821 1462 3868 tamen
1516 3810 1750 3866 mundus

182 3906 338 3963 Deum
371 3909 427 3964 in
475 3908 618 3964 vasis
667 3906 1068 3962 misericordiae.
1108 3926 1128 3958 ι
1181 3906 1259 3961 Ita
1297 3922 1403 3962 non
1453 3913 1750 3963 evacuatur

179 4001 355 4068 passio
380 4000 781 4069 Redemptoris,
821 3998 867 4053 si
898 4014 1003 4053 non
1030 4013 1240 4064 omnes,
1273 3997 1467 4068 quibus
1497 3996 1748 4068 poculum

180 4090 422 4147 humanae
456 4092 646 4147 salutis
687 4091 990 4147 confectum
1038 4090 1217 4146 divina
1265 4091 1466 4145 virtute
1503 4098 1561 4145 et
1593 4089 1749 4145 inlir-

182 4183 362 4238 mitate
394 4192 578 4237 nostra
616 4184 859 4239 oblatum
888 4191 1009 4246 est,
1041 4196 1259 4237 sumere
1303 4180 1749 4247 detrectaverint,

180 4271 257 4325 vel
283 4289 531 4342 perverse
560 4274 743 4344 pravis
776 4272 1016 4328 moribus
1038 4279 1094 4327 et
1126 4272 1309 4342 iniqua
1342 4269 1750 4328 conversatione

183 4363 419 4429 vivendo,
453 4366 508 4419 in
545 4364 811 4434 judicium
839 4374 894 4418 et
923 4363 1452 4429 condemnationem,
1483 4370 1539 4417 et
1566 4362 1612 4417 si
1643 4377 1750 4416 non

182 4460 238 4507 ut
255 4452 418 4510 ludas
444 4454 822 4526 peccatoribus
844 4453 1061 4519 ludatis,
1085 4459 1276 4509 verum
1304 4453 1618 4526 sanguinem
1634 4451 1751 4524 jus-

185 4553 289 4601 tum
311 4547 509 4604 Christi
539 4548 635 4604 Dei
670 4548 839 4604 nostri
875 4547 988 4602 suis
1012 4547 1390 4618 peccatoribus
1429 4544 1749 4602 tradiderint

184 4638 450 4693 membris.
476 4638 739 4694 Medicina
765 4639 909 4693 enim
949 4637 1207 4708 spiritalis
1232 4647 1334 4705 est,
1366 4647 1425 4695 ut
1453 4639 1583 4696 dicit
1616 4638 1748 4695 Am-

184 4725 406 4794 brosius,
435 4744 557 4800 quas
585 4745 708 4785 cum
729 4729 1031 4784 reverentia
1062 4729 1341 4800 degustata
1367 4729 1620 4799 puriﬁcat
1643 4730 1747 4786 sibi

188 4819 428 4875 devotum
457 4839 470 4875 :
499 4821 759 4875 memoria
787 4822 984 4891 quippe
1013 4821 1396 4891 redemptionis
1421 4833 1618 4878 nostra:
1643 4832 1744 4878 est.

192 4906 333 4963 Unde
360 4911 550 4966 devote
598 4918 653 4966 et
695 4926 817 4965 cum
852 4912 1044 4966 timore
1090 4913 1453 4967 accedendum
1501 4915 1569 4968 ad
1604 4928 1751 4968 com-

189 5001 487 5057 mnnionem
513 5002 633 5072 ejus
663 5001 820 5057 docet
842 5002 1134 5074 Apostolus
1159 5044 1174 5069 ,
1206 5012 1265 5058 ut
1303 5001 1440 5059 sciat
1480 5019 1635 5060 mens
1664 5020 1750 5059 re-

189 5093 475 5148 verentiam
509 5109 570 5150 se
598 5093 797 5151 debere
829 5095 903 5162 ei,
933 5095 1000 5150 ad
1035 5093 1188 5165 cujus
1211 5111 1407 5167 corpus
1431 5098 1751 5153 sumendum

192 5183 406 5240 accedit.
435 5184 550 5241 Hoc
572 5186 716 5241 enim
739 5186 878 5256 apud
910 5202 968 5242 se
996 5188 1155 5243 debet
1176 5186 1456 5256 judicare,
1485 5188 1615 5258 quia
1641 5187 1751 5243 Do-

190 5269 361 5328 minus
388 5284 489 5340 est,
511 5276 666 5345 cujus
694 5276 749 5330 in
793 5276 1051 5348 mysterio
1091 5278 1410 5350 sanguinem
1444 5286 1629 5350 potat,
1658 5278 1751 5348 qui

196 5360 339 5416 testis
359 5373 443 5420 est
464 5366 716 5422 beneficii
742 5368 860 5434 Dei,
899 5382 1059 5438 quem
1092 5384 1191 5424 nos
1218 5369 1264 5424 si
1295 5384 1416 5424 cum
1465 5369 1745 5440 disciplina

195 5453 494 5524 accipimus,
526 5474 634 5515 non
663 5460 866 5515 erimus
895 5460 1101 5532 indigni
1124 5463 1368 5532 corporis
1394 5471 1449 5518 et
1470 5462 1748 5533 sanguinis

194 5540 413 5605 Domini.
443 5550 631 5608 Gratia
656 5553 799 5609 enim
826 5553 1094 5611 videbitur
1117 5555 1486 5626 Redemptori.
1517 5556 1749 5629 Quicun-

193 5649 291 5703 que
313 5655 421 5696 vere
446 5644 609 5698 ederit
635 5661 821 5715 panem
858 5646 994 5701 hunc
1013 5688 1027 5713 ,
1051 5655 1142 5700 aut
1175 5645 1355 5700 biberit
1397 5646 1610 5700 calicem
1644 5645 1749 5700 Do-

195 5726 317 5783 mini
342 5732 570 5807 indigne,
602 5752 721 5791 reus
746 5738 846 5793 erit
894 5737 1125 5808 corporis
1153 5745 1201 5793 et
1229 5736 1500 5807 sanguinis
1538 5736 1752 5792 Domini

1774 4512 1829 4574 D

1848 3277 1974 3321 ante
1992 3268 2299 3338 passionem
2314 3267 2517 3324 Christi
2530 3268 3108 3338 punitisindiscussum
3128 3269 3409 3340 praeterire
3422 3299 3437 3309 ο

1847 3376 1988 3418 mus.
2024 3360 2139 3416 Non
2168 3364 2311 3417 enim
2336 3364 2937 3434 scripsimus,Christns
2967 3364 3124 3421 Iesus
3171 3365 3433 3420 Dominus

1847 3461 2052 3517 noster,
2096 3453 2237 3508 sicut
2282 3454 2462 3509 nullus
2499 3457 2659 3511 homo
2678 3464 2785 3523 est,
2832 3455 2937 3511 fuit
2971 3455 3059 3511 vel
3109 3456 3250 3521 erit,
3277 3454 3434 3526 cujus

1848 3550 2042 3598 natura
2057 3544 2111 3598 in
2135 3544 2227 3600 illo
2249 3555 2523 3616 assumpta
2548 3563 2655 3604 non
2678 3546 2967 3607 fuerit:ita
2988 3546 3168 3604 nullus
3189 3554 3297 3613 est,
3308 3545 3433 3613 fuit,

1846 3635 1932 3690 vel
1960 3636 2064 3692 erit
2086 3636 2269 3703 homo,
2294 3654 2454 3708 quem
2478 3654 2582 3694 non
2604 3638 2852 3697 Christus
2877 3654 3071 3711 passus
3086 3640 3154 3698 ad
3169 3648 3431 3695 aeternam
3516 3704 3521 3709 ξ

1848 3724 2076 3781 salutem
2117 3728 2425 3783 redemerit.
2456 3726 2561 3784 Sed
2611 3728 2952 3799 scripsimus,
3000 3727 3252 3797 Chtjstus
3275 3727 3437 3783 Jesns

1850 3815 2111 3872 Dominus
2124 3828 2308 3874 noster
2320 3819 2460 3874 sicut
2476 3818 2651 3874 nullus
2665 3821 2828 3875 homo
2839 3828 2942 3885 est,
2959 3819 3082 3885 fuit,
3094 3820 3318 3886 velerit,
3335 3836 3434 3875 cu-

1846 3906 2152 3978 jus'natura
2186 3909 2240 3963 in
2263 3909 2355 3965 illo
2375 3919 2650 3981 assumpta
2670 3926 2776 3966 non
2798 3911 2961 3967 fuerit
2984 3926 2998 3966 :
3024 3913 3100 3968 ita
3129 3912 3308 3974 nullus
3327 3922 3432 3977 est,

1850 3998 1971 4066 fuit,
1989 4000 2072 4056 vel
2086 4001 2192 4057 erit
2206 4002 2385 4068 homo,
2401 4016 2502 4071 pro
2519 4017 2627 4071 quo
2648 4002 2897 4058 Christus
2910 4018 3103 4074 passus
3124 4020 3229 4062 non
3249 4003 3432 4067 fuerit.

1849 4087 1974 4145 licet
2006 4105 2112 4144 non
2135 4105 2324 4146 omnes
2352 4090 2620 4161 passionis
2644 4091 2761 4161 ejus
2783 4092 3043 4162 mysterio
3075 4077 3431 4148 redimantur.

1921 4179 2098 4248 Quare
2127 4188 2309 4236 autem
2359 4197 2468 4238 non
2512 4196 2701 4238 omnes
2732 4182 3092 4249 redimantur,
3124 4198 3246 4238 cum
3272 4183 3437 4239 fuerit

1850 4283 2042 4339 passus
2095 4268 2344 4327 Christus
2372 4286 2470 4341 pro
2510 4272 2793 4338 omnibus,
2840 4273 3135 4342 capitulum
3178 4289 3209 4327 a
3278 4273 3437 4329 nobis

1851 4371 2162 4432 excerptum
2186 4379 2291 4418 non
2324 4364 2512 4430 tacuit,
2545 4364 2685 4419 sicut
2708 4365 2799 4435 qui
2828 4365 2960 4421 illud
2986 4366 3162 4436 legere
3181 4365 3435 4433 voluerit,

1852 4451 2094 4508 invenire
2121 4452 2341 4509 valebit.
2372 4454 2479 4510 Sed
2500 4463 2556 4510 et
2581 4470 2612 4509 a
2651 4464 2892 4526 tempore
2913 4455 3207 4521 Dominica:
3226 4472 3437 4528 passio-

1852 4542 1957 4609 nis,
1987 4551 2048 4598 ut
2073 4543 2268 4600 iterum
2291 4544 2643 4610 inculcemus,
2661 4556 2876 4603 constat
2899 4562 3021 4603 esse
3045 4549 3433 4616 certissimum,

1852 4632 1978 4702 quia
2008 4633 2150 4689 sicut
2188 4635 2458 4692 veraciter
2485 4634 2700 4692 Veritas
2721 4637 2884 4704 dicit,
2913 4637 3035 4693 Nisi
3075 4640 3193 4710 quis
3222 4650 3435 4696 renatus

1854 4723 2012 4793 fuerit
2030 4740 2096 4780 ea;
2115 4742 2251 4796 aqua
2268 4736 2314 4780 et
2332 4725 2535 4796 Spiritu
2555 4737 2754 4792 sancto,
2779 4744 2883 4782 non
2903 4728 3118 4784 intrabit
3142 4733 3196 4784 in
3219 4747 3437 4803 regnum

1853 4814 2099 4868 caelorum
2130 4814 2310 4883 (Joan.
2342 4832 2423 4881 ιιι,
2456 4817 2536 4889 5),
2574 4817 2649 4873 ita
2697 4819 2968 4877 veraciter
2994 4822 3183 4877 eadem
3221 4823 3439 4879 Veritas
3474 4811 3484 4817 ’

1854 4903 2022 4958 dicit:
2053 4905 2173 4959 Nisi
2215 4908 2652 4963 manducaveritis
2704 4927 2917 4966 carnem
2959 4912 3060 4981 ﬁlii
3104 4911 3353 4979 hominis,
3384 4922 3436 4968 et

1856 4993 2084 5077 biberitis
2108 4996 2223 5066 ejus
2254 4998 2582 5068 sanguinem,
2614 5016 2716 5054 non
2742 5001 2995 5056 habebitis
3024 5001 3181 5056 vitam
3208 5002 3265 5057 in
3294 5003 3434 5057 vobis

1856 5085 2039 5158 (Joan.
2068 5101 2147 5152 vr,
2197 5086 2308 5158 54),
2341 5089 2417 5143 ita
2456 5099 2512 5145 et
2539 5085 2802 5146 v'eraciter
2849 5092 2963 5163 ipsa
3008 5091 3220 5149 Veritas
3260 5095 3432 5151 dicit.

1859 5176 1964 5243 Qui
1990 5178 2263 5233 crediderit
2287 5189 2336 5234 et
2357 5181 2652 5252 baptizatus
2691 5182 2871 5253 fuerit,
2896 5183 3071 5239 salvus
3111 5187 3208 5239 erit
3238 5185 3431 5257 (Male.

1858 5282 1988 5335 xvr,
2031 5267 2154 5341 l6);
2202 5270 2331 5340 quia
2374 5272 2670 5328 secundum
2715 5273 3035 5343 Apostolum
3064 5313 3081 5341 ,
3126 5273 3435 5346 Quicunque

1858 5358 2106 5430 baptizati
2163 5379 2343 5419 sumus
2390 5365 2445 5420 in
2493 5363 2698 5421 Christo
2739 5365 2904 5432 Jesu,
2952 5367 3006 5420 in
3058 5376 3223 5422 morte
3274 5369 3435 5437 ipsius

1859 5451 2109 5522 baptizati
2153 5470 2333 5508 sumus
2372 5453 2560 5522 (Rom.
2606 5468 2692 5519 vr,
2731 5453 2839 5524 5);
2889 5463 2981 5508 et:
3024 5453 3331 5527 Quicunque
3383 5458 3437 5513 in

1859 5543 2065 5601 Christo
2087 5545 2334 5616 baptizali
2354 5547 2500 5611 estis,
2516 5543 3045 5602 Christuminduistis
3062 5545 3202 5619 (Gal.
3221 5565 3301 5614 Ill,
3319 5548 3433 5621 Ξῖ).

1858 5638 1935 5694 lta
1966 5639 2314 5695 nihilominus
2360 5647 2487 5695 vera
2531 5648 2614 5695 est
2649 5638 2736 5695 illa
2771 5640 3059 5705 sententia,
3092 5658 3252 5711 quam
3283 5658 3439 5698 vera-

1860 5735 1997 5793 citer
2022 5734 2211 5791 eadem
2263 5730 2533 5803 depromit
2571 5730 2806 5802 Veritas,
2845 5732 2948 5800 Qui
3003 5734 3307 5802 manducal,
3354 5732 3468 5814 ing
