3992 6336
219 330 336 390 569

1000 337 1088 394 DE
1122 336 1787 427 PRA‘ZDESTINATIONE
1822 337 2271 399 DISSERTATIO
2306 341 2713 400 POSTERIOR.

3375 346 3481 404 570
3528 432 3531 435 _

224 464 246 497 ι
278 445 487 500 bibitur
522 462 625 501 non
654 450 918 504 metetur.
951 470 971 499 ι
1008 453 1343 509 Eucharistia
1377 455 1522 509 enim
1565 461 1648 508 est
1691 451 1801 508 Re-
1826 453 1878 515 Δ
1904 453 2160 520 vixerint,
2206 455 2341 511 nihil
2386 456 2466 512 eis
2508 464 2711 528 prosrt,
2762 456 2858 513 sed
2897 455 3078 512 tandiu
3128 469 3479 515 reserventur

216 533 526 604 demptoris
553 552 618 593 ac
660 539 957 597 Salvatoris
984 545 1168 621 mundi
1211 545 1484 615 proposita
1515 544 1801 610 omnibus,

1903 528 2078 602 donec
2096 555 2254 601 ruant
2267 555 2322 601 et
2338 557 2562 616 pereant
2580 566 2593 603 :
2613 563 2711 603 nec
2729 557 2854 605 ante
2874 563 2969 605 eos
2986 563 3051 604 ex
3070 550 3170 604 hac
3185 550 3292 604 vita
3313 538 3485 619 quam.

212 623 319 678 sed
351 623 597 683 ﬁdelibus
616 628 748 684 dans
769 630 1020 698 salutem,
1043 641 1267 702 quaeest
1287 634 1341 689 in
1365 635 1553 690 eodem
1579 633 1803 691 Domino
1902 633 2005 690 hoc
2028 635 2107 690 eis
2133 636 2407 708 contingat
2436 639 2653 694 auferri.
2695 639 2761 694 Et
2800 639 2941 710 quod
2987 640 3126 695 Deus
3153 640 3474 710 quihusdam

212 720 415 768 nostro
456 713 586 770 Jesu
631 715 869 784 Christo,
906 719 997 789 qui
1026 722 1323 797 secundum
1365 721 1678 792 Apostolum
1718 729 1802 779 est

208 804 478 861 Salvator
494 811 733 865 omnium
759 814 1306 881 hominum,maxime
1327 824 1506 873 autem
1530 816 1796 872 ﬁdelium:

206 896 351 965 quia
396 914 506 953 non
545 910 629 955 est
670 902 812 958 aliud
841 921 1033 962 nomen
1062 907 1245 962 datum
1287 909 1388 963 sub
1414 908 1550 963 etelo
1575 908 1800 963 homini-

208 986 344 1052 bus,
382 987 438 1042 in
472 1005 581 1059 quo
608 1001 853 1062 oporteat
891 1010 990 1051 nos
1032 997 1208 1052 salvos
1239 998 1354 1051 ﬁeri
1386 998 1526 1068 (Act.
1568 1014 1643 1063 tv,
1683 998 1793 1069 12).

207 1072 313 1129 Cui
359 1091 486 1132 cum
522 1078 631 1135 Deo
657 1080 819 1138 Patre
863 1084 916 1138 in
964 1085 1172 1140 unitate
1212 1085 1445 1157 Spiritus
1488 1089 1662 1143 sancti
1712 1096 1797 1143 est

206 1165 396 1221 honor
421 1178 475 1223 et
503 1170 691 1241 gloria,
725 1183 965 1244 potestas
997 1185 1054 1233 et
1088 1177 1406 1249 imperium,
1443 1189 1568 1235 ante
1591 1180 1792 1246 omnia,

202 1267 265 1401 :t
326 1275 436 1329 per
488 1264 705 1332 omnia,
762 1276 818 1323 et
870 1268 939 1325 in
983 1268 1167 1326 omnia
1208 1269 1405 1327 saecula
1451 1271 1792 1329 seculorum.

258 1350 413 1401 tl‘leu.
638 1386 657 1399 .

258 1350 413 1407 Men.

668 1520 828 1595 304.
863 1522 1090 1581 CAPUT
1129 1524 1324 1583 xxxv

200 1674 468 1750 Sequitur
492 1684 625 1763 ratio
648 1686 853 1763 reddita
883 1690 947 1742 de
984 1690 1163 1757 quinto
1202 1691 1452 1760 capitulo,
1480 1692 1620 1761 quod
1639 1693 1792 1763 quasi

265 1754 706 1833 srtperndotorem
751 1754 1016 1812 valuerunt
1057 1754 1353 1815 nostrorum
1402 1754 1689 1833 adficiens,
1733 1765 1788 1817 in

1901 722 2027 779 ﬁliis
2050 725 2185 788 suis,
2205 741 2341 795 quos
2364 728 2698 796 regeneravit
2722 728 2772 782 in
2803 728 3036 794 Christo,
3069 730 3263 800 quibus
3289 729 3473 799 ﬁdem,

1898 830 2070 885 spem,
2098 816 2435 873 dilectionem
2460 818 2628 884 dedit,
2650 820 2719 875 ob
2739 820 2843 875 hoc
2881 836 2984 876 non
3015 821 3106 875 det
3125 836 3472 889 persevcran-

1900 906 2054 971 tiam,
2080 907 2204 976 quia
2247 922 2352 963 non
2400 916 2525 963 sunt
2561 925 2592 964 a
2620 925 2797 965 massa
2839 912 3156 980 perditionis
3187 914 3472 983 prmscien-

1900 996 1970 1050 tia
2018 997 2118 1069 Dei
2173 1007 2230 1054 et
2274 1000 2743 1069 prtedestiuatione
2795 1001 3032 1057 discreti.
3083 1002 3471 1060 Cothescalcus

1897 1060 2075 1140 aulein
2114 1094 2235 1155 post
2266 1060 2553 1157 pneposita
2607 1090 2908 1144 testimonia
2959 1105 3078 1159 qute
3123 1091 3470 1159 proferuntur

1896 1195 1963 1236 ex
1991 1177 2151 1251 305
2166 1176 2460 1248 Scripturis
2478 1178 2759 1235 Dominum
2790 1166 3004 1250 passum
3044 1180 3208 1237 fuisse
3228 1198 3324 1253 pro
3352 1198 3471 1237 om-

1895 1274 2053 1331 nibus
2068 1275 2141 1329 ita
2159 1274 2292 1329 dicit
2309 1291 2322 1327 :
2345 1291 2363 1323 ί
2387 1272 2488 1339 Qui
2504 1287 2650 1335 vero,
2667 1273 2933 1344 inquiens,
2951 1275 3289 1344 propterhaec
3313 1276 3469 1330 testi-

1896 1364 2098 1429 monia,
2124 1362 2203 1418 vel
2235 1362 2338 1417 alia
2370 1363 2453 1417 his
2487 1363 2682 1417 similia
2704 1402 2719 1427 ,
2754 1364 3076 1433 generaliter
3105 1379 3203 1435 pro
3226 1365 3468 1419 omnium

1895 1464 2004 1510 tam
2033 1454 2239 1509 scilicet
2281 1454 2575 1517 electorum
2614 1470 2775 1524 quam
2818 1455 3167 1524 reproborum
3207 1456 3380 1511 salute
3414 1463 3472 1510 et

1894 1544 2262 1616 redemptione
2302 1545 2585 1599 Dominum
2628 1560 2844 1616 passum
2870 1560 2991 1600 esse
3032 1545 3187 1610 dicit,
3217 1545 3319 1616 ipsi
3359 1545 3471 1599 Den

1893 1637 2041 1694 Patri
2075 1637 2424 1702 contradicit,
2453 1654 2474 1689 ι
2512 1645 2566 1692 et
2602 1636 2837 1707 reliqua,
2881 1652 3050 1706 usque
3091 1637 3218 1691 dum
3256 1637 3323 1691 ad
3365 1637 3468 1692 ista

1893 1729 2171 1801 pervenit,
2200 1737 2262 1785 ut
2299 1728 2506 1784 diceret
2541 1746 2554 1783 :
2590 1711 3007 1784 «verumtamen
3047 1728 3172 1799 quia
3213 1728 3368 1784 electi
3413 1737 3470 1783 et

264 1807 700 1900 subgittationeni
717 1807 1489 1900 καὶ)έήίᾶἑεῖἷέρῖέᾶὲὶιξὸῖἦοεῖὲἷ
1501 1807 1788 1889 ἇὲξῖιῖίῖηίίξ
1815 1807 1864 1868 Β
1891 1823 2105 1893 reprobi
2132 1832 2351 1893 propter
2377 1831 2656 1893 peccatum
2676 1820 2956 1893 originale,
2985 1830 3040 1876 et
3062 1836 3222 1876 omne
3248 1820 3469 1891 insuper

265 1905 565 1962 consputare
594 1896 775 1950 voluit.

1565 1980 1596 2005 δ

266 2068 412 2124 Item
443 2068 497 2124 in
527 2072 716 2142 quinto
744 2075 977 2145 capitulo
1004 2077 1132 2134 dicit
1160 2079 1251 2135 hie
1274 2088 1460 2137 noster
1489 2081 1790 2139 acerrimus

199 2162 596 2232 reprehensor:
619 2184 638 2217 α
665 2165 999 2223 Firmissime
1022 2171 1309 2226 tenendum
1338 2173 1627 2238 credimus,
1645 2174 1787 2243 quod

200 2270 222 2302 ι
252 2253 441 2307 omnis
470 2252 753 2311 multitudo
778 2256 1011 2312 ﬁdelium
1038 2275 1105 2315 ex
1132 2276 1267 2330 aqua
1296 2270 1352 2316 et
1371 2261 1571 2331 Spiritu
1596 2272 1787 2319 saneto

202 2360 222 2395 ι
253 2355 579 2415 regenerata
602 2387 617 2410 ,
648 2361 714 2403 ac
750 2364 848 2417 per
876 2349 977 2404 hoc
1020 2353 1286 2407 veraciter
1321 2352 1576 2409 Ecclesia:
1606 2353 1786 2409 incor-

201 2453 221 2484 ι
252 2445 475 2505 parata,
517 2448 573 2493 et
611 2437 767 2507 juxta
795 2442 1094 2497 doctrinam
1138 2446 1488 2513 apostolicam
1529 2448 1583 2503 in
1613 2457 1784 2505 marte

203 2542 222 2576 ι
254 2524 470 2581 Christi
512 2528 780 2596 baptizata
800 2570 817 2594 ,
849 2531 901 2585 iu
934 2531 1049 2601 ejus
1076 2533 1338 2604 sanguine
1378 2534 1450 2589 sit
1486 2552 1515 2590 a
1546 2538 1783 2607 peccatis

199 2635 221 2681 ς
253 2616 469 2672 abluta.
506 2637 526 2671 ι
559 2618 624 2675 Et
656 2621 936 2690 sequentia
964 2623 1152 2678 eodem
1184 2624 1374 2681 ordine
1407 2640 1737 2699 prosequens
1762 2668 1780 2695 ,

194 2709 341 2764 sicut
372 2717 430 2764 et
456 2710 508 2764 in
537 2710 626 2766 illo
650 2713 961 2769 continetur
985 2716 1219 2785 capitulo
1239 2758 1254 2781 ,
1287 2721 1429 2789 quod
1460 2721 1587 2777 olim
1628 2723 1782 2781 nobis

193 2801 447 2865 dedistis,
481 2813 705 2873 excepto
752 2805 900 2874 quia,
944 2814 1003 2859 ut
1044 2807 1436 2877 praemisimus,
1484 2811 1585 2867 hoc
1615 2829 1779 2869 unum

190 2892 555 2962 apostolicum
585 2895 853 2950 subtraxit
882 2897 1276 2965 testimonium,
1309 2900 1450 2971 quod
1476 2901 1531 2956 in
1565 2902 1656 2958 illo
1686 2904 1781 2958 ha-

195 2990 360 3041 betur
379 3003 399 3040 :
441 2983 763 3052 Voluntarie,
790 2987 982 3058 inquit,
1005 2991 1336 3058 peccantibus
1372 2992 1520 3048 nobis
1545 3005 1659 3064 post
1696 3012 1781 3049 ac-

1893 1914 2135 1979 actuale,
2165 1915 2349 1970 tandiu
2378 1914 2580 1970 detenti
2610 1922 2766 1978 sunt,
2793 1914 3120 1975 detinentur,
3146 1912 3467 1967 detinehun-

1890 2010 1980 2059 tur
2022 2002 2125 2059 sub
2158 2003 2370 2061 diabolo
2418 2003 2637 2073 captivi,
2674 2004 2844 2058 donec
2876 2003 3271 2058 redimerentur
3303 2010 3467 2072 atque

1888 2095 2222 2151 redimantur
2246 2095 2503 2152 divinitus
2538 2110 2634 2166 per
2662 2096 2889 2167 gratiam
2915 2094 3187 2164 baptismi,
3219 2096 3464 2165 quando-

1832 2168 1833 2171 ¹
1888 2199 2098 2255 cunque
2118 2185 2424 2256 quicunque
2445 2183 2643 2240 fuimus
2670 2184 2723 2240 in
2751 2184 3031 2240 Trinitatis
3054 2186 3271 2240 nomine
3293 2185 3468 2254 bapti-

1888 2275 2015 2342 zati,
2042 2284 2167 2331 tunc
2192 2277 2308 2332 sine
2334 2277 2604 2361 dubio_vel
2628 2276 2783 2339 electi
2808 2275 2890 2332 vel
2926 2276 3136 2347 reprobi
3165 2278 3466 2332 communi-

1887 2372 1973 2420 ter
2008 2367 2319 2422 exstitimus
2348 2368 2646 2438 redempti,
2682 2369 2733 2423 id
2763 2377 2846 2439 est
2885 2369 2953 2431 de
2986 2367 3227 2424 dominio
3255 2369 3467 2427 dminoo

1882 2453 2021 2511 nica:
2070 2456 2287 2511 ditionis
2332 2457 2473 2512 eruti
2521 2466 2576 2512 et
2626 2458 2838 2514 liberati
2879 2474 2894 2512 :
2938 2466 2994 2513 et
3037 2459 3466 2529 quotiescunque
3554 2456 3557 2459 ’

1883 2549 2189 2620 quicunque
2224 2550 2588 2621 baptizantur,
2618 2560 2672 2606 et
2712 2552 2964 2622 deinceps
3007 2552 3059 2608 iu
3089 2552 3229 2607 diem
3272 2550 3469 2621 judicii

1880 2640 2314 2711 baptizabuntur,
2351 2650 2477 2697 tunc
2520 2657 2550 2696 a
2590 2642 2851 2698 diabolica
2898 2657 3121 2712 prorsus
3148 2641 3464 2712 captivitate

1881 2731 2244 2799 redimuntur,
2280 2742 2441 2804 atque
2475 2734 2826 2801 redimentur,
2874 2734 2927 2789 id
2969 2742 3054 2790 est
3099 2742 3364 2788 eruuntur
3406 2743 3465 2787 et

1880 2821 2196 2889 liberantur,
2227 2833 2489 2880 eruentur
2512 2834 2569 2880 et
2602 2825 2991 2883 liberabuntur.
3036 2824 3174 2881 Hinc
3206 2832 3293 2880 est
3332 2822 3462 2879 illud

1880 2912 2110 2983 apostoli
2151 2913 2330 2981 Petri,
2373 2915 2441 2971 de
2469 2916 2746 2987 magistris
2775 2914 3158 2980 mendacibus,
3189 2922 3246 2971 et
3283 2922 3461 2970 sectas

1877 2996 2195 3076 perditionis
2233 3007 2736 3072 introdueentibus,
2772 3006 3110 3077 celeremque
3139 3006 3245 3063 sibi
3273 3007 3459 3077 perdi-

193 3085 400 3143 ceptam
442 3076 683 3130 notitiam
732 3078 982 3142 veritatis,
1017 3080 1133 3150 jam
1183 3099 1287 3136 non
1333 3083 1643 3155 relinquitur
1678 3104 1773 3155 pro

1878 3099 2077 3154 tionem
2108 3100 2591 3170 superduceutibus
2621 3119 2634 3156 :
2669 3101 2839 3166 Eum,
2868 3101 3059 3172 inquit,
3093 3102 3185 3174 qui
3219 3076 3343 3156 eruit
3372 3118 3459 3157 eos

193 3169 422 3239 peccatis
443 3169 615 3224 hostia
635 3170 824 3240 (Hebr.
849 3188 905 3235 x,
932 3172 1043 3244 26).
1068 3172 1219 3242 Quod
1245 3191 1343 3231 cur
1362 3177 1535 3248 egerit
1559 3194 1776 3251 magno-

1878 3162 2443 3261 Dominum-negantes
2485 3192 2569 3265 (ιι
2602 3191 2749 3250 Petr.
2781 3162 2853 3259 ut,
2886 3162 2959 3263 1):
3006 3162 3264 3266 nam...“
3310 3195 3460 3250 enim

196 3276 325 3330 pere
353 3276 465 3315 non
505 3275 781 3328 curamus,
810 3277 934 3317 cum
966 3264 1067 3320 hoc
1107 3265 1417 3335 capitulum,
1450 3266 1577 3323 licet
1623 3268 1773 3325 inde-

194 3349 305 3407 bite
329 3351 492 3406 nobis
513 3350 642 3407 illud
670 3352 950 3423 impingat,
974 3369 1073 3409 nos
1092 3354 1341 3411 mordere
1368 3370 1474 3412 non
1496 3357 1772 3428 praevalet,

195 3442 320 3512 quia
346 3440 487 3496 nihil
522 3441 717 3498 exinde
744 3443 1087 3513 scripsimus,
1117 3444 1358 3515 nihilque
1395 3457 1582 3502 contra
1613 3446 1772 3502 ﬁdem

194 3532 466 3587 sensimus
492 3530 585 3585 vel
608 3532 889 3587 sentimus.
942 3534 1016 3588 De
1044 3549 1151 3603 quo
1194 3536 1358 3591 etiam
1402 3536 1457 3591 in
1504 3539 1773 3607 prioribus

194 3622 386 3679 libellis
416 3622 825 3693 derogatoribus
854 3624 1053 3679 nostris
1083 3627 1409 3693 respondere
1443 3628 1770 3684 curavimus.

195 3713 248 3768 In
286 3714 491 3784 quibus
531 3714 836 3784 quicunque
884 3713 1098 3768 illorum
1144 3713 1394 3784 ﬁgmenta
1441 3716 1687 3787 legerint,
1717 3727 1773 3774 et

193 3806 494 3877 apologiam
519 3815 758 3861 nostram
788 3806 1095 3876 relegerint,
1123 3808 1292 3864 scient
1315 3825 1412 3865 nos
1437 3810 1562 3866 hinc
1587 3811 1773 3869 imme-

194 3897 295 3951 rito
322 3899 704 3967 reprehensos,
722 3906 778 3954 et
798 3898 967 3970 magis
990 3899 1365 3970 compilatione
1385 3900 1768 3973 livoris,quam

192 3990 405 4045 ratione
432 3988 714 4055 veritatis,
759 3988 827 4044 de
866 3989 1021 4045 nobis
1065 4004 1161 4045 eos
1212 3990 1518 4062 quicunque
1569 3991 1773 4052 fuerint

190 4076 454 4146 ejusmodi
501 4094 818 4134 aranearum
862 4079 994 4135 telas
1035 4080 1226 4136 frivolo
1275 4080 1458 4137 labore
1509 4084 1767 4140 texuisse.

192 4167 343 4224 Unde
391 4169 529 4223 sciat
561 4168 895 4238 quiscunque
921 4169 1088 4225 lector
1112 4170 1381 4234 devotus,
1412 4186 1442 4224 a
1473 4172 1646 4238 nobis,
1676 4182 1770 4230 aut

190 4272 252 4313 ex
283 4258 465 4322 nobis,
494 4256 577 4312 vel
616 4258 940 4328 suspicionis
975 4259 1233 4319 indicium
1264 4259 1410 4317 nullo
1449 4262 1608 4317 modo
1638 4277 1765 4332 pro-

188 4350 442 4413 cessisse,
477 4364 576 4404 eur
605 4350 731 4404 talia
778 4360 969 4407 contra
1022 4368 1124 4413 nos
1162 4353 1248 4407 vel
1290 4354 1357 4410 de
1398 4354 1553 4411 nobis
1601 4356 1765 4413 scribi

187 4439 492 4497 debuerint.
516 4439 621 4495 Sed
642 4456 673 4495 a
704 4438 1043 4498 Gothescalci
1074 4442 1291 4513 pitacio,
1321 4444 1465 4515 quod
1488 4447 1554 4502 ad
1578 4463 1764 4518 quem-

187 4531 309 4587 dam
337 4531 660 4587 monachum
689 4542 1086 4601 composuerat,
1116 4533 1242 4589 hinc
1272 4536 1532 4606 scriptum
1560 4538 1764 4607 reperi-
1789 4511 1842 4573 D

188 4638 305 4679 mus
329 4642 344 4678 :
370 4624 515 4693 quod
547 4623 668 4679 ideo
697 4640 1078 4695 supponemus,
1112 4636 1170 4681 ut
1198 4644 1318 4698 quae
1345 4629 1437 4684 ille
1471 4630 1687 4696 dixerit,
1709 4639 1764 4687 et

187 4716 418 4784 qualiter
438 4732 538 4773 nos
564 4718 828 4774 catholice
854 4719 1169 4785 sentiamus,
1195 4722 1444 4778 omnibus
1464 4724 1555 4794 qui
1584 4723 1763 4796 legere

187 4807 451 4863 voluerint
474 4806 926 4866 demonstremus.
973 4811 1041 4866 Et
1082 4810 1209 4867 licet
1255 4812 1340 4868 his
1383 4814 1579 4884 quibus
1616 4815 1762 4872 suill-

187 4896 376 4952 cientia
405 4906 633 4967 possunt
668 4897 941 4964 suﬁicere,
973 4898 1288 4956 suﬁicientia
1330 4917 1675 4963 curassemus
1706 4905 1760 4961 in

186 4987 360 5056 operis
386 4988 549 5059 hujus
577 4988 811 5058 capitulo
845 5000 1040 5061 quarto
1079 4991 1332 5060 colligere
1362 5011 1384 5048 :.
1411 5004 1634 5065 preptet:
1663 4996 1761 5051 itu-

187 5076 506 5144 probitatem
556 5084 735 5133 tamen
798 5094 897 5136 nos
959 5081 1265 5150 importune
1317 5086 1766 5155 perurgeutium,

189 5166 355 5224 adhuc
378 5169 559 5240 aliqua
587 5169 735 5224 velut
763 5172 830 5227 ad
856 5173 959 5228 hoc
981 5173 1267 5244 specialius
1290 5176 1615 5249 pertinentia
1642 5187 1759 5233 stu-

186 5254 369 5314 demus
394 5259 809 5330 superadjicere.

251 5359 386 5422 Hine
420 5376 635 5424 veteres
682 5369 1145 5431 Praedestinatiani
1186 5376 1440 5435 dixerunt
1494 5380 1639 5451 quod
1688 5381 1762 5438 ab

187 5452 263 5509 eis
288 5457 381 5525 qui
402 5473 510 5512 non
542 5469 669 5514 sunt
692 5462 1056 5530 praedestinati
1082 5466 1149 5520 ad
1180 5468 1366 5535 vitam,
1403 5472 1511 5526 non
1542 5470 1763 5533 auferat

187 5557 424 5619 percepta
469 5552 725 5621 baptismi
775 5558 948 5626 gratia
994 5558 1255 5628 originale
1310 5572 1590 5630 peccatum
1636 5583 1651 5619 :
1697 5574 1755 5622 et

188 5639 320 5704 quod
349 5656 455 5697 non
497 5644 864 5713 praedestinati
899 5650 966 5705 ad
995 5650 1182 5717 vitam,
1227 5653 1438 5709 etiamsi
1467 5654 1751 5712 fuerint'in

188 5723 391 5788 Christo
424 5747 529 5805 per
567 5733 890 5808 baptismum
934 5743 1257 5814 regenerati,
1285 5752 1339 5801 et
1376 5745 1463 5817 pie
1499 5745 1750 5822 justeque

1878 3298 2216 3343 sacramento
2242 3302 2336 3343 eos
2364 3288 2512 3349 emit.
2544 3304 2650 3344 non
2681 3298 2858 3345 tamen
2890 3305 2988 3360 pro
3009 3290 3090 3345 eis
3114 3304 3330 3345 crucem
3361 3306 3455 3345 su-

1851 3381 2003 3443 .biit,
2036 3396 2134 3436 nec
2163 3390 2391 3437 mortem
2429 3382 2680 3451 pertulit,
2727 3397 2901 3451 neque
2939 3382 3252 3449 sanguinem
3296 3381 3453 3438 fudit.
3498 3372 3517 3388 ⁸

1876 3472 2029 3540 Quod
2057 3481 2236 3530 autem
2265 3474 2518 3545 baptismi
2552 3476 2827 3546 perceptio
2855 3474 3151 3546 redemptio
3180 3491 3456 3545 nuncupe-

1877 3573 1987 3629 tur,
2028 3563 2217 3622 doctor
2245 3567 2485 3637 gentium
2515 3564 2800 3622 manifeste
2842 3564 3085 3621 fatetur:
3120 3565 3299 3620 Nolite
3325 3582 3454 3620 con-

1873 3656 2114 3720 tristare,
2145 3655 2345 3725 inquit,
2378 3654 2636 3725 Spiritum
2668 3666 2905 3710 sanctum
2933 3655 3028 3710 Dei
3054 3656 3110 3710 in
3135 3672 3237 3725 quo
3261 3654 3461 3725 signati

1873 3739 1993 3801 estis
2020 3747 2074 3800 in
2102 3746 2186 3802 die
2214 3747 2578 3816 redemptionis
2607 3747 2819 3818 (Ephes.
2844 3764 2917 3811 tv,
2944 3747 3055 3817 50).
3085 3749 3152 3803 Et
3178 3749 3232 3802 in
3263 3748 3451 3802 eadem

1872 3840 2118 3908 superius
2145 3839 2214 3894 ad
2256 3839 2514 3908 Ephesios
2554 3839 2776 3910 epistola
2809 3859 2823 3895 :
2854 3840 2921 3895 In
2948 3857 3051 3909 quo
3094 3850 3143 3895 et
3188 3841 3453 3895 credentes

1871 3931 2074 4000 signati.
2084 3931 2205 3986 estis
2225 3929 2429 4001 Spiritu
2455 3932 2814 4001 promissionis
2834 3940 3017 3986 sancto
3040 3930 3253 4002 (Ephes.
3276 3932 3449 3999 “13).

1872 4019 2008 4076 Hinc
2036 4021 2200 4075 etiam
2231 4028 2451 4075 sanctus
2479 4020 2838 4091 Hieronymus
2865 4021 3092 4087 asserit,
3124 4022 3450 4090 redemptio-

1871 4124 1995 4166 nem
2025 4109 2273 4180 inquiens
2300 4118 2538 4166 veterum
2570 4119 2909 4180 peccatorum
2939 4110 2991 4165 in
3017 4111 3173 4180 aquis
3197 4111 3451 4180 baptismi

1870 4201 2103 4270 reperit,
2145 4203 2242 4256 sed
2274 4199 2579 4270 hujusmodi
2626 4200 2957 4269 redemptio,
2988 4217 3109 4271 quae
3146 4202 3450 4256 communis

1868 4301 1951 4347 est
1977 4299 2032 4347 et
2057 4290 2244 4348 electis
2268 4299 2323 4347 et
2352 4290 2618 4362 reprobis,
2642 4304 2749 4348 non
2775 4289 3004 4347 redemit
3024 4290 3127 4347 nisi
3151 4305 3180 4347 a
3206 4292 3450 4362 peccatis

1867 4383 2176 4454 prmteritis.
2208 4403 2227 4437 ι

1937 4473 2064 4531 Haac
2110 4476 2186 4531 ita
2231 4491 2265 4531 a
2302 4476 2656 4534 Gothescaleo
2702 4485 2827 4533 sunt
2873 4476 3034 4532 dicta.
3079 4476 3278 4533 Contra
3328 4476 3448 4531 haec

1867 4564 1996 4621 dicit
2032 4575 2255 4622 sanctus
2281 4567 2702 4639 Augustiuusin
2745 4567 2968 4638 epistola
3012 4568 3079 4622 ad
3109 4566 3443 4623 Bonifacium

1866 4653 2035 4725 (epist.
2064 4655 2210 4726 106).
2248 4674 2265 4707 ι
2295 4657 2371 4712 ita
2412 4658 2513 4712 sibi
2551 4658 2839 4723 exhibeat,
2869 4659 3145 4728 inquiens,
3185 4658 3446 4714 Dominus

1864 4745 2113 4803 Christus
2143 4747 2194 4801 in
2226 4747 2315 4802 illa
2340 4748 2427 4804 die
2449 4749 3083 4819 gloriosamEcclesiam,
3110 4764 3217 4805 non
3240 4749 3448 4805 haben-

1864 4844 1979 4899 tem
2021 4838 2287 4896 maculam
2335 4849 2429 4895 aut
2480 4856 2709 4912 rugam,
2759 4850 2855 4897 aut
2899 4840 3102 4912 aliquid
3157 4840 3442 4911 ejusmodi,

1864 4940 2027 4996 quam
2056 4929 2215 4986 modo
2262 4931 2483 4986 mundat
2527 4931 2744 4987 lavacro
2787 4946 2938 5000 aquae
2978 4932 3031 4987 in
3067 4931 3278 4987 verbo:
3318 4931 3467 5000 quia

1865 5030 2039 5086 neque
2063 5017 2262 5087 aliquid
2293 5030 2534 5076 remanet
2563 5022 2616 5075 in
2645 5022 2939 5091 baptismo,
2959 5021 3102 5092 quod
3126 5021 3447 5077 nondimit-

1865 5113 2036 5172 tatur,
2068 5108 2466 5176 praeteritorum
2501 5111 2740 5167 omnium
2770 5121 3161 5180 peccatorum,
3185 5111 3230 5165 si
3263 5119 3444 5165 tamen

1863 5198 1979 5270 ipse
2017 5200 2316 5270 baptismus
2346 5216 2451 5259 non
2484 5201 2686 5261 frustra
2718 5203 2848 5259 foris
2877 5202 3186 5268 habeatur,
3207 5203 3303 5259 sed
3348 5210 3445 5257 aut

1862 5291 2008 5347 intus
2041 5292 2224 5359 detur,
2263 5302 2356 5350 aut
2384 5295 2429 5350 si
2468 5294 2585 5364 jam
2611 5295 2744 5352 foris
2783 5296 2970 5359 datur,
3002 5309 3115 5350 non
3137 5294 3271 5351 foris
3314 5309 3442 5350 cum

1860 5383 1951 5439 illo
1980 5393 2326 5442 remaneatur
2355 5395 2469 5459 :_et
2495 5387 2754 5456 quidquid
2792 5388 2861 5441 ab
2902 5386 3011 5449 eis,
3049 5385 3141 5456 qui
3183 5394 3305 5455 post
3345 5400 3440 5440 ac-

1858 5486 2075 5547 ceptum
2105 5477 2431 5549 baptismum
2476 5480 2567 5535 hic
2594 5479 2804 5543 vivunt,
2846 5479 3080 5533 humana
3121 5478 3440 5534 inﬁmitate

1857 5568 2197 5623 contrahitur
2215 5583 2658 5638 quarumcunque
2691 5568 2992 5638 culparum,
3019 5578 3240 5640 propter
3261 5570 3438 5641 ipsum

1857 5658 2132 5715 lavacrum
2177 5660 2483 5716 dimittitur.
2515 5680 2535 5714 ι
2576 5661 2644 5716 Ει
2675 5662 2729 5717 in
2758 5662 2898 5718 libro
2924 5663 3101 5732 primo
3129 5664 3197 5718 de
3225 5661 3440 5733 Nuptiis

1856 5760 1910 5808 et
1951 5752 2400 5823 Concupisceutia
2446 5753 2596 5825 (cap.
2640 5753 2743 5827 55)
2776 5774 2787 5811 :
2822 5776 2839 5809 ί
2872 5754 2960 5812 Sic
3011 5757 3188 5823 enim,
3240 5754 3436 5826 inquit,
