3992 6336
587 356 685 425 ari

1544 361 1875 423 HINCMARI
1910 354 2305 441 BHEMENSIS
2337 352 2855 416 ARCHIEPISCOPI

3702 364 3793 425 3'22

585 481 954 554 accipiendum
984 490 1069 538 est
1107 481 1250 552 quod
1291 480 1368 536 ait
1395 479 1537 535 idem
1567 477 1855 550 Apostolus
1879 494 1896 532 :
1923 472 2161 529 Christus
2185 469 2243 534 Α
2266 478 2416 527 turos
2428 471 2580 529 vivos
2595 482 2651 529 et
2669 474 3793 547 mortuos;videlicetomnespariterelectos

587 574 768 628 dilexit
798 571 1121 639 Ecclesium,
1151 582 1199 627 et
1233 571 1563 641 semetipsum
1601 568 1819 624 tradidit
1845 581 1942 638 pro
1980 582 2070 628 ea,
2109 572 2166 617 ut

586 678 700 717 eam
746 660 1135 730 sanctiﬁcaret,
1188 660 1451 716 inundans
1499 675 1615 714 eam
1661 658 1872 712 lavacro
1916 671 2067 726 aqum
2112 654 2168 708 in

583 752 761 817 verba,
786 761 844 806 ut
872 751 1128 806 exhiberet
1154 750 1252 805 sibi
1278 752 1387 821 ipse
1415 737 1696 822 gloriosam
1725 747 2033 812 Ecclesium,
2063 762 2166 800 non

584 842 858 896 habentem
882 841 1168 905 maculam,
1187 849 1277 894 aut
1302 858 1504 911 rugam,
1526 850 1617 894 aut
1641 838 1841 910 aliquid
1864 834 2168 909 hujusmoai

584 928 807 1000 (Ep/tes.
834 943 889 997 v,
915 929 1031 999 25).
1071 928 1193 993 Sic,
1225 930 1472 999 inquam,
1516 930 1617 984 hoc
1645 928 2015 999 accipiendum
2059 932 2163 992 est,

585 1035 645 1079 ut
672 1028 860 1083 eodem
897 1027 1114 1082 lavacro
1152 1015 1609 1098 regenerationis,
1642 1036 1698 1081 et
1728 1027 1893 1081 verbo
1926 1023 2167 1109 sarytiﬁ-

587 1122 818 1176 cationis
835 1162 851 1187 ,
878 1120 1057 1176 omnia
1085 1116 1309 1191 prorsus
1336 1120 1474 1174 mala
1510 1119 1790 1174 hominum
1815 1125 2165 1189 regeneratu-

585 1224 707 1263 ram
748 1210 1077 1264 mandentur
1121 1216 1284 1278 atque
1324 1220 1614 1275 sanentur,
1648 1209 1811 1280 306
1850 1224 1955 1263 non
1991 1205 2165 1263 solum

587 1310 805 1371 peccata
825 1342 840 1366 ,
869 1317 989 1373 quae
1022 1304 1203 1358 omnia
1231 1318 1375 1359 nunc
1413 1303 1754 1358 remittuntur
1789 1303 1842 1357 in
1875 1303 2162 1373 baptismo,

586 1392 683 1447 sed
711 1392 875 1447 etiam
904 1408 1022 1463 qua:
1057 1394 1326 1463 posterius
1362 1396 1597 1449 humana
1632 1394 1931 1465 ignorantia
1958 1393 2041 1448 vel
2078 1394 2163 1448 in-

588 1483 846 1540 ﬁrmitate
895 1487 1308 1543 contrahuntur.
1359 1487 1476 1543 Non
1534 1498 1591 1543 ut
1639 1490 1905 1558 baptisma
1952 1487 2166 1556 quoties

586 1581 847 1641 peccatur
873 1575 1035 1631 toties
1068 1585 1367 1648 repetatur,
1398 1579 1490 1634 sed
1519 1579 1644 1649 quia
1684 1580 1799 1648 ipso
1826 1578 1967 1649 quod
1999 1577 2163 1634 semel

586 1665 750 1720 datur
776 1665 838 1721 ﬁt
868 1674 929 1720 ut
972 1682 1078 1722 non
1120 1669 1294 1724 solum
1324 1680 1480 1725 antea
1501 1711 1517 1735 ,
1560 1686 1745 1726 verum
1774 1672 1936 1727 etiam
1981 1679 2165 1741 postea

587 1755 953 1822 quorumlibet
982 1765 1326 1823 peccatorum
1363 1760 1517 1814 venia
1543 1758 1787 1815 ﬁdelibus
1825 1760 2162 1829 impetretnr.

2264 561 2524 628 redemit,
2555 564 2727 630 eruit,
2756 564 3031 635 abluitque
3059 566 3322 634 peccatis,
3358 566 3457 636 ipsi
3481 583 3687 637 prorsus
3711 572 3793 641 ipsi

2262 661 2392 706 sunt
2420 655 2684 719 mundus,
2724 669 2825 725 pro
2853 669 2960 724 quo
2994 671 3185 726 passus
3217 664 3302 711 est
3327 655 3611 722 Dominus,
3630 668 3681 712 ut
3704 661 3795 730 ipse

2264 745 2402 801 dixit
2428 763 2441 799 :
2469 743 2633 801 Panis
2654 765 2805 818 quem
2826 765 2920 819 ego
2943 748 3134 803 dedero
3159 765 3281 802 caro
3306 765 3423 803 mea
3442 759 3515 802 est
3536 767 3625 818 pro
3643 753 3795 806 mundi

2263 838 2368 893 vita
2401 835 2581 907 (Joan.
2604 852 2692 902 v1,
2714 837 2860 907 51).»
2886 839 2953 892 Et
2978 838 3106 892 item
3139 838 3261 892 alibi
3291 838 3430 891 idem
3452 837 3796 897 Gotbescalcus

2262 932 2452 989 scribit
2476 946 2491 985 :
2518 950 2538 983 ί
2565 930 2721 985 Absit
2738 930 2925 1000 procul
2950 945 2978 983 a
3002 946 3088 984 me
3114 944 3129 983 :
3156 939 3213 982 ut
3237 930 3321 982 vel
3350 929 3477 983 illud
3502 930 3799 987 solummodo

2263 1023 2424 1079 velim
2447 1021 2744 1087 somniare,
2762 1023 2956 1076 nedum
2979 1022 3144 1076 semel
3166 1029 3542 1084 snsurrare,ut
3561 1021 3709 1077 ullum
3728 1039 3798 1077 eo.

2263 1130 2383 1170 rum
2413 1113 2797 1183 perpetualiter
2825 1129 3006 1169 secum
3040 1114 3340 1182 periturum
3376 1113 3617 1181 antiquus
3641 1129 3799 1182 rapere

2263 1207 2425 1279 307
2446 1206 2619 1261 valeat
2644 1206 2854 1276 anguis,
2879 1221 2977 1274 pro
3002 1206 3197 1275 quibus
3226 1205 3554 1259 redimendis
3580 1213 3677 1257 tam
3700 1221 3800 1273 pre-

2266 1297 2435 1352 tiosus
2463 1297 2573 1352 Deo
2596 1296 2749 1351 Patri
2781 1296 2994 1351 Domini
3034 1295 3137 1349 Dei
3174 1294 3351 1348 nostri
3396 1293 3515 1347 Filii
3562 1294 3636 1346 sui
3677 1293 3799 1347 fusus

2264 1397 2348 1444 est
2376 1389 2616 1459 sanguis.
2648 1388 2841 1442 Amen.
2874 1406 2894 1440 ι
2952 1386 3018 1440 Ει
3059 1386 3187 1439 item
3238 1385 3466 1452 loquens
3512 1384 3575 1436 ad
3620 1382 3796 1436 Deum:

2270 1498 2289 1531 ι
2309 1478 2490 1535 Claret
2512 1479 2694 1548 itaque
2717 1478 2848 1533 satis
2872 1485 3057 1548 aperte
3083 1477 3336 1546 quoniam
3360 1475 3536 1528 nullus
3556 1474 3648 1527 tibi
3668 1474 3796 1543 perit,

2266 1573 2510 1642 quisquis
2538 1573 2848 1642 redemptus
2877 1580 2961 1627 est
2986 1587 3086 1643 per
3115 1571 3432 1641 sanguinem
3460 1570 3626 1623 crucis
3651 1577 3756 1623 tuae.
3778 1590 3793 1620 ι

2266 1664 2335 1718 Ει
2385 1664 2467 1718 sic
2519 1663 2685 1717 multa
2740 1677 2948 1735 ponens
2999 1662 3408 1733 Seriptnrarum
3461 1669 3514 1714 et
3561 1660 3796 1713 doctorum

2269 1754 2538 1824 exempla,
2574 1769 2693 1824 quae
2721 1754 3003 1810 mendacio
3032 1751 3325 1807 manifesto
3370 1752 3438 1806 ad
3485 1765 3664 1805 sensus
3699 1763 3799 1803 suos

586 1844 725 1911 Quid
751 1846 892 1901 enim
916 1849 1210 1917 prodesset,
1234 1848 1319 1904 vel
1348 1860 1474 1905 ante
1501 1851 1820 1919 baptismum
1850 1850 2165 1921 poenitentia
2194 1829 2241 1889 Β
2268 1844 2588 1901 inﬂectendo
2628 1847 2950 1901 sententiam
2988 1859 3143 1900 suam
3183 1843 3383 1897 nititur
3410 1840 3671 1902 roborare,
3708 1839 3797 1892 hac

586 1938 691 1991 nisi
722 1939 1021 2008 baptismus
1052 1950 1395 2010 sequeretur,
1421 1944 1505 1998 vel
1535 1952 1720 2013 postea
1752 1943 1857 1998 nisi
1890 1942 2163 2013 praecede-

588 2030 708 2084 ret?
735 2030 794 2086 1n
835 2031 948 2102 ipsa
988 2046 1203 2104 quoque
1231 2034 1477 2091 oratione
1514 2034 1808 2098 Dominica,
1838 2048 1958 2103 qua:
1990 2032 2168 2102 quoti-

587 2121 747 2177 diana
785 2132 867 2179 est
910 2133 1095 2180 nostra
1124 2127 1420 2192 mundatio,
1451 2142 1557 2198 quo
1597 2127 1797 2194 fructu,
1839 2141 1946 2197 quo
1974 2125 2166 2181 ell'ectu

589 2211 905 2269 diceretur:
933 2215 1153 2272 Dimitte
1191 2217 1339 2272 nobis
1385 2218 1555 2273 debita
1600 2227 1809 2283 nostra,
1855 2217 1957 2272 nisi
1992 2216 2060 2271 ab
2087 2217 2167 2272 eis

589 2304 683 2374 qui
729 2305 984 2375 haptizati
1024 2317 1150 2363 sunt
1187 2308 1492 2365 diceretur?
1526 2310 1767 2381 Itemque
1800 2310 2169 2380 eleemosyna-

588 2409 710 2449 rum
738 2395 962 2469 largitas
991 2408 1047 2452 et
1072 2397 1445 2456 beneﬁcientia
1476 2401 1809 2471 quantalibet
1834 2400 1918 2456 cui
1951 2402 2165 2455 tandem

589 2484 658 2539 ad
686 2483 1002 2542 dimittenda
1049 2503 1144 2543 sua
1170 2500 1392 2558 peccata
1435 2492 1732 2560 prodesset,
1772 2492 1815 2546 si
1860 2492 2167 2562 baptizatus

586 2587 697 2626 non
725 2575 902 2629 esset?
929 2575 1210 2635 Posuemo
1250 2581 1399 2650 regni
1444 2581 1704 2636 caelorum
1752 2582 1866 2652 ipsa
1912 2582 2162 2649 felicitas,

590 2662 680 2717 ubi
711 2679 816 2720 non
858 2665 1075 2723 habebit
1101 2669 1341 2726 Ecclesia
1385 2672 1647 2749 maculam
1680 2682 1773 2727 aut
1818 2688 2028 2744 rugam,
2075 2685 2169 2728 aut

588 2752 791 2823 aliquid
817 2755 1102 2825 ejusmodi,
1138 2760 1229 2815 ubi
1267 2762 1400 2816 nihil
1434 2763 1886 2832 reprehensionis,
1928 2763 2062 2818 nihil
2099 2765 2167 2819 si-

587 2845 902 2904 mulationis
948 2851 1084 2915 erit,
1142 2853 1233 2908 ubi
1283 2870 1389 2909 non
1441 2857 1614 2911 solum
1662 2864 1866 2922 reatus,
1920 2857 2014 2912 sed
2067 2873 2168 2912 nec

589 2938 1027 3007 concupiscentia
1055 2942 1160 2997 erit
1202 2943 1308 2998 ulla
1348 2947 1596 3014 peccati,
1641 2962 1870 3016 quorum
1915 2947 2019 3002 erit
2062 2947 2169 3001 nisi

587 3026 1027 3097 haptizatorum?
1045 3031 1121 3086 Ae
1145 3048 1243 3102 per
1263 3034 1365 3089 hoc
1393 3050 1495 3090 non
1526 3037 1697 3091 solum
1719 3037 1899 3092 omnia
1923 3044 2164 3106 peccata,

591 3119 688 3173 sed
720 3121 899 3175 omnia
925 3137 1149 3192 prorsus
1173 3124 1450 3180 hominum
1475 3128 1616 3182 mala
1642 3127 1935 3182 Christiani
1967 3126 2165 3182 lavacri

2268 1939 2493 2012 haeresis
2536 1954 2565 1992 a
2596 1937 3094 1993 Praedestinatianis
3131 1935 3277 1990 inter
3314 1933 3418 1987 alia
3461 1931 3558 1986 fuit
3598 1931 3795 1984 inventa.

2268 2026 2422 2082 Unde
2462 2028 2529 2083 ad
2570 2027 2831 2083 Faustum
2863 2025 3038 2097 (cujus
3065 2024 3328 2096 Opuscula
3369 2024 3511 2077 inter
3536 2019 3795 2091 apocrypha

2267 2117 2561 2187 apostolica
2582 2118 2740 2173 sedes
2764 2118 3023 2187 deputare
3044 2114 3279 2178 curavit,
3300 2112 3551 2183 quoniam
3574 2124 3684 2165 cum
3704 2107 3797 2161 aliis

2264 2211 2556 2268 malesana:
2584 2210 2843 2266 doctrina?
2870 2209 3114 2268 zizaniis,
3146 2207 3315 2263 etiam
3352 2204 3419 2257 de
3456 2201 3633 2257 ultima
3655 2196 3795 2267 pomi-

2270 2305 2434 2360 tentia
2461 2317 2629 2374 prave
2654 2301 3050 2365 disseminavit,
3081 2299 3223 2355 sicut
3251 2297 3456 2365 scripta
3485 2293 3595 2363 ejus
3618 2293 3797 2346 demon-

2266 2403 2476 2459 strant,
2504 2408 2625 2465 quae
2654 2392 2713 2448 S.
2743 2391 3068 2448 Coelestinus
3113 2389 3181 2445 ad
3227 2389 3513 2458 episcopos
3538 2385 3796 2441 Gallicanos

2266 2488 2512 2543 scribens
2538 2484 2835 2555 redarguit,
2866 2492 2925 2538 ut
2950 2484 3004 2538 in
3032 2481 3147 2550 ejus
3175 2480 3439 2536 decretali
3469 2479 3705 2547 scriptum
3727 2473 3793 2527 in-

2267 2581 2483 2635 venitur
2504 2578 2777 2650 epistola),
2794 2577 3012 2647 quidam
3034 2575 3301 2630 Paulinus
3321 2574 3393 2628 ita
3417 2571 3598 2627 scribit
3614 2569 3792 2622 dicens:

2272 2694 2292 2728 ι
2325 2675 2480 2731 Scire
2510 2675 2734 2744 ignarus
2764 2680 2980 2742 exopto,
3011 2679 3071 2724 ut
3097 2685 3218 2740 qua:
3249 2676 3337 2724 est
3365 2662 3668 2720 immortalis
3691 2672 3793 2729 que

2266 2766 2428 2821 modo
2468 2780 2565 2834 pro
2606 2763 2927 2818 mortalibus
2968 2761 3113 2815 vitiis
3152 2760 3337 2813 anima
3380 2759 3695 2823 torqueatur,
3730 2744 3795 2801 vel

2267 2865 2450 2911 utrum
2482 2855 2662 2909 anima
2705 2862 2759 2909 et
2802 2853 3025 2923 spiritus
3064 2850 3203 2904 idem
3249 2850 3400 2912 sint,
3448 2852 3537 2900 aut
3573 2838 3793 2911 quomodo

2269 2952 2624 3015 scgregentur
2651 2957 2962 3013 agnoscam.
3017 2940 3151 2994 Nam
3179 2938 3474 3009 praedictus
3501 2935 3578 2987 vir
3600 2930 3794 2985 Marinus

2269 3038 2344 3093 ita
2376 3053 2461 3092 me
2495 3037 2596 3092 sub
2622 3034 2943 3089 sacramenti
2979 3034 3144 3086 etiam
3182 3028 3592 3099 interpositione
3619 3030 3791 3078 conter-

2271 3132 2400 3195 ruit,
2430 3129 2574 3200 quod
2601 3128 2693 3197 qui
2722 3124 3091 3197 corporalibus
3117 3122 3266 3176 vitiis
3293 3116 3614 3177 occubuerit,
3635 3109 3792 3165 nullam

926 3180 942 3192 .
1498 3180 1519 3181 η
1609 3180 1859 3182 ~
1926 3180 1933 3181 γ
2271 3180 2400 3195 --ητ
2435 3180 2574 3200 ηι-ν-
2610 3180 2693 3197 τη

592 3207 883 3265 sanctitate
912 3211 1199 3279 tolluntur,
1240 3229 1348 3284 quo
1399 3217 1624 3271 mundat
1667 3218 1963 3273 Ecclesiam
2016 3233 2167 3273 suam
2194 3180 2242 3245 α
2274 3222 2445 3293 possit
2476 3221 2691 3275 veniam
2724 3216 3057 3289 promereri,
3104 3213 3197 3270 scd
3243 3214 3301 3268 in
3351 3210 3552 3267 hisdem
3594 3208 3793 3293 serici“?

592 3296 859 3363 Christus,
888 3308 945 3354 ut
972 3302 1226 3358 exhibeat
1250 3319 1370 3359 eam
1399 3307 1500 3361 sibi
1523 3348 1537 3371 ,
1565 3322 1672 3362 non
1719 3308 1772 3362 in
1815 3308 1921 3363 isto
1948 3309 2167 3376 saeculo,

592 3391 686 3444 sed
716 3392 768 3446 in
794 3391 996 3458 futuro,
1027 3410 1133 3450 non
1179 3397 1466 3452 habentem
1509 3384 1798 3466 maculam,
1828 3409 1921 3455 aut
1955 3417 2166 3473 rugam,

593 3489 690 3537 aut
718 3483 918 3554 aliquid
941 3487 1225 3556 ejusmodi.
1259 3488 1393 3543 Nam
1422 3491 1513 3560 qui
1543 3494 1703 3547 modo
1725 3505 1844 3547 eam
1868 3492 2025 3549 talem
2052 3509 2171 3549 esse

594 3575 798 3643 dicunt,
823 3586 879 3632 et
899 3587 1075 3634 tamen
1101 3580 1152 3634 in
1181 3580 1271 3636 illa
1290 3593 1434 3648 sunt,
1452 3584 1701 3654 quoniam
1723 3594 1778 3641 et
1804 3586 1903 3656 ipsi
1932 3587 2171 3642 fatentur

593 3679 654 3719 se
684 3665 882 3722 habere
910 3677 1130 3740 peccata
1149 3710 1163 3733 ,
1200 3671 1245 3726 si
1276 3687 1462 3727 verum
1508 3674 1722 3740 dicunt,
1750 3676 1991 3746 profecto
2036 3694 2171 3749 quo-

592 3753 740 3808 niam
767 3757 953 3812 mundi
980 3773 1086 3813 non
1116 3768 1243 3815 sunt
1268 3776 1296 3815 a
1323 3764 1581 3832 peccatis,
1605 3766 1768 3820 habet
1805 3767 1855 3820 in
1881 3767 1961 3822 eis
1986 3768 2171 3824 Eccle-

594 3844 675 3898 sia
706 3846 988 3902 maculam.
1040 3848 1098 3903 Si
1145 3858 1323 3906 autem
1370 3851 1564 3908 falsum
1609 3854 1812 3918 dicunt,
1844 3856 1968 3927 quia
2005 3858 2170 3913 corde

592 3936 791 4007 duplici
818 3938 1130 4009 loquuntur,
1170 3945 1335 4002 habet
1371 3947 1425 4000 in
1464 3948 1542 4002 eis
1576 3948 1819 4004 Ecclesia
1857 3965 2064 4020 rugam.
2109 3948 2168 4006 Si

593 4036 776 4082 autem
819 4043 879 4084 se
902 4030 1088 4086 dicunt
1120 4033 1321 4091 habere
1351 4036 1484 4101 ista,
1530 4052 1636 4092 non
1681 4037 1873 4107 ipsam,
1905 4054 2009 4093 non
2039 4054 2169 4111 ergo

592 4129 654 4170 se
683 4131 801 4173 esse
840 4122 1081 4177 membra
1110 4122 1226 4193 ejus
1248 4166 1263 4191 ,
1304 4139 1406 4182 nec
1433 4142 1491 4183 se
1529 4127 1598 4182 ad
1625 4143 1820 4198 corpus
1864 4127 1978 4197 ejus
2004 4130 2170 4199 perti-

589 4221 725 4261 nere
768 4207 1077 4278 fateantur,
1120 4223 1181 4270 ut
1207 4216 1370 4271 etiam
1409 4233 1503 4273 sua
1543 4219 1879 4274 confessione
1910 4221 2169 4275 damnen-

591 4303 737 4370 tur.)
777 4298 841 4353 Et
869 4300 1012 4355 Beda
1045 4303 1100 4356 in
1128 4304 1354 4373 epistola
1383 4306 1605 4363 Joannis
1626 4308 1798 4377 prima
1829 4307 1966 4379 (cap.
1986 4307 2071 4379 l):
2098 4307 2169 4362 Et

587 4392 805 4460 sanguis
816 4392 946 4448 Jesu
962 4395 1155 4450 Christi
1173 4395 1300 4450 Filii
1316 4398 1429 4466 ejus
1448 4398 1665 4451 mundat
1691 4414 1785 4452 nos
1806 4397 1870 4451 ab
1893 4399 2033 4452 omni
2052 4415 2169 4467 pec-

2271 3291 2387 3384 ipsa
2419 3311 2817 3368 resurrectione
2846 3308 3154 3379 suppliciis,
3200 3321 3304 3360 nec
3335 3302 3502 3374 possit
3526 3292 3705 3368 expiari
3728 3291 3790 3384 ln-

2270 3383 2566 3462 fernalibus
2612 3404 2897 3458 tormentis
2945 3401 3088 3469 quod
3138 3396 3513 3468 corporalibus
3558 3391 3640 3447 diu
3679 3383 3793 3439 vitiis

2271 3503 2524 3552 concreta
2549 3498 2919 3548 contraxerat.
2962 3491 3166 3544 Tamen
3194 3488 3273 3541 ita
3301 3483 3628 3540 miserrimus
3649 3472 3789 3529 credo.

2271 3588 2414 3659 quod
2450 3587 2495 3642 si
2535 3584 2700 3639 semel
2730 3591 3035 3652 susceptum
3068 3582 3282 3650 signum
3312 3575 3475 3634 divini
3514 3566 3730 3629 nominis,
3752 3568 3793 3617 et

2271 3677 2494 3731 inﬁxum
2540 3674 2716 3728 fronte
2761 3674 3046 3727 character
3091 3666 3306 3723 Domini
3355 3662 3521 3719 nostri
3565 3664 3789 3723 nunquam

2271 3766 2399 3822 mali
2427 3752 2531 3820 Sibi
2561 3762 2813 3818 conscius
2854 3760 2941 3814 vel
2986 3758 3241 3814 subdolus
3288 3755 3511 3809 falsator
3550 3746 3788 3810 infringet.

2271 3855 2537 3925 susceptis
2586 3853 2778 3908 leviter
2821 3866 2922 3921 pro
2971 3847 3241 3918 expiando
3282 3859 3479 3900 errore
3528 3832 3789 3895 tormentis,

2268 3963 2463 4018 purum
2496 3944 2702 4000 aerium
2746 3956 2999 4005 sensum,
3046 3947 3102 3993 et
3145 3937 3409 4007 simplicis
3449 3933 3627 3988 animae
3653 3927 3788 3993 ignem

2271 4041 2360 4098 diu
2390 4044 2706 4105 consumpta
2737 4034 3020 4105 producat.
3060 4031 3195 4085 Nam
3227 4030 3274 4084 si
3311 4028 3550 4083 universa
3577 4022 3677 4076 haec
3696 4023 3788 4082 qua

2270 4131 2654 4187 interminatur
2677 4127 2906 4180 domnus
2931 4137 3082 4177 mens
3108 4120 3349 4175 Marinus
3373 4114 3676 4185 excipiemus
3694 4115 3789 4169 βεεν

2269 4234 2515 4285 calores,
2562 4219 2691 4289 quid
2734 4216 2908 4286 majus
2940 4214 3092 4284 impii
3124 4217 3436 4267 mereantur
3464 4207 3653 4275 ignoro.
3682 4216 3697 4247 ι
3723 4188 3789 4292 Ἐξ

2269 4315 2545 4384 aliquanto
2570 4284 2851 4380 superius:
2879 4328 2896 4358 ι
2919 4306 3034 4361 Mea
3060 4306 3177 4359 hmc
3202 4300 3471 4358 sententia
3496 4303 3590 4355 est,
3616 4284 3788 4360 quodsi

2269 4406 2450 4460 omnia
2480 4404 2597 4458 haec
2621 4400 2965 4457 Christianus
2993 4397 3261 4467 excipiet,
3296 4393 3427 4450 nihil
3456 4387 3700 4455 suscipere
3721 4388 3789 4427 τι·

589 4489 760 4535 ωιο.‹
783 4482 1197 4541 Sacramentum
1228 4503 1461 4557 namque
1489 4487 1781 4543 Dominicze
1807 4490 2169 4559 passionis,et
2193 4521 2247 4582 Β
2271 4498 2378 4553 leat
2402 4497 2654 4551 Arianus.
2688 4513 2707 4545 ι

588 4571 865 4638 ρι’ωιειιὶια
890 4575 1044 4630 nobis
1064 4578 1244 4633 omnia
1268 4578 1321 4631 in
1346 4578 1612 4647 baptismo
1627 4579 1832 4648 pariter
1853 4590 2074 4650 peccata
2096 4582 2170 4636 la-

590 4659 741 4713 xavit
760 4670 814 4715 et
834 4663 1092 4734 quidquid
1115 4668 1426 4737 quotidiana
1449 4667 1741 4740 fragilitate
1761 4678 1881 4739 post
1903 4671 2167 4741 baptisma

590 4752 984 4820 commisimus,
1011 4756 1249 4827 ejusdem
1282 4760 1452 4814 nostri
1477 4759 1857 4829 Redemptoris
1881 4763 2054 4832 gratia
2090 4764 2166 4820 di-

588 4841 778 4899 mittit.
806 4844 1039 4903 Maxime
1076 4863 1200 4903 cum
1244 4849 1386 4905 inter
1408 4865 1572 4922 opera
1599 4851 1733 4907 lucis
1761 4867 1882 4922 quas
1913 4852 2161 4923 facimus,

588 4934 866 4992 humiliter
907 4938 1146 5008 quotidie
1185 4951 1399 4998 nostros
1443 4941 1520 4997 illi
1566 4942 1891 4999 conﬁtemur
1927 4959 2165 5014 errores,

588 5041 714 5083 cum
760 5028 1038 5102 sanguinis
1079 5032 1222 5089 illius
1270 5045 1610 5090 sacramenta
1655 5036 2006 5107 percipimus,
2042 5053 2168 5094 cum

587 5120 923 5178 dimittentes
962 5123 1295 5181 debitoribus
1329 5126 1531 5182 nostris
1571 5135 1757 5184 nostra
1792 5130 1950 5186 nobis
1985 5130 2167 5186 debita

587 5210 786 5266 dimitti
836 5228 1122 5282 precamur
1147 5253 1163 5281 ,
1210 5230 1332 5271 cum
1386 5232 1659 5274 memores
1707 5220 1974 5289 passionis
2022 5222 2168 5280 illius

585 5297 818 5357 libenter
845 5304 1070 5360 adversa
1098 5319 1313 5377 quoque
1344 5307 1655 5363 toleramus.
1686 5328 1706 5362 ι

658 5390 861 5448 Deinde
886 5392 1273 5453 Gothescalcus
1312 5399 1661 5467 prosequitur
1685 5398 1739 5455 in
1782 5401 2020 5471 praafatis
2055 5405 2171 5462 suis

582 5478 938 5551 blasphemiis
968 5503 982 5539 :
1015 5504 1034 5538 ι
1064 5487 1136 5540 At
1166 5486 1256 5543 illa
1287 5502 1407 5557 quae
1453 5490 1669 5560 propria
1705 5498 1761 5545 et
1802 5493 2053 5561 Specialis
2085 5503 2171 5551 est

584 5573 829 5628 solorum
853 5577 1094 5631 omnium
1125 5578 1420 5634 electorum
1440 5620 1457 5645 ,
1483 5596 1645 5651 quam
1676 5581 1758 5637 eis
1797 5586 2172 5642 tantummodo

587 5664 877 5723 cruciﬁxus
896 5669 1211 5739 impertivit,
1231 5670 1353 5741 pius
1369 5673 1680 5744 redemptor
1697 5673 1957 5744 ipsorum,
1975 5678 2117 5733 sicut
2138 5693 2169 5733 a

584 5758 895 5826 pra-teritis,
911 5760 986 5814 ita
1003 5760 1261 5815 nimirum
1273 5770 1327 5827 et
1341 5777 1369 5816 a
1386 5763 1741 5830 praesentibus
1760 5774 1914 5823 natos
1929 5774 1984 5821 et
2004 5768 2176 5822 nasci-

2343 4587 2693 4642 Demonstrat
2715 4590 2772 4639 et
2795 4590 3019 4637 sanctus
3039 4580 3373 4650 Augustinus
3397 4578 3534 4631 hanc
3556 4581 3661 4626 esse
3679 4561 3789 4616 Ρτεο

2270 4677 2762 4734 destinatianorum
2794 4673 3230 4729 adinventionem
3251 4710 3267 4733 ,
3310 4667 3556 4723 resistens
3578 4659 3664 4751 eis,
3694 4659 3788 4751 0.0m

2267 4769 2373 4827 alio
2414 4783 2601 4825 errore
2626 4808 2641 4832 ,
2692 4765 2903 4820 scilicet
2949 4763 3074 4832 quia
3124 4759 3420 4816 secundum
3450 4748 3786 4825 prmscienliam

2273 4858 2473 4930 quique
2502 4857 2911 4916 damnarentur,
2941 4851 3108 4906 etiam
3138 4859 3429 4918 antequam
3467 4839 3784 4930 nascerentur.

2273 4926 2329 5004 et
2357 4926 2653 5003 secundum
2685 4943 2829 5014 quod
2856 4940 3090 5012 prmsciti
3120 4947 3278 4993 erant
3307 4933 3497 4995 futuri,
3525 4928 3639 4982 licet
3663 4926 3786 5019 ante!

2274 5040 2594 5096 tollerentur
2620 5053 2688 5093 ex
2715 5036 2915 5111 saeculo
2945 5038 3106 5105 quam
3135 5030 3598 5087 manifestarentur
3620 5014 3785 5111 injust}.

2273 5133 2566 5189 secundum
2595 5108 2987 5202 prmscientiam
3026 5137 3205 5182 tamen
3235 5130 3391 5180 erant
3419 5108 3713 5202 damnandi:
3742 5108 3785 5201 in

2271 5224 2412 5279 libro
2433 5224 2500 5279 de
2520 5194 3004 5278 Praedestinatione
3024 5225 3332 5274 sanctorum
3356 5213 3489 5285 (cap.
3508 5206 3617 5273 ll):
3643 5218 3659 5249 α
3683 5194 3784 5285 Qui?

2272 5315 2440 5380 enim,
2477 5313 2682 5383 inquit,
2714 5312 2909 5367 audeat
2939 5324 3137 5379 negare
3167 5277 3502 5364 Christianus
3530 5295 3721 5365 justum,
3747 5277 3782 5383 εξ

2274 5366 2449 5462 morte
2473 5366 2879 5476 pratoccupatus
2907 5403 3103 5465 fuerit,
3153 5394 3208 5454 in
3253 5391 3527 5465 refrigerio
3551 5366 3782 5476 futurum?

2275 5470 2513 5563 Quilibet
2538 5495 2641 5550 hoc
2668 5470 2890 5558 dixerit,
2917 5494 3039 5562 quis
3069 5493 3231 5546 homo
3259 5501 3401 5543 sana:
3432 5479 3546 5536 ﬁdei
3570 5470 3779 5565 resistgtj

2273 5560 2398 5642 dum
2427 5585 2679 5656 putavit?
2731 5585 2863 5639 Item
2907 5560 2951 5638 si
2984 5581 3181 5636 dixerit
3224 5580 3444 5650 justum,
3475 5570 3517 5625 si
3540 5581 3579 5660 ‘a
3609 5560 3778 5660 just-53'

2273 5672 2369 5732 sua
2404 5652 2719 5741 recesserit,
2752 5675 2807 5729 in
2836 5688 2943 5745 qua
2974 5673 3066 5727 diu
3097 5672 3260 5735 vixit,
3286 5676 3341 5722 et
3369 5667 3420 5720 in
3449 5675 3509 5716 ea
3533 5652 3674 5711 fuerit
3697 5652 3777 5697 im-

2275 5778 2474 5825 metatc
2502 5768 2821 5832 defunctus.
2872 5768 2924 5821 in
2968 5780 3074 5835 qua
3122 5780 3227 5821 non
3252 5762 3371 5817 dico
3398 5767 3550 5812 unum
3584 5746 3773 5800 animm.
