3992 6336
214 367 329 423 373

984 358 1075 415 ne
1106 308 2266 415 PBIEDESTINATIONEDISSERTATIO
2302 353 2708 415 POSTERIOB.

3366 360 3477 435 stt

214 479 316 537 sed
358 490 523 532 unum
561 456 704 529 diem
737 469 972 535 vixerit,
1018 471 1073 524 in
1117 484 1309 540 pinnas
1350 468 1551 539 iniquis
1589 467 1802 523 debitas
1826 466 1875 529 Α
1902 466 2085 523 Beda:
2117 486 2137 520 ι
2167 466 2480 541 Sanguinis,
2526 468 2732 540 inquit,
2780 469 2981 541 proprii
3026 471 3286 535 tinctione
3323 475 3478 547 prius

215 572 350 625 hinc
376 568 601 631 iturum,
632 563 765 620 nihil
793 562 896 618 sibi
926 576 1080 618 suam
1107 560 1441 631 praeteritam
1464 559 1801 631 profuturam

212 662 483 735 iustitiam
501 701 517 725 ,
545 658 671 715 huic
696 657 983 728 perapicue
1009 654 1223 710 veritati
1251 655 1376 724 quis
1401 654 1638 709 ﬁdelium
1669 670 1802 710 con-

212 755 484 813 tradicit?
530 753 704 809 Porro
731 751 777 807 si
807 758 1087 820 quaeratur
1113 763 1144 803 a
1174 748 1352 814 nobis,
1383 756 1562 803 utrum
1593 748 1638 802 si
1675 758 1804 804 tunc

211 853 364 901 esset
390 852 641 900 mortuus
668 841 887 912 quando
921 848 1041 896 erat
1073 839 1277 910 justus,
1317 852 1508 910 plenas
1541 847 1688 893 esset
1720 838 1803 892 in-

209 932 484 990 ventitrus
517 946 587 986 an
624 931 894 1000 requiem,
927 930 1173 999 nunquid
1206 929 1446 998 requiem
1478 928 1803 998 respmtdcre

210 1024 628 1083 dubitabimus?
679 1023 807 1082 llaec
848 1030 931 1078 est
973 1028 1084 1076 tota
1127 1036 1289 1076 causa
1331 1021 1659 1075 cur'dictum
1685 1030 1800 1084 est,

206 1117 386 1190 308
420 1117 450 1172 'a
482 1130 804 1187 quocunque
829 1115 900 1170 sit
921 1115 1153 1169 dictum:
1180 1112 1383 1184 Raptus
1407 1122 1481 1168 est
1511 1130 1575 1167 ue
1600 1112 1802 1168 malitia

208 1218 446 1264 mutaret
489 1207 809 1262 intellectum
853 1207 968 1277 ejus
1003 1204 1152 1277 (Sap.
1185 1221 1259 1267 Iv.
1298 1205 1415 1275 ll).
1459 1205 1676 1261 Dictum
1720 1213 1804 1262 est

208 1302 361 1357 enim
393 1302 695 1356 secundum
734 1298 971 1369 pericula
1001 1300 1124 1353 vitae
1154 1299 1335 1369 hujus,
1368 1314 1474 1354 non
1505 1299 1801 1355 secundum

207 1394 615 1467 praescientiam
652 1394 776 1459 Dei,
819 1394 909 1462 qui
946 1395 1047 1449 hoc
1083 1393 1352 1462 praescivit
1382 1392 1524 1461 quod
1559 1392 1800 1448 futurum

206 1494 365 1550 erat,
401 1488 507 1540 non
544 1486 689 1556 quod
718 1483 962 1539 futurum
993 1500 1099 1538 non
1129 1492 1269 1538 erat.
1322 1484 1377 1537 ld
1409 1492 1523 1548 est,
1572 1483 1714 1552 quod
1750 1482 1802 1537 ei

206 1583 450 1630 mortem
480 1572 829 1628 immaturam
857 1572 1039 1628 funerat
1078 1573 1395 1644 largiturus,
1441 1580 1503 1626 ut
1549 1572 1802 1627 teutatio-

204 1664 339 1718 num
395 1664 808 1720 subtraheretur
851 1665 1081 1727 incerto,
1134 1681 1240 1719 non
1288 1663 1431 1734 quod
1481 1674 1801 1734 peccaturus

203 1756 475 1824 esset-qui
504 1770 793 1811 mansurus
819 1756 872 1809 in
901 1755 1201 1811 teutatione
1226 1771 1330 1810 non
1356 1764 1519 1811 esset.
1543 1776 1560 1806 ι
1595 1755 1796 1811 Contra

1898 559 2076 615 habeo
2112 558 2391 629 perfundi,
2439 569 2496 617 et
2541 562 2619 617 sic
2665 562 2827 619 corda
2870 564 3206 620 credentium
3253 566 3480 636 spiritus

1901 650 2059 723 igne,
2103 668 2213 723 quo
2261 661 2473 709 terrena
2514 655 2695 710 eninia
2735 656 2895 712 simul
2940 665 2997 713 ct
3041 659 3278 721 animam
3324 659 3479 715 suam

1900 742 2201 813 despicere,
2233 744 2343 800 imo
2370 745 2521 801 odire
2550 756 2771 815 queant,
2799 746 3155 804 inﬂammare.
3189 749 3307 807 Non
3333 751 3480 807 enim

1901 845 2015 889 erat
2042 836 2268 905 spiritus
2294 837 2474 901 datus,
2501 837 2627 906 quia
2654 836 2821 894 .lesus
2842 839 3079 895 nondum
3110 839 3288 896 fuerat
3315 840 3482 913 glori-

1900 925 2131 981 ﬁcatus:
2175 925 2280 981 hoc
2318 935 2404 982 est
2442 927 2667 982 victoria
2698 928 2989 997 passionis,
3038 929 3105 984 de
3147 946 3253 1000 qua
3302 930 3474 986 alibi:

1907 1011 2152 1101 Potestis,
2191 1014 2403 1084 inquit,
2439 1015 2608 1071 bibere
2645 1016 2860 1070 calicem
2896 1034 3046 1087 quem
3084 1035 3178 1088 ego
3215 1018 3352 1083 bibo,
3383 1028 3488 1074 aut.

1900 1104 2212 1177 baptismum
2233 1124 2386 1179 quem
2404 1108 2570 1179 309
2591 1124 2684 1180 ego
2706 1108 2941 1179 baptizor
2961 1109 3215 1190 baptizari
3231 1110 3257 1164 ?
3278 1109 3483 1181 (Marc.

1902 1215 1957 1263 ιι,
1980 1198 2125 1269 58.)›
2163 1200 2232 1255 Ει
2263 1201 2392 1255 item
2428 1200 2538 1257 Leo
2561 1200 2615 1256 in
2656 1200 2883 1271 epistola
2926 1199 2994 1254 ad
3029 1200 3481 1274 Constantinopo-

1898 1290 2096 1345 litanos
2118 1287 2290 1363 (epist.
2314 1289 2407 1362 25)
2434 1308 2446 1345 :
2481 1309 2500 1341 ι
2535 1288 2964 1358 Sacramentum,
3004 1290 3209 1361 inquit,
3236 1293 3333 1347 hoc
3360 1311 3477 1349 ma-

1896 1397 2059 1452 gnum
2097 1391 2195 1447 est,
2229 1398 2323 1453 ego
2359 1390 2537 1437 autent
2568 1382 2686 1436 dico
2721 1383 2778 1436 in
2806 1380 3013 1437 Christo
3050 1393 3098 1437 et
3135 1384 3191 1438 in
3219 1382 3479 1440 Ecclesia.

1898 1472 1983 1531 Ah
2027 1472 2146 1544 ipso
2185 1488 2317 1545 ergo
2359 1472 2626 1545 principio
2667 1473 2884 1545 generis
2927 1474 3182 1540 humani,
3229 1475 3483 1530 omnibus

1898 1566 2211 1625 hominibus
2243 1567 2492 1625 Christus
2532 1576 2621 1625 est
2659 1568 3013 1627 denuntiatus
3055 1570 3107 1624 in
3147 1585 3314 1626 carne
3348 1586 3481 1627 ven-

1896 1665 2052 1712 turus
2076 1676 2091 1712 :
2122 1658 2177 1714 iu
2207 1673 2337 1729 qua,
2364 1658 2507 1715 sicut
2535 1659 2741 1714 dictum
2769 1668 2882 1724 est,
2911 1668 3072 1716 erunt
3098 1659 3206 1717 duo
3238 1661 3289 1715 in
3318 1676 3487 1716 carne

1898 1766 2045 1805 una:
2087 1750 2274 1821 utique
2313 1750 2423 1806 duo
2465 1758 2591 1806 sunt
2624 1749 2769 1806 Deus
2812 1759 2870 1806 et
2906 1751 3095 1816 homo,
3139 1750 3390 1807 Christus
3427 1761 3484 1807 et

201 1857 324 1912 quae
353 1842 962 1900 Pt-aedestinatianorum
991 1844 1134 1900 dicta
1162 1844 1391 1910 nefaria,
1439 1845 1555 1900 lucc
1598 1854 1653 1899 et
1690 1845 1796 1899 alia
1830 1828 1871 1888 Β
1901 1844 2175 1910 Ecclesia,
2219 1860 2340 1914 quae
2365 1845 2433 1903 de
2458 1844 2638 1916 Sponsi
2675 1859 2843 1901 carne
2875 1845 3111 1917 prodiit,
3156 1846 3375 1916 quando
3414 1861 3483 1902 ex

203 1933 361 2003 plura
394 1932 654 2005 praefatus
682 1936 1066 2007 sagacissimus
1095 1935 1284 1992 doctor
1311 1935 1466 1998 dixit,
1492 1945 1545 1989 et
1572 1952 1668 1990 nos
1691 1951 1798 1990 non

203 2025 377 2078 multa
408 2023 664 2094 colligere
692 2024 998 2080 studuimus
1024 2042 1038 2078 :
1076 2025 1201 2094 quia
1232 2033 1288 2081 et
1319 2025 1420 2095 ipsi
1453 2026 1539 2080 his
1567 2024 1800 2081 Gotbes-

202 2119 339 2175 calci
366 2120 633 2176 resistunt
654 2123 1125 2195 perversitatihus,
1146 2125 1239 2194 qui
1264 2140 1386 2180 cum
1408 2139 1475 2179 eo
1497 2126 1798 2181 consistunt

201 2210 473 2265 adversus
499 2211 794 2267 doctrinam
832 2213 1158 2269 catholicam
1198 2214 1250 2268 in
1282 2213 1432 2279 aliis,
1465 2214 1606 2269 sicut
1634 2229 1797 2285 supra

201 2302 898 2374 ostendimus,quibusdam
920 2306 1340 2361 diversitatibus.
1374 2305 1484 2362 Nos
1503 2315 1684 2362 autem
1705 2321 1797 2362 ca-

201 2395 422 2451 tholicae
442 2404 497 2451 et
516 2397 822 2467 apostolica:
853 2391 1109 2453 Ecclesiae
1142 2399 1462 2455 documenta
1485 2408 1793 2469 sequentes,

198 2487 380 2543 eidem
403 2479 779 2558 Gothescalco,
800 2492 1075 2563 ipsiusque
1101 2507 1279 2561 pravae
1300 2492 1559 2549 doctrinae
1579 2493 1796 2549 obsisti-

199 2579 346 2639 mus.
367 2595 490 2635 cum
513 2578 730 2636 fremitu
756 2584 970 2637 cunctis
1000 2584 1141 2639 male
1159 2583 1517 2640 sentientibus
1538 2584 1793 2655 pertime-

200 2671 425 2735 scenda,
464 2671 607 2727 beati
642 2670 838 2729 Leonis
865 2675 1172 2744 apostolicae
1195 2676 1340 2732 sedis
1367 2676 1604 2747 episcopi
1642 2675 1790 2733 inso-

200 2768 369 2815 nante
390 2762 556 2817 corde
575 2771 630 2818 et
649 2779 744 2818 ore
766 2780 829 2820 ac
851 2766 990 2837 stylo
1017 2766 1310 2822 clamantes
1327 2766 1495 2839 (epist.
1524 2768 1559 2822 4
1586 2767 1657 2822 ad
1684 2769 1791 2836 epi-

200 2857 387 2920 scopos
410 2851 631 2921 Sicilire,
646 2872 693 2909 c.
709 2855 1081 2927 '5):¢L‘uamvis
1099 2869 1155 2914 et
1183 2860 1271 2915 illa
1286 2876 1408 2930 qua:
1422 2862 1487 2916 ad
1515 2862 1789 2918 humilita-

202 2950 335 3006 tem,
361 2952 417 2997 et
438 2943 524 2998 illa
540 2962 659 3015 qua:
680 2947 744 3001 ad
767 2948 990 3019 gloriam
1004 2951 1277 3020 pertinent
1294 2951 1517 3017 Christi,
1544 2952 1597 3006 in
1623 2967 1786 3008 unam

201 3044 536 3090 concurrant
573 3039 928 3109 eamdemque
956 3057 1279 3111 personam,
1326 3051 1607 3114 totumque
1642 3044 1786 3115 quod

199 3122 250 3176 in
275 3124 376 3178 illo
407 3133 464 3180 et
491 3126 711 3183 virtutis
735 3131 931 3185 divinae
958 3143 1041 3187 est
1068 3142 1121 3189 et
1144 3135 1481 3191 infirmitatis
1510 3137 1780 3202 humanm,

1899 1936 2066 1991 latere
2091 1936 2335 1991 cruciﬁxi
2364 1946 2616 1991 manante
2639 1935 2901 2006 sanguine
2925 1944 2981 1992 et
3004 1951 3142 2007 aqua
3169 1952 3484 1997 sacramen—

1901 2037 2014 2084 tum
2045 2026 2431 2098 redemptionis
2458 2035 2514 2083 et
2539 2026 2969 2097 regenerationis
2996 2028 3224 2098 accepit.
3253 2028 3371 2099 Ipsa
3397 2035 3484 2085 est

1894 2117 2043 2173 enim
2074 2132 2213 2173 nova
2250 2116 2496 2173 conditio
2524 2125 2822 2182 creatum,
2869 2131 2990 2188 qua:
3033 2118 3088 2172 in
3131 2117 3479 2188 baptismate,

1895 2225 2003 2267 non
2034 2209 2350 2267 indumento
2377 2225 2521 2267 vera:
2547 2211 2767 2277 carnis,
2806 2212 2898 2267 sed
2932 2211 3186 2282 contagio
3213 2212 3480 2269 damnatae

1894 2302 2179 2357 vetustatis
2203 2301 2444 2368 exuitur,
2472 2310 2532 2356 ut
2555 2299 2821 2357 eliiciatur
2845 2303 3009 2358 homo
3031 2317 3233 2372 corpus
3254 2300 3480 2367 Christi,

1892 2394 2018 2463 quia
2043 2402 2096 2449 et
2120 2392 2371 2449 Christus
2397 2407 2596 2463 corpus
2621 2401 2705 2449 est
2727 2393 2985 2449 hominis.
3018 2412 3037 2446 ι

1909 2498 1917 2514 ⁴
1963 2483 2101 2539 llinc
2153 2483 2212 2540 S.
2260 2484 2491 2541 Siricius
2534 2485 2601 2541 ad
2646 2485 2967 2550 Himerium,
2999 2502 3121 2557 cap.
3151 2489 3226 2543 ὅτ
3264 2506 3283 2540 ι
3318 2487 3483 2559 Adje—

1891 2584 2039 2630 ctum
2067 2583 2150 2631 est
2173 2575 2363 2642 etiam,
2390 2577 2651 2646 quosdam
2677 2578 3019 2633 Christianos
3040 2580 3106 2633 ad
3128 2579 3477 2650 apostasiam,

1891 2663 2036 2734 quod
2065 2665 2169 2719 dici
2200 2664 2353 2720 nefas
2396 2673 2502 2729 est,
2533 2674 2902 2730 transeuntes,
2931 2676 2989 2721 et
3033 2667 3298 2724 idolorum
3327 2664 3478 2725 cultu

1890 2771 1953 2813 ac
1999 2755 2389 2812 sacriﬁciorum
2434 2758 2890 2815 contaminatione
2935 2758 3297 2829 profanatas:
3343 2762 3481 2830 quas

1890 2863 1922 2903 a
1942 2846 2145 2904 Christi
2168 2862 2398 2919 corpore
2435 2857 2493 2905 et
2530 2851 2816 2921 sanguine,
2846 2866 2957 2921 quo
2985 2851 3183 2907 dudum
3213 2852 3478 2923 redempti

1887 2939 2107 2995 fuerant
2134 2941 2495 3007 renascendo,
2513 2939 2769 3010 iubemus
2798 2942 3024 2998 abscidi.
3051 2942 3119 2998 Et
3145 2943 3479 3000 Athanasius

1888 3033 1944 3089 in
1981 3031 2256 3103 Symbolo,
2290 3033 2480 3090 dicens
2526 3050 2587 3091 se
2631 3035 2858 3091 credere
2909 3036 2963 3091 in
3003 3035 3303 3101 Christum,
3337 3052 3479 3108 prae

1887 3128 2068 3183 missis
2096 3126 2233 3191 aliis,
2257 3134 2595 3198 assumptum
2626 3127 2679 3183 in
2711 3128 2885 3194 caelis,
2922 3126 3112 3184 sedete
3154 3129 3210 3184 in
3254 3130 3477 3186 dextera

198 3214 260 3265 ad
291 3223 500 3270 nostra:
529 3220 884 3286 rrparationis
917 3223 1103 3277 tendat
1127 3223 1413 3288 cﬂ'eclum,
1458 3227 1673 3295 proprie
1704 3189 1785 3282 ta:
1811 3189 1855 3253 C
1886 3220 2087 3284 Patris,
2128 3220 2251 3274 inde
2298 3229 2585 3274 venturum
2625 3216 2872 3288 judicare
2920 3219 3075 3277 vivos
3124 3229 3182 3276 et
3231 3232 3477 3279 mortuos

202 3319 325 3358 men
359 3305 416 3359 in
446 3317 620 3364 morte
649 3312 892 3366 cruciﬁxi
911 3353 927 3378 ,
962 3322 1017 3368 et
1042 3314 1094 3368 in
1125 3317 1522 3372 resurrectione
1549 3319 1782 3386 mortui,

198 3394 440 3459 potentia
470 3395 810 3467 baptismatis
841 3416 1031 3456 novam
1062 3414 1364 3459 creaturam
1394 3407 1575 3463 condit
1600 3423 1666 3461 ex
1694 3423 1784 3463 ve.

202 3488 335 3545 tere,
378 3490 443 3538 ut
482 3484 537 3539 in
578 3490 990 3546 renascentibus
1032 3501 1087 3547 et
1126 3509 1272 3548 mors
1298 3494 1501 3551 Christi
1529 3508 1786 3568 Operetur

200 3580 249 3623 et
272 3571 391 3626 vita
410 3612 425 3636 ,
462 3572 678 3631 dicente
707 3578 863 3633 beato
891 3582 1133 3651 apostolo
1161 3582 1325 3639 Paulo
1349 3600 1364 3638 :
1396 3586 1479 3641 Αη
1504 3588 1787 3657 ignoratis,

199 3666 320 3733 quia
358 3667 653 3739 quicunque
684 3670 935 3739 baptizati
977 3690 1156 3730 sumus
1196 3677 1253 3731 in
1296 3675 1502 3732 Christo
1530 3678 1684 3745 Iesu,
1725 3682 1783 3735 in

201 3764 362 3808 morte
388 3756 552 3825 ipsius
575 3758 826 3829 baptismi
854 3779 1034 3817 sumus
1058 3765 1083 3819 ?
1114 3766 1413 3838 Cousepuhi
1437 3770 1573 3824 enim
1600 3788 1782 3826 sumus

200 3859 314 3898 tum
341 3846 437 3899 illo
461 3864 555 3916 per
581 3848 891 3921 baptismum
919 3854 974 3908 in
1005 3868 1169 3911 morte
1193 3875 1213 3913 :
1255 3869 1310 3912 ut
1353 3862 1614 3930 quomodo
1657 3880 1780 3917 sur-

201 3941 328 3994 rexit
348 3939 590 3997 Christus
618 3962 650 3997 a
680 3947 900 4001 mortuis
928 3965 1021 4019 per
1042 3948 1264 4020 gloriam
1290 3950 1583 4019 Patris,ita
1611 3965 1659 4009 et
1687 3972 1781 4012 nos

199 4028 249 4082 in
273 4031 506 4085 novitate
527 4034 646 4087 vitta
666 4036 1008 4093 ambulemus.
1045 4038 1107 4095 Si
1128 4042 1267 4095 enim
1289 4043 1628 4112 complantati
1652 4046 1780 4116 facti

199 4141 376 4180 sumus
404 4127 739 4185 similitudini
762 4135 945 4188 mortis
967 4135 1102 4205 ejus,
1126 4136 1286 4191 simul
1308 4147 1356 4191 et
1386 4142 1779 4196 resurrectionis

198 4215 391 4270 erimus
417 4216 596 4287 (llam.
623 4235 700 4284 vr,
727 4223 808 4292 5).
849 4220 917 4277 Et
943 4234 1158 4293 caetera,
1186 4242 1306 4296 qute
1334 4227 1493 4285 latius
1521 4230 1782 4301 magister

199 4311 435 4377 gentium
463 4311 530 4366 ad
559 4317 1046 4374 commendandum
1073 4330 1470 4378 sacramentum
1495 4324 1781 4395 baptisma-

200 4398 266 4453 tis
292 4401 630 4471 disputavit:
666 4414 726 4460 ut
763 4417 1051 4477 appareret
1080 4416 1153 4466 ex
1189 4412 1350 4481 hujus
1379 4414 1639 4470 doctrinae
1664 4416 1776 4486 spi-

202 4490 333 4552 ritu,
375 4497 758 4562 regenerandis
788 4498 911 4554 ﬁliis
947 4499 1257 4568 hominum,
1308 4514 1365 4560 et
1409 4506 1462 4560 in
1507 4507 1601 4561 Dei
1638 4506 1776 4562 ﬁlios

198 4582 537 4652 atlnptandis,
570 4586 718 4642 illum
749 4588 889 4644 diem
922 4600 977 4645 et
1006 4591 1135 4646 illud
1166 4585 1375 4664 tempus
1403 4596 1635 4651 electum
1655 4638 1669 4663 ,
1718 4598 1772 4654 in

198 4687 302 4741 quo
328 4691 427 4743 per
451 4677 855 4734 similitudinem
885 4681 1225 4753 formamque
1255 4687 1498 4757 mysterii
1517 4727 1531 4750 ,
1564 4702 1627 4741 ea
1655 4702 1775 4757 qua:

199 4772 454 4831 geruntur
484 4767 537 4820 iu
573 4769 850 4837 membris,
895 4771 981 4826 bis
1020 4788 1142 4843 qua:
1185 4775 1236 4829 iu
1279 4776 1396 4844 ipso
1435 4786 1560 4831 sunt
1596 4779 1774 4848 capite

198 4866 338 4924 gesta
362 4874 662 4929 congruere
689 4879 702 4916 :
735 4863 863 4917 dum
894 4864 947 4919 in
973 4866 1312 4936 baptismatis
1340 4870 1521 4940 regula
1547 4880 1601 4925 et
1623 4885 1775 4927 mors

199 4942 485 5005 intervenit
514 4951 890 5011 interiectione
923 4958 1164 5028 peccati,
1210 4967 1267 5014 et
1307 4961 1637 5029 sepulturam
1671 4964 1769 5018 tri-

197 5038 423 5096 duanam‘
450 5042 693 5100 imitatur
718 5046 859 5101 trina
884 5048 1176 5115 demersio,
1197 5057 1253 5104 et
1278 5049 1348 5105 ab
1364 5052 1519 5120 aquis
1538 5052 1776 5109 elevatio

198 5132 525 5203 resurgentis
552 5133 725 5191 instar
753 5146 836 5192 est
862 5137 931 5193 de
956 5138 1224 5210 sepulcro.
1254 5160 1273 5192 ι
1327 5140 1395 5196 Ει
1424 5141 1550 5196 item
1586 5143 1724 5198 idem
1747 5156 1769 5198 :

196 5236 214 5270 ι
244 5219 500 5292 Baptismi
541 5235 721 5283 autem
761 5228 846 5284 sui
883 5228 938 5284 in
976 5245 1037 5287 se
1072 5230 1315 5287 condidit
1337 5241 1767 5302 sacramentum,

191 5311 312 5377 quia
343 5312 396 5367 in
434 5315 687 5374 omnibus
727 5318 1018 5389 primatum
1062 5329 1273 5389 tenens,
1317 5337 1378 5378 se
1419 5324 1604 5379 docuit
1645 5340 1771 5383 esse

193 5400 529 5473 principium,
553 5415 610 5462 et
632 5417 759 5466 tunc
784 5411 1213 5482 regenerationis
1235 5414 1533 5483 potentiam
1558 5418 1762 5486 sanxit,

194 5495 400 5561 quando
443 5498 512 5553 de
554 5498 726 5555 latere
769 5501 939 5573 ipsius
985 5502 1360 5574 proﬂuxerunt
1407 5510 1628 5578 sanguis
1670 5524 1760 5567 rea

197 5579 510 5655 demptionis
550 5595 607 5643 et
648 5604 788 5660 aqua
830 5590 1191 5663 baptismatis.
1243 5594 1395 5662 Quod
1425 5597 1763 5654 demonstrat

194 5668 302 5741 ipse
318 5674 594 5744 Dominus,
618 5680 801 5738 dicens
822 5682 877 5738 in
899 5683 1192 5757 Evangelio
1209 5685 1504 5741 secundum
1526 5687 1757 5745 Lucam:

194 5761 449 5836 Buptisma
479 5784 652 5829 autent
678 5775 840 5832 habeo
871 5776 1127 5850 baptizari
1157 5777 1425 5852 (Luc.xn,
1449 5780 1592 5854 50).»
1621 5782 1758 5841 Hinc

1800 4544 1853 4605 Β

1884 3317 2286 3395 exspectamus,
2333 3310 2387 3365 in
2420 3309 2576 3379 huius
2619 3320 2795 3367 morte
2822 3323 2877 3367 et
2903 3311 3163 3383 sanguine
3193 3314 3473 3369 remissio-

1884 3418 2007 3458 nem
2039 3410 2384 3473 peccatorum
2430 3403 2793 3457 consecuturi.
2830 3422 2848 3455 ι
2902 3402 2970 3458 Ει
3014 3411 3236 3460 sanctus
3262 3402 3472 3475 Grego-

1878 3494 1999 3548 rius
2027 3493 2078 3547 iu
2107 3493 2245 3547 libro
2268 3491 2551 3547 Moralium
2591 3508 2763 3547 xxxtu
2788 3492 2926 3563 (cap.
2955 3494 3054 3564 vr).
3108 3512 3130 3548 ι
3167 3495 3472 3551 Absorbebit

1882 3583 2100 3653 ﬂuuium
2128 3593 2175 3636 et
2204 3598 2314 3636 non
2334 3583 2633 3648 mirabitur,
2661 3593 2709 3637 et
2737 3584 2889 3639 habet
2920 3585 3173 3654 ﬁduciam
3207 3586 3347 3657 quod
3383 3587 3471 3641 iu-

1881 3675 2014 3743 ﬂuat
2056 3672 2311 3727 Iordanis
2340 3672 2395 3726 in
2425 3688 2483 3727 os
2511 3672 2627 3742 ejus
2665 3671 2789 3743 (Job
2838 3689 2926 3740 XL,
2977 3674 3085 3746 18).
3136 3674 3239 3743 Qui
3283 3684 3469 3731 autem

1882 3763 2166 3832 signantur
2194 3761 2548 3833 appellatione
2573 3761 2845 3830 Jordanis,
2875 3765 2979 3821 nisi
3013 3766 3103 3835 qui
3126 3765 3241 3835 jam
3279 3767 3470 3824 imbuti

1880 3861 2009 3907 sunt
2033 3860 2377 3907 sacramento
2414 3852 2786 3923 baptismatis?
2807 3854 2941 3923 Quia
2965 3856 3111 3912 enim
3141 3856 3471 3930 Redemptor

1880 3958 2068 4007 noster
2110 3951 2162 4004 in
2191 3950 2295 4006 hoc
2332 3950 2553 4009 ﬂumine
2594 3955 2856 4025 baptizari
2891 3956 3144 4026 dignatus
3189 3965 3292 4023 est,
3350 3957 3469 4029 ejus

1882 4042 2098 4097 nomine
2148 4042 2347 4101 debent
2393 4046 2656 4116 baptizati
2708 4062 2898 4102 omnes
2947 4049 3199 4118 exprimi,
3251 4050 3308 4105 in
3360 4065 3469 4120 quo

1878 4130 2055 4200 ipsum
2089 4133 2314 4204 contigit
2356 4144 2757 4191 sacramentum
2806 4135 3151 4206 baptismatis
3198 4138 3465 4193 inchoari.

1881 4220 2016 4289 Quia
2052 4237 2178 4278 vero
2207 4233 2262 4279 et
2312 4234 2436 4295 post
2483 4224 2794 4282 Mediatoris
2839 4228 3154 4293 adventum,
3202 4230 3465 4297 quosdam

1879 4312 1970 4382 qui
1996 4321 2140 4368 recte
2169 4313 2350 4370 vivere
2380 4315 2654 4388 negligunt
2679 4318 2844 4373 etiam
2886 4318 3071 4373 ﬁdeles
3097 4319 3259 4389 rapit,
3301 4334 3467 4389 quos-

1880 4402 2002 4456 dam
2026 4402 2118 4472 qui
2147 4403 2491 4472 baptismatis
2528 4415 2869 4462 sacramenta
2892 4406 3085 4478 signati
3122 4414 3248 4462 sunt
3273 4407 3462 4478 deglu-

1883 4492 1984 4548 tire
2009 4508 2067 4549 se
2093 4509 2251 4565 posse
2279 4495 2520 4551 conlidit.
2553 4497 2701 4553 Alios
2727 4514 2963 4569 namque
3003 4498 3105 4554 sub
3139 4498 3463 4555 Christiani-

1879 4584 2005 4640 tatis
2034 4586 2254 4641 nomine
2286 4587 2494 4657 positos
2537 4589 2783 4655 devorat,
2817 4591 2953 4660 quia
2982 4590 3036 4646 in
3066 4592 3186 4661 ipso
3215 4606 3309 4647 eos
3335 4590 3459 4645 ﬁdei
3528 4660 3531 4663 Α

1878 4690 2066 4730 errore
2094 4677 2426 4747 supplantat.
2469 4679 2620 4736 Alios
2657 4696 2687 4735 a
2735 4683 3057 4737 rectitudine
3094 4682 3219 4738 ﬁdei
3257 4698 3460 4755 nequa-

1874 4784 2035 4845 gnam
2062 4770 2265 4835 deviat,
2307 4770 2401 4826 sed
2445 4771 2516 4826 ad
2557 4789 2711 4828 usum
2738 4788 2919 4842 pravae
2945 4776 3275 4849 operationis
3306 4775 3460 4833 incli—

1873 4871 1986 4916 nat.
2028 4883 2048 4915 ι
2104 4863 2172 4916 Ει
2223 4873 2346 4934 post
2395 4865 2720 4934 paululum:
2778 4885 2801 4919 ι
2838 4867 3007 4924 Valde
3059 4868 3298 4924 terribile
3337 4878 3452 4936 est,

1875 4954 2001 5024 quia
2032 4954 2229 5011 multos
2254 4965 2443 5025 aperto
2465 4971 2561 5012 ore
2597 4959 2761 5012 etiam
2805 4968 2927 5030 post
2950 4959 3309 5030 cognitionem
3346 4958 3456 5015 Re-

1873 5045 2440 5118 demptorissuscipit,
2467 5057 2591 5119 post
2608 5048 2813 5106 lavacri
2852 5052 3052 5106 undam
3079 5050 3289 5122 polluit,
3328 5062 3454 5121 post

1871 5148 2215 5194 sacramenta
2264 5140 2505 5197 caelestia
2556 5142 2622 5197 ad
2673 5142 2870 5197 interni
2923 5143 3189 5213 profunda
3224 5144 3385 5214 rapit.
3425 5163 3444 5196 ι

1870 5227 1940 5284 Ει
1966 5238 2189 5286 sanctus
2211 5231 2530 5288 Ambrosius
2565 5234 2618 5289 in
2671 5233 2811 5291 libro
2854 5234 3092 5290 secundo
3136 5235 3206 5291 de
3258 5234 3452 5291 Sacra.

1870 5324 2070 5381 mentis
2107 5323 2246 5397 (cap.
2293 5325 2399 5397 2):
2451 5343 2472 5378 ο
2504 5327 2638 5383 Vide
2678 5327 2771 5383 ubi
2815 5326 3128 5397 baptizaris,
3185 5327 3329 5383 unde
3379 5329 3452 5383 sit

1867 5416 2158 5487 baptisma,
2185 5416 2291 5473 nisi
2318 5417 2386 5474 de
2419 5431 2584 5474 cruce
2620 5417 2843 5486 Christi,
2887 5418 2957 5475 de
3002 5427 3177 5475 morte
3223 5419 3446 5476 Christi.

1865 5505 1944 5562 lbi
1967 5515 2055 5563 est
2073 5521 2235 5563 omne
2262 5507 2599 5580 mysterium,
2631 5508 2759 5578 quia
2804 5522 2904 5579 pro
2939 5517 2995 5565 te
3022 5524 3216 5582 passus
3247 5519 3351 5579 est,
3389 5511 3448 5566 in
3526 5570 3543 5579 ,

1868 5597 1985 5668 ipso
2024 5598 2332 5664 redimeris,
2378 5597 2434 5653 in
2482 5598 2600 5667 ipso
2647 5598 2897 5655 salvaris.
2930 5619 2951 5653 ι
2998 5599 3131 5656 Item
3175 5601 3229 5657 in
3252 5602 3445 5658 eodem

1868 5687 2007 5760 (cap.
2035 5687 2090 5759 7)
2117 5705 2133 5743 :
2168 5706 2188 5764 ι
2221 5687 2431 5744 Clamat
2472 5703 2603 5761 ergo
2627 5688 2920 5760 Apostolus
2948 5692 3087 5747 sicut
3133 5691 3359 5748 audistis
3388 5693 3443 5748 in

1866 5779 2099 5837 lectione
2120 5779 2398 5852 prtescnti,
2423 5783 2679 5852 quoniam
2702 5781 3009 5855 quicunque
3032 5783 3358 5854 baptizatur,
3382 5784 3439 5840 in
