3992 6336
604 336 712 395 375

1576 332 1910 390 HINCMARI
1944 328 2337 387 RHEMENSIS
2370 329 2888 388 ARCHIEPISCOPI

3698 328 3781 386 376

521 461 529 465 ‘
604 456 781 505 morte
807 445 931 504 Jesu
972 444 1299 518 baptizatur.
1325 445 1465 514 Quid
1493 455 1577 502 est
1621 447 1677 502 iu
1705 447 1917 502 morte?
1949 454 2010 501 ut
2048 461 2183 517 quo-
2207 449 2257 511 Α
2286 445 2427 503 facta
2470 455 2555 502 est
2586 454 2780 501 mater.
2810 442 3057 500 Christus
3085 448 3403 496 autemnon
3448 440 3517 495 ita
3544 457 3558 496 :
3591 444 3781 501 nutritor

601 539 763 594 modo
791 537 1035 594 Christus
1068 545 1312 592 mortuus
1354 545 1461 603 est,
1517 537 1597 593 sic
1634 545 1691 592 et
1735 544 1791 592 tu
1818 542 2046 592 mortem
2078 536 2177 592 de-

599 629 819 698 gustes‘:
852 628 1120 698 quomodo
1148 629 1395 684 Christus
1421 636 1666 684 mortuus
1704 636 1790 683 est
1831 636 2073 699 peccato,
2121 636 2177 685 et

599 718 712 774 Deo
743 717 895 785 vivit,
940 718 1014 773 ita
1051 727 1109 774 et
1158 726 1215 773 tu
1248 719 1622 789 superioribus
1668 717 1937 774 illecebris
1978 732 2174 788 pecca-

597 817 776 864 torum
806 817 1051 865 mortuus
1079 814 1152 865 sis
1175 824 1272 879 per
1296 810 1633 880 baptismatis
1673 819 2094 877 sacramentum,
2118 818 2175 866 et

597 915 851 971 resurgas
879 915 975 970 per
1016 902 1242 970 gratiam
1293 901 1516 956 Christi.
1568 901 1711 955 Mors
1740 916 1870 968 ergo
1918 910 2026 967 est,
2076 902 2171 958 sed

595 1005 704 1044 non
733 990 786 1044 in
808 990 1000 1045 mortis
1013 990 1311 1060 corporalis
1332 990 1578 1054 veritate,
1603 992 1696 1045 sed
1720 990 1773 1045 in
1797 990 2165 1061 similitudine.

593 1077 729 1133 Cum
756 1080 902 1135 enim
940 1080 1223 1150 mergeris,
1268 1080 1459 1135 mortis
1502 1081 1731 1151 suscipis
1780 1090 1836 1136 et
1882 1081 2171 1152 sepulturae

596 1168 1027 1235 similitudinem,
1052 1169 1218 1239 310
1241 1170 1419 1225 crucis
1447 1170 1590 1226 illius
1630 1171 1832 1241 accipis
1859 1186 2169 1227 sacramen-

591 1266 729 1324 tum,
760 1258 902 1328 quod
930 1258 984 1314 in
1013 1274 1174 1315 cruce
1200 1259 1445 1316 Christus
1468 1261 1720 1332 pependit
1755 1270 1811 1316 et
1841 1261 2006 1318 clavis
2033 1278 2167 1318 con-

594 1350 764 1406 ﬁxum
798 1360 882 1407 est
913 1366 1127 1422 corpus.
1155 1351 1236 1406 Tu
1274 1365 1403 1424 ergo
1424 1367 1548 1408 cum
1567 1352 1929 1427 .cruciﬁgeris,
1952 1352 2170 1410 Christo

592 1441 857 1508 adhaeres,
888 1442 1054 1499 clavis
1078 1444 1290 1500 Domini
1325 1446 1497 1501 nostri
1519 1443 1647 1502 Jesu
1671 1446 1872 1503 Christi
1902 1447 2167 1515 adhaeres,

591 1546 662 1588 ne
708 1542 760 1589 te
802 1533 1043 1590 diabolus
1087 1535 1257 1605 possit
1299 1535 1632 1593 abstrahere.
1670 1556 1693 1592 ι
1745 1538 1877 1593 Item
1922 1538 1976 1593 in
2029 1538 2168 1594 libro

589 1626 781 1697 quinto
808 1644 822 1679 :
859 1645 880 1680 α
912 1627 1063 1684 Tunc
1086 1644 1226 1686 unus
1251 1629 1319 1686 de
1342 1631 1602 1687 militibus
1647 1630 1835 1688 lancea
1877 1632 2017 1688 latus
2050 1631 2167 1703 ejus

590 1717 823 1788 aperuit,
855 1727 911 1773 et
937 1718 1005 1773 de
1053 1717 1223 1775 latere
1265 1720 1383 1790 ejus
1428 1737 1567 1792 aqua
1620 1720 1773 1777 ﬂuxit
1811 1732 1866 1778 et
1906 1724 2162 1793 sanguis:

585 1824 755 1881 quare
778 1810 957 1880 aqua?
984 1824 1152 1879 quare
1177 1813 1430 1883 sanguis?
1459 1829 1595 1884 aqua
1625 1824 1805 1870 autem
1843 1823 1903 1869 ut
1930 1815 2162 1870 munda-

585 1909 691 1967 ret,
721 1902 939 1974 sanguis
965 1910 1028 1958 ut
1048 1903 1358 1961 redimeret.
1400 1924 1420 1957 ι

656 1991 725 2047 Et
770 2001 989 2049 sanctus
1029 1992 1263 2051 Joannes
1291 1995 1710 2069 Chrysostomus
1746 1998 1802 2054 in
1832 2000 2054 2056 homilia
2096 2003 2163 2058 ad

584 2080 893 2154 Neophytos
925 2102 938 2137 :
976 2101 994 2135 ι
1027 2084 1124 2140 Vis
1152 2094 1208 2141 et
1240 2086 1400 2141 aliam
1429 2086 1588 2156 hujus
1618 2090 1893 2160 sanguinis
1933 2091 2164 2147 scrutari

591 2173 876 2230 virtutem?
915 2173 1048 2231 Volo
1074 2176 1213 2232 unde
1238 2177 1472 2248 primum
1503 2179 1808 2234 cucurrerit
1835 2179 2078 2249 incipias,
2105 2187 2162 2235 et

589 2265 652 2319 de
674 2280 781 2335 quo
810 2263 957 2321 fonte
1008 2266 1266 2320 manavit.
1297 2265 1375 2321 De
1415 2267 1530 2337 ipsa
1566 2267 1801 2337 primum
1829 2283 1991 2323 cruce
2033 2284 2160 2338 pro—

588 2355 768 2421 cessit,
814 2354 957 2411 latus
1005 2355 1081 2411 illi
1134 2355 1470 2412 Dominicum
1518 2357 1730 2413 initium
1783 2356 1905 2412 fuit.
1952 2357 2162 2414 Mortuo

586 2446 727 2502 enim
750 2445 827 2500 ait
850 2445 998 2512 Jesu,
1032 2454 1088 2502 et
1113 2446 1290 2504 adhuc
1312 2447 1370 2502 in
1394 2461 1556 2503 cruce
1593 2447 1878 2518 pendente,
1905 2447 2159 2518 approxi-

585 2546 696 2591 mat
745 2537 918 2602 miles,
965 2537 1108 2593 latus
1140 2536 1326 2595 lancea
1357 2539 1647 2610 percussit,
1679 2546 1736 2594 et
1785 2538 1980 2595 exinde
2019 2552 2158 2609 aqua

584 2628 735 2685 ﬂuxit
758 2637 813 2685 et
836 2631 1073 2703 sanguis.
1098 2629 1276 2687 Unum
1303 2630 1641 2702 baptismatis
1668 2632 1991 2705 symbolum,
2014 2631 2157 2687 aliud

529 2703 537 2713 ’
584 2721 926 2777 sacramenti.
967 2721 1085 2779 Non
1129 2722 1227 2789 ait,
1274 2722 1408 2778 exiit
1458 2703 1786 2794 sanguisiet
1827 2738 1989 2793 aqua,
2038 2722 2155 2789 sed,-

583 2818 713 2873 exiit
743 2832 883 2886 aqua
910 2819 1145 2887 primum
1171 2826 1226 2873 et
1251 2817 1501 2889 sanguis:
1523 2818 1649 2889 quia
1664 2818 1813 2889 prius
1834 2816 2158 2887 baptismate

582 2909 855 2977 diluimur,
876 2918 931 2965 et
956 2918 1140 2980 postea
1167 2910 1427 2981 mysterio
1463 2910 1793 2974 dedicamur,
1824 2909 1965 2964 latus
2002 2909 2156 2965 miles

579 2998 814 3069 aperuit,
836 3006 891 3055 et
918 2998 1104 3070 templi
1145 3000 1317 3055 sancti
1347 3000 1606 3070 parietem
1632 3000 1905 3072 patefecit.
1962 2999 2030 3054 Et
2056 3013 2155 3071 ego

578 3090 894 3145 thesaurum
924 3089 1243 3160 praeclarum
1278 3090 1488 3157 inveni,
1535 3100 1591 3145 et
1638 3091 1902 3162 fulgentes
1944 3090 2157 3148 divitias

577 3191 668 3231 me
692 3176 935 3247 gratulor
956 3177 1214 3248 reperire.
1245 3178 1336 3234 Sic
1357 3188 1411 3234 et
1438 3180 1504 3235 de
1530 3178 1620 3234 illo
1644 3194 1783 3251 agno
1804 3179 2007 3235 factum
2049 3189 2152 3248 est,

577 3263 744 3321 Judaei
773 3282 929 3323 ovem
969 3268 1306 3335 occiderunt,
1347 3277 1405 3325 et
1445 3284 1546 3340 ego
1573 3269 1807 3359 fructum
1854 3271 1921 3327 de
1968 3285 2155 3328 sacra-

576 3372 763 3422 mento
798 3365 1046 3437 cognovi,
1099 3367 1167 3423 de
1208 3350 1377 3423 latere
1417 3367 1637 3439 sanguis
1679 3350 1919 3439 ct'aqua
1965 3370 2150 3425 exivit.

576 3453 713 3512 Nolo
741 3465 851 3512 tam
884 3456 1041 3513 facile
1071 3458 1284 3514 auditor
1306 3470 1552 3515 transeas
1582 3467 1731 3516 tanta
1776 3469 1984 3516 secreta
2037 3477 2155 3532 my-

576 3545 751 3600 sterii.
787 3545 1015 3602 Praestat
1065 3547 1208 3602 enim
1252 3548 1382 3603 mihi
1433 3550 1661 3619 mystica
1689 3559 1850 3621 atque
1879 3551 2153 3608 secretalis

575 3635 771 3692 oratio.
802 3636 919 3691 Dixi
964 3636 1302 3706 baptismatis
1335 3639 1634 3711 symbolum
1684 3648 1739 3695 et
1771 3641 2152 3713 mysteriorum

576 3741 775 3796 aquam
800 3725 944 3781 illam
966 3735 1022 3783 et
1046 3729 1359 3798 sanguinem
1385 3730 1765 3787 demonstrari.
1789 3731 1866 3786 Ex
1896 3733 1982 3788 his
2006 3733 2152 3790 enim

574 3824 763 3871 sancta
790 3814 1013 3871 fundata
1047 3826 1130 3873 est
1168 3818 1430 3887 Ecclesia,
1480 3835 1576 3891 per
1623 3820 1819 3876 lavacri
1871 3838 2153 3894 regenera-

575 3907 776 3962 tionem
792 3915 847 3962 et
859 3909 1261 3965 renovationem
1284 3908 1516 3980 Spiritus
1530 3913 1721 3969 sancti.
1737 3913 1842 3968 Per
1862 3915 2147 3985 baptisma,

573 3996 774 4067 inquit,
795 4006 848 4053 et
878 3998 1134 4070 mysteria
1163 4014 1284 4069 quae
1309 4015 1377 4055 ex
1406 4000 1574 4057 latere
1598 4003 1851 4059 videntur
1878 4020 1996 4060 esse
2022 4023 2149 4076 pro-

573 4088 704 4144 lata.
731 4088 811 4144 Ex
845 4089 1013 4146 latere
1047 4090 1210 4162 igitur
1249 4107 1349 4147 suo
1381 4092 1626 4150 Christus
1648 4096 1936 4152 aediﬁcavit
1964 4098 2151 4153 Eccle—

482 4171 509 4207 ”
574 4180 733 4245 siam,
766 4180 905 4237 sicut
932 4182 998 4237 de
1025 4180 1195 4238 latere
1221 4182 1391 4238 Adam
1418 4184 1535 4255 ejus
1564 4186 1756 4256 conjux
1785 4188 1897 4242 Eva
1935 4188 2147 4259 prolata

570 4277 681 4327 est.
706 4269 838 4325 Nam
865 4270 970 4325 hac
1008 4270 1077 4344 de
1117 4287 1280 4327 causa
1304 4271 1503 4329 Paulus
1550 4290 1764 4345 quoque
1793 4285 2024 4332 testatur
2069 4279 2150 4334 di-

572 4374 705 4414 cens
727 4375 744 4413 :
770 4360 847 4413 De
872 4375 1088 4429 corpore
1109 4372 1157 4416 et
1181 4362 1246 4416 de
1274 4363 1472 4418 ossibus
1498 4366 1611 4435 ejus
1634 4383 1813 4422 sumus
1846 4368 2061 4440 (Ep/tes.
2092 4385 2145 4434 v,

568 4450 684 4522 50).
716 4449 884 4505 Latus
922 4450 1172 4506 videlicet
1208 4451 1336 4507 illud
1366 4454 1692 4524 signiﬁcans.
1736 4457 1871 4513 Nam
1915 4460 2055 4513 sicut
2080 4460 2147 4515 de

570 4541 663 4594 illo
691 4540 863 4596 latere
892 4542 1035 4596 Deus
1083 4541 1210 4596 fecit
1250 4541 1502 4598 feminam
1546 4548 1841 4615 procreari,
1871 4549 1950 4605 sic
1987 4557 2043 4604 et
2081 4552 2148 4608 de

578 4648 677 4688 suo
702 4632 873 4689 latere
891 4632 1141 4692 Christus
1163 4650 1357 4704 aquam
1375 4637 1528 4692 nobis
1552 4646 1607 4693 et
1634 4642 1947 4712 sanguinem
1971 4643 2141 4711 dedit,

577 4724 721 4779 unde
756 4732 1101 4794 repararetur
1120 4725 1381 4781 Ecclesia.
1404 4728 1472 4782 Et
1497 4729 1637 4785 sicut
1656 4730 1717 4785 in
1743 4747 1935 4801 sopore
1964 4735 2143 4809 quies;

570 4815 750 4875 .centis
816 4815 946 4871 Adae
1002 4816 1143 4873 Deus
1192 4817 1380 4874 lateris
1420 4821 1661 4876 membra
1714 4823 2012 4893 patefecit,
2067 4826 2148 4882 sic

484 4918 492 4980 χ
570 4903 732 4960 modo
757 4912 879 4976 post
925 4915 1168 4984 mortem.
1198 4924 1392 4979 aquam
1422 4912 1578 4967 nobis
1602 4913 1816 4969 donavit
1851 4927 1905 4972 et
1932 4920 2147 4989 sangui-

568 5012 695 5052 nem
719 5015 734 5052 :
767 5005 823 5053 et
857 5013 1018 5070 sopor
1042 4999 1131 5055 ille
1153 5017 1296 5058 nunc
1322 5020 1469 5060 mors
1498 5014 1603 5069 est,
1632 5016 1690 5062 ut
1718 5009 1894 5065 discas
1916 5022 2143 5067 mortem

568 5085 715 5140 nulla
738 5088 950 5157 soporis
987 5091 1327 5158 separatione
1355 5094 1607 5151 discerni.
1654 5096 1844 5155 Videte
1889 5103 2147 5170 quemad-

569 5176 788 5231 modum
817 5192 1071 5247 sponsam
1101 5179 1202 5235 sibi
1228 5180 1478 5241 Christus
1500 5188 1798 5258 conjunxit,
1836 5192 2013 5248 videte
2037 5210 2144 5262 quo

567 5282 669 5324 vos
690 5269 813 5326 cibo
848 5272 1119 5332 satietatis
1144 5276 1367 5331 enutrit.
1392 5277 1509 5348 lpse
1537 5280 1690 5336 nobis
1714 5282 1822 5336 cibi
1843 5284 2144 5340 substantia

566 5369 652 5415 est
672 5372 834 5432 atque
856 5366 1265 5425 nutrimentum.
1292 5369 1428 5425 Nam
1456 5371 1596 5427 sicut
1621 5373 1832 5439 mulier,
1848 5374 2144 5433 affectionis

569 5464 764 5509 natura
792 5468 1034 5529 cogente,
1063 5462 1304 5531 genitum
1333 5463 1478 5520 alere
1518 5465 1601 5521 sui
1626 5466 1780 5539 lactis
1814 5466 2144 5526 fecunditate

454 5562 467 5563 ί
568 5540 806 5608 festinat,
848 5547 925 5602 sic
971 5557 1027 5604 et
1064 5549 1322 5607 Christus
1369 5569 1503 5623 quos
1555 5555 1685 5625 ipse.
1725 5566 2009 5627 regenerat
2045 5574 2147 5616 suo

568 5633 830 5701 Sanguine
875 5651 1088 5708 semper
1121 5641 1311 5696 nutrit.
1346 5661 1365 5695 ι
1419 5644 1488 5698 Et
1529 5645 1583 5698 in
1613 5646 1834 5701 homilia
1870 5648 2044 5717 prima
2080 5650 2146 5706 de

568 5718 778 5793 psalmo
802 5740 831 5780 L
860 5744 873 5780 :
910 5747 927 5777 ι
961 5726 1116 5799 Apud
1147 5729 1339 5788 divites
1368 5732 1637 5791 erubescit
1671 5734 1790 5792 ﬁeri
1817 5737 1995 5793 nutrix
2024 5754 2145 5810 qua:

2277 547 2361 595 est
2388 546 2591 594 noster.
2619 537 2745 592 Ideo
2766 544 2820 591 et
2847 550 2946 604 pro
2974 534 3094 590 cibo
3121 532 3333 603 propria
3363 545 3516 588 carne
3546 532 3713 601 pascit,
3738 546 3781 591 et

2273 646 2374 702 pro
2394 637 2519 701 potu
2549 643 2648 684 suo
2671 643 2770 683 nos
2790 626 3053 696 sanguine
3079 623 3400 694 propinavit.
3429 639 3449 674 ι
3496 621 3558 677 Εῑ
3591 622 3699 679 item
3736 626 3779 682 in

2274 720 2495 777 homilia
2521 719 2588 775 de
2611 717 2890 789 principiis
2919 715 3083 770 Marci
3114 731 3126 767 :
3162 712 3426 769 rGrandis
3445 713 3777 781 misericordia,

2272 812 2365 883 qui
2392 821 2611 881 peccata
2648 824 2756 864 non
2803 807 3009 862 fecerat
3034 805 3336 874 baptizatur
3362 802 3506 872 quasi
3549 813 3776 875 peccator.

2270 904 2330 960 In
2351 904 2617 973 baptismo
2645 893 2858 956 Domini
2892 897 3072 953 omnia
3095 902 3315 966 peccata
3337 894 3669 950 dimittuntur.
3696 895 3781 952 Sed

2268 996 2425 1067 quasi
2458 993 2771 1066 prmludium
2799 1000 2884 1046 est
2916 990 3185 1060 baptisma
3214 987 3532 1042 Salvatoris:
3570 998 3779 1045 caeterum

2267 1105 2396 1146 vera
2422 1086 2674 1143 remissio
2704 1084 2860 1154 311
2892 1089 3235 1153 peccatorum
3274 1080 3326 1133 in
3353 1079 3543 1136 Christi
3564 1081 3779 1150 sanguine

2269 1158 2451 1246 est,iin
2468 1176 2748 1233 Trinitatis
2773 1173 3045 1245 mysterio.
3077 1189 3096 1223 ι
3128 1171 3195 1225 Et
3218 1170 3271 1223 in
3286 1167 3533 1223 Sermune
3555 1168 3614 1223 de
3636 1169 3779 1223 verbis

2266 1268 2549 1340 Apostoli:
2603 1283 2623 1318 ι
2663 1265 2745 1320 An
2784 1262 3057 1334 ignoratis,
3102 1259 3296 1329 inquit,
3333 1258 3535 1327 fratres,
3577 1258 3780 1327 quoniam

2265 1361 2557 1434 quicunque
2580 1358 2638 1411 in
2665 1354 2871 1410 Christo
2898 1352 3147 1423 baptizati
3176 1365 3380 1412 sumus,
3415 1348 3469 1400 in
3514 1356 3659 1400 morte
3693 1347 3780 1415 ejus

2267 1451 2517 1521 baptizati
2538 1462 2718 1504 sumus
2742 1446 2768 1499 1’
2810 1441 3112 1513 Consepulti
3139 1457 3261 1511 ergo
3287 1438 3365 1494 illi
3394 1453 3562 1491 sumus
3589 1453 3667 1506 per
3687 1435 3781 1505 bap-

2267 1541 2475 1595 tismum
2523 1537 2579 1592 in
2612 1544 2778 1591 morte
2815 1533 2992 1603 (Rom.
3022 1548 3099 1598 v1,
3144 1531 3222 1602 5).
3265 1529 3402 1599 Quid
3439 1536 3519 1582 est
3554 1527 3603 1579 in
3644 1537 3780 1578 morte

2267 1631 2410 1687 illius
2444 1627 2702 1699 baptizati
2727 1625 2948 1681 sumus?
2975 1630 3033 1677 ut
3063 1632 3119 1677 et
3163 1621 3266 1691 ipsi
3297 1618 3578 1674 moriamur
3603 1617 3719 1670 sicut
3740 1626 3781 1669 et

2266 1722 2375 1779 ille.
2393 1706 2538 1778 Crux
2563 1719 2706 1774 enim
2731 1726 2814 1773 est
2832 1717 3120 1786 baptisma.
3139 1711 3292 1780 Quod
3316 1726 3442 1780 ergo
3465 1725 3587 1765 crux
3606 1706 3781 1791 Christo

2192 1803 2238 1864 Β
2265 1823 2322 1870 et
2371 1812 2715 1883 sepulcrum,
2774 1810 2879 1865 hoc
2930 1807 3087 1862 nobis
3132 1804 3401 1874 baptisma
3449 1802 3631 1856 factum
3678 1807 3778 1853 est:

2264 1906 2478 1962 tametsi
2517 1920 2625 1960 nou
2662 1903 2733 1971 in
2782 1900 2986 1958 eisdem
3040 1898 3190 1969 ipsis.
3238 1898 3357 1968 Ipse
3401 1908 3617 1964 namque
3653 1906 3781 1947 came

2264 2007 2319 2054 et
2359 2005 2604 2053 mortuus
2645 2003 2728 2052 est
2754 2004 2809 2051 et
2839 1992 3107 2064 sepultus,
3136 2005 3236 2045 nos
3292 1996 3469 2043 autem
3515 1994 3708 2057 peccato
3740 1983 3781 2037 in

2263 2096 2506 2158 utroque.
2542 2086 2882 2157 Quapropter
2906 2099 3012 2139 non
3064 2082 3221 2147 dixit,
3260 2078 3592 2150 complantati
3634 2074 3778 2136 morti,

2261 2182 2356 2237 sed
2381 2177 2719 2236 similitudini
2748 2175 2957 2231 mortis.
2977 2174 3121 2229 Mors
3139 2186 3375 2241 namque
3402 2179 3454 2225 et
3477 2169 3571 2223 hoc
3591 2177 3637 2221 ct
3659 2164 3778 2225 illud,

2261 2276 2356 2331 sed
2402 2289 2509 2329 non
2538 2271 2743 2328 eisdem
2793 2269 2926 2339 ipsis
2979 2267 3265 2337 subjacct:
3326 2262 3421 2319 sed
3453 2262 3559 2316 haec
3606 2257 3778 2327 quidem

2261 2364 2441 2421 carnis
2479 2362 2702 2428 Christi,
2730 2368 2916 2416 nostra
2966 2368 3148 2414 autem
3192 2354 3446 2428 peccati:
3488 2349 3778 2423 quemadmo-

2261 2456 2384 2511 dum
2407 2468 2537 2525 ergo
2561 2453 2651 2509 illa
2679 2466 2829 2517 vera,
2852 2458 2908 2506 et
2932 2450 3065 2505 htec.
3100 2467 3120 2502 ι

2327 2548 2394 2603 Ει
2434 2561 2661 2618 magnus
2689 2545 2801 2600 Leo
2834 2558 2971 2615 papa
2997 2543 3051 2597 iu
3084 2550 3228 2597 tomo
3275 2537 3547 2595 catholica:
3589 2532 3695 2588 ﬁdei
3726 2530 3776 2583 ad

2257 2639 2573 2694 Flavianum
2605 2637 2778 2707 (epist.
2809 2634 2897 2700 10,
2930 2649 2979 2689 c.
3008 2631 3065 2704 5)
3097 2646 3113 2686 :
3152 2649 3172 2682 ι
3203 2629 3265 2686 Si
3306 2644 3433 2701 ergo
3473 2624 3775 2682 Christianam

2257 2729 2495 2799 suscepit
2534 2728 2713 2791 ﬁdem,
2747 2735 2803 2783 et
2831 2741 2862 2780 a
2897 2724 3286 2795 praedicatione
3316 2717 3579 2789 Evangelii
3605 2713 3674 2769 sui
3694 2724 3774 2765 non

2257 2821 2455 2878 avertit
2483 2818 2748 2883 auditum,
2784 2815 2969 2871 videat
2999 2828 3118 2884 qua:
3157 2820 3355 2867 natura
3385 2806 3622 2863 transﬁxa
3647 2800 3775 2857 clavis

2254 2910 2572 2984 pependerit
2621 2909 2677 2964 in
2723 2906 2870 2979 ligno
2906 2906 3084 2962 crucis
3108 2944 3124 2971 ,
3178 2911 3235 2958 et
3283 2909 3466 2970 aperto
3507 2912 3596 2967 per
3630 2889 3774 2984 militis

2254 2982 2496 3060 lanceam
2540 3000 2710 3055 latere
2751 2996 3021 3060 cruciﬁxi,
3052 2994 3322 3064 intelligat
3355 2991 3491 3046 unde
3515 2982 3704 3065 sanguis
3733 2987 3774 3034 et

2258 3111 2397 3166 aqua
2423 3092 2662 3158 fluxerit,
2690 3096 2750 3145 ut
2771 3088 3012 3143 Ecclesia
3037 3087 3132 3141 Dei
3160 3093 3215 3141 et
3249 3085 3462 3139 lavacro
3486 3082 3713 3150 rigaretur
3732 3080 3773 3125 et

2183 3148 2228 3213 ϐ
2259 3148 2469 3259 pdculo.
2495 3148 2694 3241 Audiat
2713 3182 2928 3238 beatum
2956 3181 3178 3236 Petrum
3204 3176 3502 3249 apostolum
3527 3148 3769 3259 pradican-

2258 3257 2366 3336 iem
2413 3278 2556 3348 quod
2583 3274 2939 3331 sanctificatio
2968 3271 3190 3340 spiritus
3216 3284 3317 3338 per
3342 3264 3678 3336 aspersionem
3702 3257 3771 3310 ﬁat

2256 3369 2534 3441 sanguinis
2555 3366 2753 3423 Christi
2782 3384 2796 3420 :
2815 3381 2916 3420 nec
2941 3360 3256 3418 transitorie
3278 3361 3419 3431 legat
3437 3355 3651 3428 ejusdem

2253 3439 2381 3518 stoli
2396 3460 2560 3517 verba
2583 3458 2844 3515 dicentis:
2871 3454 3102 3511 Scientes
3125 3452 3268 3522 quod
3290 3468 3390 3505 non
3412 3439 3770 3515 corruptibilibus

2210 3616 2217 3621 ,
2253 3560 2468 3624 argento
2497 3562 2544 3607 et
2574 3567 2707 3604 auro
2736 3546 2987 3617 redempti
3014 3545 3137 3598 estis
3166 3544 3231 3596 de
3254 3558 3391 3596 vana
3422 3547 3576 3593 vestra
3599 3541 3769 3629 conari“:

2250 3646 2451 3701 satione
2464 3636 3127 3714 paternaztritditianis,sed
3150 3636 3379 3703 pretioso
3403 3628 3635 3714 sanguine
3656 3628 3769 3714 qua“

2251 3737 2374 3807 agni
2399 3711 2793 3789 incontaminati
2820 3741 2868 3786 et
2892 3727 3213 3783 immaculati
3235 3726 3365 3781 Jesu
3386 3719 3567 3778 Christi
3589 3712 3637 3807 (ιν
3654 3711 3768 3765 Patr.

2251 3806 2297 3892 t,
2319 3825 2426 3894 l8).
2474 3823 2625 3878 Beati
2658 3836 2874 3892 quoque
2891 3818 3114 3875 Joannis
3138 3816 3368 3885 apostoli
3396 3806 3672 3867 testimonio
3686 3812 3768 3894 non

2250 3889 2469 3973 resistat
2488 3889 2718 3970 dicentis
2744 3927 2759 3967 :
2786 3889 2862 3965 Et
2893 3908 3107 3980 sanguis
3135 3906 3268 3961 Iesu
3304 3904 3429 3958 Filii
3461 3900 3549 3955 Dei
3568 3889 3768 3951 amanda!

2250 4025 2342 4063 nos
2359 4008 2422 4062 ab
2443 4007 2584 4062 omni
2603 4013 2813 4076 peccato
2841 4002 2890 4075 (I
2915 4001 3077 4056 Joan.
3106 4016 3145 4066 ι,
3167 3999 3246 4069 7).
3270 3998 3337 4052 Et
3358 3998 3543 4073 iterum
3561 4006 3574 4043 :
3592 3986 3696 4040 Hec
3711 3986 3768 4033 est

2250 4103 2465 4158 uictoria
2510 4115 2628 4171 qua:
2672 4098 2830 4152 vincit
2862 4095 3140 4159 mundum,
3177 4092 3311 4160 fides
3356 4098 3544 4143 nostra.
3581 4078 3691 4145 Quis
3713 4077 3768 4171 est

2247 4194 2336 4263 qui
2365 4192 2516 4246 vincit
2545 4190 2820 4254 mundum,
2849 4187 2950 4241 nisi
2978 4185 3066 4256 qui
3104 4184 3267 4238 credit
3297 4179 3534 4253 quoniam
3562 4172 3693 4264 Iesus
3711 4169 3767 4264 esi

2247 4280 2423 4335 Filius
2453 4280 2544 4333 Dei
2568 4280 2592 4332 ?
2618 4277 2720 4331 Hic
2743 4287 2817 4331 est
2847 4277 2936 4347 qui
2957 4274 3092 4328 venit
3117 4289 3211 4344 per
3232 4283 3420 4340 aquam
3443 4273 3490 4319 et
3515 4263 3765 4347 satlgu’"""_

2247 4371 2401 4426 Iesus
2432 4368 2673 4424 Christus
2703 4382 2721 4420 :
2759 4383 2861 4420 non
2906 4367 2962 4419 in
3006 4382 3143 4436 aqua
3173 4362 3374 4422 solum,
3403 4356 3490 4411 sed
3518 4353 3567 4406 in
3596 4358 3709 4443 aqua
3731 4344 3767 4391 9‘

2249 4464 2522 4532 sanguine.
2576 4460 2644 4514 Et
2692 4459 2907 4529 spiritus
2952 4466 3026 4511 est
3077 4456 3167 4526 qui
3222 4452 3525 4520 testiﬁcatur
3567 4443 3765 4532 quoniam

2253 4529 2489 4608 Christus
2519 4561 2593 4605 est
2623 4550 2815 4604 veritas
2853 4563 2871 4602 :
2903 4548 3028 4618 quia
3074 4554 3178 4598 tres
3207 4550 3327 4597 sunt
3357 4537 3443 4610 qui
3472 4529 3766 4618 testimonith

2250 4646 2399 4710 dant,
2427 4645 2657 4714 spiritus,
2707 4658 2865 4713 aqua,
2912 4649 2960 4693 et
3011 4635 3226 4706 sanguis
3245 4675 3260 4699 ,
3290 4643 3337 4687 et
3365 4641 3465 4685 tres
3493 4635 3637 4721 unum
3674 4612 3764 4721 tua:

2251 4738 2308 4810 (ι
2339 4704 2501 4793 Junii,
2533 4752 2586 4801 γ,
2617 4704 2707 4806 4).
2739 4704 2974 4803 Spiritus
3014 4704 3195 4798 utique
3238 4704 3767 4810 sanctiﬁcationis

2250 4802 2471 4898 sanguis
2499 4802 2907 4895 redemptionis,
2928 4831 2983 4876 et
3004 4835 3143 4889 aqua
3166 4809 3502 4886 baptismatis
3526 4823 3539 4859 :
3565 4812 3667 4871 quae
3686 4802 3765 4898 tua

2249 4891 2417 4975 unuin
2444 4925 2590 4983 sunt,
2618 4891 2978 4971 et’individua
3014 4916 3256 4973 manent,
3293 4902 3527 4969 nihilque
3552 4891 3765 4983 opm-mf

2248 4974 2331 5068 sui
2378 4974 2711 5064 connex'ione
2759 5002 3059 5072 seiungitur
3086 5014 3100 5053 :
3128 4998 3254 5068 quia
3289 4989 3544 5048 catholica
3569 4974 3763 5033 Ecclesia

2250 5102 2354 5156 hac
2386 5100 2491 5154 ﬁde
2520 5096 2672 5160 vivit,
2704 5110 2769 5150 ac
2814 5071 3062 5165 proﬁcit,
3103 5097 3166 5145 ut
3210 5089 3265 5142 in
3308 5081 3518 5140 Christo
3555 5071 3664 5127 Jcsu
3687 5071 3764 5165 11.80

2248 5193 2365 5248 sine
2389 5205 2516 5245 vera
2545 5188 2828 5245 divinitate
2854 5184 3181 5245 humanitas,
3209 5193 3308 5235 nec
3338 5176 3452 5231 sine
3476 5180 3593 5224 vera
3616 5153 3763 5253 οξθάξι·

2248 5294 2336 5339 tur
2364 5282 2696 5337 humanitate
2739 5279 3011 5334 divinitas.
3053 5294 3071 5328 ι
3108 5275 3176 5330 Et
3201 5274 3254 5327 in
3282 5263 3505 5340 epistola
3540 5255 3600 5312 ad
3635 5249 3762 5340 Tui“

2247 5337 2395 5438 bium
2420 5374 2791 5429 Asturiensem
2834 5372 3145 5442 episcopum
3171 5337 3428 5438 (σαμε-10)
3634 5337 3760 5451 ᾖξ’

2247 5467 2448 5523 minem
2476 5480 2636 5537 posse
2677 5480 2708 5519 a
2738 5437 3045 5519 cond-itione
3069 5457 3267 5515 veteris
3294 5447 3520 5509 hominis
3560 5437 3759 5537 liberat):

2247 5558 2351 5613 nisi
2364 5572 2459 5627 per
2471 5518 2866 5613 sacramentum
2886 5554 3151 5624 baptisma
3160 5551 3225 5606 tis
3236 5542 3454 5606 Christi,
3474 5539 3633 5634 in‘qllO

2245 5620 2502 5706 discretio
2526 5648 2943 5712 renascentium,
2959 5620 3177 5700 dicente
3200 5635 3480 5711 Apostolo:
3503 5620 3759 5721 01150.“???

2247 5743 2381 5797 enim
2407 5743 2458 5793 in
2471 5740 2816 5800 Christolesu
2838 5738 3087 5808 baptismi
3112 5737 3252 5793 estis.
3265 5729 3519 5787 Christum
3537 5713 3755 5771 induismv
