  <div class='ocr_page' id='page_1' title='image "/cluster/home/n/w/nwhite01/storage/ocr_20150623/125/hvd.32044015471667/194.png"; bbox 0 0 3992 6336; ppageno 0'>
   <div class='ocr_carea' id='block_1_1' title="bbox 202 397 355 473">
    <p class='ocr_par' dir='ltr' id='par_1_1' title="bbox 202 397 355 473">
     <span class='ocr_line' id='line_1_1' title="bbox 202 397 355 473; baseline 0 -19"><span class='ocrx_word' id='word_1_1' title='bbox 202 397 355 473; x_wconf 70' lang='lat' dir='ltr'><strong>3n</strong></span> 
     </span>
    </p>
   </div>
   <div class='ocr_carea' id='block_1_2' title="bbox 999 385 2717 451">
    <p class='ocr_par' dir='ltr' id='par_1_2' title="bbox 999 385 2717 451">
     <span class='ocr_line' id='line_1_2' title="bbox 999 385 2717 451; baseline -0.006 0"><span class='ocrx_word' id='word_1_2' title='bbox 999 396 1089 451; x_wconf 87' lang='lat' dir='ltr'><strong>DE</strong></span> <span class='ocrx_word' id='word_1_3' title='bbox 1124 388 1792 451; x_wconf 64' lang='lat' dir='ltr'><strong>PRJEDLSTINATIONE</strong></span> <span class='ocrx_word' id='word_1_4' title='bbox 1821 387 2276 447; x_wconf 79' lang='lat' dir='ltr'><strong>DISSERTATIO</strong></span> <span class='ocrx_word' id='word_1_5' title='bbox 2306 385 2717 446; x_wconf 80' lang='lat' dir='ltr'><strong>POSTERIOR.</strong></span> 
     </span>
    </p>
   </div>
   <div class='ocr_carea' id='block_1_3' title="bbox 3381 384 3489 443">
    <p class='ocr_par' dir='ltr' id='par_1_3' title="bbox 3381 384 3489 443">
     <span class='ocr_line' id='line_1_3' title="bbox 3381 384 3489 443; baseline 0.028 -4"><span class='ocrx_word' id='word_1_6' title='bbox 3381 384 3489 443; x_wconf 77' lang='lat'><strong>378</strong></span> 
     </span>
    </p>
   </div>
   <div class='ocr_carea' id='block_1_4' title="bbox 214 500 3491 579">
    <p class='ocr_par' dir='ltr' id='par_1_4' title="bbox 214 500 3491 579">
     <span class='ocr_line' id='line_1_4' title="bbox 214 500 3491 579; baseline -0.005 -11"><span class='ocrx_word' id='word_1_7' title='bbox 214 513 368 568; x_wconf 75' lang='lat' dir='ltr'><strong>Non</strong></span> <span class='ocrx_word' id='word_1_8' title='bbox 386 519 460 567; x_wconf 87' lang='lat' dir='ltr'><strong>est</strong></span> <span class='ocrx_word' id='word_1_9' title='bbox 482 509 722 573; x_wconf 64' lang='lat' dir='ltr'><strong>Iudaeus,</strong></span> <span class='ocrx_word' id='word_1_10' title='bbox 748 524 910 579; x_wconf 89' lang='lat' dir='ltr'><strong>neque</strong></span> <span class='ocrx_word' id='word_1_11' title='bbox 924 507 965 563; x_wconf 77' lang='grc' dir='ltr'><strong>ϐ</strong></span> <span class='ocrx_word' id='word_1_12' title='bbox 974 525 1135 563; x_wconf 73' lang='lat' dir='ltr'><strong>rtrcus</strong></span> <span class='ocrx_word' id='word_1_13' title='bbox 1157 525 1175 574; x_wconf 89' lang='lat'><strong><em>;</em></strong></span> <span class='ocrx_word' id='word_1_14' title='bbox 1200 524 1303 561; x_wconf 87' lang='lat' dir='ltr'><strong>non</strong></span> <span class='ocrx_word' id='word_1_15' title='bbox 1328 519 1400 561; x_wconf 86' lang='lat' dir='ltr'><strong>est</strong></span> <span class='ocrx_word' id='word_1_16' title='bbox 1428 521 1624 570; x_wconf 83' lang='lat' dir='ltr'><strong>servus,</strong></span> <span class='ocrx_word' id='word_1_17' title='bbox 1651 519 1814 574; x_wconf 85' lang='lat' dir='ltr'><strong>neque</strong></span> <span class='ocrx_word' id='word_1_18' title='bbox 1841 504 1888 565; x_wconf 81' lang='grc' dir='ltr'><strong>Α</strong></span> <span class='ocrx_word' id='word_1_19' title='bbox 1914 515 2160 575; x_wconf 85' lang='lat' dir='ltr'><strong>peccato.</strong></span> <span class='ocrx_word' id='word_1_20' title='bbox 2204 504 2309 559; x_wconf 90' lang='lat' dir='ltr'><strong>Sed</strong></span> <span class='ocrx_word' id='word_1_21' title='bbox 2355 505 2410 559; x_wconf 92' lang='lat' dir='ltr'><strong>in</strong></span> <span class='ocrx_word' id='word_1_22' title='bbox 2457 504 2676 559; x_wconf 81' lang='lat' dir='ltr'><strong>Christo</strong></span> <span class='ocrx_word' id='word_1_23' title='bbox 2704 501 2997 557; x_wconf 74' lang='lat' dir='ltr'><strong>similitudo</strong></span> <span class='ocrx_word' id='word_1_24' title='bbox 3017 541 3031 566; x_wconf 95' lang='lat'><strong>,</strong></span> <span class='ocrx_word' id='word_1_25' title='bbox 3072 513 3173 555; x_wconf 90' lang='lat' dir='ltr'><strong>nos</strong></span> <span class='ocrx_word' id='word_1_26' title='bbox 3218 500 3491 555; x_wconf 73' lang='lat' dir='ltr'><strong>veraciter</strong></span> 
     </span>
    </p>
   </div>
   <div class='ocr_carea' id='block_1_5' title="bbox 213 593 1814 670">
    <p class='ocr_par' dir='ltr' id='par_1_5' title="bbox 213 593 1814 670">
     <span class='ocr_line' id='line_1_5' title="bbox 213 593 1814 670; baseline -0.007 -13"><span class='ocrx_word' id='word_1_27' title='bbox 213 603 403 669; x_wconf 76' lang='lat' dir='ltr'><strong>liber;</strong></span> <span class='ocrx_word' id='word_1_28' title='bbox 445 619 549 656; x_wconf 87' lang='lat' dir='ltr'><strong>non</strong></span> <span class='ocrx_word' id='word_1_29' title='bbox 580 610 655 656; x_wconf 85' lang='lat' dir='ltr'><strong>est</strong></span> <span class='ocrx_word' id='word_1_30' title='bbox 684 599 971 663; x_wconf 80' lang='lat' dir='ltr'><strong>masculus,</strong></span> <span class='ocrx_word' id='word_1_31' title='bbox 1007 616 1166 670; x_wconf 86' lang='lat' dir='ltr'><strong>neque</strong></span> <span class='ocrx_word' id='word_1_32' title='bbox 1206 598 1421 668; x_wconf 78' lang='lat' dir='ltr'><strong>femina.</strong></span> <span class='ocrx_word' id='word_1_33' title='bbox 1456 594 1649 650; x_wconf 86' lang='lat' dir='ltr'><strong>Omnes</strong></span> <span class='ocrx_word' id='word_1_34' title='bbox 1677 593 1814 647; x_wconf 85' lang='lat' dir='ltr'><strong>enim</strong></span> 
     </span>
    </p>
   </div>
   <div class='ocr_carea' id='block_1_6' title="bbox 218 684 1811 760">
    <p class='ocr_par' dir='ltr' id='par_1_6' title="bbox 218 684 1811 760">
     <span class='ocr_line' id='line_1_6' title="bbox 218 684 1811 760; baseline -0.008 -12"><span class='ocrx_word' id='word_1_35' title='bbox 218 710 405 748; x_wconf 73' lang='lat' dir='ltr'><strong>unum</strong></span> <span class='ocrx_word' id='word_1_36' title='bbox 453 708 540 746; x_wconf 90' lang='lat' dir='ltr'><strong>vos</strong></span> <span class='ocrx_word' id='word_1_37' title='bbox 588 691 714 745; x_wconf 83' lang='lat' dir='ltr'><strong>estis</strong></span> <span class='ocrx_word' id='word_1_38' title='bbox 767 691 823 744; x_wconf 93' lang='lat' dir='ltr'><strong>in</strong></span> <span class='ocrx_word' id='word_1_39' title='bbox 871 688 1077 744; x_wconf 84' lang='lat' dir='ltr'><strong>Christo</strong></span> <span class='ocrx_word' id='word_1_40' title='bbox 1114 688 1245 743; x_wconf 86' lang='lat' dir='ltr'><strong>Jesu</strong></span> <span class='ocrx_word' id='word_1_41' title='bbox 1300 684 1455 760; x_wconf 81' lang='lat' dir='ltr'><strong>(Gal.</strong></span> <span class='ocrx_word' id='word_1_42' title='bbox 1517 701 1602 750; x_wconf 85' lang='grc' dir='ltr'><strong>ιιι,</strong></span> <span class='ocrx_word' id='word_1_43' title='bbox 1644 684 1759 753; x_wconf 78' lang='grc'><strong>27).</strong></span> <span class='ocrx_word' id='word_1_44' title='bbox 1791 701 1811 735; x_wconf 79' lang='grc' dir='ltr'><strong>ι</strong></span> 
     </span>
    </p>
   </div>
   <div class='ocr_carea' id='block_1_7' title="bbox 1920 593 3488 667">
    <p class='ocr_par' dir='ltr' id='par_1_7' title="bbox 1920 593 3488 667">
     <span class='ocr_line' id='line_1_7' title="bbox 1920 593 3488 667; baseline -0.003 -15"><span class='ocrx_word' id='word_1_45' title='bbox 1920 597 2093 653; x_wconf 90' lang='lat' dir='ltr'><strong>eidem</strong></span> <span class='ocrx_word' id='word_1_46' title='bbox 2123 597 2202 652; x_wconf 89' lang='lat' dir='ltr'><strong>rei</strong></span> <span class='ocrx_word' id='word_1_47' title='bbox 2233 597 2387 667; x_wconf 85' lang='lat' dir='ltr'><strong>cujus</strong></span> <span class='ocrx_word' id='word_1_48' title='bbox 2425 596 2515 650; x_wconf 90' lang='lat' dir='ltr'><strong>illa</strong></span> <span class='ocrx_word' id='word_1_49' title='bbox 2550 595 2715 651; x_wconf 80' lang='lat' dir='ltr'><strong>fuerit</strong></span> <span class='ocrx_word' id='word_1_50' title='bbox 2750 594 3042 650; x_wconf 70' lang='lat' dir='ltr'><strong>similitudo</strong></span> <span class='ocrx_word' id='word_1_51' title='bbox 3079 593 3392 662; x_wconf 82' lang='lat' dir='ltr'><strong>moriamur,</strong></span> <span class='ocrx_word' id='word_1_52' title='bbox 3430 598 3488 647; x_wconf 87' lang='lat' dir='ltr'><strong>et</strong></span> 
     </span>
    </p>
   </div>
   <div class='ocr_carea' id='block_1_8' title="bbox 1918 683 3486 761">
    <p class='ocr_par' dir='ltr' id='par_1_8' title="bbox 1918 683 3486 761">
     <span class='ocr_line' id='line_1_8' title="bbox 1918 683 3486 761; baseline -0.005 -16"><span class='ocrx_word' id='word_1_53' title='bbox 1918 690 2186 761; x_wconf 89' lang='lat' dir='ltr'><strong>quomodo</strong></span> <span class='ocrx_word' id='word_1_54' title='bbox 2216 689 2359 744; x_wconf 90' lang='lat' dir='ltr'><strong>illius</strong></span> <span class='ocrx_word' id='word_1_55' title='bbox 2383 704 2512 744; x_wconf 90' lang='lat' dir='ltr'><strong>vera</strong></span> <span class='ocrx_word' id='word_1_56' title='bbox 2541 702 2706 743; x_wconf 87' lang='lat' dir='ltr'><strong>carne</strong></span> <span class='ocrx_word' id='word_1_57' title='bbox 2727 701 2857 742; x_wconf 86' lang='lat' dir='ltr'><strong>vera</strong></span> <span class='ocrx_word' id='word_1_58' title='bbox 2885 700 3030 739; x_wconf 90' lang='lat' dir='ltr'><strong>mors</strong></span> <span class='ocrx_word' id='word_1_59' title='bbox 3054 684 3173 747; x_wconf 79' lang='lat' dir='ltr'><strong>fuit,</strong></span> <span class='ocrx_word' id='word_1_60' title='bbox 3204 683 3283 738; x_wconf 92' lang='lat' dir='ltr'><strong>sic</strong></span> <span class='ocrx_word' id='word_1_61' title='bbox 3312 683 3404 737; x_wconf 81' lang='lat' dir='ltr'><strong>ﬁat</strong></span> <span class='ocrx_word' id='word_1_62' title='bbox 3430 683 3486 737; x_wconf 91' lang='lat' dir='ltr'><strong>in</strong></span> 
     </span>
    </p>
   </div>
   <div class='ocr_carea' id='block_1_9' title="bbox 304 773 3487 854">
    <p class='ocr_par' dir='ltr' id='par_1_9' title="bbox 304 773 3487 854">
     <span class='ocr_line' id='line_1_9' title="bbox 304 773 3487 854; baseline -0.007 -14"><span class='ocrx_word' id='word_1_63' title='bbox 304 785 381 840; x_wconf 86' lang='grc' dir='ltr'><strong>Ει</strong></span> <span class='ocrx_word' id='word_1_64' title='bbox 407 791 629 839; x_wconf 86' lang='lat' dir='ltr'><strong>sanctus</strong></span> <span class='ocrx_word' id='word_1_65' title='bbox 651 783 981 852; x_wconf 75' lang='lat' dir='ltr'><strong>Augustinus</strong></span> <span class='ocrx_word' id='word_1_66' title='bbox 1007 782 1060 835; x_wconf 91' lang='lat' dir='ltr'><strong>in</strong></span> <span class='ocrx_word' id='word_1_67' title='bbox 1092 781 1230 835; x_wconf 88' lang='lat' dir='ltr'><strong>libro</strong></span> <span class='ocrx_word' id='word_1_68' title='bbox 1261 787 1413 835; x_wconf 81' lang='lat' dir='ltr'><strong>sexto</strong></span> <span class='ocrx_word' id='word_1_69' title='bbox 1438 785 1625 833; x_wconf 89' lang='lat' dir='ltr'><strong>contra</strong></span> <span class='ocrx_word' id='word_1_70' title='bbox 1651 774 1818 831; x_wconf 83' lang='lat' dir='ltr'><strong>Julia-</strong></span> <span class='ocrx_word' id='word_1_71' title='bbox 1915 783 2031 839; x_wconf 80' lang='lat' dir='ltr'><strong>veri</strong></span> <span class='ocrx_word' id='word_1_72' title='bbox 2052 782 2259 854; x_wconf 69' lang='lat' dir='ltr'><strong>peccati</strong></span> <span class='ocrx_word' id='word_1_73' title='bbox 2281 796 2409 836; x_wconf 79' lang='lat' dir='ltr'><strong>vera</strong></span> <span class='ocrx_word' id='word_1_74' title='bbox 2430 780 2696 835; x_wconf 77' lang='lat' dir='ltr'><strong>remissio.</strong></span> <span class='ocrx_word' id='word_1_75' title='bbox 2720 797 2747 831; x_wconf 72' lang='grc' dir='ltr'><strong>ο»</strong></span> <span class='ocrx_word' id='word_1_76' title='bbox 2774 778 2903 832; x_wconf 79' lang='lat' dir='ltr'><strong>Item</strong></span> <span class='ocrx_word' id='word_1_77' title='bbox 2928 777 2982 831; x_wconf 84' lang='lat' dir='ltr'><strong>in</strong></span> <span class='ocrx_word' id='word_1_78' title='bbox 3005 776 3195 831; x_wconf 83' lang='lat' dir='ltr'><strong>eodem</strong></span> <span class='ocrx_word' id='word_1_79' title='bbox 3216 773 3374 839; x_wconf 77' lang='lat' dir='ltr'><strong>libro,</strong></span> <span class='ocrx_word' id='word_1_80' title='bbox 3398 788 3487 829; x_wconf 77' lang='lat' dir='ltr'><strong>ca.</strong></span> 
     </span>
    </p>
   </div>
   <div class='ocr_carea' id='block_1_10' title="bbox 220 868 1813 949">
    <p class='ocr_par' dir='ltr' id='par_1_10' title="bbox 220 868 1813 949">
     <span class='ocr_line' id='line_1_10' title="bbox 220 868 1813 949; baseline -0.008 -16"><span class='ocrx_word' id='word_1_81' title='bbox 220 893 369 933; x_wconf 86' lang='lat' dir='ltr'><strong>num</strong></span> <span class='ocrx_word' id='word_1_82' title='bbox 395 882 535 949; x_wconf 87' lang='lat' dir='ltr'><strong>(cap.</strong></span> <span class='ocrx_word' id='word_1_83' title='bbox 578 875 633 933; x_wconf 73' lang='lat'><strong>8)</strong></span> <span class='ocrx_word' id='word_1_84' title='bbox 660 890 674 930; x_wconf 91' lang='lat'><strong>:</strong></span> <span class='ocrx_word' id='word_1_85' title='bbox 709 895 728 927; x_wconf 75' lang='grc' dir='ltr'>ί</span> <span class='ocrx_word' id='word_1_86' title='bbox 766 874 824 931; x_wconf 91' lang='lat' dir='ltr'><strong>Si</strong></span> <span class='ocrx_word' id='word_1_87' title='bbox 852 874 1205 930; x_wconf 80' lang='lat' dir='ltr'><strong>obliviscatur</strong></span> <span class='ocrx_word' id='word_1_88' title='bbox 1232 875 1394 929; x_wconf 88' lang='lat' dir='ltr'><strong>homo</strong></span> <span class='ocrx_word' id='word_1_89' title='bbox 1418 888 1477 927; x_wconf 89' lang='lat' dir='ltr'><strong>se</strong></span> <span class='ocrx_word' id='word_1_90' title='bbox 1502 868 1813 938; x_wconf 89' lang='lat' dir='ltr'><strong>deliquisse,</strong></span> 
     </span>
    </p>
   </div>
   <div class='ocr_carea' id='block_1_11' title="bbox 222 962 1811 1039">
    <p class='ocr_par' dir='ltr' id='par_1_11' title="bbox 222 962 1811 1039">
     <span class='ocr_line' id='line_1_11' title="bbox 222 962 1811 1039; baseline -0.004 -15"><span class='ocrx_word' id='word_1_91' title='bbox 222 983 344 1025; x_wconf 84' lang='lat' dir='ltr'><strong>nec</strong></span> <span class='ocrx_word' id='word_1_92' title='bbox 371 967 488 1039; x_wconf 87' lang='lat' dir='ltr'><strong>ejus</strong></span> <span class='ocrx_word' id='word_1_93' title='bbox 516 968 847 1024; x_wconf 73' lang='lat' dir='ltr'><strong>conscientia</strong></span> <span class='ocrx_word' id='word_1_94' title='bbox 874 967 1204 1032; x_wconf 89' lang='lat' dir='ltr'><strong>stimuletur,</strong></span> <span class='ocrx_word' id='word_1_95' title='bbox 1230 966 1322 1021; x_wconf 89' lang='lat' dir='ltr'><strong>ubi</strong></span> <span class='ocrx_word' id='word_1_96' title='bbox 1352 965 1456 1019; x_wconf 91' lang='lat' dir='ltr'><strong>erit</strong></span> <span class='ocrx_word' id='word_1_97' title='bbox 1491 972 1679 1020; x_wconf 82' lang='lat' dir='ltr'><strong>reatus</strong></span> <span class='ocrx_word' id='word_1_98' title='bbox 1704 962 1811 1030; x_wconf 89' lang='lat' dir='ltr'><strong>ille,</strong></span> 
     </span>
    </p>
   </div>
   <div class='ocr_carea' id='block_1_12' title="bbox 222 1044 1814 1133">
    <p class='ocr_par' dir='ltr' id='par_1_12' title="bbox 222 1044 1814 1133">
     <span class='ocr_line' id='line_1_12' title="bbox 222 1044 1814 1133; baseline -0.002 -18"><span class='ocrx_word' id='word_1_99' title='bbox 222 1077 399 1133; x_wconf 84' lang='lat' dir='ltr'><strong>quem</strong></span> <span class='ocrx_word' id='word_1_100' title='bbox 451 1068 765 1116; x_wconf 82' lang='lat' dir='ltr'><strong>transeunte</strong></span> <span class='ocrx_word' id='word_1_101' title='bbox 812 1044 1033 1130; x_wconf 82' lang='lat' dir='ltr'><strong>peccato</strong></span> <span class='ocrx_word' id='word_1_102' title='bbox 1078 1074 1300 1114; x_wconf 89' lang='lat' dir='ltr'><strong>manere</strong></span> <span class='ocrx_word' id='word_1_103' title='bbox 1347 1057 1595 1113; x_wconf 89' lang='lat' dir='ltr'><strong>concedis</strong></span> <span class='ocrx_word' id='word_1_104' title='bbox 1642 1057 1814 1112; x_wconf 91' lang='lat' dir='ltr'><strong>donec</strong></span> 
     </span>
    </p>
   </div>
   <div class='ocr_carea' id='block_1_13' title="bbox 222 1148 1813 1219">
    <p class='ocr_par' dir='ltr' id='par_1_13' title="bbox 222 1148 1813 1219">
     <span class='ocr_line' id='line_1_13' title="bbox 222 1148 1813 1219; baseline -0.004 -11"><span class='ocrx_word' id='word_1_105' title='bbox 222 1151 582 1208; x_wconf 85' lang='lat' dir='ltr'><strong>remittatur?</strong></span> <span class='ocrx_word' id='word_1_106' title='bbox 616 1149 731 1205; x_wconf 89' lang='lat' dir='ltr'><strong>Non</strong></span> <span class='ocrx_word' id='word_1_107' title='bbox 755 1160 838 1207; x_wconf 87' lang='lat' dir='ltr'><strong>est</strong></span> <span class='ocrx_word' id='word_1_108' title='bbox 865 1160 1013 1206; x_wconf 89' lang='lat' dir='ltr'><strong>certe</strong></span> <span class='ocrx_word' id='word_1_109' title='bbox 1043 1149 1096 1204; x_wconf 92' lang='lat' dir='ltr'><strong>in</strong></span> <span class='ocrx_word' id='word_1_110' title='bbox 1124 1163 1370 1219; x_wconf 89' lang='lat' dir='ltr'><strong>corpore,</strong></span> <span class='ocrx_word' id='word_1_111' title='bbox 1411 1148 1535 1217; x_wconf 89' lang='lat' dir='ltr'><strong>quia</strong></span> <span class='ocrx_word' id='word_1_112' title='bbox 1577 1162 1685 1202; x_wconf 92' lang='lat' dir='ltr'><strong>non</strong></span> <span class='ocrx_word' id='word_1_113' title='bbox 1729 1155 1813 1201; x_wconf 91' lang='lat' dir='ltr'><strong>est</strong></span> 
     </span>
    </p>
   </div>
   <div class='ocr_carea' id='block_1_14' title="bbox 221 1240 1813 1312">
    <p class='ocr_par' dir='ltr' id='par_1_14' title="bbox 221 1240 1813 1312">
     <span class='ocr_line' id='line_1_14' title="bbox 221 1240 1813 1312; baseline -0.003 -14"><span class='ocrx_word' id='word_1_114' title='bbox 221 1258 426 1298; x_wconf 87' lang='lat' dir='ltr'><strong>eorum</strong></span> <span class='ocrx_word' id='word_1_115' title='bbox 468 1242 859 1306; x_wconf 88' lang='lat' dir='ltr'><strong>accidentium,</strong></span> <span class='ocrx_word' id='word_1_116' title='bbox 889 1257 1009 1312; x_wconf 72' lang='lat' dir='ltr'><strong>qua:</strong></span> <span class='ocrx_word' id='word_1_117' title='bbox 1038 1241 1286 1297; x_wconf 90' lang='lat' dir='ltr'><strong>accidunt</strong></span> <span class='ocrx_word' id='word_1_118' title='bbox 1321 1240 1552 1310; x_wconf 89' lang='lat' dir='ltr'><strong>corpori.</strong></span> <span class='ocrx_word' id='word_1_119' title='bbox 1582 1240 1697 1294; x_wconf 88' lang='lat' dir='ltr'><strong>Non</strong></span> <span class='ocrx_word' id='word_1_120' title='bbox 1727 1246 1813 1294; x_wconf 88' lang='lat' dir='ltr'><strong>est</strong></span> 
     </span>
    </p>
   </div>
   <div class='ocr_carea' id='block_1_15' title="bbox 222 1329 1804 1402">
    <p class='ocr_par' dir='ltr' id='par_1_15' title="bbox 222 1329 1804 1402">
     <span class='ocr_line' id='line_1_15' title="bbox 222 1329 1804 1402; baseline 0.001 -17"><span class='ocrx_word' id='word_1_121' title='bbox 222 1332 282 1385; x_wconf 89' lang='lat' dir='ltr'><strong>in</strong></span> <span class='ocrx_word' id='word_1_122' title='bbox 313 1331 515 1397; x_wconf 90' lang='lat' dir='ltr'><strong>animo,</strong></span> <span class='ocrx_word' id='word_1_123' title='bbox 546 1331 669 1401; x_wconf 90' lang='lat' dir='ltr'><strong>quia</strong></span> <span class='ocrx_word' id='word_1_124' title='bbox 690 1329 805 1400; x_wconf 89' lang='lat' dir='ltr'><strong>ejus</strong></span> <span class='ocrx_word' id='word_1_125' title='bbox 830 1332 1149 1387; x_wconf 86' lang='lat' dir='ltr'><strong>memoriam</strong></span> <span class='ocrx_word' id='word_1_126' title='bbox 1177 1331 1337 1402; x_wconf 77' lang='lat'><strong>312</strong></span> <span class='ocrx_word' id='word_1_127' title='bbox 1364 1330 1561 1386; x_wconf 81' lang='lat' dir='ltr'><strong>delevit</strong></span> <span class='ocrx_word' id='word_1_128' title='bbox 1587 1329 1804 1385; x_wconf 88' lang='lat' dir='ltr'><strong>oblivio.</strong></span> 
     </span>
    </p>
   </div>
   <div class='ocr_carea' id='block_1_16' title="bbox 218 1420 1810 1494">
    <p class='ocr_par' dir='ltr' id='par_1_16' title="bbox 218 1420 1810 1494">
     <span class='ocr_line' id='line_1_16' title="bbox 218 1420 1810 1494; baseline 0 -17"><span class='ocrx_word' id='word_1_129' title='bbox 218 1422 297 1477; x_wconf 79' lang='lat' dir='ltr'><strong>Et</strong></span> <span class='ocrx_word' id='word_1_130' title='bbox 330 1433 509 1476; x_wconf 77' lang='lat' dir='ltr'><strong>tamen</strong></span> <span class='ocrx_word' id='word_1_131' title='bbox 542 1430 645 1477; x_wconf 90' lang='lat' dir='ltr'><strong>est.</strong></span> <span class='ocrx_word' id='word_1_132' title='bbox 675 1420 781 1477; x_wconf 88' lang='lat' dir='ltr'><strong>Ubi</strong></span> <span class='ocrx_word' id='word_1_133' title='bbox 823 1431 907 1477; x_wconf 79' lang='lat' dir='ltr'><strong>est</strong></span> <span class='ocrx_word' id='word_1_134' title='bbox 935 1422 1134 1494; x_wconf 80' lang='lat' dir='ltr'><strong>igitur?</strong></span> <span class='ocrx_word' id='word_1_135' title='bbox 1162 1437 1284 1477; x_wconf 90' lang='lat' dir='ltr'><strong>cum</strong></span> <span class='ocrx_word' id='word_1_136' title='bbox 1325 1421 1437 1490; x_wconf 90' lang='lat' dir='ltr'><strong>jam</strong></span> <span class='ocrx_word' id='word_1_137' title='bbox 1480 1421 1617 1477; x_wconf 86' lang='lat' dir='ltr'><strong>bene</strong></span> <span class='ocrx_word' id='word_1_138' title='bbox 1662 1422 1810 1477; x_wconf 83' lang='lat' dir='ltr'><strong>vivat</strong></span> 
     </span>
    </p>
   </div>
   <div class='ocr_carea' id='block_1_17' title="bbox 217 1511 1810 1584">
    <p class='ocr_par' dir='ltr' id='par_1_17' title="bbox 217 1511 1810 1584">
     <span class='ocr_line' id='line_1_17' title="bbox 217 1511 1810 1584; baseline -0.001 -14"><span class='ocrx_word' id='word_1_139' title='bbox 217 1511 394 1570; x_wconf 80' lang='lat' dir='ltr'><strong>homo</strong></span> <span class='ocrx_word' id='word_1_140' title='bbox 415 1512 547 1567; x_wconf 88' lang='lat' dir='ltr'><strong>nihil</strong></span> <span class='ocrx_word' id='word_1_141' title='bbox 569 1513 675 1568; x_wconf 84' lang='lat' dir='ltr'><strong>tale</strong></span> <span class='ocrx_word' id='word_1_142' title='bbox 690 1513 1053 1579; x_wconf 90' lang='lat' dir='ltr'><strong>committens,</strong></span> <span class='ocrx_word' id='word_1_143' title='bbox 1068 1528 1168 1569; x_wconf 88' lang='lat' dir='ltr'><strong>nec</strong></span> <span class='ocrx_word' id='word_1_144' title='bbox 1181 1513 1285 1568; x_wconf 88' lang='lat' dir='ltr'><strong>dici</strong></span> <span class='ocrx_word' id='word_1_145' title='bbox 1300 1514 1471 1584; x_wconf 82' lang='lat' dir='ltr'><strong>possit</strong></span> <span class='ocrx_word' id='word_1_146' title='bbox 1484 1528 1669 1568; x_wconf 90' lang='lat' dir='ltr'><strong>eorum</strong></span> <span class='ocrx_word' id='word_1_147' title='bbox 1683 1528 1810 1583; x_wconf 89' lang='lat' dir='ltr'><strong>pec-</strong></span> 
     </span>
    </p>
   </div>
   <div class='ocr_carea' id='block_1_18' title="bbox 216 1600 1805 1673">
    <p class='ocr_par' dir='ltr' id='par_1_18' title="bbox 216 1600 1805 1673">
     <span class='ocr_line' id='line_1_18' title="bbox 216 1600 1805 1673; baseline 0.001 -16"><span class='ocrx_word' id='word_1_148' title='bbox 216 1610 477 1657; x_wconf 83' lang='lat' dir='ltr'><strong>catorum</strong></span> <span class='ocrx_word' id='word_1_149' title='bbox 515 1600 632 1670; x_wconf 90' lang='lat' dir='ltr'><strong>ejus</strong></span> <span class='ocrx_word' id='word_1_150' title='bbox 662 1611 877 1658; x_wconf 85' lang='lat' dir='ltr'><strong>reatum</strong></span> <span class='ocrx_word' id='word_1_151' title='bbox 905 1618 1124 1659; x_wconf 89' lang='lat' dir='ltr'><strong>manere</strong></span> <span class='ocrx_word' id='word_1_152' title='bbox 1168 1617 1286 1673; x_wconf 62' lang='lat' dir='ltr'><strong>qua</strong></span> <span class='ocrx_word' id='word_1_153' title='bbox 1314 1604 1582 1668; x_wconf 87' lang='lat' dir='ltr'><strong>meminit,</strong></span> <span class='ocrx_word' id='word_1_154' title='bbox 1616 1619 1805 1659; x_wconf 88' lang='lat' dir='ltr'><strong>eorum</strong></span> 
     </span>
    </p>
   </div>
   <div class='ocr_carea' id='block_1_19' title="bbox 218 1695 1805 1771">
    <p class='ocr_par' dir='ltr' id='par_1_19' title="bbox 218 1695 1805 1771">
     <span class='ocr_line' id='line_1_19' title="bbox 218 1695 1805 1771; baseline 0.001 -22"><span class='ocrx_word' id='word_1_155' title='bbox 218 1709 359 1750; x_wconf 82' lang='lat' dir='ltr'><strong>vero</strong></span> <span class='ocrx_word' id='word_1_156' title='bbox 405 1710 529 1764; x_wconf 75' lang='lat' dir='ltr'><strong>qua:</strong></span> <span class='ocrx_word' id='word_1_157' title='bbox 558 1695 757 1751; x_wconf 90' lang='lat' dir='ltr'><strong>oblitus</strong></span> <span class='ocrx_word' id='word_1_158' title='bbox 800 1706 884 1752; x_wconf 92' lang='lat' dir='ltr'><strong>est</strong></span> <span class='ocrx_word' id='word_1_159' title='bbox 939 1712 1055 1771; x_wconf 26' lang='lat' dir='ltr'><strong>non,</strong></span> <span class='ocrx_word' id='word_1_160' title='bbox 1091 1711 1329 1752; x_wconf 89' lang='lat' dir='ltr'><strong>manere.</strong></span> <span class='ocrx_word' id='word_1_161' title='bbox 1378 1695 1561 1751; x_wconf 82' lang='lat' dir='ltr'><strong>Manet</strong></span> <span class='ocrx_word' id='word_1_162' title='bbox 1607 1696 1805 1766; x_wconf 85' lang='lat' dir='ltr'><strong>quippe</strong></span> 
     </span>
    </p>
   </div>
   <div class='ocr_carea' id='block_1_20' title="bbox 215 1786 1801 1859">
    <p class='ocr_par' dir='ltr' id='par_1_20' title="bbox 215 1786 1801 1859">
     <span class='ocr_line' id='line_1_20' title="bbox 215 1786 1801 1859; baseline 0.001 -19"><span class='ocrx_word' id='word_1_163' title='bbox 215 1790 417 1840; x_wconf 73' lang='lat' dir='ltr'><strong>eontra</strong></span> <span class='ocrx_word' id='word_1_164' title='bbox 460 1786 632 1842; x_wconf 89' lang='lat' dir='ltr'><strong>donec</strong></span> <span class='ocrx_word' id='word_1_165' title='bbox 668 1787 1033 1842; x_wconf 87' lang='lat' dir='ltr'><strong>remittantur.</strong></span> <span class='ocrx_word' id='word_1_166' title='bbox 1063 1786 1165 1842; x_wconf 89' lang='lat' dir='ltr'><strong>Ubi</strong></span> <span class='ocrx_word' id='word_1_167' title='bbox 1194 1802 1324 1859; x_wconf 86' lang='lat' dir='ltr'><strong>ergo</strong></span> <span class='ocrx_word' id='word_1_168' title='bbox 1349 1795 1554 1853; x_wconf 88' lang='lat' dir='ltr'><strong>manet,</strong></span> <span class='ocrx_word' id='word_1_169' title='bbox 1594 1787 1698 1842; x_wconf 86' lang='lat' dir='ltr'><strong>nisi</strong></span> <span class='ocrx_word' id='word_1_170' title='bbox 1746 1786 1801 1843; x_wconf 91' lang='lat' dir='ltr'><strong>in</strong></span> 
     </span>
    </p>
   </div>
   <div class='ocr_carea' id='block_1_21' title="bbox 1912 865 3487 947">
    <p class='ocr_par' dir='ltr' id='par_1_21' title="bbox 1912 865 3487 947">
     <span class='ocr_line' id='line_1_21' title="bbox 1912 865 3487 947; baseline -0.006 -17"><span class='ocrx_word' id='word_1_171' title='bbox 1912 876 2027 947; x_wconf 90' lang='lat' dir='ltr'><strong>pite</strong></span> <span class='ocrx_word' id='word_1_172' title='bbox 2057 875 2215 930; x_wconf 91' lang='lat' dir='ltr'><strong>tertio</strong></span> <span class='ocrx_word' id='word_1_173' title='bbox 2244 891 2258 928; x_wconf 94' lang='lat'><strong>:</strong></span> <span class='ocrx_word' id='word_1_174' title='bbox 2293 891 2313 925; x_wconf 87' lang='grc'><strong>‹</strong></span> <span class='ocrx_word' id='word_1_175' title='bbox 2344 872 2654 941; x_wconf 89' lang='lat' dir='ltr'><strong>Consepulti</strong></span> <span class='ocrx_word' id='word_1_176' title='bbox 2696 884 2825 939; x_wconf 87' lang='lat' dir='ltr'><strong>ergo</strong></span> <span class='ocrx_word' id='word_1_177' title='bbox 2862 869 2937 923; x_wconf 87' lang='lat' dir='ltr'><strong>illi</strong></span> <span class='ocrx_word' id='word_1_178' title='bbox 2980 883 3163 923; x_wconf 89' lang='lat' dir='ltr'><strong>sumus</strong></span> <span class='ocrx_word' id='word_1_179' title='bbox 3191 882 3290 938; x_wconf 92' lang='lat' dir='ltr'><strong>per</strong></span> <span class='ocrx_word' id='word_1_180' title='bbox 3314 865 3487 935; x_wconf 89' lang='lat' dir='ltr'><strong>bapti-</strong></span> 
     </span>
    </p>
   </div>
   <div class='ocr_carea' id='block_1_22' title="bbox 1914 957 3488 1032">
    <p class='ocr_par' dir='ltr' id='par_1_22' title="bbox 1914 957 3488 1032">
     <span class='ocr_line' id='line_1_22' title="bbox 1914 957 3488 1032; baseline -0.007 -10"><span class='ocrx_word' id='word_1_181' title='bbox 1914 981 2090 1023; x_wconf 89' lang='lat' dir='ltr'><strong>smum</strong></span> <span class='ocrx_word' id='word_1_182' title='bbox 2135 967 2189 1021; x_wconf 92' lang='lat' dir='ltr'><strong>in</strong></span> <span class='ocrx_word' id='word_1_183' title='bbox 2220 974 2475 1030; x_wconf 89' lang='lat' dir='ltr'><strong>mortem,</strong></span> <span class='ocrx_word' id='word_1_184' title='bbox 2503 979 2611 1019; x_wconf 87' lang='lat' dir='ltr'><strong>non</strong></span> <span class='ocrx_word' id='word_1_185' title='bbox 2639 963 2757 1018; x_wconf 88' lang='lat' dir='ltr'><strong>sine</strong></span> <span class='ocrx_word' id='word_1_186' title='bbox 2781 959 3056 1032; x_wconf 81' lang='lat' dir='ltr'><strong>parvulis:</strong></span> <span class='ocrx_word' id='word_1_187' title='bbox 3085 958 3338 1030; x_wconf 86' lang='lat' dir='ltr'><strong>quoniam</strong></span> <span class='ocrx_word' id='word_1_188' title='bbox 3365 957 3488 1026; x_wconf 84' lang='lat' dir='ltr'><strong>qui-</strong></span> 
     </span>
    </p>
   </div>
   <div class='ocr_carea' id='block_1_23' title="bbox 1914 1047 3485 1129">
    <p class='ocr_par' dir='ltr' id='par_1_23' title="bbox 1914 1047 3485 1129">
     <span class='ocr_line' id='line_1_23' title="bbox 1914 1047 3485 1129; baseline -0.01 -14"><span class='ocrx_word' id='word_1_189' title='bbox 1914 1073 2126 1129; x_wconf 91' lang='lat' dir='ltr'><strong>cunque</strong></span> <span class='ocrx_word' id='word_1_190' title='bbox 2150 1049 2416 1127; x_wconf 83' lang='lat' dir='ltr'><strong>baptizati</strong></span> <span class='ocrx_word' id='word_1_191' title='bbox 2445 1068 2631 1109; x_wconf 88' lang='lat' dir='ltr'><strong>sumus</strong></span> <span class='ocrx_word' id='word_1_192' title='bbox 2676 1053 2730 1107; x_wconf 90' lang='lat' dir='ltr'><strong>in</strong></span> <span class='ocrx_word' id='word_1_193' title='bbox 2768 1051 2984 1106; x_wconf 85' lang='lat' dir='ltr'><strong>Christo</strong></span> <span class='ocrx_word' id='word_1_194' title='bbox 3021 1047 3169 1113; x_wconf 75' lang='lat' dir='ltr'><strong>Jesu,</strong></span> <span class='ocrx_word' id='word_1_195' title='bbox 3212 1047 3269 1102; x_wconf 91' lang='lat' dir='ltr'><strong>in</strong></span> <span class='ocrx_word' id='word_1_196' title='bbox 3308 1054 3485 1101; x_wconf 87' lang='lat' dir='ltr'><strong>morte</strong></span> 
     </span>
    </p>
   </div>
   <div class='ocr_carea' id='block_1_24' title="bbox 1913 1134 3484 1219">
    <p class='ocr_par' dir='ltr' id='par_1_24' title="bbox 1913 1134 3484 1219">
     <span class='ocr_line' id='line_1_24' title="bbox 1913 1134 3484 1219; baseline -0.011 -15"><span class='ocrx_word' id='word_1_197' title='bbox 1913 1149 2056 1204; x_wconf 89' lang='lat' dir='ltr'><strong>illius</strong></span> <span class='ocrx_word' id='word_1_198' title='bbox 2099 1147 2356 1219; x_wconf 82' lang='lat' dir='ltr'><strong>baptizati</strong></span> <span class='ocrx_word' id='word_1_199' title='bbox 2402 1160 2589 1201; x_wconf 90' lang='lat' dir='ltr'><strong>sumus</strong></span> <span class='ocrx_word' id='word_1_200' title='bbox 2618 1161 2632 1198; x_wconf 94' lang='lat'><strong>:</strong></span> <span class='ocrx_word' id='word_1_201' title='bbox 2661 1153 2722 1197; x_wconf 90' lang='lat' dir='ltr'><strong>ut</strong></span> <span class='ocrx_word' id='word_1_202' title='bbox 2757 1138 3206 1211; x_wconf 86' lang='lat' dir='ltr'><strong>quemadmodum</strong></span> <span class='ocrx_word' id='word_1_203' title='bbox 3246 1134 3484 1190; x_wconf 81' lang='lat' dir='ltr'><strong>surrexit</strong></span> 
     </span>
    </p>
   </div>
   <div class='ocr_carea' id='block_1_25' title="bbox 1911 1227 3484 1308">
    <p class='ocr_par' dir='ltr' id='par_1_25' title="bbox 1911 1227 3484 1308">
     <span class='ocr_line' id='line_1_25' title="bbox 1911 1227 3484 1308; baseline -0.013 -8"><span class='ocrx_word' id='word_1_204' title='bbox 1911 1243 2155 1300; x_wconf 87' lang='lat' dir='ltr'><strong>Christus</strong></span> <span class='ocrx_word' id='word_1_205' title='bbox 2179 1256 2210 1296; x_wconf 90' lang='lat' dir='ltr'><strong>a</strong></span> <span class='ocrx_word' id='word_1_206' title='bbox 2235 1241 2460 1296; x_wconf 90' lang='lat' dir='ltr'><strong>mortuis</strong></span> <span class='ocrx_word' id='word_1_207' title='bbox 2479 1254 2576 1308; x_wconf 88' lang='lat' dir='ltr'><strong>per</strong></span> <span class='ocrx_word' id='word_1_208' title='bbox 2596 1236 2819 1307; x_wconf 80' lang='lat' dir='ltr'><strong>gloriam</strong></span> <span class='ocrx_word' id='word_1_209' title='bbox 2837 1232 3032 1296; x_wconf 87' lang='lat' dir='ltr'><strong>Patris,</strong></span> <span class='ocrx_word' id='word_1_210' title='bbox 3048 1230 3120 1285; x_wconf 91' lang='lat' dir='ltr'><strong>ita</strong></span> <span class='ocrx_word' id='word_1_211' title='bbox 3135 1238 3190 1284; x_wconf 90' lang='lat' dir='ltr'><strong>et</strong></span> <span class='ocrx_word' id='word_1_212' title='bbox 3206 1244 3304 1283; x_wconf 86' lang='lat' dir='ltr'><strong>nos</strong></span> <span class='ocrx_word' id='word_1_213' title='bbox 3317 1227 3369 1280; x_wconf 93' lang='lat' dir='ltr'><strong>in</strong></span> <span class='ocrx_word' id='word_1_214' title='bbox 3387 1241 3484 1281; x_wconf 91' lang='lat' dir='ltr'><strong>no-</strong></span> 
     </span>
    </p>
   </div>
   <div class='ocr_carea' id='block_1_26' title="bbox 1907 1316 3482 1404">
    <p class='ocr_par' dir='ltr' id='par_1_26' title="bbox 1907 1316 3482 1404">
     <span class='ocr_line' id='line_1_26' title="bbox 1907 1316 3482 1404; baseline -0.015 -14"><span class='ocrx_word' id='word_1_215' title='bbox 1907 1335 2075 1390; x_wconf 82' lang='lat' dir='ltr'><strong>vitate</strong></span> <span class='ocrx_word' id='word_1_216' title='bbox 2097 1333 2258 1404; x_wconf 79' lang='lat'><strong>313</strong></span> <span class='ocrx_word' id='word_1_217' title='bbox 2283 1332 2407 1385; x_wconf 73' lang='lat' dir='ltr'><strong>vitae</strong></span> <span class='ocrx_word' id='word_1_218' title='bbox 2420 1327 2772 1384; x_wconf 79' lang='lat' dir='ltr'><strong>ambulemus.</strong></span> <span class='ocrx_word' id='word_1_219' title='bbox 2790 1322 2845 1378; x_wconf 90' lang='lat' dir='ltr'><strong>Si</strong></span> <span class='ocrx_word' id='word_1_220' title='bbox 2861 1322 3005 1377; x_wconf 88' lang='lat' dir='ltr'><strong>enim</strong></span> <span class='ocrx_word' id='word_1_221' title='bbox 3019 1316 3365 1389; x_wconf 90' lang='lat' dir='ltr'><strong>complantati</strong></span> <span class='ocrx_word' id='word_1_222' title='bbox 3391 1330 3482 1404; x_wconf 86' lang='lat' dir='ltr'><strong>su-</strong></span> 
     </span>
    </p>
   </div>
   <div class='ocr_carea' id='block_1_27' title="bbox 1909 1401 3482 1485">
    <p class='ocr_par' dir='ltr' id='par_1_27' title="bbox 1909 1401 3482 1485">
     <span class='ocr_line' id='line_1_27' title="bbox 1909 1401 3482 1485; baseline -0.015 -5"><span class='ocrx_word' id='word_1_223' title='bbox 1909 1439 2029 1479; x_wconf 89' lang='lat' dir='ltr'><strong>mus</strong></span> <span class='ocrx_word' id='word_1_224' title='bbox 2057 1401 2393 1479; x_wconf 79' lang='lat' dir='ltr'><strong>similitudini</strong></span> <span class='ocrx_word' id='word_1_225' title='bbox 2431 1419 2623 1473; x_wconf 88' lang='lat' dir='ltr'><strong>mortis</strong></span> <span class='ocrx_word' id='word_1_226' title='bbox 2658 1416 2808 1485; x_wconf 86' lang='lat' dir='ltr'><strong>ejus,</strong></span> <span class='ocrx_word' id='word_1_227' title='bbox 2849 1412 2927 1467; x_wconf 89' lang='lat' dir='ltr'><strong>sic</strong></span> <span class='ocrx_word' id='word_1_228' title='bbox 2970 1419 3027 1465; x_wconf 91' lang='lat' dir='ltr'><strong>et</strong></span> <span class='ocrx_word' id='word_1_229' title='bbox 3068 1401 3482 1463; x_wconf 81' lang='lat' dir='ltr'><strong>resurrectionis</strong></span> 
     </span>
    </p>
   </div>
   <div class='ocr_carea' id='block_1_28' title="bbox 1907 1493 3480 1575">
    <p class='ocr_par' dir='ltr' id='par_1_28' title="bbox 1907 1493 3480 1575">
     <span class='ocr_line' id='line_1_28' title="bbox 1907 1493 3480 1575; baseline -0.017 -4"><span class='ocrx_word' id='word_1_230' title='bbox 1907 1515 2128 1571; x_wconf 88' lang='lat' dir='ltr'><strong>erimus.</strong></span> <span class='ocrx_word' id='word_1_231' title='bbox 2156 1512 2257 1568; x_wconf 84' lang='lat' dir='ltr'><strong>Hic</strong></span> <span class='ocrx_word' id='word_1_232' title='bbox 2284 1519 2411 1568; x_wconf 92' lang='lat' dir='ltr'><strong>sunt</strong></span> <span class='ocrx_word' id='word_1_233' title='bbox 2435 1518 2487 1565; x_wconf 91' lang='lat' dir='ltr'><strong>et</strong></span> <span class='ocrx_word' id='word_1_234' title='bbox 2510 1507 2717 1575; x_wconf 80' lang='lat' dir='ltr'><strong>parvuli</strong></span> <span class='ocrx_word' id='word_1_235' title='bbox 2752 1499 3099 1572; x_wconf 87' lang='lat' dir='ltr'><strong>complantati</strong></span> <span class='ocrx_word' id='word_1_236' title='bbox 3140 1493 3480 1553; x_wconf 80' lang='lat' dir='ltr'><strong>similitudini</strong></span> 
     </span>
    </p>
   </div>
   <div class='ocr_carea' id='block_1_29' title="bbox 1906 1586 3478 1675">
    <p class='ocr_par' dir='ltr' id='par_1_29' title="bbox 1906 1586 3478 1675">
     <span class='ocr_line' id='line_1_29' title="bbox 1906 1586 3478 1675; baseline -0.016 -14"><span class='ocrx_word' id='word_1_237' title='bbox 1906 1606 2099 1661; x_wconf 86' lang='lat' dir='ltr'><strong>mortis</strong></span> <span class='ocrx_word' id='word_1_238' title='bbox 2138 1603 2291 1675; x_wconf 87' lang='lat' dir='ltr'><strong>ejus:</strong></span> <span class='ocrx_word' id='word_1_239' title='bbox 2321 1602 2425 1657; x_wconf 87' lang='lat' dir='ltr'><strong>hoc</strong></span> <span class='ocrx_word' id='word_1_240' title='bbox 2453 1600 2598 1655; x_wconf 91' lang='lat' dir='ltr'><strong>enim</strong></span> <span class='ocrx_word' id='word_1_241' title='bbox 2630 1598 2695 1652; x_wconf 88' lang='lat' dir='ltr'><strong>ad</strong></span> <span class='ocrx_word' id='word_1_242' title='bbox 2723 1609 2911 1651; x_wconf 88' lang='lat' dir='ltr'><strong>omnes</strong></span> <span class='ocrx_word' id='word_1_243' title='bbox 2938 1591 3200 1662; x_wconf 86' lang='lat' dir='ltr'><strong>pertinet,</strong></span> <span class='ocrx_word' id='word_1_244' title='bbox 3243 1586 3478 1657; x_wconf 86' lang='lat' dir='ltr'><strong>quicun-</strong></span> 
     </span>
    </p>
   </div>
   <div class='ocr_carea' id='block_1_30' title="bbox 1906 1680 3477 1771">
    <p class='ocr_par' dir='ltr' id='par_1_30' title="bbox 1906 1680 3477 1771">
     <span class='ocr_line' id='line_1_30' title="bbox 1906 1680 3477 1771; baseline -0.015 -16"><span class='ocrx_word' id='word_1_245' title='bbox 1906 1716 2010 1771; x_wconf 90' lang='lat' dir='ltr'><strong>que</strong></span> <span class='ocrx_word' id='word_1_246' title='bbox 2034 1697 2292 1770; x_wconf 83' lang='lat' dir='ltr'><strong>baptizati</strong></span> <span class='ocrx_word' id='word_1_247' title='bbox 2329 1710 2516 1752; x_wconf 83' lang='lat' dir='ltr'><strong>sumus</strong></span> <span class='ocrx_word' id='word_1_248' title='bbox 2553 1694 2607 1748; x_wconf 92' lang='lat' dir='ltr'><strong>in</strong></span> <span class='ocrx_word' id='word_1_249' title='bbox 2648 1690 2864 1746; x_wconf 82' lang='lat' dir='ltr'><strong>Christo</strong></span> <span class='ocrx_word' id='word_1_250' title='bbox 2889 1684 3056 1741; x_wconf 86' lang='lat' dir='ltr'><strong>Jesu:</strong></span> <span class='ocrx_word' id='word_1_251' title='bbox 3097 1684 3202 1738; x_wconf 86' lang='lat' dir='ltr'><strong>hoc</strong></span> <span class='ocrx_word' id='word_1_252' title='bbox 3242 1680 3477 1735; x_wconf 84' lang='lat' dir='ltr'><strong>scientes</strong></span> 
     </span>
    </p>
   </div>
   <div class='ocr_carea' id='block_1_31' title="bbox 1907 1771 3478 1865">
    <p class='ocr_par' dir='ltr' id='par_1_31' title="bbox 1907 1771 3478 1865">
     <span class='ocr_line' id='line_1_31' title="bbox 1907 1771 3478 1865; baseline -0.017 -17"><span class='ocrx_word' id='word_1_253' title='bbox 1907 1793 2034 1865; x_wconf 86' lang='lat' dir='ltr'><strong>quia</strong></span> <span class='ocrx_word' id='word_1_254' title='bbox 2062 1800 2216 1847; x_wconf 88' lang='lat' dir='ltr'><strong>vetus</strong></span> <span class='ocrx_word' id='word_1_255' title='bbox 2245 1790 2408 1845; x_wconf 90' lang='lat' dir='ltr'><strong>homo</strong></span> <span class='ocrx_word' id='word_1_256' title='bbox 2441 1794 2625 1842; x_wconf 89' lang='lat' dir='ltr'><strong>noster</strong></span> <span class='ocrx_word' id='word_1_257' title='bbox 2665 1781 2826 1839; x_wconf 88' lang='lat' dir='ltr'><strong>simul</strong></span> <span class='ocrx_word' id='word_1_258' title='bbox 2866 1777 3157 1835; x_wconf 81' lang='lat' dir='ltr'><strong>cruciﬁxus</strong></span> <span class='ocrx_word' id='word_1_259' title='bbox 3192 1781 3295 1827; x_wconf 90' lang='lat' dir='ltr'><strong>est.</strong></span> <span class='ocrx_word' id='word_1_260' title='bbox 3334 1771 3478 1837; x_wconf 89' lang='lat' dir='ltr'><strong>Quo-</strong></span> 
     </span>
    </p>
   </div>
   <div class='ocr_carea' id='block_1_32' title="bbox 213 1862 3477 1948">
    <p class='ocr_par' dir='ltr' id='par_1_32' title="bbox 213 1862 3477 1948">
     <span class='ocr_line' id='line_1_32' title="bbox 213 1862 3477 1948; baseline -0.01 -2"><span class='ocrx_word' id='word_1_261' title='bbox 213 1874 455 1930; x_wconf 70' lang='lat' dir='ltr'><strong>°¢°um$</strong></span> <span class='ocrx_word' id='word_1_262' title='bbox 496 1875 705 1946; x_wconf 70' lang='lat' dir='ltr'><strong>legibus</strong></span> <span class='ocrx_word' id='word_1_263' title='bbox 734 1876 860 1939; x_wconf 66' lang='lat' dir='ltr'><strong>Dei»</strong></span> <span class='ocrx_word' id='word_1_264' title='bbox 890 1891 1013 1947; x_wconf 60' lang='lat' dir='ltr'><strong>quae</strong></span> <span class='ocrx_word' id='word_1_265' title='bbox 1041 1878 1359 1948; x_wconf 70' lang='grc' dir='ltr'><strong>εοιιεετίριω</strong></span> <span class='ocrx_word' id='word_1_266' title='bbox 1388 1885 1514 1932; x_wconf 63' lang='lat' dir='ltr'><strong>sunt</strong></span> <span class='ocrx_word' id='word_1_267' title='bbox 1536 1877 1800 1946; x_wconf 74' lang='lat' dir='ltr'><strong>&#39;IUOdam-</strong></span> <span class='ocrx_word' id='word_1_268' title='bbox 1829 1872 1878 1933; x_wconf 84' lang='grc' dir='ltr'><strong>Β</strong></span> <span class='ocrx_word' id='word_1_269' title='bbox 1904 1862 2025 1940; x_wconf 79' lang='lat' dir='ltr'><strong>rum</strong></span> <span class='ocrx_word' id='word_1_270' title='bbox 2050 1895 2208 1939; x_wconf 89' lang='lat' dir='ltr'><strong>vetus</strong></span> <span class='ocrx_word' id='word_1_271' title='bbox 2234 1882 2419 1947; x_wconf 83' lang='lat' dir='ltr'><strong>homo,</strong></span> <span class='ocrx_word' id='word_1_272' title='bbox 2450 1878 2553 1933; x_wconf 89' lang='lat' dir='ltr'><strong>nisi</strong></span> <span class='ocrx_word' id='word_1_273' title='bbox 2590 1876 2896 1947; x_wconf 85' lang='lat' dir='ltr'><strong>quicunque</strong></span> <span class='ocrx_word' id='word_1_274' title='bbox 2924 1866 3180 1939; x_wconf 84' lang='lat' dir='ltr'><strong>baptizati</strong></span> <span class='ocrx_word' id='word_1_275' title='bbox 3207 1878 3394 1919; x_wconf 90' lang='lat' dir='ltr'><strong>sumus</strong></span> <span class='ocrx_word' id='word_1_276' title='bbox 3420 1862 3477 1915; x_wconf 92' lang='lat' dir='ltr'><strong>in</strong></span> 
     </span>
    </p>
   </div>
   <div class='ocr_carea' id='block_1_33' title="bbox 215 1963 1803 2037">
    <p class='ocr_par' dir='ltr' id='par_1_33' title="bbox 215 1963 1803 2037">
     <span class='ocr_line' id='line_1_33' title="bbox 215 1963 1803 2037; baseline 0.003 -19"><span class='ocrx_word' id='word_1_277' title='bbox 215 1964 385 2019; x_wconf 89' lang='lat' dir='ltr'><strong>modo</strong></span> <span class='ocrx_word' id='word_1_278' title='bbox 416 1963 471 2018; x_wconf 89' lang='lat' dir='ltr'><strong>in</strong></span> <span class='ocrx_word' id='word_1_279' title='bbox 516 1965 789 2021; x_wconf 90' lang='lat' dir='ltr'><strong>mentibus</strong></span> <span class='ocrx_word' id='word_1_280' title='bbox 814 1966 1146 2036; x_wconf 74' lang='lat' dir='ltr'><strong>angelorum.</strong></span> <span class='ocrx_word' id='word_1_281' title='bbox 1188 1975 1247 2022; x_wconf 92' lang='lat' dir='ltr'><strong>ut</strong></span> <span class='ocrx_word' id='word_1_282' title='bbox 1275 1966 1420 2021; x_wconf 88' lang='lat' dir='ltr'><strong>nulla</strong></span> <span class='ocrx_word' id='word_1_283' title='bbox 1449 1967 1521 2022; x_wconf 87' lang='lat' dir='ltr'><strong>sit</strong></span> <span class='ocrx_word' id='word_1_284' title='bbox 1546 1967 1803 2037; x_wconf 83' lang='lat' dir='ltr'><strong>iniquitas</strong></span> 
     </span>
    </p>
   </div>
   <div class='ocr_carea' id='block_1_34' title="bbox 215 2053 1803 2127">
    <p class='ocr_par' dir='ltr' id='par_1_34' title="bbox 215 2053 1803 2127">
     <span class='ocr_line' id='line_1_34' title="bbox 215 2053 1803 2127; baseline 0.003 -20"><span class='ocrx_word' id='word_1_285' title='bbox 215 2053 514 2123; x_wconf 87' lang='lat' dir='ltr'><strong>impunita,</strong></span> <span class='ocrx_word' id='word_1_286' title='bbox 540 2053 644 2108; x_wconf 91' lang='lat' dir='ltr'><strong>nisi</strong></span> <span class='ocrx_word' id='word_1_287' title='bbox 669 2069 832 2125; x_wconf 90' lang='lat' dir='ltr'><strong>quam</strong></span> <span class='ocrx_word' id='word_1_288' title='bbox 861 2056 1080 2124; x_wconf 82' lang='lat' dir='ltr'><strong>sanguis</strong></span> <span class='ocrx_word' id='word_1_289' title='bbox 1108 2054 1420 2112; x_wconf 85' lang='lat' dir='ltr'><strong>Mediatoris</strong></span> <span class='ocrx_word' id='word_1_290' title='bbox 1461 2056 1803 2127; x_wconf 80' lang='lat' dir='ltr'><strong>expiaverit?</strong></span> 
     </span>
    </p>
   </div>
   <div class='ocr_carea' id='block_1_35' title="bbox 213 2144 1799 2219">
    <p class='ocr_par' dir='ltr' id='par_1_35' title="bbox 213 2144 1799 2219">
     <span class='ocr_line' id='line_1_35' title="bbox 213 2144 1799 2219; baseline 0.004 -20"><span class='ocrx_word' id='word_1_291' title='bbox 213 2144 390 2215; x_wconf 89' lang='lat' dir='ltr'><strong>Cujus</strong></span> <span class='ocrx_word' id='word_1_292' title='bbox 435 2145 591 2214; x_wconf 88' lang='lat' dir='ltr'><strong>signo</strong></span> <span class='ocrx_word' id='word_1_293' title='bbox 637 2147 815 2202; x_wconf 90' lang='lat' dir='ltr'><strong>crucis</strong></span> <span class='ocrx_word' id='word_1_294' title='bbox 857 2159 1208 2203; x_wconf 90' lang='lat' dir='ltr'><strong>consecratur</strong></span> <span class='ocrx_word' id='word_1_295' title='bbox 1239 2148 1378 2204; x_wconf 91' lang='lat' dir='ltr'><strong>unda</strong></span> <span class='ocrx_word' id='word_1_296' title='bbox 1426 2149 1799 2219; x_wconf 89' lang='lat' dir='ltr'><strong>baptismatis,</strong></span> 
     </span>
    </p>
   </div>
   <div class='ocr_carea' id='block_1_36' title="bbox 210 2236 1799 2312">
    <p class='ocr_par' dir='ltr' id='par_1_36' title="bbox 210 2236 1799 2312">
     <span class='ocr_line' id='line_1_36' title="bbox 210 2236 1799 2312; baseline 0.004 -21"><span class='ocrx_word' id='word_1_297' title='bbox 210 2247 278 2292; x_wconf 88' lang='lat' dir='ltr'><strong>ut</strong></span> <span class='ocrx_word' id='word_1_298' title='bbox 316 2253 386 2293; x_wconf 86' lang='lat' dir='ltr'><strong>ea</strong></span> <span class='ocrx_word' id='word_1_299' title='bbox 414 2236 652 2293; x_wconf 84' lang='lat' dir='ltr'><strong>diluatur</strong></span> <span class='ocrx_word' id='word_1_300' title='bbox 679 2249 861 2295; x_wconf 89' lang='lat' dir='ltr'><strong>reatus</strong></span> <span class='ocrx_word' id='word_1_301' title='bbox 893 2247 1146 2310; x_wconf 81' lang='lat' dir='ltr'><strong>tanquam</strong></span> <span class='ocrx_word' id='word_1_302' title='bbox 1189 2242 1243 2295; x_wconf 93' lang='lat' dir='ltr'><strong>in</strong></span> <span class='ocrx_word' id='word_1_303' title='bbox 1275 2242 1633 2312; x_wconf 88' lang='lat' dir='ltr'><strong>chirographo</strong></span> <span class='ocrx_word' id='word_1_304' title='bbox 1661 2243 1799 2297; x_wconf 89' lang='lat' dir='ltr'><strong>scri-</strong></span> 
     </span>
    </p>
   </div>
   <div class='ocr_carea' id='block_1_37' title="bbox 209 2329 1800 2405">
    <p class='ocr_par' dir='ltr' id='par_1_37' title="bbox 209 2329 1800 2405">
     <span class='ocr_line' id='line_1_37' title="bbox 209 2329 1800 2405; baseline 0.004 -21"><span class='ocrx_word' id='word_1_305' title='bbox 209 2338 346 2399; x_wconf 84' lang='lat' dir='ltr'><strong>ptus</strong></span> <span class='ocrx_word' id='word_1_306' title='bbox 368 2329 425 2382; x_wconf 88' lang='lat' dir='ltr'><strong>in</strong></span> <span class='ocrx_word' id='word_1_307' title='bbox 447 2329 637 2384; x_wconf 84' lang='lat' dir='ltr'><strong>notitia</strong></span> <span class='ocrx_word' id='word_1_308' title='bbox 660 2329 983 2401; x_wconf 90' lang='lat' dir='ltr'><strong>spiritalium</strong></span> <span class='ocrx_word' id='word_1_309' title='bbox 1004 2340 1352 2402; x_wconf 88' lang='lat' dir='ltr'><strong>potestatum,</strong></span> <span class='ocrx_word' id='word_1_310' title='bbox 1368 2349 1465 2403; x_wconf 90' lang='lat' dir='ltr'><strong>per</strong></span> <span class='ocrx_word' id='word_1_311' title='bbox 1486 2349 1619 2405; x_wconf 88' lang='lat' dir='ltr'><strong>quas</strong></span> <span class='ocrx_word' id='word_1_312' title='bbox 1642 2349 1800 2404; x_wconf 74' lang='lat' dir='ltr'><strong>pmna</strong></span> 
     </span>
    </p>
   </div>
   <div class='ocr_carea' id='block_1_38' title="bbox 210 2421 1800 2496">
    <p class='ocr_par' dir='ltr' id='par_1_38' title="bbox 210 2421 1800 2496">
     <span class='ocr_line' id='line_1_38' title="bbox 210 2421 1800 2496; baseline 0.005 -22"><span class='ocrx_word' id='word_1_313' title='bbox 210 2421 458 2490; x_wconf 76' lang='lat' dir='ltr'><strong>exigitur</strong></span> <span class='ocrx_word' id='word_1_314' title='bbox 499 2431 863 2491; x_wconf 90' lang='lat' dir='ltr'><strong>peccatorum.</strong></span> <span class='ocrx_word' id='word_1_315' title='bbox 909 2423 1047 2480; x_wconf 86' lang='lat' dir='ltr'><strong>lluie</strong></span> <span class='ocrx_word' id='word_1_316' title='bbox 1091 2426 1451 2496; x_wconf 85' lang='lat' dir='ltr'><strong>chirographo</strong></span> <span class='ocrx_word' id='word_1_317' title='bbox 1500 2437 1800 2482; x_wconf 88' lang='lat' dir='ltr'><strong>nascuntur</strong></span> 
     </span>
    </p>
   </div>
   <div class='ocr_carea' id='block_1_39' title="bbox 211 2511 1795 2583">
    <p class='ocr_par' dir='ltr' id='par_1_39' title="bbox 211 2511 1795 2583">
     <span class='ocr_line' id='line_1_39' title="bbox 211 2511 1795 2583; baseline 0.003 -18"><span class='ocrx_word' id='word_1_318' title='bbox 211 2511 441 2568; x_wconf 83' lang='lat' dir='ltr'><strong>obnoxii</strong></span> <span class='ocrx_word' id='word_1_319' title='bbox 479 2528 667 2570; x_wconf 88' lang='lat' dir='ltr'><strong>onmes</strong></span> <span class='ocrx_word' id='word_1_320' title='bbox 706 2514 762 2568; x_wconf 92' lang='lat' dir='ltr'><strong>in</strong></span> <span class='ocrx_word' id='word_1_321' title='bbox 807 2529 970 2570; x_wconf 91' lang='lat' dir='ltr'><strong>carne</strong></span> <span class='ocrx_word' id='word_1_322' title='bbox 1011 2515 1078 2571; x_wconf 90' lang='lat' dir='ltr'><strong>de</strong></span> <span class='ocrx_word' id='word_1_323' title='bbox 1122 2514 1291 2572; x_wconf 84' lang='lat' dir='ltr'><strong>carne</strong></span> <span class='ocrx_word' id='word_1_324' title='bbox 1334 2517 1626 2572; x_wconf 90' lang='lat' dir='ltr'><strong>carnaliter</strong></span> <span class='ocrx_word' id='word_1_325' title='bbox 1661 2518 1795 2583; x_wconf 88' lang='lat' dir='ltr'><strong>nati,</strong></span> 
     </span>
    </p>
   </div>
   <div class='ocr_carea' id='block_1_40' title="bbox 209 2602 1799 2677">
    <p class='ocr_par' dir='ltr' id='par_1_40' title="bbox 209 2602 1799 2677">
     <span class='ocr_line' id='line_1_40' title="bbox 209 2602 1799 2677; baseline 0.004 -21"><span class='ocrx_word' id='word_1_326' title='bbox 209 2602 336 2673; x_wconf 87' lang='lat' dir='ltr'><strong>ejus</strong></span> <span class='ocrx_word' id='word_1_327' title='bbox 372 2603 441 2657; x_wconf 91' lang='lat' dir='ltr'><strong>ab</strong></span> <span class='ocrx_word' id='word_1_328' title='bbox 467 2603 569 2658; x_wconf 89' lang='lat' dir='ltr'><strong>hoc</strong></span> <span class='ocrx_word' id='word_1_329' title='bbox 598 2604 777 2659; x_wconf 86' lang='lat' dir='ltr'><strong>debito</strong></span> <span class='ocrx_word' id='word_1_330' title='bbox 802 2606 1067 2676; x_wconf 88' lang='lat' dir='ltr'><strong>sanguine</strong></span> <span class='ocrx_word' id='word_1_331' title='bbox 1105 2607 1390 2673; x_wconf 87' lang='lat' dir='ltr'><strong>liberandi,</strong></span> <span class='ocrx_word' id='word_1_332' title='bbox 1417 2607 1508 2677; x_wconf 92' lang='lat' dir='ltr'><strong>qui</strong></span> <span class='ocrx_word' id='word_1_333' title='bbox 1539 2607 1594 2661; x_wconf 90' lang='lat' dir='ltr'><strong>in</strong></span> <span class='ocrx_word' id='word_1_334' title='bbox 1630 2622 1799 2663; x_wconf 88' lang='lat' dir='ltr'><strong>carne</strong></span> 
     </span>
    </p>
   </div>
   <div class='ocr_carea' id='block_1_41' title="bbox 209 2694 1799 2768">
    <p class='ocr_par' dir='ltr' id='par_1_41' title="bbox 209 2694 1799 2768">
     <span class='ocr_line' id='line_1_41' title="bbox 209 2694 1799 2768; baseline 0.004 -22"><span class='ocrx_word' id='word_1_335' title='bbox 209 2694 435 2763; x_wconf 83' lang='lat' dir='ltr'><strong>quidem</strong></span> <span class='ocrx_word' id='word_1_336' title='bbox 464 2701 521 2749; x_wconf 90' lang='lat' dir='ltr'><strong>et</strong></span> <span class='ocrx_word' id='word_1_337' title='bbox 548 2694 616 2750; x_wconf 93' lang='lat' dir='ltr'><strong>de</strong></span> <span class='ocrx_word' id='word_1_338' title='bbox 655 2709 839 2761; x_wconf 90' lang='lat' dir='ltr'><strong>carne,</strong></span> <span class='ocrx_word' id='word_1_339' title='bbox 868 2712 973 2750; x_wconf 89' lang='lat' dir='ltr'><strong>non</strong></span> <span class='ocrx_word' id='word_1_340' title='bbox 1015 2707 1193 2752; x_wconf 90' lang='lat' dir='ltr'><strong>tamen</strong></span> <span class='ocrx_word' id='word_1_341' title='bbox 1219 2697 1530 2765; x_wconf 86' lang='lat' dir='ltr'><strong>carnaliter,</strong></span> <span class='ocrx_word' id='word_1_342' title='bbox 1562 2699 1656 2753; x_wconf 92' lang='lat' dir='ltr'><strong>sed</strong></span> <span class='ocrx_word' id='word_1_343' title='bbox 1683 2697 1799 2768; x_wconf 81' lang='lat' dir='ltr'><strong>spi-</strong></span> 
     </span>
    </p>
   </div>
   <div class='ocr_carea' id='block_1_42' title="bbox 209 2786 1798 2859">
    <p class='ocr_par' dir='ltr' id='par_1_42' title="bbox 209 2786 1798 2859">
     <span class='ocr_line' id='line_1_42' title="bbox 209 2786 1798 2859; baseline 0.003 -19"><span class='ocrx_word' id='word_1_344' title='bbox 209 2786 454 2841; x_wconf 81' lang='lat' dir='ltr'><strong>ritaliter</strong></span> <span class='ocrx_word' id='word_1_345' title='bbox 481 2794 638 2842; x_wconf 89' lang='lat' dir='ltr'><strong>natus</strong></span> <span class='ocrx_word' id='word_1_346' title='bbox 666 2795 770 2842; x_wconf 89' lang='lat' dir='ltr'><strong>est.</strong></span> <span class='ocrx_word' id='word_1_347' title='bbox 796 2787 965 2843; x_wconf 87' lang='lat' dir='ltr'><strong>Natus</strong></span> <span class='ocrx_word' id='word_1_348' title='bbox 991 2798 1077 2845; x_wconf 89' lang='lat' dir='ltr'><strong>est</strong></span> <span class='ocrx_word' id='word_1_349' title='bbox 1105 2790 1249 2844; x_wconf 89' lang='lat' dir='ltr'><strong>enim</strong></span> <span class='ocrx_word' id='word_1_350' title='bbox 1278 2791 1346 2845; x_wconf 90' lang='lat' dir='ltr'><strong>de</strong></span> <span class='ocrx_word' id='word_1_351' title='bbox 1375 2788 1577 2859; x_wconf 89' lang='lat' dir='ltr'><strong>Spiritu</strong></span> <span class='ocrx_word' id='word_1_352' title='bbox 1607 2799 1798 2845; x_wconf 88' lang='lat' dir='ltr'><strong>sancto</strong></span> 
     </span>
    </p>
   </div>
   <div class='ocr_carea' id='block_1_43' title="bbox 209 2878 1799 2952">
    <p class='ocr_par' dir='ltr' id='par_1_43' title="bbox 209 2878 1799 2952">
     <span class='ocr_line' id='line_1_43' title="bbox 209 2878 1799 2952; baseline 0.003 -19"><span class='ocrx_word' id='word_1_353' title='bbox 209 2884 272 2933; x_wconf 84' lang='lat' dir='ltr'><strong>et</strong></span> <span class='ocrx_word' id='word_1_354' title='bbox 292 2878 521 2949; x_wconf 72' lang='lat' dir='ltr'><strong>Virgine</strong></span> <span class='ocrx_word' id='word_1_355' title='bbox 546 2878 712 2934; x_wconf 78' lang='lat' dir='ltr'><strong>Maria</strong></span> <span class='ocrx_word' id='word_1_356' title='bbox 739 2899 752 2935; x_wconf 95' lang='lat'><strong>:</strong></span> <span class='ocrx_word' id='word_1_357' title='bbox 778 2879 846 2938; x_wconf 90' lang='lat' dir='ltr'><strong>de</strong></span> <span class='ocrx_word' id='word_1_358' title='bbox 870 2880 1073 2952; x_wconf 86' lang='lat' dir='ltr'><strong>Spiritu</strong></span> <span class='ocrx_word' id='word_1_359' title='bbox 1100 2882 1307 2939; x_wconf 88' lang='lat' dir='ltr'><strong>scilicet</strong></span> <span class='ocrx_word' id='word_1_360' title='bbox 1326 2893 1534 2947; x_wconf 90' lang='lat' dir='ltr'><strong>sancto,</strong></span> <span class='ocrx_word' id='word_1_361' title='bbox 1563 2899 1631 2938; x_wconf 91' lang='lat' dir='ltr'><strong>ne</strong></span> <span class='ocrx_word' id='word_1_362' title='bbox 1656 2891 1799 2939; x_wconf 87' lang='lat' dir='ltr'><strong>esset</strong></span> 
     </span>
    </p>
   </div>
   <div class='ocr_carea' id='block_1_44' title="bbox 210 2970 1798 3044">
    <p class='ocr_par' dir='ltr' id='par_1_44' title="bbox 210 2970 1798 3044">
     <span class='ocr_line' id='line_1_44' title="bbox 210 2970 1798 3044; baseline 0.002 -19"><span class='ocrx_word' id='word_1_363' title='bbox 210 2970 273 3025; x_wconf 86' lang='lat' dir='ltr'><strong>in</strong></span> <span class='ocrx_word' id='word_1_364' title='bbox 314 2970 410 3026; x_wconf 90' lang='lat' dir='ltr'><strong>illo</strong></span> <span class='ocrx_word' id='word_1_365' title='bbox 458 2985 587 3026; x_wconf 87' lang='lat' dir='ltr'><strong>caro</strong></span> <span class='ocrx_word' id='word_1_366' title='bbox 628 2973 836 3041; x_wconf 88' lang='lat' dir='ltr'><strong>peccati</strong></span> <span class='ocrx_word' id='word_1_367' title='bbox 868 2992 882 3027; x_wconf 93' lang='lat'><strong>:</strong></span> <span class='ocrx_word' id='word_1_368' title='bbox 913 2988 980 3028; x_wconf 80' lang='lat' dir='ltr'><strong>ex</strong></span> <span class='ocrx_word' id='word_1_369' title='bbox 1027 2973 1247 3044; x_wconf 77' lang='lat' dir='ltr'><strong>Virgine</strong></span> <span class='ocrx_word' id='word_1_370' title='bbox 1289 2982 1468 3029; x_wconf 86' lang='lat' dir='ltr'><strong>autem</strong></span> <span class='ocrx_word' id='word_1_371' title='bbox 1503 2973 1689 3038; x_wconf 77' lang='lat' dir='ltr'><strong>Maria,</strong></span> <span class='ocrx_word' id='word_1_372' title='bbox 1735 2982 1798 3028; x_wconf 86' lang='lat' dir='ltr'><strong>ut</strong></span> 
     </span>
    </p>
   </div>
   <div class='ocr_carea' id='block_1_45' title="bbox 207 3063 1796 3135">
    <p class='ocr_par' dir='ltr' id='par_1_45' title="bbox 207 3063 1796 3135">
     <span class='ocr_line' id='line_1_45' title="bbox 207 3063 1796 3135; baseline 0 -17"><span class='ocrx_word' id='word_1_373' title='bbox 207 3073 362 3118; x_wconf 79' lang='lat' dir='ltr'><strong>esset</strong></span> <span class='ocrx_word' id='word_1_374' title='bbox 390 3063 449 3118; x_wconf 91' lang='lat' dir='ltr'><strong>in</strong></span> <span class='ocrx_word' id='word_1_375' title='bbox 479 3063 571 3119; x_wconf 91' lang='lat' dir='ltr'><strong>illo</strong></span> <span class='ocrx_word' id='word_1_376' title='bbox 597 3064 892 3120; x_wconf 85' lang='lat' dir='ltr'><strong>similitudo</strong></span> <span class='ocrx_word' id='word_1_377' title='bbox 933 3065 1111 3119; x_wconf 90' lang='lat' dir='ltr'><strong>carnis</strong></span> <span class='ocrx_word' id='word_1_378' title='bbox 1134 3064 1363 3135; x_wconf 87' lang='lat' dir='ltr'><strong>peccati.</strong></span> <span class='ocrx_word' id='word_1_379' title='bbox 1395 3065 1521 3120; x_wconf 86' lang='lat' dir='ltr'><strong>Ideo</strong></span> <span class='ocrx_word' id='word_1_380' title='bbox 1560 3064 1635 3119; x_wconf 92' lang='lat' dir='ltr'><strong>illi</strong></span> <span class='ocrx_word' id='word_1_381' title='bbox 1675 3064 1796 3119; x_wconf 89' lang='lat' dir='ltr'><strong>chi-</strong></span> 
     </span>
    </p>
   </div>
   <div class='ocr_carea' id='block_1_46' title="bbox 205 3156 1796 3227">
    <p class='ocr_par' dir='ltr' id='par_1_46' title="bbox 205 3156 1796 3227">
     <span class='ocr_line' id='line_1_46' title="bbox 205 3156 1796 3227; baseline 0.001 -17"><span class='ocrx_word' id='word_1_382' title='bbox 205 3156 489 3227; x_wconf 75' lang='lat' dir='ltr'><strong>rographo</strong></span> <span class='ocrx_word' id='word_1_383' title='bbox 519 3172 626 3211; x_wconf 91' lang='lat' dir='ltr'><strong>non</strong></span> <span class='ocrx_word' id='word_1_384' title='bbox 669 3158 823 3212; x_wconf 81' lang='lat' dir='ltr'><strong>venit</strong></span> <span class='ocrx_word' id='word_1_385' title='bbox 857 3158 1147 3223; x_wconf 77' lang='lat' dir='ltr'><strong>obnoxius,</strong></span> <span class='ocrx_word' id='word_1_386' title='bbox 1175 3164 1231 3212; x_wconf 87' lang='lat' dir='ltr'><strong>et</strong></span> <span class='ocrx_word' id='word_1_387' title='bbox 1274 3157 1343 3213; x_wconf 89' lang='lat' dir='ltr'><strong>ab</strong></span> <span class='ocrx_word' id='word_1_388' title='bbox 1385 3156 1476 3212; x_wconf 88' lang='lat' dir='ltr'><strong>illo</strong></span> <span class='ocrx_word' id='word_1_389' title='bbox 1517 3157 1674 3212; x_wconf 84' lang='lat' dir='ltr'><strong>solvit</strong></span> <span class='ocrx_word' id='word_1_390' title='bbox 1700 3158 1796 3211; x_wconf 88' lang='lat' dir='ltr'><strong>ob-</strong></span> 
     </span>
    </p>
   </div>
   <div class='ocr_carea' id='block_1_47' title="bbox 208 3246 1792 3320">
    <p class='ocr_par' dir='ltr' id='par_1_47' title="bbox 208 3246 1792 3320">
     <span class='ocr_line' id='line_1_47' title="bbox 208 3246 1792 3320; baseline -0.002 -18"><span class='ocrx_word' id='word_1_391' title='bbox 208 3247 460 3302; x_wconf 64' lang='lat' dir='ltr'><strong>noxios.»</strong></span> <span class='ocrx_word' id='word_1_392' title='bbox 490 3246 556 3301; x_wconf 88' lang='lat' dir='ltr'><strong>Et</strong></span> <span class='ocrx_word' id='word_1_393' title='bbox 577 3247 705 3301; x_wconf 90' lang='lat' dir='ltr'><strong>item</strong></span> <span class='ocrx_word' id='word_1_394' title='bbox 732 3247 794 3320; x_wconf 4' lang='lat' dir='ltr'><strong>in,</strong></span> <span class='ocrx_word' id='word_1_395' title='bbox 817 3248 1004 3303; x_wconf 87' lang='lat' dir='ltr'><strong>eodem</strong></span> <span class='ocrx_word' id='word_1_396' title='bbox 1028 3249 1166 3304; x_wconf 91' lang='lat' dir='ltr'><strong>libro</strong></span> <span class='ocrx_word' id='word_1_397' title='bbox 1191 3266 1204 3303; x_wconf 92' lang='lat'><strong>:</strong></span> <span class='ocrx_word' id='word_1_398' title='bbox 1235 3266 1254 3300; x_wconf 74' lang='grc' dir='ltr'><strong>ι</strong></span> <span class='ocrx_word' id='word_1_399' title='bbox 1291 3247 1598 3319; x_wconf 83' lang='lat' dir='ltr'><strong>Quicunque</strong></span> <span class='ocrx_word' id='word_1_400' title='bbox 1621 3246 1792 3316; x_wconf 83' lang='lat' dir='ltr'><strong>bapti-</strong></span> 
     </span>
    </p>
   </div>
   <div class='ocr_carea' id='block_1_48' title="bbox 211 3340 1794 3413">
    <p class='ocr_par' dir='ltr' id='par_1_48' title="bbox 211 3340 1794 3413">
     <span class='ocr_line' id='line_1_48' title="bbox 211 3340 1794 3413; baseline 0 -20"><span class='ocrx_word' id='word_1_401' title='bbox 211 3340 322 3394; x_wconf 69' lang='grc' dir='ltr'><strong>ιαιὶ</strong></span> <span class='ocrx_word' id='word_1_402' title='bbox 353 3356 535 3394; x_wconf 74' lang='lat' dir='ltr'><strong>sumus</strong></span> <span class='ocrx_word' id='word_1_403' title='bbox 577 3340 636 3393; x_wconf 85' lang='lat' dir='ltr'><strong>in</strong></span> <span class='ocrx_word' id='word_1_404' title='bbox 680 3341 886 3397; x_wconf 82' lang='lat' dir='ltr'><strong>Christo</strong></span> <span class='ocrx_word' id='word_1_405' title='bbox 914 3341 1077 3406; x_wconf 77' lang='lat' dir='ltr'><strong>Iesu,</strong></span> <span class='ocrx_word' id='word_1_406' title='bbox 1107 3343 1161 3395; x_wconf 88' lang='lat' dir='ltr'><strong>in</strong></span> <span class='ocrx_word' id='word_1_407' title='bbox 1205 3352 1369 3396; x_wconf 85' lang='lat' dir='ltr'><strong>morte</strong></span> <span class='ocrx_word' id='word_1_408' title='bbox 1402 3342 1516 3413; x_wconf 80' lang='lat' dir='ltr'><strong>ejus</strong></span> <span class='ocrx_word' id='word_1_409' title='bbox 1546 3340 1794 3409; x_wconf 71' lang='lat' dir='ltr'><strong>baptismi</strong></span> 
     </span>
    </p>
   </div>
   <div class='ocr_carea' id='block_1_49' title="bbox 211 3429 1791 3504">
    <p class='ocr_par' dir='ltr' id='par_1_49' title="bbox 211 3429 1791 3504">
     <span class='ocr_line' id='line_1_49' title="bbox 211 3429 1791 3504; baseline -0.001 -19"><span class='ocrx_word' id='word_1_410' title='bbox 211 3447 397 3485; x_wconf 76' lang='lat' dir='ltr'><strong>sumus</strong></span> <span class='ocrx_word' id='word_1_411' title='bbox 422 3429 607 3502; x_wconf 81' lang='lat' dir='ltr'><strong>(Rom.</strong></span> <span class='ocrx_word' id='word_1_412' title='bbox 643 3447 721 3499; x_wconf 77' lang='lat' dir='ltr'><strong>vr,</strong></span> <span class='ocrx_word' id='word_1_413' title='bbox 751 3432 806 3504; x_wconf 75' lang='grc' dir='ltr'><strong>ὅ)</strong></span> <span class='ocrx_word' id='word_1_414' title='bbox 834 3450 849 3487; x_wconf 91' lang='lat'><strong>:</strong></span> <span class='ocrx_word' id='word_1_415' title='bbox 874 3432 1116 3489; x_wconf 74' lang='lat' dir='ltr'><strong>dicendo</strong></span> <span class='ocrx_word' id='word_1_416' title='bbox 1164 3433 1309 3488; x_wconf 79' lang='lat' dir='ltr'><strong>enirn</strong></span> <span class='ocrx_word' id='word_1_417' title='bbox 1337 3432 1649 3503; x_wconf 83' lang='lat' dir='ltr'><strong>quicunque,</strong></span> <span class='ocrx_word' id='word_1_418' title='bbox 1685 3446 1791 3484; x_wconf 92' lang='lat' dir='ltr'><strong>non</strong></span> 
     </span>
    </p>
   </div>
   <div class='ocr_carea' id='block_1_50' title="bbox 207 3517 1792 3590">
    <p class='ocr_par' dir='ltr' id='par_1_50' title="bbox 207 3517 1792 3590">
     <span class='ocr_line' id='line_1_50' title="bbox 207 3517 1792 3590; baseline -0.001 -17"><span class='ocrx_word' id='word_1_419' title='bbox 207 3520 403 3589; x_wconf 89' lang='lat' dir='ltr'><strong>utique</strong></span> <span class='ocrx_word' id='word_1_420' title='bbox 448 3519 701 3589; x_wconf 87' lang='lat' dir='ltr'><strong>parvulos</strong></span> <span class='ocrx_word' id='word_1_421' title='bbox 741 3518 871 3575; x_wconf 76' lang='lat' dir='ltr'><strong>fecit</strong></span> <span class='ocrx_word' id='word_1_422' title='bbox 913 3529 1184 3590; x_wconf 85' lang='lat' dir='ltr'><strong>exceptos.</strong></span> <span class='ocrx_word' id='word_1_423' title='bbox 1219 3519 1357 3587; x_wconf 85' lang='lat' dir='ltr'><strong>Quid</strong></span> <span class='ocrx_word' id='word_1_424' title='bbox 1391 3527 1475 3575; x_wconf 91' lang='lat' dir='ltr'><strong>est</strong></span> <span class='ocrx_word' id='word_1_425' title='bbox 1503 3526 1686 3572; x_wconf 89' lang='lat' dir='ltr'><strong>autem</strong></span> <span class='ocrx_word' id='word_1_426' title='bbox 1736 3517 1792 3572; x_wconf 90' lang='lat' dir='ltr'><strong>in</strong></span> 
     </span>
    </p>
   </div>
   <div class='ocr_carea' id='block_1_51' title="bbox 208 3609 1793 3693">
    <p class='ocr_par' dir='ltr' id='par_1_51' title="bbox 208 3609 1793 3693">
     <span class='ocr_line' id='line_1_51' title="bbox 208 3609 1793 3693; baseline -0.003 -27"><span class='ocrx_word' id='word_1_427' title='bbox 208 3619 391 3666; x_wconf 83' lang='lat' dir='ltr'><strong>morte</strong></span> <span class='ocrx_word' id='word_1_428' title='bbox 433 3610 637 3666; x_wconf 86' lang='lat' dir='ltr'><strong>Christi</strong></span> <span class='ocrx_word' id='word_1_429' title='bbox 678 3611 975 3681; x_wconf 87' lang='lat' dir='ltr'><strong>baptizari,</strong></span> <span class='ocrx_word' id='word_1_430' title='bbox 1009 3611 1111 3666; x_wconf 90' lang='lat' dir='ltr'><strong>nisi</strong></span> <span class='ocrx_word' id='word_1_431' title='bbox 1152 3621 1375 3693; x_wconf 72' lang='lat' dir='ltr'><strong>peccato</strong></span> <span class='ocrx_word' id='word_1_432' title='bbox 1418 3611 1597 3664; x_wconf 84' lang='lat' dir='ltr'><strong>mori?</strong></span> <span class='ocrx_word' id='word_1_433' title='bbox 1641 3609 1793 3664; x_wconf 88' lang='lat' dir='ltr'><strong>Unde</strong></span> 
     </span>
    </p>
   </div>
   <div class='ocr_carea' id='block_1_52' title="bbox 208 3701 1793 3773">
    <p class='ocr_par' dir='ltr' id='par_1_52' title="bbox 208 3701 1793 3773">
     <span class='ocr_line' id='line_1_52' title="bbox 208 3701 1793 3773; baseline -0.004 -13"><span class='ocrx_word' id='word_1_434' title='bbox 208 3704 379 3760; x_wconf 86' lang='lat' dir='ltr'><strong>etiam</strong></span> <span class='ocrx_word' id='word_1_435' title='bbox 402 3702 470 3758; x_wconf 86' lang='lat' dir='ltr'><strong>de</strong></span> <span class='ocrx_word' id='word_1_436' title='bbox 498 3704 614 3773; x_wconf 87' lang='lat' dir='ltr'><strong>ipso</strong></span> <span class='ocrx_word' id='word_1_437' title='bbox 655 3701 795 3757; x_wconf 85' lang='lat' dir='ltr'><strong>idem</strong></span> <span class='ocrx_word' id='word_1_438' title='bbox 820 3703 926 3758; x_wconf 88' lang='lat' dir='ltr'><strong>alio</strong></span> <span class='ocrx_word' id='word_1_439' title='bbox 952 3703 1070 3757; x_wconf 91' lang='lat' dir='ltr'><strong>loco</strong></span> <span class='ocrx_word' id='word_1_440' title='bbox 1097 3702 1230 3757; x_wconf 83' lang='lat' dir='ltr'><strong>dicit</strong></span> <span class='ocrx_word' id='word_1_441' title='bbox 1261 3719 1273 3755; x_wconf 92' lang='lat'><strong>:</strong></span> <span class='ocrx_word' id='word_1_442' title='bbox 1302 3701 1457 3768; x_wconf 84' lang='lat' dir='ltr'><strong>Quod</strong></span> <span class='ocrx_word' id='word_1_443' title='bbox 1484 3702 1621 3755; x_wconf 83' lang='lat' dir='ltr'><strong>enim</strong></span> <span class='ocrx_word' id='word_1_444' title='bbox 1650 3716 1793 3753; x_wconf 81' lang='lat' dir='ltr'><strong>mor-</strong></span> 
     </span>
    </p>
   </div>
   <div class='ocr_carea' id='block_1_53' title="bbox 207 3790 1785 3862">
    <p class='ocr_par' dir='ltr' id='par_1_53' title="bbox 207 3790 1785 3862">
     <span class='ocr_line' id='line_1_53' title="bbox 207 3790 1785 3862; baseline -0.003 -14"><span class='ocrx_word' id='word_1_445' title='bbox 207 3803 336 3848; x_wconf 76' lang='lat' dir='ltr'><strong>tuus</strong></span> <span class='ocrx_word' id='word_1_446' title='bbox 375 3801 450 3848; x_wconf 85' lang='lat' dir='ltr'><strong>est</strong></span> <span class='ocrx_word' id='word_1_447' title='bbox 496 3803 727 3862; x_wconf 84' lang='lat' dir='ltr'><strong>peccato,</strong></span> <span class='ocrx_word' id='word_1_448' title='bbox 773 3801 1013 3847; x_wconf 88' lang='lat' dir='ltr'><strong>mortuus</strong></span> <span class='ocrx_word' id='word_1_449' title='bbox 1041 3801 1116 3847; x_wconf 85' lang='lat' dir='ltr'><strong>est</strong></span> <span class='ocrx_word' id='word_1_450' title='bbox 1151 3791 1308 3847; x_wconf 83' lang='lat' dir='ltr'><strong>semel</strong></span> <span class='ocrx_word' id='word_1_451' title='bbox 1339 3792 1518 3861; x_wconf 84' lang='lat' dir='ltr'><strong>(Rom.</strong></span> <span class='ocrx_word' id='word_1_452' title='bbox 1559 3807 1633 3856; x_wconf 81' lang='lat' dir='ltr'><strong>vr,</strong></span> <span class='ocrx_word' id='word_1_453' title='bbox 1676 3790 1785 3861; x_wconf 89' lang='lat' dir='ltr'><strong>l0).</strong></span> 
     </span>
    </p>
   </div>
   <div class='ocr_carea' id='block_1_54' title="bbox 208 3882 1789 3953">
    <p class='ocr_par' dir='ltr' id='par_1_54' title="bbox 208 3882 1789 3953">
     <span class='ocr_line' id='line_1_54' title="bbox 208 3882 1789 3953; baseline -0.003 -15"><span class='ocrx_word' id='word_1_454' title='bbox 208 3883 368 3952; x_wconf 85' lang='lat' dir='ltr'><strong>Quod</strong></span> <span class='ocrx_word' id='word_1_455' title='bbox 394 3884 581 3951; x_wconf 85' lang='lat' dir='ltr'><strong>utique</strong></span> <span class='ocrx_word' id='word_1_456' title='bbox 611 3882 815 3938; x_wconf 86' lang='lat' dir='ltr'><strong>dictum</strong></span> <span class='ocrx_word' id='word_1_457' title='bbox 853 3892 935 3939; x_wconf 91' lang='lat' dir='ltr'><strong>est</strong></span> <span class='ocrx_word' id='word_1_458' title='bbox 967 3891 1188 3953; x_wconf 88' lang='lat' dir='ltr'><strong>propter</strong></span> <span class='ocrx_word' id='word_1_459' title='bbox 1224 3882 1627 3937; x_wconf 89' lang='lat' dir='ltr'><strong>similitudinem</strong></span> <span class='ocrx_word' id='word_1_460' title='bbox 1669 3896 1789 3934; x_wconf 85' lang='lat' dir='ltr'><strong>car-</strong></span> 
     </span>
    </p>
   </div>
   <div class='ocr_carea' id='block_1_55' title="bbox 208 3972 1789 4045">
    <p class='ocr_par' dir='ltr' id='par_1_55' title="bbox 208 3972 1789 4045">
     <span class='ocr_line' id='line_1_55' title="bbox 208 3972 1789 4045; baseline -0.002 -17"><span class='ocrx_word' id='word_1_461' title='bbox 208 3976 297 4029; x_wconf 82' lang='lat' dir='ltr'><strong>nis</strong></span> <span class='ocrx_word' id='word_1_462' title='bbox 324 3974 557 4045; x_wconf 89' lang='lat' dir='ltr'><strong>peccati,</strong></span> <span class='ocrx_word' id='word_1_463' title='bbox 586 3981 805 4043; x_wconf 89' lang='lat' dir='ltr'><strong>propter</strong></span> <span class='ocrx_word' id='word_1_464' title='bbox 828 3975 968 4045; x_wconf 89' lang='lat' dir='ltr'><strong>quod</strong></span> <span class='ocrx_word' id='word_1_465' title='bbox 994 3982 1049 4029; x_wconf 91' lang='lat' dir='ltr'><strong>et</strong></span> <span class='ocrx_word' id='word_1_466' title='bbox 1075 3988 1327 4043; x_wconf 91' lang='lat' dir='ltr'><strong>magnum</strong></span> <span class='ocrx_word' id='word_1_467' title='bbox 1359 3972 1673 4042; x_wconf 86' lang='lat' dir='ltr'><strong>mysterium</strong></span> <span class='ocrx_word' id='word_1_468' title='bbox 1705 3978 1789 4026; x_wconf 87' lang='lat' dir='ltr'><strong>est</strong></span> 
     </span>
    </p>
   </div>
   <div class='ocr_carea' id='block_1_56' title="bbox 207 4063 1786 4134">
    <p class='ocr_par' dir='ltr' id='par_1_56' title="bbox 207 4063 1786 4134">
     <span class='ocr_line' id='line_1_56' title="bbox 207 4063 1786 4134; baseline -0.003 -14"><span class='ocrx_word' id='word_1_469' title='bbox 207 4066 393 4122; x_wconf 91' lang='lat' dir='ltr'><strong>crucis</strong></span> <span class='ocrx_word' id='word_1_470' title='bbox 421 4064 555 4134; x_wconf 87' lang='lat' dir='ltr'><strong>ejus,</strong></span> <span class='ocrx_word' id='word_1_471' title='bbox 597 4065 686 4120; x_wconf 88' lang='lat' dir='ltr'><strong>ubi</strong></span> <span class='ocrx_word' id='word_1_472' title='bbox 723 4067 782 4119; x_wconf 88' lang='lat' dir='ltr'><strong>et</strong></span> <span class='ocrx_word' id='word_1_473' title='bbox 816 4074 972 4120; x_wconf 83' lang='lat' dir='ltr'><strong>vetus</strong></span> <span class='ocrx_word' id='word_1_474' title='bbox 1000 4065 1167 4119; x_wconf 88' lang='lat' dir='ltr'><strong>homo</strong></span> <span class='ocrx_word' id='word_1_475' title='bbox 1204 4073 1390 4118; x_wconf 90' lang='lat' dir='ltr'><strong>noster</strong></span> <span class='ocrx_word' id='word_1_476' title='bbox 1415 4063 1573 4118; x_wconf 91' lang='lat' dir='ltr'><strong>simul</strong></span> <span class='ocrx_word' id='word_1_477' title='bbox 1607 4063 1786 4117; x_wconf 86' lang='lat' dir='ltr'><strong>cruci-</strong></span> 
     </span>
    </p>
   </div>
   <div class='ocr_carea' id='block_1_57' title="bbox 206 4150 1784 4223">
    <p class='ocr_par' dir='ltr' id='par_1_57' title="bbox 206 4150 1784 4223">
     <span class='ocr_line' id='line_1_57' title="bbox 206 4150 1784 4223; baseline -0.003 -12"><span class='ocrx_word' id='word_1_478' title='bbox 206 4157 351 4211; x_wconf 81' lang='lat' dir='ltr'><strong>ﬁxus</strong></span> <span class='ocrx_word' id='word_1_479' title='bbox 378 4164 481 4220; x_wconf 86' lang='lat' dir='ltr'><strong>est,</strong></span> <span class='ocrx_word' id='word_1_480' title='bbox 528 4165 590 4209; x_wconf 89' lang='lat' dir='ltr'><strong>ut</strong></span> <span class='ocrx_word' id='word_1_481' title='bbox 633 4162 924 4210; x_wconf 88' lang='lat' dir='ltr'><strong>evacuetur</strong></span> <span class='ocrx_word' id='word_1_482' title='bbox 962 4169 1156 4223; x_wconf 88' lang='lat' dir='ltr'><strong>corpus</strong></span> <span class='ocrx_word' id='word_1_483' title='bbox 1188 4151 1415 4223; x_wconf 88' lang='lat' dir='ltr'><strong>peccati.</strong></span> <span class='ocrx_word' id='word_1_484' title='bbox 1460 4150 1516 4206; x_wconf 90' lang='lat' dir='ltr'><strong>Si</strong></span> <span class='ocrx_word' id='word_1_485' title='bbox 1556 4166 1684 4220; x_wconf 81' lang='lat' dir='ltr'><strong>ergo</strong></span> <span class='ocrx_word' id='word_1_486' title='bbox 1731 4153 1784 4206; x_wconf 89' lang='lat' dir='ltr'><strong>in</strong></span> 
     </span>
    </p>
   </div>
   <div class='ocr_carea' id='block_1_58' title="bbox 204 4223 1785 4317">
    <p class='ocr_par' dir='ltr' id='par_1_58' title="bbox 204 4223 1785 4317">
     <span class='ocr_line' id='line_1_58' title="bbox 204 4223 1785 4317; baseline -0.004 -15"><span class='ocrx_word' id='word_1_487' title='bbox 204 4245 428 4302; x_wconf 90' lang='lat' dir='ltr'><strong>Christo</strong></span> <span class='ocrx_word' id='word_1_488' title='bbox 452 4246 661 4317; x_wconf 87' lang='lat' dir='ltr'><strong>parvuli</strong></span> <span class='ocrx_word' id='word_1_489' title='bbox 686 4246 1048 4317; x_wconf 86' lang='lat' dir='ltr'><strong>baptizantur,</strong></span> <span class='ocrx_word' id='word_1_490' title='bbox 1083 4246 1135 4299; x_wconf 94' lang='lat' dir='ltr'><strong>in</strong></span> <span class='ocrx_word' id='word_1_491' title='bbox 1167 4252 1337 4299; x_wconf 86' lang='lat' dir='ltr'><strong>morte</strong></span> <span class='ocrx_word' id='word_1_492' title='bbox 1366 4243 1482 4314; x_wconf 89' lang='lat' dir='ltr'><strong>ejus</strong></span> <span class='ocrx_word' id='word_1_493' title='bbox 1507 4223 1785 4311; x_wconf 77' lang='lat' dir='ltr'><strong>baptizan—</strong></span> 
     </span>
    </p>
   </div>
   <div class='ocr_carea' id='block_1_59' title="bbox 204 4335 1783 4407">
    <p class='ocr_par' dir='ltr' id='par_1_59' title="bbox 204 4335 1783 4407">
     <span class='ocr_line' id='line_1_59' title="bbox 204 4335 1783 4407; baseline -0.004 -13"><span class='ocrx_word' id='word_1_494' title='bbox 204 4350 320 4394; x_wconf 89' lang='lat' dir='ltr'><strong>tur.</strong></span> <span class='ocrx_word' id='word_1_495' title='bbox 371 4338 558 4394; x_wconf 80' lang='lat' dir='ltr'><strong>Mortis</strong></span> <span class='ocrx_word' id='word_1_496' title='bbox 603 4336 720 4407; x_wconf 88' lang='lat' dir='ltr'><strong>ejus</strong></span> <span class='ocrx_word' id='word_1_497' title='bbox 772 4337 1113 4394; x_wconf 90' lang='lat' dir='ltr'><strong>similitudini</strong></span> <span class='ocrx_word' id='word_1_498' title='bbox 1158 4335 1509 4406; x_wconf 88' lang='lat' dir='ltr'><strong>complantati</strong></span> <span class='ocrx_word' id='word_1_499' title='bbox 1561 4342 1783 4404; x_wconf 87' lang='lat' dir='ltr'><strong>peccato</strong></span> 
     </span>
    </p>
   </div>
   <div class='ocr_carea' id='block_1_60' title="bbox 203 4426 1781 4498">
    <p class='ocr_par' dir='ltr' id='par_1_60' title="bbox 203 4426 1781 4498">
     <span class='ocr_line' id='line_1_60' title="bbox 203 4426 1781 4498; baseline -0.004 -15"><span class='ocrx_word' id='word_1_500' title='bbox 203 4429 395 4498; x_wconf 88' lang='lat' dir='ltr'><strong>utique</strong></span> <span class='ocrx_word' id='word_1_501' title='bbox 431 4428 756 4483; x_wconf 90' lang='lat' dir='ltr'><strong>moriuntur.</strong></span> <span class='ocrx_word' id='word_1_502' title='bbox 804 4426 958 4493; x_wconf 85' lang='lat' dir='ltr'><strong>Quod</strong></span> <span class='ocrx_word' id='word_1_503' title='bbox 992 4427 1129 4480; x_wconf 89' lang='lat' dir='ltr'><strong>enim</strong></span> <span class='ocrx_word' id='word_1_504' title='bbox 1169 4436 1404 4479; x_wconf 86' lang='lat' dir='ltr'><strong>mortuus</strong></span> <span class='ocrx_word' id='word_1_505' title='bbox 1442 4434 1515 4478; x_wconf 84' lang='lat' dir='ltr'><strong>est</strong></span> <span class='ocrx_word' id='word_1_506' title='bbox 1549 4433 1781 4494; x_wconf 86' lang='lat' dir='ltr'><strong>peccato,</strong></span> 
     </span>
    </p>
   </div>
   <div class='ocr_carea' id='block_1_61' title="bbox 202 4512 1778 4588">
    <p class='ocr_par' dir='ltr' id='par_1_61' title="bbox 202 4512 1778 4588">
     <span class='ocr_line' id='line_1_61' title="bbox 202 4512 1778 4588; baseline -0.006 -12"><span class='ocrx_word' id='word_1_507' title='bbox 202 4529 444 4576; x_wconf 80' lang='lat' dir='ltr'><strong>mortuus</strong></span> <span class='ocrx_word' id='word_1_508' title='bbox 473 4529 545 4574; x_wconf 89' lang='lat' dir='ltr'><strong>est</strong></span> <span class='ocrx_word' id='word_1_509' title='bbox 574 4518 731 4573; x_wconf 80' lang='lat' dir='ltr'><strong>semel</strong></span> <span class='ocrx_word' id='word_1_510' title='bbox 759 4517 937 4588; x_wconf 86' lang='lat' dir='ltr'><strong>:quod</strong></span> <span class='ocrx_word' id='word_1_511' title='bbox 962 4527 1134 4570; x_wconf 87' lang='lat' dir='ltr'><strong>autem</strong></span> <span class='ocrx_word' id='word_1_512' title='bbox 1154 4516 1293 4579; x_wconf 83' lang='lat' dir='ltr'><strong>vivit,</strong></span> <span class='ocrx_word' id='word_1_513' title='bbox 1316 4516 1437 4568; x_wconf 81' lang='lat' dir='ltr'><strong>vivit</strong></span> <span class='ocrx_word' id='word_1_514' title='bbox 1466 4514 1572 4567; x_wconf 88' lang='lat' dir='ltr'><strong>Deo</strong></span> <span class='ocrx_word' id='word_1_515' title='bbox 1601 4512 1778 4583; x_wconf 81' lang='lat' dir='ltr'><strong>(Rom.</strong></span> 
     </span>
    </p>
   </div>
   <div class='ocr_carea' id='block_1_62' title="bbox 204 4602 1781 4683">
    <p class='ocr_par' dir='ltr' id='par_1_62' title="bbox 204 4602 1781 4683">
     <span class='ocr_line' id='line_1_62' title="bbox 204 4602 1781 4683; baseline -0.008 -16"><span class='ocrx_word' id='word_1_516' title='bbox 204 4629 285 4675; x_wconf 75' lang='lat' dir='ltr'><strong>vr,</strong></span> <span class='ocrx_word' id='word_1_517' title='bbox 313 4612 392 4683; x_wconf 86' lang='lat'><strong>5).</strong></span> <span class='ocrx_word' id='word_1_518' title='bbox 433 4611 502 4666; x_wconf 83' lang='lat' dir='ltr'><strong>Et</strong></span> <span class='ocrx_word' id='word_1_519' title='bbox 539 4610 669 4680; x_wconf 91' lang='lat' dir='ltr'><strong>quid</strong></span> <span class='ocrx_word' id='word_1_520' title='bbox 712 4602 801 4665; x_wconf 40' lang='lat' dir='ltr'><strong>est.</strong></span> <span class='ocrx_word' id='word_1_521' title='bbox 825 4607 1180 4679; x_wconf 87' lang='lat' dir='ltr'><strong>complantari</strong></span> <span class='ocrx_word' id='word_1_522' title='bbox 1226 4605 1555 4660; x_wconf 77' lang='lat' dir='ltr'><strong>similitudini</strong></span> <span class='ocrx_word' id='word_1_523' title='bbox 1599 4604 1781 4658; x_wconf 88' lang='lat' dir='ltr'><strong>mortis</strong></span> 
     </span>
    </p>
   </div>
   <div class='ocr_carea' id='block_1_63' title="bbox 201 4694 1783 4771">
    <p class='ocr_par' dir='ltr' id='par_1_63' title="bbox 201 4694 1783 4771">
     <span class='ocr_line' id='line_1_63' title="bbox 201 4694 1783 4771; baseline -0.006 -16"><span class='ocrx_word' id='word_1_524' title='bbox 201 4701 341 4771; x_wconf 73' lang='lat' dir='ltr'><strong>ejus,</strong></span> <span class='ocrx_word' id='word_1_525' title='bbox 386 4699 488 4755; x_wconf 88' lang='lat' dir='ltr'><strong>nisi</strong></span> <span class='ocrx_word' id='word_1_526' title='bbox 534 4701 678 4770; x_wconf 91' lang='lat' dir='ltr'><strong>quod</strong></span> <span class='ocrx_word' id='word_1_527' title='bbox 722 4696 1123 4768; x_wconf 88' lang='lat' dir='ltr'><strong>sequitur:Sic</strong></span> <span class='ocrx_word' id='word_1_528' title='bbox 1169 4705 1219 4750; x_wconf 83' lang='lat' dir='ltr'><strong>et</strong></span> <span class='ocrx_word' id='word_1_529' title='bbox 1262 4712 1348 4750; x_wconf 87' lang='lat' dir='ltr'><strong>vos</strong></span> <span class='ocrx_word' id='word_1_530' title='bbox 1377 4694 1668 4749; x_wconf 77' lang='lat' dir='ltr'><strong>existimate</strong></span> <span class='ocrx_word' id='word_1_531' title='bbox 1696 4708 1783 4747; x_wconf 88' lang='lat' dir='ltr'><strong>vos</strong></span> 
     </span>
    </p>
   </div>
   <div class='ocr_carea' id='block_1_64' title="bbox 200 4786 1779 4861">
    <p class='ocr_par' dir='ltr' id='par_1_64' title="bbox 200 4786 1779 4861">
     <span class='ocr_line' id='line_1_64' title="bbox 200 4786 1779 4861; baseline -0.004 -14"><span class='ocrx_word' id='word_1_532' title='bbox 200 4802 436 4847; x_wconf 77' lang='lat' dir='ltr'><strong>mortuos</strong></span> <span class='ocrx_word' id='word_1_533' title='bbox 469 4808 579 4847; x_wconf 85' lang='lat' dir='ltr'><strong>esse</strong></span> <span class='ocrx_word' id='word_1_534' title='bbox 613 4799 858 4861; x_wconf 84' lang='lat' dir='ltr'><strong>peccato,</strong></span> <span class='ocrx_word' id='word_1_535' title='bbox 897 4791 1064 4845; x_wconf 83' lang='lat' dir='ltr'><strong>vivere</strong></span> <span class='ocrx_word' id='word_1_536' title='bbox 1111 4799 1283 4843; x_wconf 75' lang='lat' dir='ltr'><strong>autem</strong></span> <span class='ocrx_word' id='word_1_537' title='bbox 1324 4788 1435 4842; x_wconf 84' lang='lat' dir='ltr'><strong>Deo</strong></span> <span class='ocrx_word' id='word_1_538' title='bbox 1471 4788 1526 4841; x_wconf 85' lang='lat' dir='ltr'><strong>in</strong></span> <span class='ocrx_word' id='word_1_539' title='bbox 1570 4786 1779 4840; x_wconf 79' lang='lat' dir='ltr'><strong>Christo</strong></span> 
     </span>
    </p>
   </div>
   <div class='ocr_carea' id='block_1_65' title="bbox 199 4876 1778 4950">
    <p class='ocr_par' dir='ltr' id='par_1_65' title="bbox 199 4876 1778 4950">
     <span class='ocr_line' id='line_1_65' title="bbox 199 4876 1778 4950; baseline -0.004 -15"><span class='ocrx_word' id='word_1_540' title='bbox 199 4880 329 4935; x_wconf 83' lang='lat' dir='ltr'><strong>Jesu</strong></span> <span class='ocrx_word' id='word_1_541' title='bbox 346 4881 372 4935; x_wconf 76' lang='lat'><strong><em>7</em></strong></span> <span class='ocrx_word' id='word_1_542' title='bbox 392 4879 640 4950; x_wconf 83' lang='lat' dir='ltr'><strong>Nunquid</strong></span> <span class='ocrx_word' id='word_1_543' title='bbox 657 4881 850 4936; x_wconf 90' lang='lat' dir='ltr'><strong>dicturi</strong></span> <span class='ocrx_word' id='word_1_544' title='bbox 865 4894 1051 4935; x_wconf 90' lang='lat' dir='ltr'><strong>sumus</strong></span> <span class='ocrx_word' id='word_1_545' title='bbox 1070 4888 1296 4949; x_wconf 89' lang='lat' dir='ltr'><strong>peccato</strong></span> <span class='ocrx_word' id='word_1_546' title='bbox 1316 4890 1586 4932; x_wconf 88' lang='lat' dir='ltr'><strong>mortuum</strong></span> <span class='ocrx_word' id='word_1_547' title='bbox 1612 4876 1778 4930; x_wconf 80' lang='lat' dir='ltr'><strong>fuisse</strong></span> 
     </span>
    </p>
   </div>
   <div class='ocr_carea' id='block_1_66' title="bbox 202 4966 1778 5041">
    <p class='ocr_par' dir='ltr' id='par_1_66' title="bbox 202 4966 1778 5041">
     <span class='ocr_line' id='line_1_66' title="bbox 202 4966 1778 5041; baseline -0.003 -16"><span class='ocrx_word' id='word_1_548' title='bbox 202 4971 394 5038; x_wconf 68' lang='lat' dir='ltr'><strong>Deu’m,</strong></span> <span class='ocrx_word' id='word_1_549' title='bbox 430 4973 574 5041; x_wconf 86' lang='lat' dir='ltr'><strong>quod</strong></span> <span class='ocrx_word' id='word_1_550' title='bbox 619 4970 823 5026; x_wconf 90' lang='lat' dir='ltr'><strong>nullum</strong></span> <span class='ocrx_word' id='word_1_551' title='bbox 872 4969 1063 5025; x_wconf 88' lang='lat' dir='ltr'><strong>habuit</strong></span> <span class='ocrx_word' id='word_1_552' title='bbox 1099 4968 1370 5038; x_wconf 85' lang='lat' dir='ltr'><strong>unquam?</strong></span> <span class='ocrx_word' id='word_1_553' title='bbox 1399 4967 1561 5022; x_wconf 87' lang='lat' dir='ltr'><strong>absit.</strong></span> <span class='ocrx_word' id='word_1_554' title='bbox 1601 4966 1669 5021; x_wconf 85' lang='lat' dir='ltr'><strong>Et</strong></span> <span class='ocrx_word' id='word_1_555' title='bbox 1700 4975 1778 5021; x_wconf 86' lang='lat' dir='ltr'><strong>ta-</strong></span> 
     </span>
    </p>
   </div>
   <div class='ocr_carea' id='block_1_67' title="bbox 202 5056 1773 5134">
    <p class='ocr_par' dir='ltr' id='par_1_67' title="bbox 202 5056 1773 5134">
     <span class='ocr_line' id='line_1_67' title="bbox 202 5056 1773 5134; baseline -0.004 -16"><span class='ocrx_word' id='word_1_556' title='bbox 202 5079 327 5118; x_wconf 89' lang='lat' dir='ltr'><strong>men</strong></span> <span class='ocrx_word' id='word_1_557' title='bbox 353 5063 498 5134; x_wconf 89' lang='lat' dir='ltr'><strong>quod</strong></span> <span class='ocrx_word' id='word_1_558' title='bbox 529 5071 773 5118; x_wconf 90' lang='lat' dir='ltr'><strong>mortuus</strong></span> <span class='ocrx_word' id='word_1_559' title='bbox 807 5070 911 5127; x_wconf 90' lang='lat' dir='ltr'><strong>est,</strong></span> <span class='ocrx_word' id='word_1_560' title='bbox 938 5068 1159 5133; x_wconf 87' lang='lat' dir='ltr'><strong>peccato</strong></span> <span class='ocrx_word' id='word_1_561' title='bbox 1201 5069 1443 5115; x_wconf 89' lang='lat' dir='ltr'><strong>mortuus</strong></span> <span class='ocrx_word' id='word_1_562' title='bbox 1472 5067 1554 5113; x_wconf 92' lang='lat' dir='ltr'><strong>est</strong></span> <span class='ocrx_word' id='word_1_563' title='bbox 1584 5056 1773 5113; x_wconf 89' lang='lat' dir='ltr'><strong>semel.</strong></span> 
     </span>
    </p>
   </div>
   <div class='ocr_carea' id='block_1_68' title="bbox 202 5149 1772 5225">
    <p class='ocr_par' dir='ltr' id='par_1_68' title="bbox 202 5149 1772 5225">
     <span class='ocr_line' id='line_1_68' title="bbox 202 5149 1772 5225; baseline -0.006 -13"><span class='ocrx_word' id='word_1_564' title='bbox 202 5156 345 5212; x_wconf 67' lang='lat' dir='ltr'><strong>Mors</strong></span> <span class='ocrx_word' id='word_1_565' title='bbox 378 5154 523 5211; x_wconf 89' lang='lat' dir='ltr'><strong>enim</strong></span> <span class='ocrx_word' id='word_1_566' title='bbox 550 5153 664 5225; x_wconf 90' lang='lat' dir='ltr'><strong>ejus</strong></span> <span class='ocrx_word' id='word_1_567' title='bbox 688 5160 969 5225; x_wconf 89' lang='lat' dir='ltr'><strong>peccatum</strong></span> <span class='ocrx_word' id='word_1_568' title='bbox 1011 5162 1254 5208; x_wconf 90' lang='lat' dir='ltr'><strong>nostrum</strong></span> <span class='ocrx_word' id='word_1_569' title='bbox 1284 5149 1628 5221; x_wconf 79' lang='lat' dir='ltr'><strong>signiﬁcavit,</strong></span> <span class='ocrx_word' id='word_1_570' title='bbox 1665 5164 1772 5218; x_wconf 89' lang='lat' dir='ltr'><strong>quo</strong></span> 
     </span>
    </p>
   </div>
   <div class='ocr_carea' id='block_1_69' title="bbox 202 5232 1774 5320">
    <p class='ocr_par' dir='ltr' id='par_1_69' title="bbox 202 5232 1774 5320">
     <span class='ocr_line' id='line_1_69' title="bbox 202 5232 1774 5320; baseline -0.006 -17"><span class='ocrx_word' id='word_1_571' title='bbox 202 5249 383 5320; x_wconf 90' lang='lat' dir='ltr'><strong>utique</strong></span> <span class='ocrx_word' id='word_1_572' title='bbox 412 5248 529 5318; x_wconf 90' lang='lat' dir='ltr'><strong>ipsa</strong></span> <span class='ocrx_word' id='word_1_573' title='bbox 557 5262 706 5303; x_wconf 89' lang='lat' dir='ltr'><strong>mors</strong></span> <span class='ocrx_word' id='word_1_574' title='bbox 732 5246 949 5310; x_wconf 87' lang='lat' dir='ltr'><strong>accidit,</strong></span> <span class='ocrx_word' id='word_1_575' title='bbox 974 5232 1062 5300; x_wconf 66' lang='lat' dir='ltr'><strong>cui</strong></span> <span class='ocrx_word' id='word_1_576' title='bbox 1101 5244 1261 5299; x_wconf 90' lang='lat' dir='ltr'><strong>morti</strong></span> <span class='ocrx_word' id='word_1_577' title='bbox 1302 5251 1545 5297; x_wconf 85' lang='lat' dir='ltr'><strong>mortuus</strong></span> <span class='ocrx_word' id='word_1_578' title='bbox 1585 5250 1688 5296; x_wconf 92' lang='lat' dir='ltr'><strong>est.</strong></span> <span class='ocrx_word' id='word_1_579' title='bbox 1717 5240 1774 5295; x_wconf 81' lang='grc' dir='ltr'>Μ</span> 
     </span>
    </p>
   </div>
   <div class='ocr_carea' id='block_1_70' title="bbox 200 5333 1775 5405">
    <p class='ocr_par' dir='ltr' id='par_1_70' title="bbox 200 5333 1775 5405">
     <span class='ocr_line' id='line_1_70' title="bbox 200 5333 1775 5405; baseline -0.005 -10"><span class='ocrx_word' id='word_1_580' title='bbox 200 5349 285 5396; x_wconf 83' lang='lat' dir='ltr'><strong>est</strong></span> <span class='ocrx_word' id='word_1_581' title='bbox 319 5349 379 5393; x_wconf 91' lang='lat' dir='ltr'><strong>ut</strong></span> <span class='ocrx_word' id='word_1_582' title='bbox 417 5338 658 5394; x_wconf 89' lang='lat' dir='ltr'><strong>mortalis</strong></span> <span class='ocrx_word' id='word_1_583' title='bbox 693 5353 797 5392; x_wconf 92' lang='lat' dir='ltr'><strong>non</strong></span> <span class='ocrx_word' id='word_1_584' title='bbox 828 5344 977 5392; x_wconf 90' lang='lat' dir='ltr'><strong>esset</strong></span> <span class='ocrx_word' id='word_1_585' title='bbox 1013 5336 1239 5390; x_wconf 89' lang='lat' dir='ltr'><strong>ulterius</strong></span> <span class='ocrx_word' id='word_1_586' title='bbox 1265 5375 1281 5401; x_wconf 92' lang='lat'><strong>,</strong></span> <span class='ocrx_word' id='word_1_587' title='bbox 1317 5343 1539 5405; x_wconf 87' lang='lat' dir='ltr'><strong>peccato</strong></span> <span class='ocrx_word' id='word_1_588' title='bbox 1575 5333 1775 5388; x_wconf 86' lang='lat' dir='ltr'><strong>dicitur</strong></span> 
     </span>
    </p>
   </div>
   <div class='ocr_carea' id='block_1_71' title="bbox 199 5424 1773 5497">
    <p class='ocr_par' dir='ltr' id='par_1_71' title="bbox 199 5424 1773 5497">
     <span class='ocr_line' id='line_1_71' title="bbox 199 5424 1773 5497; baseline -0.004 -11"><span class='ocrx_word' id='word_1_589' title='bbox 199 5438 466 5486; x_wconf 88' lang='lat' dir='ltr'><strong>mortuus.</strong></span> <span class='ocrx_word' id='word_1_590' title='bbox 502 5429 655 5495; x_wconf 86' lang='lat' dir='ltr'><strong>Quod</strong></span> <span class='ocrx_word' id='word_1_591' title='bbox 693 5442 819 5497; x_wconf 88' lang='lat' dir='ltr'><strong>ergo</strong></span> <span class='ocrx_word' id='word_1_592' title='bbox 850 5427 962 5496; x_wconf 88' lang='lat' dir='ltr'><strong>ipse</strong></span> <span class='ocrx_word' id='word_1_593' title='bbox 989 5424 1309 5497; x_wconf 77' lang='lat' dir='ltr'><strong>signiﬁcavit</strong></span> <span class='ocrx_word' id='word_1_594' title='bbox 1338 5425 1391 5479; x_wconf 90' lang='lat' dir='ltr'><strong>in</strong></span> <span class='ocrx_word' id='word_1_595' title='bbox 1422 5424 1773 5479; x_wconf 86' lang='lat' dir='ltr'><strong>similitudine</strong></span> 
     </span>
    </p>
   </div>
   <div class='ocr_carea' id='block_1_72' title="bbox 196 5514 1771 5589">
    <p class='ocr_par' dir='ltr' id='par_1_72' title="bbox 196 5514 1771 5589">
     <span class='ocr_line' id='line_1_72' title="bbox 196 5514 1771 5589; baseline -0.006 -13"><span class='ocrx_word' id='word_1_596' title='bbox 196 5521 379 5577; x_wconf 87' lang='lat' dir='ltr'><strong>carnis</strong></span> <span class='ocrx_word' id='word_1_597' title='bbox 405 5518 636 5589; x_wconf 90' lang='lat' dir='ltr'><strong>peccati,</strong></span> <span class='ocrx_word' id='word_1_598' title='bbox 663 5518 767 5573; x_wconf 86' lang='lat' dir='ltr'><strong>hoc</strong></span> <span class='ocrx_word' id='word_1_599' title='bbox 809 5531 908 5588; x_wconf 90' lang='lat' dir='ltr'><strong>per</strong></span> <span class='ocrx_word' id='word_1_600' title='bbox 931 5514 1045 5585; x_wconf 86' lang='lat' dir='ltr'><strong>ejus</strong></span> <span class='ocrx_word' id='word_1_601' title='bbox 1068 5515 1298 5587; x_wconf 79' lang='lat' dir='ltr'><strong>gratiam</strong></span> <span class='ocrx_word' id='word_1_602' title='bbox 1344 5529 1443 5570; x_wconf 87' lang='lat' dir='ltr'><strong>nos</strong></span> <span class='ocrx_word' id='word_1_603' title='bbox 1479 5514 1687 5584; x_wconf 83' lang='lat' dir='ltr'><strong>agimus</strong></span> <span class='ocrx_word' id='word_1_604' title='bbox 1716 5515 1771 5568; x_wconf 88' lang='lat' dir='ltr'><strong>in</strong></span> 
     </span>
    </p>
   </div>
   <div class='ocr_carea' id='block_1_73' title="bbox 130 5594 1770 5677">
    <p class='ocr_par' dir='ltr' id='par_1_73' title="bbox 130 5594 1770 5677">
     <span class='ocr_line' id='line_1_73' title="bbox 130 5594 1770 5677; baseline -0.005 -10"><span class='ocrx_word' id='word_1_605' title='bbox 130 5594 148 5613; x_wconf 73' lang='grc'><em>”</em></span> <span class='ocrx_word' id='word_1_606' title='bbox 196 5625 367 5667; x_wconf 87' lang='lat' dir='ltr'><strong>carne</strong></span> <span class='ocrx_word' id='word_1_607' title='bbox 413 5607 660 5677; x_wconf 87' lang='lat' dir='ltr'><strong>peccati,</strong></span> <span class='ocrx_word' id='word_1_608' title='bbox 706 5614 766 5662; x_wconf 92' lang='lat' dir='ltr'><strong>ut</strong></span> <span class='ocrx_word' id='word_1_609' title='bbox 811 5606 1079 5676; x_wconf 88' lang='lat' dir='ltr'><strong>quomodo</strong></span> <span class='ocrx_word' id='word_1_610' title='bbox 1122 5604 1212 5660; x_wconf 89' lang='lat' dir='ltr'><strong>ille</strong></span> <span class='ocrx_word' id='word_1_611' title='bbox 1253 5604 1533 5659; x_wconf 89' lang='lat' dir='ltr'><strong>moriendo</strong></span> <span class='ocrx_word' id='word_1_612' title='bbox 1581 5604 1770 5659; x_wconf 82' lang='lat' dir='ltr'><strong>simili-</strong></span> 
     </span>
    </p>
   </div>
   <div class='ocr_carea' id='block_1_74' title="bbox 195 5694 1768 5767">
    <p class='ocr_par' dir='ltr' id='par_1_74' title="bbox 195 5694 1768 5767">
     <span class='ocr_line' id='line_1_74' title="bbox 195 5694 1768 5767; baseline 0 -15"><span class='ocrx_word' id='word_1_613' title='bbox 195 5697 369 5758; x_wconf 82' lang='lat' dir='ltr'><strong>tudini</strong></span> <span class='ocrx_word' id='word_1_614' title='bbox 415 5696 664 5767; x_wconf 89' lang='lat' dir='ltr'><strong>peccati,</strong></span> <span class='ocrx_word' id='word_1_615' title='bbox 711 5704 934 5767; x_wconf 89' lang='lat' dir='ltr'><strong>peccato</strong></span> <span class='ocrx_word' id='word_1_616' title='bbox 984 5704 1229 5751; x_wconf 89' lang='lat' dir='ltr'><strong>mortuus</strong></span> <span class='ocrx_word' id='word_1_617' title='bbox 1265 5694 1591 5765; x_wconf 76' lang='lat' dir='ltr'><strong>praedicatur</strong></span> <span class='ocrx_word' id='word_1_618' title='bbox 1631 5708 1647 5748; x_wconf 91' lang='lat'><strong>:</strong></span> <span class='ocrx_word' id='word_1_619' title='bbox 1693 5696 1768 5752; x_wconf 86' lang='lat' dir='ltr'><strong>ita</strong></span> 
     </span>
    </p>
   </div>
   <div class='ocr_carea' id='block_1_75' title="bbox 196 5787 1768 5862">
    <p class='ocr_par' dir='ltr' id='par_1_75' title="bbox 196 5787 1768 5862">
     <span class='ocr_line' id='line_1_75' title="bbox 196 5787 1768 5862; baseline -0.003 -14"><span class='ocrx_word' id='word_1_620' title='bbox 196 5788 504 5848; x_wconf 66' lang='lat' dir='ltr'><strong>&quot;uicunuue</strong></span> <span class='ocrx_word' id='word_1_621' title='bbox 530 5789 584 5846; x_wconf 90' lang='lat' dir='ltr'><strong>in</strong></span> <span class='ocrx_word' id='word_1_622' title='bbox 620 5789 712 5850; x_wconf 87' lang='lat' dir='ltr'><strong>illo</strong></span> <span class='ocrx_word' id='word_1_623' title='bbox 738 5789 901 5847; x_wconf 80' lang='lat' dir='ltr'><strong>fuerit</strong></span> <span class='ocrx_word' id='word_1_624' title='bbox 943 5788 1249 5862; x_wconf 82' lang='lat' dir='ltr'><strong>baptizatus</strong></span> <span class='ocrx_word' id='word_1_625' title='bbox 1286 5787 1568 5857; x_wconf 88' lang='lat' dir='ltr'><strong>moriatur,</strong></span> <span class='ocrx_word' id='word_1_626' title='bbox 1597 5787 1650 5845; x_wconf 93' lang='lat' dir='ltr'><strong>id</strong></span> <span class='ocrx_word' id='word_1_627' title='bbox 1685 5796 1768 5845; x_wconf 83' lang='lat' dir='ltr'><strong>est</strong></span> 
     </span>
    </p>
   </div>
   <div class='ocr_carea' id='block_1_76' title="bbox 1900 1957 3475 2034">
    <p class='ocr_par' dir='ltr' id='par_1_76' title="bbox 1900 1957 3475 2034">
     <span class='ocr_line' id='line_1_76' title="bbox 1900 1957 3475 2034; baseline -0.017 0"><span class='ocrx_word' id='word_1_628' title='bbox 1900 1975 2153 2034; x_wconf 82' lang='lat' dir='ltr'><strong>Christo?</strong></span> <span class='ocrx_word' id='word_1_629' title='bbox 2185 1993 2204 2026; x_wconf 78' lang='grc' dir='ltr'><strong>ι</strong></span> <span class='ocrx_word' id='word_1_630' title='bbox 2235 1972 2365 2028; x_wconf 90' lang='lat' dir='ltr'><strong>Item</strong></span> <span class='ocrx_word' id='word_1_631' title='bbox 2399 1972 2452 2025; x_wconf 91' lang='lat' dir='ltr'><strong>in</strong></span> <span class='ocrx_word' id='word_1_632' title='bbox 2481 1970 2618 2023; x_wconf 88' lang='lat' dir='ltr'><strong>libro</strong></span> <span class='ocrx_word' id='word_1_633' title='bbox 2644 1967 2805 2021; x_wconf 90' lang='lat' dir='ltr'><strong>tertio</strong></span> <span class='ocrx_word' id='word_1_634' title='bbox 2829 1964 2967 2034; x_wconf 89' lang='lat' dir='ltr'><strong>(cap.</strong></span> <span class='ocrx_word' id='word_1_635' title='bbox 2994 1960 3123 2032; x_wconf 72' lang='lat' dir='ltr'><strong>2i):</strong></span> <span class='ocrx_word' id='word_1_636' title='bbox 3157 1977 3175 2010; x_wconf 73' lang='grc' dir='ltr'><strong>ι</strong></span> <span class='ocrx_word' id='word_1_637' title='bbox 3206 1957 3358 2024; x_wconf 85' lang='lat' dir='ltr'><strong>Quod</strong></span> <span class='ocrx_word' id='word_1_638' title='bbox 3382 1969 3475 2008; x_wconf 90' lang='lat' dir='ltr'><strong>na-</strong></span> 
     </span>
    </p>
   </div>
   <div class='ocr_carea' id='block_1_77' title="bbox 1900 2054 3474 2133">
    <p class='ocr_par' dir='ltr' id='par_1_77' title="bbox 1900 2054 3474 2133">
     <span class='ocr_line' id='line_1_77' title="bbox 1900 2054 3474 2133; baseline -0.015 -12"><span class='ocrx_word' id='word_1_639' title='bbox 1900 2073 1987 2121; x_wconf 87' lang='lat' dir='ltr'><strong>tus</strong></span> <span class='ocrx_word' id='word_1_640' title='bbox 2015 2080 2092 2127; x_wconf 88' lang='lat' dir='ltr'><strong>es,</strong></span> <span class='ocrx_word' id='word_1_641' title='bbox 2127 2062 2362 2133; x_wconf 86' lang='lat' dir='ltr'><strong>pertinet</strong></span> <span class='ocrx_word' id='word_1_642' title='bbox 2399 2060 2466 2113; x_wconf 88' lang='lat' dir='ltr'><strong>ad</strong></span> <span class='ocrx_word' id='word_1_643' title='bbox 2507 2058 2602 2112; x_wconf 90' lang='lat' dir='ltr'><strong>Dei</strong></span> <span class='ocrx_word' id='word_1_644' title='bbox 2645 2055 3043 2114; x_wconf 87' lang='lat' dir='ltr'><strong>conditionem.</strong></span> <span class='ocrx_word' id='word_1_645' title='bbox 3087 2058 3142 2105; x_wconf 90' lang='lat' dir='ltr'><strong>et</strong></span> <span class='ocrx_word' id='word_1_646' title='bbox 3186 2054 3474 2119; x_wconf 89' lang='lat' dir='ltr'><strong>parentum</strong></span> 
     </span>
    </p>
   </div>
   <div class='ocr_carea' id='block_1_78' title="bbox 1900 2142 3477 2221">
    <p class='ocr_par' dir='ltr' id='par_1_78' title="bbox 1900 2142 3477 2221">
     <span class='ocr_line' id='line_1_78' title="bbox 1900 2142 3477 2221; baseline -0.013 -8"><span class='ocrx_word' id='word_1_647' title='bbox 1900 2157 2284 2214; x_wconf 78' lang='lat' dir='ltr'><strong>fecunditatem</strong></span> <span class='ocrx_word' id='word_1_648' title='bbox 2314 2171 2327 2207; x_wconf 92' lang='lat'><strong>:</strong></span> <span class='ocrx_word' id='word_1_649' title='bbox 2359 2163 2545 2208; x_wconf 89' lang='lat' dir='ltr'><strong>contra</strong></span> <span class='ocrx_word' id='word_1_650' title='bbox 2575 2150 2716 2221; x_wconf 88' lang='lat' dir='ltr'><strong>quod</strong></span> <span class='ocrx_word' id='word_1_651' title='bbox 2746 2158 2928 2203; x_wconf 84' lang='lat' dir='ltr'><strong>autem</strong></span> <span class='ocrx_word' id='word_1_652' title='bbox 2971 2145 3198 2200; x_wconf 90' lang='lat' dir='ltr'><strong>dimicas</strong></span> <span class='ocrx_word' id='word_1_653' title='bbox 3231 2142 3357 2212; x_wconf 87' lang='lat' dir='ltr'><strong>quia</strong></span> <span class='ocrx_word' id='word_1_654' title='bbox 3391 2154 3477 2193; x_wconf 87' lang='lat' dir='ltr'><strong>re-</strong></span> 
     </span>
    </p>
   </div>
   <div class='ocr_carea' id='block_1_79' title="bbox 1899 2230 3475 2319">
    <p class='ocr_par' dir='ltr' id='par_1_79' title="bbox 1899 2230 3475 2319">
     <span class='ocr_line' id='line_1_79' title="bbox 1899 2230 3475 2319; baseline -0.013 -12"><span class='ocrx_word' id='word_1_655' title='bbox 1899 2259 2058 2307; x_wconf 89' lang='lat' dir='ltr'><strong>natus</strong></span> <span class='ocrx_word' id='word_1_656' title='bbox 2085 2264 2166 2315; x_wconf 91' lang='lat' dir='ltr'><strong>es,</strong></span> <span class='ocrx_word' id='word_1_657' title='bbox 2196 2247 2434 2319; x_wconf 91' lang='lat' dir='ltr'><strong>pertinet</strong></span> <span class='ocrx_word' id='word_1_658' title='bbox 2461 2244 2526 2299; x_wconf 89' lang='lat' dir='ltr'><strong>ad</strong></span> <span class='ocrx_word' id='word_1_659' title='bbox 2556 2239 3059 2314; x_wconf 71' lang='lat' dir='ltr'><strong>praevaricationem</strong></span> <span class='ocrx_word' id='word_1_660' title='bbox 3084 2250 3246 2306; x_wconf 90' lang='lat' dir='ltr'><strong>quam</strong></span> <span class='ocrx_word' id='word_1_661' title='bbox 3276 2230 3475 2288; x_wconf 89' lang='lat' dir='ltr'><strong>diaboli</strong></span> 
     </span>
    </p>
   </div>
   <div class='ocr_carea' id='block_1_80' title="bbox 1898 2323 3473 2401">
    <p class='ocr_par' dir='ltr' id='par_1_80' title="bbox 1898 2323 3473 2401">
     <span class='ocr_line' id='line_1_80' title="bbox 1898 2323 3473 2401; baseline -0.014 -3"><span class='ocrx_word' id='word_1_662' title='bbox 1898 2343 2092 2399; x_wconf 89' lang='lat' dir='ltr'><strong>astutia</strong></span> <span class='ocrx_word' id='word_1_663' title='bbox 2123 2339 2427 2396; x_wconf 87' lang='lat' dir='ltr'><strong>seminavit.</strong></span> <span class='ocrx_word' id='word_1_664' title='bbox 2462 2337 2614 2394; x_wconf 87' lang='lat' dir='ltr'><strong>Unde</strong></span> <span class='ocrx_word' id='word_1_665' title='bbox 2643 2343 2699 2390; x_wconf 90' lang='lat' dir='ltr'><strong>te</strong></span> <span class='ocrx_word' id='word_1_666' title='bbox 2743 2330 2943 2389; x_wconf 86' lang='lat' dir='ltr'><strong>Christi</strong></span> <span class='ocrx_word' id='word_1_667' title='bbox 2989 2328 3163 2401; x_wconf 86' lang='lat' dir='ltr'><strong>gratia</strong></span> <span class='ocrx_word' id='word_1_668' title='bbox 3200 2323 3473 2386; x_wconf 88' lang='lat' dir='ltr'><strong>liberavit,</strong></span> 
     </span>
    </p>
   </div>
   <div class='ocr_carea' id='block_1_81' title="bbox 1898 2413 3474 2504">
    <p class='ocr_par' dir='ltr' id='par_1_81' title="bbox 1898 2413 3474 2504">
     <span class='ocr_line' id='line_1_81' title="bbox 1898 2413 3474 2504; baseline -0.015 -14"><span class='ocrx_word' id='word_1_669' title='bbox 1898 2444 1957 2491; x_wconf 92' lang='lat' dir='ltr'><strong>ut</strong></span> <span class='ocrx_word' id='word_1_670' title='bbox 1980 2434 2129 2504; x_wconf 88' lang='lat' dir='ltr'><strong>prius</strong></span> <span class='ocrx_word' id='word_1_671' title='bbox 2154 2432 2255 2486; x_wconf 89' lang='lat' dir='ltr'><strong>hoc</strong></span> <span class='ocrx_word' id='word_1_672' title='bbox 2281 2430 2422 2485; x_wconf 89' lang='lat' dir='ltr'><strong>malo</strong></span> <span class='ocrx_word' id='word_1_673' title='bbox 2448 2430 2585 2483; x_wconf 86' lang='lat' dir='ltr'><strong>bene</strong></span> <span class='ocrx_word' id='word_1_674' title='bbox 2613 2426 2846 2481; x_wconf 83' lang='lat' dir='ltr'><strong>utereris</strong></span> <span class='ocrx_word' id='word_1_675' title='bbox 2875 2424 2928 2477; x_wconf 92' lang='lat' dir='ltr'><strong>in</strong></span> <span class='ocrx_word' id='word_1_676' title='bbox 2955 2421 3204 2491; x_wconf 87' lang='lat' dir='ltr'><strong>conjuge,</strong></span> <span class='ocrx_word' id='word_1_677' title='bbox 3229 2431 3371 2470; x_wconf 90' lang='lat' dir='ltr'><strong>nunc</strong></span> <span class='ocrx_word' id='word_1_678' title='bbox 3395 2413 3474 2467; x_wconf 91' lang='lat' dir='ltr'><strong>illi</strong></span> 
     </span>
    </p>
   </div>
   <div class='ocr_carea' id='block_1_82' title="bbox 1899 2511 3474 2590">
    <p class='ocr_par' dir='ltr' id='par_1_82' title="bbox 1899 2511 3474 2590">
     <span class='ocr_line' id='line_1_82' title="bbox 1899 2511 3474 2590; baseline -0.016 -8"><span class='ocrx_word' id='word_1_679' title='bbox 1899 2525 2202 2582; x_wconf 88' lang='lat' dir='ltr'><strong>adverseris</strong></span> <span class='ocrx_word' id='word_1_680' title='bbox 2233 2523 2286 2577; x_wconf 91' lang='lat' dir='ltr'><strong>in</strong></span> <span class='ocrx_word' id='word_1_681' title='bbox 2317 2531 2386 2578; x_wconf 90' lang='lat' dir='ltr'><strong>te.</strong></span> <span class='ocrx_word' id='word_1_682' title='bbox 2416 2520 2530 2575; x_wconf 85' lang='lat' dir='ltr'><strong>Non</strong></span> <span class='ocrx_word' id='word_1_683' title='bbox 2552 2521 2667 2590; x_wconf 91' lang='lat' dir='ltr'><strong>jam</strong></span> <span class='ocrx_word' id='word_1_684' title='bbox 2697 2531 2822 2571; x_wconf 89' lang='lat' dir='ltr'><strong>reus</strong></span> <span class='ocrx_word' id='word_1_685' title='bbox 2850 2529 2915 2568; x_wconf 83' lang='lat' dir='ltr'><strong>ex</strong></span> <span class='ocrx_word' id='word_1_686' title='bbox 2949 2512 3039 2567; x_wconf 91' lang='lat' dir='ltr'><strong>illo</strong></span> <span class='ocrx_word' id='word_1_687' title='bbox 3068 2511 3208 2566; x_wconf 86' lang='lat' dir='ltr'><strong>sicut</strong></span> <span class='ocrx_word' id='word_1_688' title='bbox 3231 2522 3354 2561; x_wconf 91' lang='lat' dir='ltr'><strong>eras</strong></span> <span class='ocrx_word' id='word_1_689' title='bbox 3376 2520 3474 2558; x_wconf 88' lang='lat' dir='ltr'><strong>na-</strong></span> 
     </span>
    </p>
   </div>
   <div class='ocr_carea' id='block_1_83' title="bbox 1899 2598 3473 2683">
    <p class='ocr_par' dir='ltr' id='par_1_83' title="bbox 1899 2598 3473 2683">
     <span class='ocr_line' id='line_1_83' title="bbox 1899 2598 3473 2683; baseline -0.016 -10"><span class='ocrx_word' id='word_1_690' title='bbox 1899 2626 2005 2683; x_wconf 89' lang='lat' dir='ltr'><strong>tus,</strong></span> <span class='ocrx_word' id='word_1_691' title='bbox 2032 2616 2125 2671; x_wconf 90' lang='lat' dir='ltr'><strong>sed</strong></span> <span class='ocrx_word' id='word_1_692' title='bbox 2155 2616 2222 2669; x_wconf 89' lang='lat' dir='ltr'><strong>ab</strong></span> <span class='ocrx_word' id='word_1_693' title='bbox 2246 2614 2437 2669; x_wconf 89' lang='lat' dir='ltr'><strong>eodem</strong></span> <span class='ocrx_word' id='word_1_694' title='bbox 2468 2618 2618 2666; x_wconf 88' lang='lat' dir='ltr'><strong>reatu</strong></span> <span class='ocrx_word' id='word_1_695' title='bbox 2651 2623 2755 2662; x_wconf 91' lang='lat' dir='ltr'><strong>non</strong></span> <span class='ocrx_word' id='word_1_696' title='bbox 2786 2614 3000 2670; x_wconf 89' lang='lat' dir='ltr'><strong>erutus,</strong></span> <span class='ocrx_word' id='word_1_697' title='bbox 3028 2600 3132 2656; x_wconf 89' lang='lat' dir='ltr'><strong>nisi</strong></span> <span class='ocrx_word' id='word_1_698' title='bbox 3155 2598 3281 2667; x_wconf 88' lang='lat' dir='ltr'><strong>quia</strong></span> <span class='ocrx_word' id='word_1_699' title='bbox 3311 2610 3473 2651; x_wconf 86' lang='lat' dir='ltr'><strong>rena-</strong></span> 
     </span>
    </p>
   </div>
   <div class='ocr_carea' id='block_1_84' title="bbox 1899 2684 3474 2775">
    <p class='ocr_par' dir='ltr' id='par_1_84' title="bbox 1899 2684 3474 2775">
     <span class='ocr_line' id='line_1_84' title="bbox 1899 2684 3474 2775; baseline -0.017 -11"><span class='ocrx_word' id='word_1_700' title='bbox 1899 2719 2005 2774; x_wconf 90' lang='lat' dir='ltr'><strong>tus,</strong></span> <span class='ocrx_word' id='word_1_701' title='bbox 2053 2715 2114 2762; x_wconf 91' lang='lat' dir='ltr'><strong>ut</strong></span> <span class='ocrx_word' id='word_1_702' title='bbox 2144 2704 2322 2775; x_wconf 86' lang='lat' dir='ltr'><strong>possis</strong></span> <span class='ocrx_word' id='word_1_703' title='bbox 2358 2703 2668 2770; x_wconf 82' lang='lat' dir='ltr'><strong>redemptus</strong></span> <span class='ocrx_word' id='word_1_704' title='bbox 2715 2708 2943 2765; x_wconf 86' lang='lat' dir='ltr'><strong>regnare</strong></span> <span class='ocrx_word' id='word_1_705' title='bbox 2971 2705 3095 2747; x_wconf 89' lang='lat' dir='ltr'><strong>cum</strong></span> <span class='ocrx_word' id='word_1_706' title='bbox 3134 2687 3374 2750; x_wconf 86' lang='lat' dir='ltr'><strong>Christo,</strong></span> <span class='ocrx_word' id='word_1_707' title='bbox 3424 2684 3474 2739; x_wconf 88' lang='lat' dir='ltr'><strong>si</strong></span> 
     </span>
    </p>
   </div>
   <div class='ocr_carea' id='block_1_85' title="bbox 1898 2775 3471 2853">
    <p class='ocr_par' dir='ltr' id='par_1_85' title="bbox 1898 2775 3471 2853">
     <span class='ocr_line' id='line_1_85' title="bbox 1898 2775 3471 2853; baseline -0.014 -1"><span class='ocrx_word' id='word_1_708' title='bbox 1898 2805 2077 2852; x_wconf 86' lang='lat' dir='ltr'><strong>tamen</strong></span> <span class='ocrx_word' id='word_1_709' title='bbox 2103 2797 2203 2852; x_wconf 90' lang='lat' dir='ltr'><strong>ista</strong></span> <span class='ocrx_word' id='word_1_710' title='bbox 2224 2793 2450 2848; x_wconf 81' lang='lat' dir='ltr'><strong>haeresis</strong></span> <span class='ocrx_word' id='word_1_711' title='bbox 2470 2806 2575 2845; x_wconf 91' lang='lat' dir='ltr'><strong>non</strong></span> <span class='ocrx_word' id='word_1_712' title='bbox 2603 2801 2654 2843; x_wconf 88' lang='lat' dir='ltr'><strong>te</strong></span> <span class='ocrx_word' id='word_1_713' title='bbox 2683 2785 2848 2841; x_wconf 80' lang='lat' dir='ltr'><strong>faciat</strong></span> <span class='ocrx_word' id='word_1_714' title='bbox 2875 2782 3052 2853; x_wconf 90' lang='lat' dir='ltr'><strong>perire</strong></span> <span class='ocrx_word' id='word_1_715' title='bbox 3079 2794 3201 2835; x_wconf 93' lang='lat' dir='ltr'><strong>cum</strong></span> <span class='ocrx_word' id='word_1_716' title='bbox 3226 2775 3471 2840; x_wconf 87' lang='lat' dir='ltr'><strong>diabolo;</strong></span> 
     </span>
    </p>
   </div>
   <div class='ocr_carea' id='block_1_86' title="bbox 1897 2874 3473 2961">
    <p class='ocr_par' dir='ltr' id='par_1_86' title="bbox 1897 2874 3473 2961">
     <span class='ocr_line' id='line_1_86' title="bbox 1897 2874 3473 2961; baseline -0.018 -11"><span class='ocrx_word' id='word_1_717' title='bbox 1897 2892 1990 2949; x_wconf 87' lang='lat' dir='ltr'><strong>sed</strong></span> <span class='ocrx_word' id='word_1_718' title='bbox 2015 2891 2158 2961; x_wconf 87' lang='lat' dir='ltr'><strong>quod</strong></span> <span class='ocrx_word' id='word_1_719' title='bbox 2186 2889 2366 2959; x_wconf 89' lang='lat' dir='ltr'><strong>potius</strong></span> <span class='ocrx_word' id='word_1_720' title='bbox 2405 2886 2650 2956; x_wconf 87' lang='lat' dir='ltr'><strong>cupimus</strong></span> <span class='ocrx_word' id='word_1_721' title='bbox 2695 2877 3006 2937; x_wconf 82' lang='lat' dir='ltr'><strong>conﬁtearis</strong></span> <span class='ocrx_word' id='word_1_722' title='bbox 3040 2874 3240 2937; x_wconf 84' lang='lat' dir='ltr'><strong>malum</strong></span> <span class='ocrx_word' id='word_1_723' title='bbox 3282 2881 3473 2927; x_wconf 90' lang='lat' dir='ltr'><strong>contra</strong></span> 
     </span>
    </p>
   </div>
   <div class='ocr_carea' id='block_1_87' title="bbox 1896 2961 3473 3054">
    <p class='ocr_par' dir='ltr' id='par_1_87' title="bbox 1896 2961 3473 3054">
     <span class='ocr_line' id='line_1_87' title="bbox 1896 2961 3473 3054; baseline -0.015 -16"><span class='ocrx_word' id='word_1_724' title='bbox 1896 2982 2038 3054; x_wconf 88' lang='lat' dir='ltr'><strong>quod</strong></span> <span class='ocrx_word' id='word_1_725' title='bbox 2058 2980 2258 3037; x_wconf 89' lang='lat' dir='ltr'><strong>bellum</strong></span> <span class='ocrx_word' id='word_1_726' title='bbox 2286 2978 2467 3050; x_wconf 88' lang='lat' dir='ltr'><strong>geris:</strong></span> <span class='ocrx_word' id='word_1_727' title='bbox 2491 2987 2551 3031; x_wconf 92' lang='lat' dir='ltr'><strong>ut</strong></span> <span class='ocrx_word' id='word_1_728' title='bbox 2576 2990 2643 3030; x_wconf 91' lang='lat' dir='ltr'><strong>eo</strong></span> <span class='ocrx_word' id='word_1_729' title='bbox 2664 2989 2769 3028; x_wconf 90' lang='lat' dir='ltr'><strong>non</strong></span> <span class='ocrx_word' id='word_1_730' title='bbox 2794 2974 2868 3026; x_wconf 83' lang='lat' dir='ltr'><strong>ita</strong></span> <span class='ocrx_word' id='word_1_731' title='bbox 2894 2976 3166 3039; x_wconf 87' lang='lat' dir='ltr'><strong>separato,</strong></span> <span class='ocrx_word' id='word_1_732' title='bbox 3189 2964 3344 3034; x_wconf 89' lang='lat' dir='ltr'><strong>quasi</strong></span> <span class='ocrx_word' id='word_1_733' title='bbox 3367 2961 3473 3015; x_wconf 85' lang='lat' dir='ltr'><strong>alia</strong></span> 
     </span>
    </p>
   </div>
   <div class='ocr_carea' id='block_1_88' title="bbox 1895 3055 3473 3136">
    <p class='ocr_par' dir='ltr' id='par_1_88' title="bbox 1895 3055 3473 3136">
     <span class='ocr_line' id='line_1_88' title="bbox 1895 3055 3473 3136; baseline -0.016 -8"><span class='ocrx_word' id='word_1_734' title='bbox 1895 3085 2039 3127; x_wconf 89' lang='lat' dir='ltr'><strong>nunc</strong></span> <span class='ocrx_word' id='word_1_735' title='bbox 2066 3071 2171 3136; x_wconf 90' lang='lat' dir='ltr'><strong>sit,</strong></span> <span class='ocrx_word' id='word_1_736' title='bbox 2199 3070 2295 3125; x_wconf 82' lang='lat' dir='ltr'><strong>sed</strong></span> <span class='ocrx_word' id='word_1_737' title='bbox 2324 3076 2375 3123; x_wconf 89' lang='lat' dir='ltr'><strong>te</strong></span> <span class='ocrx_word' id='word_1_738' title='bbox 2403 3065 2549 3121; x_wconf 89' lang='lat' dir='ltr'><strong>omni</strong></span> <span class='ocrx_word' id='word_1_739' title='bbox 2588 3079 2656 3119; x_wconf 75' lang='lat' dir='ltr'><strong>ex</strong></span> <span class='ocrx_word' id='word_1_740' title='bbox 2698 3070 2855 3132; x_wconf 88' lang='lat' dir='ltr'><strong>parte</strong></span> <span class='ocrx_word' id='word_1_741' title='bbox 2881 3066 3103 3119; x_wconf 84' lang='lat' dir='ltr'><strong>sanato,</strong></span> <span class='ocrx_word' id='word_1_742' title='bbox 3132 3055 3185 3108; x_wconf 91' lang='lat' dir='ltr'><strong>in</strong></span> <span class='ocrx_word' id='word_1_743' title='bbox 3216 3059 3473 3123; x_wconf 84' lang='lat' dir='ltr'><strong>perpetua</strong></span> 
     </span>
    </p>
   </div>
   <div class='ocr_carea' id='block_1_89' title="bbox 1892 3143 3475 3235">
    <p class='ocr_par' dir='ltr' id='par_1_89' title="bbox 1892 3143 3475 3235">
     <span class='ocr_line' id='line_1_89' title="bbox 1892 3143 3475 3235; baseline -0.015 -17"><span class='ocrx_word' id='word_1_744' title='bbox 1892 3177 2028 3235; x_wconf 88' lang='lat' dir='ltr'><strong>pace</strong></span> <span class='ocrx_word' id='word_1_745' title='bbox 2050 3161 2266 3217; x_wconf 62' lang='lat' dir='ltr'><strong>lateris.</strong></span> <span class='ocrx_word' id='word_1_746' title='bbox 2297 3177 2317 3211; x_wconf 74' lang='grc' dir='ltr'><strong>ι</strong></span> <span class='ocrx_word' id='word_1_747' title='bbox 2349 3158 2418 3213; x_wconf 83' lang='grc' dir='ltr'><strong>Ει</strong></span> <span class='ocrx_word' id='word_1_748' title='bbox 2446 3158 2574 3212; x_wconf 90' lang='lat' dir='ltr'><strong>item</strong></span> <span class='ocrx_word' id='word_1_749' title='bbox 2601 3156 2655 3210; x_wconf 92' lang='lat' dir='ltr'><strong>in</strong></span> <span class='ocrx_word' id='word_1_750' title='bbox 2683 3153 2872 3208; x_wconf 85' lang='lat' dir='ltr'><strong>eodem</strong></span> <span class='ocrx_word' id='word_1_751' title='bbox 2901 3149 3038 3222; x_wconf 89' lang='lat' dir='ltr'><strong>(cap.</strong></span> <span class='ocrx_word' id='word_1_752' title='bbox 3066 3147 3122 3218; x_wconf 84' lang='lat'><strong>5)</strong></span> <span class='ocrx_word' id='word_1_753' title='bbox 3147 3165 3161 3199; x_wconf 95' lang='lat'><strong>:</strong></span> <span class='ocrx_word' id='word_1_754' title='bbox 3196 3164 3215 3197; x_wconf 76' lang='grc' dir='ltr'><strong>ι</strong></span> <span class='ocrx_word' id='word_1_755' title='bbox 3245 3143 3354 3198; x_wconf 83' lang='lat' dir='ltr'><strong>Nec</strong></span> <span class='ocrx_word' id='word_1_756' title='bbox 3381 3156 3475 3196; x_wconf 88' lang='lat' dir='ltr'><strong>co-</strong></span> 
     </span>
    </p>
   </div>
   <div class='ocr_carea' id='block_1_90' title="bbox 1820 3228 3471 3326">
    <p class='ocr_par' dir='ltr' id='par_1_90' title="bbox 1820 3228 3471 3326">
     <span class='ocr_line' id='line_1_90' title="bbox 1820 3228 3471 3326; baseline -0.015 -15"><span class='ocrx_word' id='word_1_757' title='bbox 1820 3228 1864 3290; x_wconf 78' lang='lat' dir='ltr'>C</span> <span class='ocrx_word' id='word_1_758' title='bbox 1894 3228 2038 3326; x_wconf 80' lang='lat' dir='ltr'><strong>geris</strong></span> <span class='ocrx_word' id='word_1_759' title='bbox 2076 3268 2164 3307; x_wconf 88' lang='lat' dir='ltr'><strong>res</strong></span> <span class='ocrx_word' id='word_1_760' title='bbox 2199 3250 2546 3319; x_wconf 88' lang='lat' dir='ltr'><strong>impiissimas</strong></span> <span class='ocrx_word' id='word_1_761' title='bbox 2593 3255 2756 3315; x_wconf 87' lang='lat' dir='ltr'><strong>atque</strong></span> <span class='ocrx_word' id='word_1_762' title='bbox 2802 3239 3221 3297; x_wconf 85' lang='lat' dir='ltr'><strong>absurdissimas</strong></span> <span class='ocrx_word' id='word_1_763' title='bbox 3268 3235 3471 3298; x_wconf 86' lang='lat' dir='ltr'><strong>dicere,</strong></span> 
     </span>
    </p>
   </div>
   <div class='ocr_carea' id='block_1_91' title="bbox 1893 3328 3470 3417">
    <p class='ocr_par' dir='ltr' id='par_1_91' title="bbox 1893 3328 3470 3417">
     <span class='ocr_line' id='line_1_91' title="bbox 1893 3328 3470 3417; baseline -0.014 -17"><span class='ocrx_word' id='word_1_764' title='bbox 1893 3354 1988 3401; x_wconf 92' lang='lat' dir='ltr'><strong>aut</strong></span> <span class='ocrx_word' id='word_1_765' title='bbox 2029 3341 2381 3417; x_wconf 69' lang='lat' dir='ltr'><strong>baptizandos</strong></span> <span class='ocrx_word' id='word_1_766' title='bbox 2425 3355 2533 3393; x_wconf 90' lang='lat' dir='ltr'><strong>non</strong></span> <span class='ocrx_word' id='word_1_767' title='bbox 2581 3352 2701 3392; x_wconf 85' lang='lat' dir='ltr'><strong>esse</strong></span> <span class='ocrx_word' id='word_1_768' title='bbox 2745 3333 3017 3405; x_wconf 87' lang='lat' dir='ltr'><strong>parvulos,</strong></span> <span class='ocrx_word' id='word_1_769' title='bbox 3069 3328 3210 3401; x_wconf 87' lang='lat' dir='ltr'><strong>quod</strong></span> <span class='ocrx_word' id='word_1_770' title='bbox 3254 3328 3470 3397; x_wconf 82' lang='lat' dir='ltr'><strong>quidem</strong></span> 
     </span>
    </p>
   </div>
   <div class='ocr_carea' id='block_1_92' title="bbox 1890 3425 3472 3507">
    <p class='ocr_par' dir='ltr' id='par_1_92' title="bbox 1890 3425 3472 3507">
     <span class='ocr_line' id='line_1_92' title="bbox 1890 3425 3472 3507; baseline -0.014 -17"><span class='ocrx_word' id='word_1_771' title='bbox 1890 3440 2078 3507; x_wconf 86' lang='lat' dir='ltr'><strong>postea</strong></span> <span class='ocrx_word' id='word_1_772' title='bbox 2103 3432 2237 3488; x_wconf 90' lang='lat' dir='ltr'><strong>estis</strong></span> <span class='ocrx_word' id='word_1_773' title='bbox 2264 3430 2496 3485; x_wconf 81' lang='lat' dir='ltr'><strong>fortasse</strong></span> <span class='ocrx_word' id='word_1_774' title='bbox 2523 3425 2720 3481; x_wconf 91' lang='lat' dir='ltr'><strong>dicturi</strong></span> <span class='ocrx_word' id='word_1_775' title='bbox 2749 3442 2763 3477; x_wconf 92' lang='lat'><strong>:</strong></span> <span class='ocrx_word' id='word_1_776' title='bbox 2795 3430 2889 3477; x_wconf 91' lang='lat' dir='ltr'><strong>aut</strong></span> <span class='ocrx_word' id='word_1_777' title='bbox 2930 3431 3039 3476; x_wconf 90' lang='lat' dir='ltr'><strong>tam</strong></span> <span class='ocrx_word' id='word_1_778' title='bbox 3088 3432 3342 3487; x_wconf 85' lang='lat' dir='ltr'><strong>magnum</strong></span> <span class='ocrx_word' id='word_1_779' title='bbox 3383 3429 3472 3469; x_wconf 86' lang='lat' dir='ltr'><strong>sa-</strong></span> 
     </span>
    </p>
   </div>
   <div class='ocr_carea' id='block_1_93' title="bbox 1890 3507 3470 3582">
    <p class='ocr_par' dir='ltr' id='par_1_93' title="bbox 1890 3507 3470 3582">
     <span class='ocr_line' id='line_1_93' title="bbox 1890 3507 3470 3582; baseline -0.015 -1"><span class='ocrx_word' id='word_1_780' title='bbox 1890 3532 2227 3582; x_wconf 88' lang='lat' dir='ltr'><strong>cramentum</strong></span> <span class='ocrx_word' id='word_1_781' title='bbox 2254 3522 2333 3577; x_wconf 90' lang='lat' dir='ltr'><strong>sic</strong></span> <span class='ocrx_word' id='word_1_782' title='bbox 2357 3521 2411 3575; x_wconf 93' lang='lat' dir='ltr'><strong>in</strong></span> <span class='ocrx_word' id='word_1_783' title='bbox 2433 3519 2514 3574; x_wconf 89' lang='lat' dir='ltr'><strong>eis</strong></span> <span class='ocrx_word' id='word_1_784' title='bbox 2532 3533 2652 3573; x_wconf 89' lang='lat' dir='ltr'><strong>esse</strong></span> <span class='ocrx_word' id='word_1_785' title='bbox 2680 3515 2994 3577; x_wconf 88' lang='lat' dir='ltr'><strong>ludibrium,</strong></span> <span class='ocrx_word' id='word_1_786' title='bbox 3021 3519 3080 3566; x_wconf 91' lang='lat' dir='ltr'><strong>ut</strong></span> <span class='ocrx_word' id='word_1_787' title='bbox 3108 3511 3160 3564; x_wconf 92' lang='lat' dir='ltr'><strong>in</strong></span> <span class='ocrx_word' id='word_1_788' title='bbox 3186 3507 3470 3563; x_wconf 85' lang='lat' dir='ltr'><strong>Salvatore</strong></span> 
     </span>
    </p>
   </div>
   <div class='ocr_carea' id='block_1_94' title="bbox 1890 3596 3470 3686">
    <p class='ocr_par' dir='ltr' id='par_1_94' title="bbox 1890 3596 3470 3686">
     <span class='ocr_line' id='line_1_94' title="bbox 1890 3596 3470 3686; baseline -0.014 -15"><span class='ocrx_word' id='word_1_789' title='bbox 1890 3615 2254 3686; x_wconf 86' lang='lat' dir='ltr'><strong>baptizentur,</strong></span> <span class='ocrx_word' id='word_1_790' title='bbox 2289 3610 2382 3667; x_wconf 88' lang='lat' dir='ltr'><strong>sed</strong></span> <span class='ocrx_word' id='word_1_791' title='bbox 2417 3625 2523 3665; x_wconf 91' lang='lat' dir='ltr'><strong>non</strong></span> <span class='ocrx_word' id='word_1_792' title='bbox 2555 3608 2831 3664; x_wconf 83' lang='lat' dir='ltr'><strong>salventur</strong></span> <span class='ocrx_word' id='word_1_793' title='bbox 2860 3624 2873 3660; x_wconf 91' lang='lat'><strong>:</strong></span> <span class='ocrx_word' id='word_1_794' title='bbox 2918 3620 2949 3658; x_wconf 90' lang='lat' dir='ltr'><strong>a</strong></span> <span class='ocrx_word' id='word_1_795' title='bbox 2991 3602 3283 3657; x_wconf 89' lang='lat' dir='ltr'><strong>liberatore</strong></span> <span class='ocrx_word' id='word_1_796' title='bbox 3326 3596 3470 3651; x_wconf 87' lang='lat' dir='ltr'><strong>redi-</strong></span> 
     </span>
    </p>
   </div>
   <div class='ocr_carea' id='block_1_95' title="bbox 1887 3692 3466 3770">
    <p class='ocr_par' dir='ltr' id='par_1_95' title="bbox 1887 3692 3466 3770">
     <span class='ocr_line' id='line_1_95' title="bbox 1887 3692 3466 3770; baseline -0.011 -11"><span class='ocrx_word' id='word_1_797' title='bbox 1887 3712 2126 3770; x_wconf 86' lang='lat' dir='ltr'><strong>mantur,</strong></span> <span class='ocrx_word' id='word_1_798' title='bbox 2158 3702 2251 3759; x_wconf 86' lang='lat' dir='ltr'><strong>sed</strong></span> <span class='ocrx_word' id='word_1_799' title='bbox 2284 3717 2391 3757; x_wconf 91' lang='lat' dir='ltr'><strong>non</strong></span> <span class='ocrx_word' id='word_1_800' title='bbox 2421 3701 2759 3755; x_wconf 91' lang='lat' dir='ltr'><strong>liberentur:</strong></span> <span class='ocrx_word' id='word_1_801' title='bbox 2788 3697 2856 3751; x_wconf 88' lang='lat' dir='ltr'><strong>ab</strong></span> <span class='ocrx_word' id='word_1_802' title='bbox 2900 3695 3003 3749; x_wconf 89' lang='lat' dir='ltr'><strong>hoc</strong></span> <span class='ocrx_word' id='word_1_803' title='bbox 3049 3692 3264 3747; x_wconf 89' lang='lat' dir='ltr'><strong>lavacro</strong></span> <span class='ocrx_word' id='word_1_804' title='bbox 3310 3701 3466 3759; x_wconf 83' lang='lat' dir='ltr'><strong>rege-</strong></span> 
     </span>
    </p>
   </div>
   <div class='ocr_carea' id='block_1_96' title="bbox 1889 3782 3468 3858">
    <p class='ocr_par' dir='ltr' id='par_1_96' title="bbox 1889 3782 3468 3858">
     <span class='ocr_line' id='line_1_96' title="bbox 1889 3782 3468 3858; baseline -0.011 -9"><span class='ocrx_word' id='word_1_805' title='bbox 1889 3793 2186 3849; x_wconf 87' lang='lat' dir='ltr'><strong>nerationis</strong></span> <span class='ocrx_word' id='word_1_806' title='bbox 2219 3792 2496 3858; x_wconf 87' lang='lat' dir='ltr'><strong>laventur,</strong></span> <span class='ocrx_word' id='word_1_807' title='bbox 2530 3790 2624 3845; x_wconf 89' lang='lat' dir='ltr'><strong>sed</strong></span> <span class='ocrx_word' id='word_1_808' title='bbox 2656 3804 2764 3845; x_wconf 88' lang='lat' dir='ltr'><strong>non</strong></span> <span class='ocrx_word' id='word_1_809' title='bbox 2794 3787 3119 3842; x_wconf 88' lang='lat' dir='ltr'><strong>abluantur:</strong></span> <span class='ocrx_word' id='word_1_810' title='bbox 3153 3782 3468 3838; x_wconf 78' lang='lat' dir='ltr'><strong>exorcizen-</strong></span> 
     </span>
    </p>
   </div>
   <div class='ocr_carea' id='block_1_97' title="bbox 1886 3877 3467 3952">
    <p class='ocr_par' dir='ltr' id='par_1_97' title="bbox 1886 3877 3467 3952">
     <span class='ocr_line' id='line_1_97' title="bbox 1886 3877 3467 3952; baseline -0.01 -11"><span class='ocrx_word' id='word_1_811' title='bbox 1886 3895 1995 3952; x_wconf 87' lang='lat' dir='ltr'><strong>tur,</strong></span> <span class='ocrx_word' id='word_1_812' title='bbox 2030 3896 2085 3941; x_wconf 91' lang='lat' dir='ltr'><strong>et</strong></span> <span class='ocrx_word' id='word_1_813' title='bbox 2108 3884 2481 3949; x_wconf 84' lang='lat' dir='ltr'><strong>exsulllentur,</strong></span> <span class='ocrx_word' id='word_1_814' title='bbox 2513 3883 2607 3938; x_wconf 91' lang='lat' dir='ltr'><strong>sed</strong></span> <span class='ocrx_word' id='word_1_815' title='bbox 2633 3898 2663 3935; x_wconf 92' lang='lat' dir='ltr'><strong>a</strong></span> <span class='ocrx_word' id='word_1_816' title='bbox 2694 3887 2957 3951; x_wconf 86' lang='lat' dir='ltr'><strong>potestate</strong></span> <span class='ocrx_word' id='word_1_817' title='bbox 2986 3877 3330 3933; x_wconf 83' lang='lat' dir='ltr'><strong>tenebrarum</strong></span> <span class='ocrx_word' id='word_1_818' title='bbox 3359 3887 3467 3926; x_wconf 89' lang='lat' dir='ltr'><strong>non</strong></span> 
     </span>
    </p>
   </div>
   <div class='ocr_carea' id='block_1_98' title="bbox 1886 3964 3465 4044">
    <p class='ocr_par' dir='ltr' id='par_1_98' title="bbox 1886 3964 3465 4044">
     <span class='ocr_line' id='line_1_98' title="bbox 1886 3964 3465 4044; baseline -0.01 -12"><span class='ocrx_word' id='word_1_819' title='bbox 1886 3985 2183 4032; x_wconf 89' lang='lat' dir='ltr'><strong>eruantur:</strong></span> <span class='ocrx_word' id='word_1_820' title='bbox 2216 3977 2288 4030; x_wconf 91' lang='lat' dir='ltr'><strong>sit</strong></span> <span class='ocrx_word' id='word_1_821' title='bbox 2322 3984 2509 4029; x_wconf 87' lang='lat' dir='ltr'><strong>eorum</strong></span> <span class='ocrx_word' id='word_1_822' title='bbox 2554 3974 2788 4044; x_wconf 90' lang='lat' dir='ltr'><strong>pretium</strong></span> <span class='ocrx_word' id='word_1_823' title='bbox 2814 3970 3033 4040; x_wconf 85' lang='lat' dir='ltr'><strong>sanguis</strong></span> <span class='ocrx_word' id='word_1_824' title='bbox 3059 3968 3147 4037; x_wconf 90' lang='lat' dir='ltr'><strong>qui</strong></span> <span class='ocrx_word' id='word_1_825' title='bbox 3180 3970 3232 4021; x_wconf 92' lang='lat' dir='ltr'><strong>iu</strong></span> <span class='ocrx_word' id='word_1_826' title='bbox 3269 3964 3465 4019; x_wconf 86' lang='lat' dir='ltr'><strong>remis-</strong></span> 
     </span>
    </p>
   </div>
   <div class='ocr_carea' id='block_1_99' title="bbox 1886 4056 3465 4137">
    <p class='ocr_par' dir='ltr' id='par_1_99' title="bbox 1886 4056 3465 4137">
     <span class='ocr_line' id='line_1_99' title="bbox 1886 4056 3465 4137; baseline -0.008 -13"><span class='ocrx_word' id='word_1_827' title='bbox 1886 4070 2091 4125; x_wconf 88' lang='lat' dir='ltr'><strong>sionem</strong></span> <span class='ocrx_word' id='word_1_828' title='bbox 2128 4066 2281 4123; x_wconf 85' lang='lat' dir='ltr'><strong>fusus</strong></span> <span class='ocrx_word' id='word_1_829' title='bbox 2315 4076 2400 4122; x_wconf 81' lang='lat' dir='ltr'><strong>est</strong></span> <span class='ocrx_word' id='word_1_830' title='bbox 2439 4076 2784 4137; x_wconf 89' lang='lat' dir='ltr'><strong>peccatorum</strong></span> <span class='ocrx_word' id='word_1_831' title='bbox 2811 4104 2826 4129; x_wconf 96' lang='lat'><strong>,</strong></span> <span class='ocrx_word' id='word_1_832' title='bbox 2875 4064 2970 4118; x_wconf 86' lang='lat' dir='ltr'><strong>sed</strong></span> <span class='ocrx_word' id='word_1_833' title='bbox 3014 4060 3212 4115; x_wconf 86' lang='lat' dir='ltr'><strong>nullius</strong></span> <span class='ocrx_word' id='word_1_834' title='bbox 3255 4056 3465 4129; x_wconf 86' lang='lat' dir='ltr'><strong>peccati</strong></span> 
     </span>
    </p>
   </div>
   <div class='ocr_carea' id='block_1_100' title="bbox 1886 4150 3466 4229">
    <p class='ocr_par' dir='ltr' id='par_1_100' title="bbox 1886 4150 3466 4229">
     <span class='ocr_line' id='line_1_100' title="bbox 1886 4150 3466 4229; baseline -0.01 -14"><span class='ocrx_word' id='word_1_835' title='bbox 1886 4158 2208 4215; x_wconf 89' lang='lat' dir='ltr'><strong>remissione</strong></span> <span class='ocrx_word' id='word_1_836' title='bbox 2230 4169 2543 4229; x_wconf 83' lang='lat' dir='ltr'><strong>purgentur.</strong></span> <span class='ocrx_word' id='word_1_837' title='bbox 2576 4176 2596 4209; x_wconf 85' lang='grc'><strong>›</strong></span> <span class='ocrx_word' id='word_1_838' title='bbox 2623 4156 2687 4211; x_wconf 84' lang='grc' dir='ltr'><strong>Ει</strong></span> <span class='ocrx_word' id='word_1_839' title='bbox 2713 4157 2838 4209; x_wconf 91' lang='lat' dir='ltr'><strong>item</strong></span> <span class='ocrx_word' id='word_1_840' title='bbox 2863 4154 3001 4225; x_wconf 88' lang='lat' dir='ltr'><strong>(cap.</strong></span> <span class='ocrx_word' id='word_1_841' title='bbox 3032 4154 3086 4222; x_wconf 79' lang='grc'><strong>5)</strong></span> <span class='ocrx_word' id='word_1_842' title='bbox 3111 4166 3127 4205; x_wconf 87' lang='lat'><strong>:</strong></span> <span class='ocrx_word' id='word_1_843' title='bbox 3157 4171 3175 4201; x_wconf 75' lang='grc' dir='ltr'><strong>ι</strong></span> <span class='ocrx_word' id='word_1_844' title='bbox 3194 4150 3466 4205; x_wconf 79' lang='lat' dir='ltr'><strong>Caeterum</strong></span> 
     </span>
    </p>
   </div>
   <div class='ocr_carea' id='block_1_101' title="bbox 1884 4235 3464 4320">
    <p class='ocr_par' dir='ltr' id='par_1_101' title="bbox 1884 4235 3464 4320">
     <span class='ocr_line' id='line_1_101' title="bbox 1884 4235 3464 4320; baseline -0.009 -16"><span class='ocrx_word' id='word_1_845' title='bbox 1884 4265 2015 4320; x_wconf 87' lang='lat' dir='ltr'><strong>rogo</strong></span> <span class='ocrx_word' id='word_1_846' title='bbox 2037 4257 2109 4314; x_wconf 91' lang='lat' dir='ltr'><strong>te,</strong></span> <span class='ocrx_word' id='word_1_847' title='bbox 2132 4249 2401 4318; x_wconf 90' lang='lat' dir='ltr'><strong>quomodo</strong></span> <span class='ocrx_word' id='word_1_848' title='bbox 2426 4256 2602 4317; x_wconf 90' lang='lat' dir='ltr'><strong>potest</strong></span> <span class='ocrx_word' id='word_1_849' title='bbox 2628 4245 2850 4315; x_wconf 79' lang='lat' dir='ltr'><strong>intelligi</strong></span> <span class='ocrx_word' id='word_1_850' title='bbox 2880 4245 2983 4299; x_wconf 89' lang='lat' dir='ltr'><strong>ista</strong></span> <span class='ocrx_word' id='word_1_851' title='bbox 3012 4240 3334 4308; x_wconf 89' lang='lat' dir='ltr'><strong>redemptio,</strong></span> <span class='ocrx_word' id='word_1_852' title='bbox 3357 4235 3464 4290; x_wconf 90' lang='lat' dir='ltr'><strong>nisi</strong></span> 
     </span>
    </p>
   </div>
   <div class='ocr_carea' id='block_1_102' title="bbox 1883 4333 3465 4408">
    <p class='ocr_par' dir='ltr' id='par_1_102' title="bbox 1883 4333 3465 4408">
     <span class='ocr_line' id='line_1_102' title="bbox 1883 4333 3465 4408; baseline -0.006 -13"><span class='ocrx_word' id='word_1_853' title='bbox 1883 4357 1914 4395; x_wconf 87' lang='lat' dir='ltr'><strong>a</strong></span> <span class='ocrx_word' id='word_1_854' title='bbox 1948 4340 2089 4395; x_wconf 89' lang='lat' dir='ltr'><strong>malo</strong></span> <span class='ocrx_word' id='word_1_855' title='bbox 2119 4341 2415 4395; x_wconf 89' lang='lat' dir='ltr'><strong>redimente</strong></span> <span class='ocrx_word' id='word_1_856' title='bbox 2447 4340 2536 4394; x_wconf 86' lang='lat' dir='ltr'><strong>illo</strong></span> <span class='ocrx_word' id='word_1_857' title='bbox 2564 4339 2655 4408; x_wconf 92' lang='lat' dir='ltr'><strong>qui</strong></span> <span class='ocrx_word' id='word_1_858' title='bbox 2683 4337 2911 4392; x_wconf 89' lang='lat' dir='ltr'><strong>redemit</strong></span> <span class='ocrx_word' id='word_1_859' title='bbox 2933 4334 3098 4391; x_wconf 82' lang='lat' dir='ltr'><strong>Israel</strong></span> <span class='ocrx_word' id='word_1_860' title='bbox 3127 4335 3195 4388; x_wconf 90' lang='lat' dir='ltr'><strong>ab</strong></span> <span class='ocrx_word' id='word_1_861' title='bbox 3215 4333 3465 4388; x_wconf 85' lang='lat' dir='ltr'><strong>omnibus</strong></span> 
     </span>
    </p>
   </div>
   <div class='ocr_carea' id='block_1_103' title="bbox 1885 4420 3464 4501">
    <p class='ocr_par' dir='ltr' id='par_1_103' title="bbox 1885 4420 3464 4501">
     <span class='ocr_line' id='line_1_103' title="bbox 1885 4420 3464 4501; baseline -0.007 -17"><span class='ocrx_word' id='word_1_862' title='bbox 1885 4429 2257 4500; x_wconf 89' lang='lat' dir='ltr'><strong>iniquitatibus</strong></span> <span class='ocrx_word' id='word_1_863' title='bbox 2284 4430 2437 4501; x_wconf 87' lang='lat' dir='ltr'><strong>ejus?</strong></span> <span class='ocrx_word' id='word_1_864' title='bbox 2470 4430 2567 4485; x_wconf 86' lang='lat' dir='ltr'><strong>Uhi</strong></span> <span class='ocrx_word' id='word_1_865' title='bbox 2593 4428 2739 4482; x_wconf 91' lang='lat' dir='ltr'><strong>enim</strong></span> <span class='ocrx_word' id='word_1_866' title='bbox 2771 4425 3068 4494; x_wconf 89' lang='lat' dir='ltr'><strong>redemptio</strong></span> <span class='ocrx_word' id='word_1_867' title='bbox 3095 4430 3276 4484; x_wconf 90' lang='lat' dir='ltr'><strong>sonat,</strong></span> <span class='ocrx_word' id='word_1_868' title='bbox 3308 4420 3464 4475; x_wconf 77' lang='lat' dir='ltr'><strong>intel-</strong></span> 
     </span>
    </p>
   </div>
   <div class='ocr_carea' id='block_1_104' title="bbox 1885 4512 3464 4593">
    <p class='ocr_par' dir='ltr' id='par_1_104' title="bbox 1885 4512 3464 4593">
     <span class='ocr_line' id='line_1_104' title="bbox 1885 4512 3464 4593; baseline -0.005 -19"><span class='ocrx_word' id='word_1_869' title='bbox 1885 4520 2069 4593; x_wconf 89' lang='lat' dir='ltr'><strong>ligitur</strong></span> <span class='ocrx_word' id='word_1_870' title='bbox 2109 4531 2165 4576; x_wconf 92' lang='lat' dir='ltr'><strong>et</strong></span> <span class='ocrx_word' id='word_1_871' title='bbox 2209 4523 2438 4590; x_wconf 84' lang='lat' dir='ltr'><strong>pretium</strong></span> <span class='ocrx_word' id='word_1_872' title='bbox 2469 4538 2481 4574; x_wconf 96' lang='lat'><strong>:</strong></span> <span class='ocrx_word' id='word_1_873' title='bbox 2516 4529 2570 4574; x_wconf 90' lang='lat' dir='ltr'><strong>et</strong></span> <span class='ocrx_word' id='word_1_874' title='bbox 2613 4518 2745 4588; x_wconf 86' lang='lat' dir='ltr'><strong>quid</strong></span> <span class='ocrx_word' id='word_1_875' title='bbox 2787 4525 2869 4572; x_wconf 85' lang='lat' dir='ltr'><strong>est</strong></span> <span class='ocrx_word' id='word_1_876' title='bbox 2906 4517 3026 4579; x_wconf 88' lang='lat' dir='ltr'><strong>hoc,</strong></span> <span class='ocrx_word' id='word_1_877' title='bbox 3058 4514 3160 4568; x_wconf 90' lang='lat' dir='ltr'><strong>nisi</strong></span> <span class='ocrx_word' id='word_1_878' title='bbox 3194 4512 3464 4583; x_wconf 85' lang='lat' dir='ltr'><strong>pretiosus</strong></span> 
     </span>
    </p>
   </div>
   <div class='ocr_carea' id='block_1_105' title="bbox 1886 4607 3462 4685">
    <p class='ocr_par' dir='ltr' id='par_1_105' title="bbox 1886 4607 3462 4685">
     <span class='ocr_line' id='line_1_105' title="bbox 1886 4607 3462 4685; baseline -0.009 -14"><span class='ocrx_word' id='word_1_879' title='bbox 1886 4615 2105 4685; x_wconf 87' lang='lat' dir='ltr'><strong>sanguis</strong></span> <span class='ocrx_word' id='word_1_880' title='bbox 2124 4614 2246 4683; x_wconf 80' lang='lat' dir='ltr'><strong>agni</strong></span> <span class='ocrx_word' id='word_1_881' title='bbox 2274 4612 2602 4669; x_wconf 86' lang='lat' dir='ltr'><strong>immaculati</strong></span> <span class='ocrx_word' id='word_1_882' title='bbox 2630 4610 2830 4667; x_wconf 83' lang='lat' dir='ltr'><strong>Christi</strong></span> <span class='ocrx_word' id='word_1_883' title='bbox 2858 4607 3022 4663; x_wconf 81' lang='lat' dir='ltr'><strong>Jesu?</strong></span> <span class='ocrx_word' id='word_1_884' title='bbox 3050 4609 3125 4662; x_wconf 90' lang='lat' dir='ltr'><strong>De</strong></span> <span class='ocrx_word' id='word_1_885' title='bbox 3150 4607 3251 4660; x_wconf 90' lang='lat' dir='ltr'><strong>hoc</strong></span> <span class='ocrx_word' id='word_1_886' title='bbox 3280 4613 3462 4658; x_wconf 89' lang='lat' dir='ltr'><strong>autem</strong></span> 
     </span>
    </p>
   </div>
   <div class='ocr_carea' id='block_1_106' title="bbox 1885 4698 3462 4777">
    <p class='ocr_par' dir='ltr' id='par_1_106' title="bbox 1885 4698 3462 4777">
     <span class='ocr_line' id='line_1_106' title="bbox 1885 4698 3462 4777; baseline -0.007 -16"><span class='ocrx_word' id='word_1_887' title='bbox 1885 4708 2081 4776; x_wconf 89' lang='lat' dir='ltr'><strong>pretio,</strong></span> <span class='ocrx_word' id='word_1_888' title='bbox 2110 4721 2281 4777; x_wconf 88' lang='lat' dir='ltr'><strong>quare</strong></span> <span class='ocrx_word' id='word_1_889' title='bbox 2310 4707 2381 4760; x_wconf 92' lang='lat' dir='ltr'><strong>sit</strong></span> <span class='ocrx_word' id='word_1_890' title='bbox 2410 4704 2613 4769; x_wconf 81' lang='lat' dir='ltr'><strong>fusum,</strong></span> <span class='ocrx_word' id='word_1_891' title='bbox 2660 4704 2788 4774; x_wconf 90' lang='lat' dir='ltr'><strong>quid</strong></span> <span class='ocrx_word' id='word_1_892' title='bbox 2832 4704 3229 4771; x_wconf 84' lang='lat' dir='ltr'><strong>interrogamus</strong></span> <span class='ocrx_word' id='word_1_893' title='bbox 3262 4698 3462 4752; x_wconf 82' lang='lat' dir='ltr'><strong>alium?</strong></span> 
     </span>
    </p>
   </div>
   <div class='ocr_carea' id='block_1_107' title="bbox 1884 4787 3462 4868">
    <p class='ocr_par' dir='ltr' id='par_1_107' title="bbox 1884 4787 3462 4868">
     <span class='ocr_line' id='line_1_107' title="bbox 1884 4787 3462 4868; baseline -0.008 -15"><span class='ocrx_word' id='word_1_894' title='bbox 1884 4798 2213 4868; x_wconf 84' lang='lat' dir='ltr'><strong>Redemptor</strong></span> <span class='ocrx_word' id='word_1_895' title='bbox 2233 4799 2347 4866; x_wconf 88' lang='lat' dir='ltr'><strong>ipse</strong></span> <span class='ocrx_word' id='word_1_896' title='bbox 2374 4797 2714 4865; x_wconf 88' lang='lat' dir='ltr'><strong>respondeat,</strong></span> <span class='ocrx_word' id='word_1_897' title='bbox 2741 4795 2888 4848; x_wconf 87' lang='lat' dir='ltr'><strong>dicat</strong></span> <span class='ocrx_word' id='word_1_898' title='bbox 2902 4794 3015 4861; x_wconf 90' lang='lat' dir='ltr'><strong>ipse</strong></span> <span class='ocrx_word' id='word_1_899' title='bbox 3039 4800 3307 4847; x_wconf 87' lang='lat' dir='ltr'><strong>mercator</strong></span> <span class='ocrx_word' id='word_1_900' title='bbox 3327 4808 3340 4844; x_wconf 92' lang='lat'><strong>:</strong></span> <span class='ocrx_word' id='word_1_901' title='bbox 3357 4787 3462 4842; x_wconf 87' lang='lat' dir='ltr'><strong>Hic</strong></span> 
     </span>
    </p>
   </div>
   <div class='ocr_carea' id='block_1_108' title="bbox 1883 4881 3461 4959">
    <p class='ocr_par' dir='ltr' id='par_1_108' title="bbox 1883 4881 3461 4959">
     <span class='ocr_line' id='line_1_108' title="bbox 1883 4881 3461 4959; baseline -0.007 -15"><span class='ocrx_word' id='word_1_902' title='bbox 1883 4898 1959 4944; x_wconf 85' lang='lat' dir='ltr'><strong>est</strong></span> <span class='ocrx_word' id='word_1_903' title='bbox 1978 4890 2190 4959; x_wconf 81' lang='lat' dir='ltr'><strong>sanguis</strong></span> <span class='ocrx_word' id='word_1_904' title='bbox 2211 4905 2375 4953; x_wconf 83' lang='lat' dir='ltr'><strong>meus,</strong></span> <span class='ocrx_word' id='word_1_905' title='bbox 2408 4888 2498 4958; x_wconf 85' lang='lat' dir='ltr'><strong>qui</strong></span> <span class='ocrx_word' id='word_1_906' title='bbox 2526 4903 2618 4958; x_wconf 89' lang='lat' dir='ltr'><strong>pro</strong></span> <span class='ocrx_word' id='word_1_907' title='bbox 2646 4885 2825 4939; x_wconf 87' lang='lat' dir='ltr'><strong>multis</strong></span> <span class='ocrx_word' id='word_1_908' title='bbox 2853 4884 3173 4953; x_wconf 73' lang='lat' dir='ltr'><strong>effundatur,</strong></span> <span class='ocrx_word' id='word_1_909' title='bbox 3198 4884 3253 4935; x_wconf 87' lang='lat' dir='ltr'><strong>in</strong></span> <span class='ocrx_word' id='word_1_910' title='bbox 3280 4881 3461 4934; x_wconf 87' lang='lat' dir='ltr'><strong>remis-</strong></span> 
     </span>
    </p>
   </div>
   <div class='ocr_carea' id='block_1_109' title="bbox 1883 4970 3460 5048">
    <p class='ocr_par' dir='ltr' id='par_1_109' title="bbox 1883 4970 3460 5048">
     <span class='ocr_line' id='line_1_109' title="bbox 1883 4970 3460 5048; baseline -0.006 -15"><span class='ocrx_word' id='word_1_911' title='bbox 1883 4979 2080 5034; x_wconf 82' lang='lat' dir='ltr'><strong>sionem</strong></span> <span class='ocrx_word' id='word_1_912' title='bbox 2101 4987 2430 5048; x_wconf 81' lang='lat' dir='ltr'><strong>peccatorum</strong></span> <span class='ocrx_word' id='word_1_913' title='bbox 2454 4976 2670 5045; x_wconf 80' lang='lat' dir='ltr'><strong>(Matth.</strong></span> <span class='ocrx_word' id='word_1_914' title='bbox 2697 4990 2846 5040; x_wconf 63' lang='grc' dir='ltr'><strong>δίκη,</strong></span> <span class='ocrx_word' id='word_1_915' title='bbox 2875 4975 2986 5044; x_wconf 68' lang='lat'><strong>28).</strong></span> <span class='ocrx_word' id='word_1_916' title='bbox 3019 4972 3251 5042; x_wconf 87' lang='lat' dir='ltr'><strong>Pergite,</strong></span> <span class='ocrx_word' id='word_1_917' title='bbox 3284 4970 3460 5024; x_wconf 86' lang='lat' dir='ltr'><strong>adhuc</strong></span> 
     </span>
    </p>
   </div>
   <div class='ocr_carea' id='block_1_110' title="bbox 1881 5060 3460 5138">
    <p class='ocr_par' dir='ltr' id='par_1_110' title="bbox 1881 5060 3460 5138">
     <span class='ocr_line' id='line_1_110' title="bbox 1881 5060 3460 5138; baseline -0.005 -17"><span class='ocrx_word' id='word_1_918' title='bbox 1881 5068 2111 5138; x_wconf 85' lang='lat' dir='ltr'><strong>pergite,</strong></span> <span class='ocrx_word' id='word_1_919' title='bbox 2158 5074 2214 5120; x_wconf 86' lang='lat' dir='ltr'><strong>et</strong></span> <span class='ocrx_word' id='word_1_920' title='bbox 2261 5067 2400 5121; x_wconf 90' lang='lat' dir='ltr'><strong>sicut</strong></span> <span class='ocrx_word' id='word_1_921' title='bbox 2438 5066 2635 5129; x_wconf 89' lang='lat' dir='ltr'><strong>dicitis,</strong></span> <span class='ocrx_word' id='word_1_922' title='bbox 2688 5066 2741 5120; x_wconf 93' lang='lat' dir='ltr'><strong>in</strong></span> <span class='ocrx_word' id='word_1_923' title='bbox 2790 5071 3130 5120; x_wconf 87' lang='lat' dir='ltr'><strong>sacramento</strong></span> <span class='ocrx_word' id='word_1_924' title='bbox 3162 5060 3460 5115; x_wconf 86' lang='lat' dir='ltr'><strong>Salvatoris</strong></span> 
     </span>
    </p>
   </div>
   <div class='ocr_carea' id='block_1_111' title="bbox 1882 5148 3458 5225">
    <p class='ocr_par' dir='ltr' id='par_1_111' title="bbox 1882 5148 3458 5225">
     <span class='ocr_line' id='line_1_111' title="bbox 1882 5148 3458 5225; baseline -0.006 -14"><span class='ocrx_word' id='word_1_925' title='bbox 1882 5157 2346 5225; x_wconf 74' lang='lat' dir='ltr'><strong>baptizantursed</strong></span> <span class='ocrx_word' id='word_1_926' title='bbox 2373 5174 2478 5212; x_wconf 89' lang='lat' dir='ltr'><strong>non</strong></span> <span class='ocrx_word' id='word_1_927' title='bbox 2509 5159 2808 5221; x_wconf 88' lang='lat' dir='ltr'><strong>salvantur,</strong></span> <span class='ocrx_word' id='word_1_928' title='bbox 2842 5154 3181 5209; x_wconf 89' lang='lat' dir='ltr'><strong>redimuntur</strong></span> <span class='ocrx_word' id='word_1_929' title='bbox 3217 5148 3313 5204; x_wconf 88' lang='lat' dir='ltr'><strong>sed</strong></span> <span class='ocrx_word' id='word_1_930' title='bbox 3351 5163 3458 5203; x_wconf 89' lang='lat' dir='ltr'><strong>non</strong></span> 
     </span>
    </p>
   </div>
   <div class='ocr_carea' id='block_1_112' title="bbox 1881 5242 3455 5313">
    <p class='ocr_par' dir='ltr' id='par_1_112' title="bbox 1881 5242 3455 5313">
     <span class='ocr_line' id='line_1_112' title="bbox 1881 5242 3455 5313; baseline -0.004 -12"><span class='ocrx_word' id='word_1_931' title='bbox 1881 5248 2196 5313; x_wconf 88' lang='lat' dir='ltr'><strong>liberantur,</strong></span> <span class='ocrx_word' id='word_1_932' title='bbox 2231 5249 2478 5304; x_wconf 79' lang='lat' dir='ltr'><strong>lavantur</strong></span> <span class='ocrx_word' id='word_1_933' title='bbox 2504 5251 2598 5304; x_wconf 89' lang='lat' dir='ltr'><strong>sed</strong></span> <span class='ocrx_word' id='word_1_934' title='bbox 2641 5263 2747 5303; x_wconf 91' lang='lat' dir='ltr'><strong>non</strong></span> <span class='ocrx_word' id='word_1_935' title='bbox 2779 5247 3091 5309; x_wconf 85' lang='lat' dir='ltr'><strong>abluuntur,</strong></span> <span class='ocrx_word' id='word_1_936' title='bbox 3137 5242 3455 5297; x_wconf 81' lang='lat' dir='ltr'><strong>exorcizan-</strong></span> 
     </span>
    </p>
   </div>
   <div class='ocr_carea' id='block_1_113' title="bbox 1882 5333 3456 5406">
    <p class='ocr_par' dir='ltr' id='par_1_113' title="bbox 1882 5333 3456 5406">
     <span class='ocr_line' id='line_1_113' title="bbox 1882 5333 3456 5406; baseline -0.004 -14"><span class='ocrx_word' id='word_1_937' title='bbox 1882 5346 1970 5392; x_wconf 92' lang='lat' dir='ltr'><strong>tur</strong></span> <span class='ocrx_word' id='word_1_938' title='bbox 2014 5347 2069 5392; x_wconf 89' lang='lat' dir='ltr'><strong>et</strong></span> <span class='ocrx_word' id='word_1_939' title='bbox 2110 5338 2493 5403; x_wconf 81' lang='lat' dir='ltr'><strong>exsuﬂlantur,</strong></span> <span class='ocrx_word' id='word_1_940' title='bbox 2561 5338 2658 5393; x_wconf 88' lang='lat' dir='ltr'><strong>sed</strong></span> <span class='ocrx_word' id='word_1_941' title='bbox 2714 5353 2745 5392; x_wconf 91' lang='lat' dir='ltr'><strong>a</strong></span> <span class='ocrx_word' id='word_1_942' title='bbox 2790 5344 3061 5406; x_wconf 89' lang='lat' dir='ltr'><strong>potestate</strong></span> <span class='ocrx_word' id='word_1_943' title='bbox 3103 5333 3299 5389; x_wconf 88' lang='lat' dir='ltr'><strong>diaboli</strong></span> <span class='ocrx_word' id='word_1_944' title='bbox 3348 5347 3456 5386; x_wconf 92' lang='lat' dir='ltr'><strong>non</strong></span> 
     </span>
    </p>
   </div>
   <div class='ocr_carea' id='block_1_114' title="bbox 1879 5425 3456 5494">
    <p class='ocr_par' dir='ltr' id='par_1_114' title="bbox 1879 5425 3456 5494">
     <span class='ocr_line' id='line_1_114' title="bbox 1879 5425 3456 5494; baseline -0.006 -10"><span class='ocrx_word' id='word_1_945' title='bbox 1879 5439 2183 5484; x_wconf 88' lang='lat' dir='ltr'><strong>eruuntur:</strong></span> <span class='ocrx_word' id='word_1_946' title='bbox 2220 5429 2297 5482; x_wconf 88' lang='lat' dir='ltr'><strong>sic</strong></span> <span class='ocrx_word' id='word_1_947' title='bbox 2342 5429 2506 5483; x_wconf 90' lang='lat' dir='ltr'><strong>etiam</strong></span> <span class='ocrx_word' id='word_1_948' title='bbox 2550 5429 2710 5482; x_wconf 90' lang='lat' dir='ltr'><strong>dicite</strong></span> <span class='ocrx_word' id='word_1_949' title='bbox 2738 5445 2751 5480; x_wconf 91' lang='lat'><strong>:</strong></span> <span class='ocrx_word' id='word_1_950' title='bbox 2783 5426 3048 5480; x_wconf 81' lang='lat' dir='ltr'><strong>Funditur</strong></span> <span class='ocrx_word' id='word_1_951' title='bbox 3081 5440 3180 5494; x_wconf 91' lang='lat' dir='ltr'><strong>pro</strong></span> <span class='ocrx_word' id='word_1_952' title='bbox 3218 5425 3299 5479; x_wconf 88' lang='lat' dir='ltr'><strong>eis</strong></span> <span class='ocrx_word' id='word_1_953' title='bbox 3332 5438 3456 5477; x_wconf 87' lang='lat' dir='ltr'><strong>san-</strong></span> 
     </span>
    </p>
   </div>
   <div class='ocr_carea' id='block_1_115' title="bbox 1878 5513 3453 5590">
    <p class='ocr_par' dir='ltr' id='par_1_115' title="bbox 1878 5513 3453 5590">
     <span class='ocr_line' id='line_1_115' title="bbox 1878 5513 3453 5590; baseline -0.003 -18"><span class='ocrx_word' id='word_1_954' title='bbox 1878 5520 1998 5590; x_wconf 86' lang='lat' dir='ltr'><strong>guis</strong></span> <span class='ocrx_word' id='word_1_955' title='bbox 2023 5520 2076 5573; x_wconf 93' lang='lat' dir='ltr'><strong>in</strong></span> <span class='ocrx_word' id='word_1_956' title='bbox 2105 5520 2475 5575; x_wconf 87' lang='lat' dir='ltr'><strong>remissionem</strong></span> <span class='ocrx_word' id='word_1_957' title='bbox 2504 5528 2868 5588; x_wconf 88' lang='lat' dir='ltr'><strong>peccatorum,</strong></span> <span class='ocrx_word' id='word_1_958' title='bbox 2902 5518 2996 5573; x_wconf 90' lang='lat' dir='ltr'><strong>sed</strong></span> <span class='ocrx_word' id='word_1_959' title='bbox 3025 5515 3221 5570; x_wconf 87' lang='lat' dir='ltr'><strong>nullius</strong></span> <span class='ocrx_word' id='word_1_960' title='bbox 3244 5513 3453 5584; x_wconf 88' lang='lat' dir='ltr'><strong>peccati</strong></span> 
     </span>
    </p>
   </div>
   <div class='ocr_carea' id='block_1_116' title="bbox 1876 5606 3451 5678">
    <p class='ocr_par' dir='ltr' id='par_1_116' title="bbox 1876 5606 3451 5678">
     <span class='ocr_line' id='line_1_116' title="bbox 1876 5606 3451 5678; baseline -0.003 -11"><span class='ocrx_word' id='word_1_961' title='bbox 1876 5611 2195 5667; x_wconf 87' lang='lat' dir='ltr'><strong>remissione</strong></span> <span class='ocrx_word' id='word_1_962' title='bbox 2222 5612 2569 5666; x_wconf 89' lang='lat' dir='ltr'><strong>mundantur.</strong></span> <span class='ocrx_word' id='word_1_963' title='bbox 2603 5609 2738 5665; x_wconf 83' lang='lat' dir='ltr'><strong>Mira</strong></span> <span class='ocrx_word' id='word_1_964' title='bbox 2775 5617 2902 5665; x_wconf 92' lang='lat' dir='ltr'><strong>sunt</strong></span> <span class='ocrx_word' id='word_1_965' title='bbox 2927 5624 3047 5678; x_wconf 66' lang='lat' dir='ltr'><strong>quae</strong></span> <span class='ocrx_word' id='word_1_966' title='bbox 3071 5606 3270 5672; x_wconf 89' lang='lat' dir='ltr'><strong>dicitis,</strong></span> <span class='ocrx_word' id='word_1_967' title='bbox 3315 5622 3451 5662; x_wconf 87' lang='lat' dir='ltr'><strong>nova</strong></span> 
     </span>
    </p>
   </div>
   <div class='ocr_carea' id='block_1_117' title="bbox 1875 5703 3448 5775">
    <p class='ocr_par' dir='ltr' id='par_1_117' title="bbox 1875 5703 3448 5775">
     <span class='ocr_line' id='line_1_117' title="bbox 1875 5703 3448 5775; baseline -0.003 -16"><span class='ocrx_word' id='word_1_968' title='bbox 1875 5712 2001 5759; x_wconf 91' lang='lat' dir='ltr'><strong>sunt</strong></span> <span class='ocrx_word' id='word_1_969' title='bbox 2038 5718 2159 5773; x_wconf 66' lang='lat' dir='ltr'><strong>qua:</strong></span> <span class='ocrx_word' id='word_1_970' title='bbox 2194 5703 2410 5758; x_wconf 89' lang='lat' dir='ltr'><strong>dicitis:</strong></span> <span class='ocrx_word' id='word_1_971' title='bbox 2440 5703 2574 5759; x_wconf 90' lang='lat' dir='ltr'><strong>mira</strong></span> <span class='ocrx_word' id='word_1_972' title='bbox 2624 5713 2901 5775; x_wconf 87' lang='lat' dir='ltr'><strong>stupemus</strong></span> <span class='ocrx_word' id='word_1_973' title='bbox 2927 5742 2942 5770; x_wconf 87' lang='lat'><strong>,</strong></span> <span class='ocrx_word' id='word_1_974' title='bbox 2991 5717 3127 5758; x_wconf 87' lang='lat' dir='ltr'><strong>nova</strong></span> <span class='ocrx_word' id='word_1_975' title='bbox 3173 5715 3448 5765; x_wconf 87' lang='lat' dir='ltr'><strong>cavemus,</strong></span> 
     </span>
    </p>
   </div>
   <div class='ocr_carea' id='block_1_118' title="bbox 1874 5792 2486 5851">
    <p class='ocr_par' dir='ltr' id='par_1_118' title="bbox 1874 5792 2486 5851">
     <span class='ocr_line' id='line_1_118' title="bbox 1874 5792 2486 5851; baseline -0.005 -1"><span class='ocrx_word' id='word_1_976' title='bbox 1874 5792 2007 5850; x_wconf 81' lang='lat' dir='ltr'><strong>falsa</strong></span> <span class='ocrx_word' id='word_1_977' title='bbox 2043 5792 2432 5851; x_wconf 89' lang='lat' dir='ltr'><strong>convincimus.</strong></span> <span class='ocrx_word' id='word_1_978' title='bbox 2468 5812 2486 5847; x_wconf 76' lang='grc' dir='ltr'><strong>ι</strong></span> 
     </span>
    </p>
   </div>
  </div>
