3992 6336
601 367 706 424 579

1573 349 1903 407 lllNCMAlll
1945 341 2335 403 RHEMENSIS
2370 341 2888 399 ARCHIEPISCOPI

3710 346 3794 405 380

673 472 742 526 Et
780 471 905 525 item
947 466 1092 522 Beda
1140 466 1195 522 in
1242 462 1468 536 epistola
1510 460 1736 517 Joannis
1777 460 1988 531 prima:
2023 477 2042 509 ‹
2073 455 2176 522 Qui
2206 458 2251 515 Α
2281 462 2523 507 nostrum
2561 453 2614 507 in
2656 452 2972 517 mysterium
3017 458 3378 507 sacrosanctae
3414 449 3656 523 passionis
3681 453 3800 515 illius.

603 565 738 619 uenit
767 579 860 633 per
885 576 1077 632 aquam
1102 568 1150 613 et
1176 558 1504 628 sanguinem.
1549 553 1760 623 Aquam
1803 550 2056 606 videlicet
2101 548 2181 601 la—

603 654 772 718 vacri,
803 662 858 708 et
887 652 1204 723 sanguinem
1234 665 1348 706 suae
1374 647 1660 720 passionis.
1691 646 1814 700 Non
1839 645 1894 699 in
1925 660 2061 715 aqua
2089 657 2180 696 so-

605 745 739 808 lum,
767 745 857 799 sed
884 745 938 798 in
964 760 1103 814 aqua
1132 751 1180 797 et
1217 742 1486 812 sanguine.
1531 737 1648 793 Non
1699 736 1872 793 solum
1915 734 2179 805 baptizari

605 846 826 909 propter
855 844 1094 891 nostram
1123 834 1449 889 ablutionem
1475 832 1729 902 dignatus
1764 836 1875 891 est,
1924 836 1985 883 ut
2030 825 2183 881 nobis

604 929 857 998 baptismi
888 935 1285 984 sacramentum
1315 932 1663 982 consecraret
1689 937 1753 976 ac
1783 922 2018 976 traderet
2043 937 2057 971 :
2091 932 2183 972 ve-

605 1034 727 1073 rum
754 1026 809 1073 et
838 1019 1153 1088 sanguinem
1183 1032 1339 1072 suum
1366 1015 1514 1070 dedit
1546 1028 1645 1083 pro
1673 1013 1830 1067 nobis
1851 1051 1867 1077 ,
1916 1023 2038 1065 cum
2083 1022 2181 1064 sua

604 1123 706 1163 nos
733 1110 985 1179 passione
1016 1108 1278 1173 redemit,
1321 1105 1473 1174 cujus
1504 1102 1825 1160 sacramenti
1857 1115 2071 1171 semper
2099 1115 2183 1154 re-

598 1200 841 1257 fectione
888 1198 1220 1255 nutriremur
1262 1200 1329 1254 ad
1375 1198 1636 1253 salutem.
1670 1215 1688 1247 ›
1728 1195 1793 1249 Ει
1822 1194 1972 1258 item,
2007 1211 2025 1242 ‹
2056 1191 2181 1246 Tres

604 1301 725 1345 sunt
758 1293 846 1362 qui
875 1290 1226 1346 testimonium
1249 1289 1512 1360 perhibent
1536 1285 1700 1358 314
1724 1285 1948 1349 ueritati,
1976 1293 2024 1337 et
2053 1292 2180 1346 tres,

607 1384 803 1453 inquit,
834 1399 996 1437 unum
1028 1394 1150 1437 sunt
1179 1381 1232 1453 (Ι
1265 1382 1426 1437 Joan.
1456 1397 1512 1447 v,
1544 1380 1619 1447 7).
1650 1377 1922 1433 lndividua
1951 1390 2182 1445 namque

604 1476 723 1532 lucc
754 1484 972 1531 manent
990 1516 1005 1539 ,
1043 1476 1179 1531 nihil
1201 1490 1388 1531 eorum
1418 1489 1447 1528 a
1476 1473 1556 1529 sui
1585 1471 1919 1528 connexione
1945 1467 2179 1538 scjungi-

604 1577 714 1635 tur,
742 1570 867 1639 quia
913 1584 1013 1624 nec
1059 1568 1175 1623 sine
1220 1581 1348 1622 vera
1389 1565 1668 1620 divinitate
1706 1561 2037 1621 humanitas,
2081 1574 2181 1616 nec

604 1660 724 1714 sine
750 1675 876 1712 vera
907 1658 1178 1713 credenda
1206 1666 1290 1712 est
1315 1656 1651 1713 humanitate
1677 1653 1948 1709 divinitas.
1989 1650 2095 1708 Sed
2125 1659 2182 1707 et

604 1749 659 1804 in
690 1749 846 1804 nobis
875 1751 989 1804 haec
1015 1765 1181 1803 unum
1210 1760 1364 1813 sunt,
1413 1763 1517 1803 non
1555 1754 1747 1803 natura
1772 1785 1787 1812 ,
1817 1744 1913 1800 sed
1937 1743 2178 1815 ejusdem

603 1841 915 1909 aper-alioue
945 1841 1236 1912 mysterii.»
1269 1840 1425 1913 Nam,
1475 1840 1618 1896 sicut
1644 1838 1833 1893 beatus
1862 1835 2180 1890 Ambrosius

604 1932 720 1986 ait:
755 1950 773 1981 ‹
812 1930 1048 2001 Spiritus
1092 1940 1326 1986 mentem
1376 1938 1620 1994 renovat,
1669 1944 1808 1999 aqua
1856 1926 2069 1997 proiicit
2111 1925 2180 1979 ad

603 2026 896 2089 lavacrum,
927 2024 1145 2096 sanguis
1168 2031 1376 2093 spectat
1398 2023 1465 2078 ad
1489 2022 1742 2092 pretium.
1776 2019 2011 2090 Spiritus
2032 2018 2178 2073 enim

601 2132 703 2171 nos
731 2132 828 2186 per
852 2118 1193 2187 adoptionem
1220 2116 1360 2170 ﬁlios
1384 2116 1477 2169 Dei
1503 2114 1649 2178 fecit,
1678 2113 1816 2168 sacri
1849 2112 2010 2167 fontis
2038 2109 2180 2165 unda

600 2222 701 2262 nos
741 2207 928 2271 abluit,
978 2208 1198 2278 sanguis
1241 2206 1450 2261 Domini
1499 2221 1599 2261 nos
1643 2204 1889 2260 redemit.
1936 2202 2181 2258 Alterum

603 2298 766 2369 igitur
797 2299 1085 2363 invisibile,
1113 2297 1342 2353 alterum
1370 2297 1581 2353 visibile
1610 2296 1973 2352 testimonium
2000 2308 2183 2348 sacra-

599 2397 786 2445 mento
824 2391 1175 2459 consequitur
1205 2388 1455 2459 spiritali.
1485 2408 1504 2442 l
1555 2388 1624 2442 Et
1672 2388 1723 2441 in
1773 2385 2182 2441 consecratione

597 2494 755 2550 aqua:
778 2480 1119 2551 baptismatis
1158 2469 1422 2535 catholica
1469 2479 1600 2535 dicit
1646 2478 1928 2534 Ecclesia:
1963 2496 1982 2528 ι
2009 2476 2183 2532 Bene-

590 2568 721 2625 dico
745 2578 797 2626 te
824 2578 878 2625 et
900 2585 998 2640 per
1021 2569 1204 2626 Jesum
1233 2570 1510 2625 Christum
1558 2570 1750 2625 Filium
1795 2568 1913 2639 ejus
1960 2568 2182 2623 unicum

596 2661 884 2716 Dominum
916 2651 1183 2726 nostrum,
1212 2663 1301 2732 qui
1331 2670 1382 2717 te
1424 2677 1528 2716 una
1566 2676 1688 2716 cum
1727 2661 1988 2731 sanguine
2012 2660 2079 2714 de
2105 2658 2183 2713 la-

596 2760 716 2808 tere
759 2768 857 2809 suo
904 2753 1190 2823 produxit,
1227 2762 1283 2809 et
1330 2741 1608 2824 discipulis
1651 2753 1944 2824 suisjussit
1970 2760 2025 2807 ut
2057 2760 2180 2807 ere-

597 2847 786 2901 dentes
813 2848 1220 2917 baptizarentur
1246 2847 1298 2901 in
1326 2856 1397 2910 te,
1423 2847 1645 2903 dicens:
1675 2846 1778 2910 Ite,
1807 2846 1984 2900 docete
2004 2860 2182 2901 omnes

596 2946 794 3004 gentes,
824 2937 1144 3009 baptizantes
1183 2954 1269 2991 eos
1308 2938 1365 2991 in
1399 2939 1605 2991 nomine
1642 2936 1844 3000 Patris,
1874 2946 1920 2989 et
1951 2934 2107 2999 Filii,
2135 2942 2183 2989 et

599 3026 830 3096 Spiritus
854 3031 1025 3083 sancti
1055 3028 1269 3100 (Matth.
1299 3046 1470 3085 xxvm
1493 3071 1507 3093 ,
1536 3030 1643 3099 i9).
1676 3050 1694 3083 ι
1726 3030 1793 3083 Ει
1821 3031 1948 3082 item
1977 3047 1990 3083 :
2030 3047 2048 3079 ι
2080 3027 2185 3085 De—

596 3120 898 3174 scendatin
926 3121 1064 3175 hanc
1094 3121 1481 3190 plenitudinem
1522 3121 1689 3175 fontis
1733 3120 1903 3175 virtus
1946 3118 2180 3186 Spiritus

596 3210 698 3274 tui,
733 3219 1008 3279 totamque
1037 3210 1199 3279 hujus
1243 3226 1396 3279 aqua:
1438 3211 1796 3266 substantiam
1824 3210 2178 3278 regenerandi

564 3376 566 3379 λ
595 3299 854 3356 fecundet
880 3299 1094 3357 eﬁ'ectu.
1126 3321 1144 3354 ι
1176 3302 1244 3356 Et
1272 3310 1393 3372 post
1417 3318 1586 3372 pauca
1615 3319 1629 3357 :
1666 3322 1684 3353 ι
1716 3302 1786 3389 Ut
1811 3302 1988 3356 omnis
2017 3302 2179 3369 homo

595 3393 701 3449 hoc
729 3407 1126 3450 sacramentum
1169 3396 1595 3466 regenerationis
1638 3394 1914 3465 ingressus
1952 3394 2005 3448 in
2036 3408 2180 3448 verte

594 3484 923 3540 innocentia:
958 3501 1149 3540 novam
1190 3486 1471 3541 infantiam
1497 3494 1834 3551 renascatur,
1872 3500 1969 3555 per
1994 3486 2179 3540 Domi.

594 3591 726 3629 num
754 3583 999 3629 nostrum
1038 3574 1219 3629 Iesum
1256 3576 1552 3630 Christum.
1583 3595 1602 3627 ι
1658 3576 1725 3630 Ει
1769 3576 1857 3631 hic
1906 3576 2180 3630 individua

594 3674 939 3722 sacramenta
969 3667 1249 3738 sanguinis
1277 3668 1683 3738 redemptionis,
1714 3676 1769 3723 et
1794 3666 2032 3738 Spiritus
2056 3681 2182 3722 san-

594 3757 959 3819 ctiﬁcationis,
989 3768 1044 3813 et
1070 3773 1225 3828 aqua":
1248 3758 1608 3828 baptismatis,
1652 3757 1864 3813 cunctis
1897 3756 2180 3815 catholicis

593 3844 886 3913 baptizatis
928 3847 1124 3913 credit,
1169 3842 1472 3918 proﬁtetur,
1516 3856 1571 3903 et
1615 3847 1873 3918 praedicat
1913 3845 2180 3905 catholica

595 3943 782 3991 sancta
830 3946 1007 3993 mater
1052 3939 1315 3994 Ecclesia.
1372 3939 1569 4009 Legem
1617 3953 1789 4010 ergo,
1844 3949 1903 3992 ut
1958 3947 2181 3995 sanctus

593 4026 922 4083 leestinus
946 4029 1097 4094 dicit,
1134 4030 1391 4085 credendi
1438 4030 1522 4085 lex
1569 4038 1774 4087 statuat
1822 4030 2177 4100 supplicandi.

593 4117 663 4172 Et
690 4118 813 4174 item
842 4120 984 4177 Beda
1012 4122 1064 4176 in
1098 4131 1329 4177 tractatu
1355 4122 1589 4179 Actuum
1639 4122 2004 4191 apostolorum
2035 4125 2177 4191 (cap.

594 4207 650 4278 1)
677 4226 692 4262 :
726 4229 743 4260 ε
772 4210 907 4264 Nam
931 4221 1221 4281 postquam
1252 4212 1553 4281 consepulti
1580 4211 1843 4268 fuerimus
1866 4227 1987 4267 cum
2019 4210 2180 4267 Chri-

590 4306 677 4356 sto
719 4316 817 4371 per
844 4304 1167 4371 baptismum
1201 4304 1254 4357 in
1288 4313 1550 4365 mortem,
1598 4303 1751 4373 quasi
1797 4303 1969 4358 Rubri
2012 4302 2179 4358 maris

592 4392 730 4447 calle
758 4394 1009 4459 transito,
1039 4396 1408 4450 necessarium
1442 4394 1495 4448 in
1523 4396 1627 4449 hac
1653 4395 1939 4449 solitudine
1963 4394 2178 4450 Domini

591 4483 855 4537 habemus
887 4484 1159 4547 ducatum,
1188 4486 1279 4553 qui
1309 4500 1410 4539 nos
1446 4485 1515 4539 ad
1554 4484 1797 4539 caelestia
1847 4500 2012 4555 regna
2050 4500 2174 4554 per-

593 4571 777 4626 ducat.
813 4590 833 4622 ι
881 4572 949 4626 Et
994 4572 1121 4627 item
1174 4573 1309 4642 (cap.
1352 4574 1448 4644 8):
1497 4593 1516 4626 ι
1545 4574 1614 4628 Et
1649 4576 1782 4628 sicut
1812 4592 1978 4645 agnus
2000 4593 2176 4629 coram

594 4660 837 4714 tondente
862 4677 917 4714 se
940 4662 1052 4714 sine
1082 4677 1221 4725 vace,
1254 4677 1361 4716 non
1403 4662 1573 4718 solum
1613 4664 1874 4734 sanguine
1901 4680 2000 4719 suo
2029 4665 2180 4718 rede-

594 4749 729 4815 mit,
760 4751 853 4806 sed
882 4760 938 4807 et
974 4751 1111 4807 lanis
1140 4754 1371 4833 operuit.
1406 4772 1425 4806 ι
1477 4754 1614 4810 Hinc
1662 4756 1802 4810 idem
1853 4757 1904 4812 in
1954 4756 2173 4812 homilia

594 4838 869 4909 Evangelii
915 4841 1233 4897 duodecima
1276 4860 1290 4897 :
1345 4864 1364 4896 ι
1405 4844 1686 4911 Quomodo
1732 4854 1911 4900 autem
1949 4856 2175 4916 peccata

596 4932 782 4986 mundi
815 4932 985 5000 tollat,
1014 4950 1123 5004 quo
1146 4934 1338 4990 ordine
1355 4934 1618 5002 justiﬁeet
1646 4936 1860 5006 impios,
1900 4937 2176 5007 apostolus

595 5019 790 5077 Petrus
808 5023 1076 5090 ostendit,
1108 5024 1198 5093 qui
1220 5024 1336 5078 ait:
1366 5023 1490 5078 Non
1514 5024 1937 5094 corruptibilibus
1962 5035 2174 5096 argento

596 5111 675 5167 uel
707 5129 839 5168 auro
871 5114 1120 5184 redempti
1158 5115 1281 5169 estis
1321 5113 1386 5167 de
1422 5131 1556 5168 vana
1587 5123 1756 5169 vestra
1785 5116 2176 5169 conversatione

593 5212 828 5274 paterna:
852 5204 1172 5268 traditionis,
1203 5204 1295 5259 sed
1328 5204 1556 5274 pretioso
1589 5205 1845 5275 sanguine
1877 5205 2029 5273 quasi
2051 5204 2177 5275 agni

592 5292 995 5346 tncontantinati
1023 5301 1073 5346 et
1108 5292 1437 5347 immaculati
1469 5293 1599 5348 Iesu
1642 5292 1833 5348 Christi
1868 5293 1919 5365 (Ι
1951 5293 2098 5349 Petr.
2131 5311 2172 5359 ι.

594 5380 705 5453 18).
739 5380 809 5435 Et
831 5381 886 5435 in
917 5381 1239 5453 Apocalypsi
1263 5380 1500 5438 Joannes
1528 5381 1799 5453 apostolus
1824 5401 1838 5437 :
1863 5383 1966 5449 Qui
1991 5382 2177 5437 dilexit

598 5491 714 5541 nos,
739 5475 935 5546 inquit,
966 5484 1014 5529 et
1043 5474 1165 5530 lavit
1190 5492 1284 5531 nos
1312 5494 1346 5531 a
1368 5476 1593 5545 peccatis
1622 5476 1814 5530 nostris
1837 5475 1893 5530 in
1924 5475 2178 5545 sanguine

596 5582 694 5620 suo
725 5564 908 5636 (Apoc.
941 5582 992 5632 1,
1027 5565 1102 5638 5).
1138 5565 1252 5621 Non
1285 5567 1457 5622 solum
1487 5575 1667 5622 autem
1702 5566 1835 5621 lavit
1859 5581 1958 5621 nos
1987 5582 2018 5620 a
2049 5580 2178 5635 pec-

592 5658 733 5712 catis
778 5658 979 5713 nostris
1025 5658 1078 5712 in
1125 5657 1384 5727 sanguine
1428 5672 1548 5724 suo,
1595 5659 1814 5727 quando
1861 5657 2178 5727 sanguinem

594 5765 750 5805 suum
779 5750 927 5806 dedit
954 5751 1006 5806 in
1032 5764 1193 5807 cruce
1222 5766 1320 5809 oro
1344 5749 1522 5809 nobis.
1565 5750 1650 5813 Vel
1690 5750 1906 5811 quando
1949 5748 2179 5816 quisque

2280 543 2528 614 baptismi
2559 544 2715 613 aquis
2740 542 2954 597 ablutus
2984 553 3110 606 est,
3167 557 3355 597 verum
3401 542 3556 596 etiam
3597 546 3795 613 quotidie

2282 633 2420 689 tollit
2445 646 2665 704 peccata
2688 634 2896 699 mundi,
2926 633 3177 703 lavatque
3204 648 3307 687 nos
3333 648 3360 685 a
3390 633 3613 702 peccatis
3635 637 3794 690 nostris

2281 721 2335 777 in
2367 724 2628 794 sanguine
2658 738 2778 788 suo,
2823 738 2944 777 cum
2990 723 3229 793 ejusdem
3274 722 3442 776 beatae
3485 721 3723 792 passionis
3746 727 3796 779 ad

2280 815 2736 881 altarememoria
2764 815 3072 886 replicatur.
3118 831 3240 869 cum
3288 813 3442 884 panis
3468 823 3521 868 et
3552 815 3650 868 viui
3674 832 3797 870 erra-

2282 915 2400 960 tura
2429 906 2483 960 in
2514 898 2922 963 sacramentum
2940 906 3122 960 carnis
3149 915 3204 960 et
3230 904 3503 975 sanguinis
3523 903 3630 971 ejus
3648 906 3799 959 inetia-

2282 998 2372 1052 bili
2405 996 2638 1068 Spiritus
2666 997 3091 1052 sanctiﬁcatione
3119 995 3469 1060 transfertur,
3507 996 3674 1067 sicque
3706 1011 3800 1050 cor-

2279 1108 2380 1162 pus
2424 1100 2479 1146 et
2522 1091 2742 1160 sanguis
2790 1090 2931 1147 illius
2989 1106 3095 1145 non
3156 1088 3451 1143 inﬁdelium
3492 1088 3714 1143 manibus
3747 1092 3799 1144 ad

2279 1184 2575 1254 perniciem
2605 1199 2757 1238 suam
2788 1181 3030 1237 funditur
3067 1191 3121 1237 et
3162 1181 3448 1244 occiditur,
3492 1179 3580 1234 sed
3608 1179 3799 1235 ﬁdelium

2281 1294 2376 1334 ore
2399 1293 2550 1332 suam
2574 1277 2805 1333 sumitur
2833 1276 2886 1329 in
2917 1276 3164 1329 salutem.
3197 1293 3214 1324 ι
3245 1273 3315 1327 Ει
3344 1272 3469 1326 item
3499 1270 3603 1340 ipse
3638 1271 3683 1325 in
3716 1282 3799 1325 tra-

2281 1376 2426 1423 ctatu
2458 1368 2685 1422 Actuum
2713 1364 3081 1435 apostolorum
3110 1365 3249 1434 (cap.
3291 1361 3381 1424 l0)
3418 1378 3430 1412 :
3462 1359 3612 1430 315
3650 1379 3664 1409 ι
3691 1359 3800 1413 Prm-

2282 1459 2438 1527 cipue
2465 1457 2709 1527 congruit
2739 1471 2838 1509 nos
2867 1455 3128 1527 baptizari
3156 1455 3207 1507 in
3239 1452 3457 1506 nomine
3487 1450 3676 1505 Domini
3701 1449 3797 1504 .lesu

2281 1546 2501 1612 Christi,
2532 1547 2659 1617 quia
2697 1547 2838 1603 sicut
2878 1546 3164 1617 Apostolus
3191 1546 3264 1600 ait
3294 1563 3308 1597 :
3349 1543 3641 1613 Quicunque
3672 1543 3799 1612 bapti-

2282 1637 2388 1689 sati
2418 1653 2597 1690 sumus
2623 1636 2678 1690 in
2706 1635 2911 1690 Christo
2935 1634 3088 1703 Jesu,
3117 1635 3171 1691 in
3205 1643 3372 1703 morte
3406 1634 3563 1704 ipsius
3599 1631 3798 1702 θηρήιαιὶ

2280 1743 2461 1782 sumus
2491 1725 2662 1798 (Rom.
2689 1743 2763 1792 vt,
2789 1727 2865 1797 5).
2897 1745 2913 1778 ι
3650 1780 3663 1793 ⁸

2208 1823 2254 1883 Β
2350 1817 2485 1885 Quia
2510 1833 2640 1873 vero
2666 1817 2718 1873 in
2742 1818 3010 1889 baptismo
3036 1816 3238 1873 Christi
3265 1815 3523 1884 sanguine
3554 1812 3794 1883 redempti,

2280 1907 2599 1963 inﬁdelitate
2615 1908 2697 1963 vel
2717 1908 3079 1977 perseveranti
3105 1907 3391 1977 iniquitate
3415 1905 3584 1975 perire
3597 1913 3795 1973 possunt,

2279 2008 2468 2054 contra
2497 1999 2912 2055 Cothescalcum
2941 1980 3165 2055 satietas
3193 1998 3511 2053 Ambrosius
3532 1996 3581 2050 in
3612 1995 3795 2065 epistola

2280 2092 2347 2148 ad
2379 2091 2745 2166 Vercellenses
2780 2093 2854 2147 ita
2883 2093 3013 2148 dicit
3044 2107 3061 2147 :
3092 2109 3111 2144 ‹
3136 2091 3338 2147 Paulus
3359 2091 3425 2145 ad
3452 2089 3705 2158 Ephesios,
3737 2088 3795 2142 in-

2280 2185 2429 2253 quit:
2460 2182 2764 2238 Fornicatio
2791 2195 2987 2249 autem,
3024 2192 3073 2238 et
3095 2183 3264 2238 omnis
3284 2181 3623 2244 immunditia,
3641 2188 3683 2233 et
3705 2194 3796 2231 ara-

2281 2277 2404 2330 ritia
2458 2291 2550 2330 nec
2602 2277 2898 2330 nominetur
2938 2276 2994 2329 in
3037 2274 3201 2340 vobis,
3255 2274 3391 2328 sicut
3452 2272 3586 2325 decet
3634 2279 3795 2324 sanctos

2282 2366 2501 2437 (Ep/tes.
2540 2380 2591 2431 ν,
2621 2366 2698 2436 5).
2723 2364 2789 2420 Ει
2819 2365 2958 2420 infra
2987 2384 3000 2419 :
3034 2364 3150 2420 Hoc
3194 2365 3334 2421 enim
3374 2363 3572 2427 scitote,
3598 2360 3794 2433 quoniam

2281 2459 2447 2515 omnis
2498 2458 2812 2532 impudicus,
2856 2468 2947 2513 aut
2987 2457 3317 2522 immundus,
3340 2466 3431 2511 aut
3471 2470 3660 2517 avarus,
3691 2450 3794 2522 quod

2278 2560 2354 2607 est
2379 2542 2699 2616 idololatria,
2725 2566 2828 2604 non
2849 2548 2998 2603 habet
3022 2548 3379 2603 Iuereditatem
3404 2547 3458 2600 in
3486 2560 3628 2614 regno
3647 2541 3794 2596 Christi

2278 2654 2326 2698 et
2358 2643 2471 2697 Dei.
2496 2642 2572 2697 De
2596 2641 2888 2712 baptizatis
2914 2640 3100 2711 utique
3129 2639 3336 2694 dictum
3365 2637 3556 2707 liquet:
3578 2633 3665 2704 ipsi
3686 2631 3793 2687 enim

2282 2733 2556 2803 accipiunt
2604 2732 2978 2787 hatreditatem
3043 2730 3136 2802 qui
3179 2730 3520 2799 baptizantur
3567 2726 3615 2780 in
3664 2728 3794 2777 morte

2280 2823 2499 2891 Christi,
2527 2832 2583 2879 et
2604 2822 3045 2893 consepeliuntur
3064 2837 3190 2877 cum
3213 2821 3351 2892 ipso,
3390 2828 3448 2873 ut
3479 2833 3593 2873 cum
3615 2815 3710 2885 ipso
3731 2828 3795 2866 re-

2281 2922 2526 2985 surgant.
2556 2910 2680 2968 ldeo
2708 2910 2950 2968 hwredes
2972 2911 3087 2972 Dei,
3119 2908 3438 2966 cohaeredes
3462 2904 3643 2961 Christi
3666 2910 3791 2957 sunt:

2282 3006 2522 3061 haeredes
2548 3004 2664 3069 Dei,
2695 3005 2821 3073 quia
2870 3002 3258 3058 transcribitur
3301 3001 3355 3056 in
3403 3013 3493 3055 eos
3521 2997 3609 3052 Dei
3645 2993 3792 3065 gratia,

2280 3097 2590 3152 cohaeredes
2626 3094 2991 3163 Christi,quia
3022 3103 3359 3151 renovantur
3384 3093 3435 3148 in
3461 3092 3611 3146 vitam
3636 3086 3791 3157 ipsius:

2207 3177 2250 3236 C
2282 3187 2523 3242 lueredes
2550 3200 2766 3257 quoque
2794 3184 3020 3251 Christi,
3044 3184 3169 3255 quia
3195 3184 3362 3239 datur
3389 3182 3489 3236 illis
3510 3196 3596 3252 per
3616 3184 3792 3232 mortem

2281 3275 2451 3346 ipsius
2479 3283 2734 3346 tanquam
2758 3275 3035 3329 testatoris
3063 3271 3480 3329 haareditastti
3504 3270 3647 3341 igitur
3668 3261 3795 3332 magis

2282 3370 2386 3426 sibi
2451 3371 2649 3425 debent
2699 3367 3015 3435 attendere,
3066 3368 3156 3438 qui
3208 3367 3414 3423 habent
3458 3364 3590 3437 quod
3635 3358 3793 3430 possint

2281 3460 2549 3526 amittere,
2581 3474 2742 3529 quam
2763 3457 2856 3529 qui
2882 3473 2989 3513 non
3020 3457 3250 3512 habent.
3276 3477 3294 3510 ι
3322 3456 3389 3511 Ει
3408 3455 3526 3509 item
3552 3452 3599 3506 in
3618 3447 3789 3504 eadem:

2289 3568 2308 3601 t
2343 3548 2481 3616 Quid
2504 3549 2668 3620 igitur
2693 3548 2794 3603 sibi
2823 3547 2913 3602 isti
2940 3546 3146 3613 volunt,
3176 3547 3275 3617 qui
3304 3552 3608 3602 tentanteos
3624 3548 3792 3610 perver-

2285 3649 2422 3705 tere,
2461 3655 2598 3709 quos
2636 3638 2925 3708 acquisivit
2952 3637 3269 3709 Apostolus,
3298 3652 3432 3708 quos
3457 3632 3659 3690 redemit
3679 3622 3790 3681 Clui-

2284 3742 2399 3788 stus
2428 3731 2688 3801 sanguine
2718 3730 2851 3785 suo?
2878 3729 3032 3796 Quod
3074 3738 3329 3803 asserunt
3357 3726 3635 3798 baptizatos
3659 3720 3792 3773 inten-

2282 3824 2412 3879 dere
2452 3838 2559 3878 non
2598 3823 2794 3877 debere
2830 3821 3086 3875 virtutum
3124 3819 3443 3890 disciplinis,
3477 3837 3494 3871 ι
3527 3818 3578 3870 et
3614 3810 3788 3876 reliqua.

2282 3917 2416 3971 ltem
2438 3915 2576 3969 idem
2609 3914 2660 3967 in
2690 3913 2926 3983 Epistola
2956 3913 3024 3967 ad
3057 3912 3371 3968 Corinthios
3399 3926 3413 3966 :
3447 3928 3464 3961 ι
3496 3909 3557 3963 Et
3574 3904 3679 3975 quia
3698 3910 3792 3954 tam

2282 4008 2445 4077 empti
2477 4021 2684 4069 sumus,
2709 4005 3029 4075 propensius
3051 4003 3284 4058 Domino
3316 4012 3494 4057 nostro
3532 3994 3704 4052 servire
3722 3989 3790 4041 de-

2282 4099 2489 4159 bemus,
2516 4112 2582 4151 ne
2609 4094 2845 4151 oﬁ‘ensus
2865 4111 2894 4148 a
2921 4111 3028 4165 qua
3068 4109 3167 4150 nos
3187 4093 3418 4150 redemit
3440 4088 3585 4146 morti
3604 4099 3685 4140 nos
3704 4077 3790 4133 red-

2283 4191 2393 4245 dat.
2439 4189 2610 4256 Quam
2659 4187 2803 4241 enim
2850 4186 3173 4241 charissimo
3224 4186 3398 4257 pretio
3461 4195 3551 4236 nos
3603 4172 3789 4233 emit.ut

2283 4281 2595 4353 sanguinem
2619 4294 2772 4333 suum
2797 4277 2950 4331 daret
2973 4291 3073 4346 pro
3102 4275 3294 4332 nobis?
3314 4275 3378 4329 Et
3403 4274 3523 4327 item
3544 4268 3590 4322 in
3610 4261 3786 4319 eadem:

2284 4370 2353 4424 Et
2381 4369 2565 4440 peribit
2587 4368 2676 4438 qui
2697 4367 2939 4435 inﬁrmus
2969 4376 3044 4420 est
3084 4367 3138 4420 in
3161 4376 3255 4421 tua
3291 4364 3523 4427 scientia,
3547 4358 3787 4427 [ναιεννρνθ

2281 4479 2383 4533 quo
2406 4460 2646 4515 Christus
2672 4470 2908 4512 mortuus
2945 4467 3018 4512 est
3040 4456 3093 4528 (Ι
3123 4455 3248 4512 Cor.
3269 4471 3385 4519 vm,
3415 4453 3518 4521 il).
3544 4446 3594 4503 ld
3615 4453 3700 4505 est,
3724 4445 3787 4533 tu.

2284 4521 2472 4623 peritia
2504 4551 2652 4605 illum
2687 4549 2911 4613 occidit,
2950 4521 3167 4618 quando
3196 4564 3225 4601 a
3255 4555 3308 4602 te
3358 4542 3469 4598 ﬁeri
3514 4536 3649 4627 videt
3680 4521 3787 4627 (ιιιξκ1

2282 4646 2374 4700 ille
2403 4645 2562 4699 aliter
2592 4642 2856 4711 intelligit,
2882 4651 2937 4696 et
2959 4650 3014 4695 tu
3044 4640 3153 4696 eris
3180 4637 3393 4694 occasio
3421 4629 3596 4688 mortis
3628 4623 3787 4720 fratris,

2282 4751 2440 4808 quem
2465 4736 2714 4792 Christus
2738 4742 2798 4789 ut
2824 4732 3114 4789 redimeret
3159 4727 3398 4799 cruciﬁgi
3420 4738 3475 4781 se
3522 4715 3781 4808 permisitt

2279 4805 2347 4883 Et
2372 4837 2590 4882 sanctus
2618 4825 2850 4893 Prosper
2890 4831 3079 4878 contra
3139 4820 3360 4876 Gallos:
3391 4835 3409 4869 ι
3442 4805 3784 4869 Sacrameutum

2280 4917 2424 4973 enim
2440 4915 2707 4986 baptisma‘
2714 4915 2915 4983 tis,quo
2926 4913 3105 4968 omnia
3121 4925 3341 4983 prorsus
3354 4910 3562 4978 peccata
3574 4893 3782 4949 delentur.

2280 5014 2442 5068 etiam
2474 5012 2528 5066 in
2555 5011 2639 5067 his
2660 5025 2845 5065 verum
2870 5016 2955 5063 est
2976 5007 3067 5077 qui
3096 5022 3199 5060 non
3232 5011 3354 5062 sunt
3384 5000 3435 5055 in
3456 4992 3784 5079 veritate-mill:

2281 5103 2416 5158 suri.
2442 5121 2459 5151 ι
2486 5102 2552 5155 Ει
2569 5101 2697 5155 item
2723 5116 2736 5153 :
2774 5117 2793 5150 ι
2824 5072 3057 5169 Sanguis
3079 5094 3288 5150 Domini
3311 5086 3473 5146 nostri
3495 5081 3608 5137 Jesu

2280 5196 2513 5267 pretium
2537 5200 2625 5250 est
2649 5191 2815 5248 totius
2841 5165 3048 5257 mundi,
3066 5205 3104 5259 pa
3123 5204 3231 5259 quo
3249 5184 3419 5259 pretio
3435 5168 3649 5235 esttam?i

2500 5248 2747 5341 delectati
2765 5248 3076 5354 captivitate
3091 5248 3281 5338 redimi
3299 5274 3586 5332 noluerunt,
3602 5248 3781 5359 aut

2286 5352 2706 5450 redemptionem
2733 5358 2803 5434 ad
2825 5352 3067 5432 eamdem
3093 5381 3221 5430 sunt
3244 5367 3543 5450 servitutem
3563 5352 3775 5450 meis“?

2284 5470 2352 5526 Et
2397 5443 2544 5525 Beda
2574 5469 2628 5523 in
2676 5467 2903 5537 epistola
2939 5464 3092 5519 Judae
3128 5482 3142 5518 :
3188 5481 3208 5514 ‹
3244 5459 3345 5528 Qui
3370 5448 3560 5524 angelis
3596 5443 3779 5537 peccet?

2285 5562 2429 5615 tibus
2485 5575 2591 5617 non
2649 5533 2907 5629 pepercit,
2935 5570 3037 5612 nec
3078 5542 3379 5610 hominibus
3428 5543 3593 5634 ρποςει
3812 5538 3821 5551 ’

2286 5652 2595 5708 bientihus:
2628 5620 2850 5705 sed-hos
2872 5620 3108 5718 quoque,
3135 5660 3253 5700 cum
3292 5652 3439 5697 suum
3482 5620 3776 5718 Ρτίησίνθξυῗ

2287 5760 2393 5801 non
2436 5749 2809 5823 servaverunt,
2833 5711 3285 5799 illum-videlicet
3325 5745 3426 5803 quo
3470 5736 3556 5798 per
3594 5711 3774 5793 sum“
