3992 6336
207 386 302 449 381

969 381 1058 440 DE
1091 380 1760 439 PHAEDESTINATIONE
1797 380 2247 442 DISSERTATIO
2283 384 2696 445 POSTERIOR.

3353 366 3464 449 sse

208 505 508 580 adoptionis
532 503 628 560 ﬁlii
668 502 764 560 Dei
817 500 995 558 eﬁ'ecti
1038 511 1186 569 sunt,
1213 500 1309 558 sed
1364 500 1775 571 dereliquerunt
1798 504 1847 563 Α
1877 503 1930 559 id
1953 512 2058 571 est,
2083 518 2112 558 a
2155 506 2454 562 tentatione
2480 507 2719 578 patimur
2766 508 3029 580 superari.
3060 509 3259 567 Contra
3313 514 3458 582 quod

205 617 355 659 suum
398 598 754 664 domicilium,
783 597 841 652 id
867 604 951 652 est
978 595 1236 651 Ecclesiae
1274 595 1536 650 unitatem
1582 593 1636 648 in
1667 606 1776 664 qua

206 698 310 753 Deo
345 692 528 750 renati
553 700 701 758 sunt,
730 690 816 747 vel
834 698 984 746 certe
1001 689 1159 744 sedes
1184 688 1338 760 regni
1362 686 1621 752 coalestis,
1642 700 1777 757 quas

206 785 474 857 accepturi
495 792 654 840 erant
681 783 727 840 si
763 782 926 840 ﬁdem
952 790 1257 847 servarent,
1295 789 1348 836 et
1367 790 1490 837 ante
1512 780 1774 853 judicium

203 878 456 949 graviter,
480 887 536 932 et
559 876 780 946 gravius
804 874 858 928 in
877 873 1081 945 judicio
1108 871 1397 928 universali
1421 871 1719 927 damnabit.
1748 888 1769 925 ι

204 971 267 1026 Et
307 970 503 1026 Petrus
554 968 611 1022 in
656 966 895 1038 Epistula
924 965 1007 1020 ll:
1042 965 1395 1036 Quapropter,
1426 962 1639 1032 fratres,
1662 978 1776 1016 ma-

201 1063 276 1132 gis
295 1060 519 1131 satagite
540 1066 597 1113 ut
617 1074 709 1130 per
728 1057 862 1111 bona
885 1072 1041 1126 opera
1065 1064 1261 1110 certam
1284 1062 1505 1110 vestram
1544 1053 1776 1107 vacatio-

204 1160 374 1206 nemet
395 1150 692 1206 electionem
713 1149 924 1219 faciatis
941 1146 1029 1219 (11
1051 1145 1195 1201 Petr.
1216 1162 1258 1212 ι,
1279 1146 1390 1217 10).
1410 1142 1564 1201 Unde
1587 1141 1729 1199 Beda
1753 1159 1768 1197 :

207 1262 226 1295 ι
254 1241 308 1296 Η
312 1242 407 1296 ulti
429 1250 552 1296 sunt
577 1241 765 1307 uocati,
788 1240 944 1310 pauci
970 1248 1147 1294 autem
1170 1236 1338 1293 electi.
1363 1235 1526 1292 Certa
1551 1243 1636 1291 est
1680 1250 1773 1290 au-

205 1343 307 1388 tem
332 1323 549 1388 vocatio
584 1340 904 1387 cunctorum
940 1330 1034 1401 qui
1076 1329 1145 1385 ad
1186 1328 1347 1383 ﬁdem
1393 1328 1638 1383 veniunt.
1668 1325 1771 1393 Qui

204 1439 326 1479 vero
350 1423 472 1478 ﬁdei
504 1421 861 1477 sacramentis
891 1435 1010 1490 quae
1028 1418 1535 1491 perceperuntbona
1558 1432 1771 1488 quoque

203 1530 357 1585 opera
374 1521 792 1584 perseveranter
819 1512 985 1584 316
1004 1511 1318 1581 adjungunt,
1350 1510 1435 1565 isti
1458 1524 1609 1564 suam
1645 1522 1771 1563 cum

202 1605 475 1659 vocatione
502 1603 665 1659 etiam
693 1602 1013 1658 electionem
1054 1598 1257 1657 certam
1309 1598 1643 1656 intuentibus
1684 1599 1768 1654 fa-

201 1701 358 1754 ciunt.
389 1696 595 1751 Sicute
619 1695 945 1765 contra,-qui
993 1703 1116 1764 post
1150 1693 1491 1748 vocationem
1546 1693 1613 1746 ad
1660 1693 1767 1748 cri-

133 1839 149 1854 .
201 1792 334 1847 mina
360 1796 726 1855 revertuntur,
759 1804 882 1845 cum
911 1788 966 1843 in
992 1788 1076 1842 his
1107 1802 1175 1842 ex
1203 1788 1306 1842 hac
1341 1788 1454 1842 vita
1492 1788 1764 1859 migrave-

1879 596 2079 651 iterum
2099 594 2360 653 Dominus
2378 597 2534 668 jubet
2563 617 2577 654 :
2612 597 2837 671 Vigilare
2861 612 2910 656 et
2931 612 3095 667 orate,
3121 613 3175 657 ut
3216 620 3320 658 non
3376 605 3458 658 in-

1877 689 2026 744 tretis
2049 688 2105 743 in
2132 690 2467 744 tentationem
2493 689 2708 762 (Matth.
2734 706 2885 758 xxvr,
2914 692 3028 762 ιε).
3054 694 3121 748 Εῐ
3149 712 3162 748 :
3198 693 3360 749 Orate
3398 705 3458 749 ut

1878 798 1943 838 ne
1965 782 2066 851 fiat
2077 782 2207 853 fuga
2227 794 2393 839 vestra
2414 787 2594 855 hyeme
2607 782 2926 840 uelSabbato
2944 785 3157 858 (Matth.
3175 802 3322 853 xxiv,
3338 786 3451 857 20),

1877 873 1932 929 id
1957 881 2061 941 est,
2095 882 2155 928 ut
2179 874 2307 929 dum
2359 882 2518 930 vacat
2563 884 2820 944 operetur
2859 876 3087 945 quisque
3133 876 3274 931 bona
3329 892 3452 947 quae

1875 962 2059 1029 valet,
2127 977 2198 1019 ne
2267 971 2397 1020 tunc
2471 964 2699 1035 quilibet
2777 965 3004 1034 incipiat
3076 965 3213 1021 velle
3310 967 3452 1021 bona

1872 1067 2059 1126 agere,
2090 1053 2308 1124 quando
2354 1068 2462 1109 non
2525 1054 2707 1111 licebit
2763 1055 2903 1109 bona
2974 1057 3134 1111 modo
3208 1056 3450 1126 quolibet

1874 1148 2108 1216 operari.
2153 1146 2359 1204 Idcirco
2407 1147 2551 1203 enim
2599 1147 2752 1203 nobis
2804 1147 3064 1204 Dominus
3108 1150 3297 1203 horam
3342 1148 3455 1203 exi-

1874 1251 1965 1297 tus
2003 1240 2176 1296 nostri
2212 1239 2384 1295 voluit
2426 1254 2548 1296 esse
2600 1240 2890 1305 incertam,
2925 1249 2984 1295 ut
3025 1256 3238 1311 semper
3280 1242 3452 1311 possit

1874 1347 1997 1387 esse
2022 1340 2293 1402 suspecta,
2325 1346 2646 1401 semperque
2681 1331 2735 1385 in
2774 1331 3007 1387 adventu
3044 1330 3243 1400 judicis
3282 1332 3449 1386 simus

1872 1425 2071 1494 parati,
2093 1433 2219 1479 ante
2245 1425 2399 1494 cujus
2421 1423 2612 1478 faciem
2633 1419 2822 1493 judicii
2872 1440 2977 1479 non
3002 1424 3297 1494 poterimus
3327 1426 3450 1481 abs-

1873 1515 2052 1569 condi.
2107 1514 2217 1582 Qui
2272 1531 2381 1569 non
2442 1515 2556 1568 vult
2606 1514 2849 1569 invenire
2905 1529 3042 1583 quos
3091 1516 3328 1569 damnet.
3384 1513 3452 1569 Et

1872 1608 1995 1662 ideo
2044 1621 2236 1662 onmes
2299 1608 2806 1664 misericordissime
2878 1609 3131 1664 admonet
3194 1609 3379 1666 dicens
3431 1629 3447 1667 :

1873 1700 2026 1768 Quod
2047 1704 2190 1757 vobis
2231 1703 2348 1756 dico
2401 1701 2641 1756 omnibus
2692 1705 2835 1767 dico,
2870 1702 3076 1772 vigilate
3102 1701 3296 1773 (Mare.
3324 1718 3445 1767 xm,

1869 1792 1984 1865 5'1).
2027 1792 2095 1847 Et
2144 1809 2240 1849 vos
2267 1833 2283 1859 ,
2317 1793 2568 1863 inquiens
2594 1834 2610 1858 ,
2642 1795 2816 1862 parati
2877 1802 3070 1856 estote,
3105 1794 3267 1864 317
3320 1793 3448 1865 quia

199 1882 321 1945 rint,
350 1891 562 1935 eertum
599 1879 710 1950 jam
741 1878 993 1935 omnibus
1031 1879 1159 1947 quia
1198 1878 1414 1948 reprobi
1465 1886 1591 1933 sunt
1644 1877 1763 1933 τεά-
1793 1862 1842 1924 Β
1870 1862 2092 1940 nescitis
2143 1898 2247 1953 qua
2294 1862 2425 1940 hora
2476 1884 2736 1939 Dmninus
2810 1893 2990 1939 vester
3040 1862 3305 1938 venturus
3339 1862 3445 1949 vsit,

199 1972 340 2024 dunt.
382 1989 402 2022 ι
436 1968 506 2024 Ει.
532 1969 662 2024 item
692 1969 747 2024 in
778 1969 967 2025 eadem
995 1966 1274 2024 iFuerunt
1296 1985 1417 2023 vero
1457 1978 1506 2023 et
1541 1968 1767 2039 pseudo-

196 2062 450 2130 propheta:
469 2060 527 2115 in
543 2058 757 2131 populo,
780 2063 915 2116 sicut
962 2068 1010 2115 et
1059 2060 1116 2115 in
1160 2059 1301 2115 vobis
1337 2069 1487 2114 erunt
1528 2061 1767 2131 magistri

199 2155 484 2219 mendaces,
505 2152 596 2224 qui
635 2153 965 2207 introducent
991 2161 1160 2207 sectas
1202 2153 1530 2223 perditionis,
1558 2162 1606 2207 et
1647 2167 1766 2207 eum

198 2246 282 2315 qui
303 2245 525 2299 emiteos
557 2243 839 2299 Dominum
868 2252 1134 2313 negantes,
1162 2244 1506 2314 superducent
1548 2244 1646 2298 sibi
1680 2259 1767 2299 ce-

199 2339 348 2393 lerem
372 2339 711 2409 perditionem
733 2336 819 2410 (II
834 2335 983 2392 Petr.
1002 2353 1062 2403 ιι,
1092 2336 1166 2409 1).
1195 2336 1333 2392 Hinc
1357 2337 1502 2393 Beda
1530 2336 1759 2409 (cap.2):

206 2450 224 2482 ι
267 2431 339 2487 De
366 2431 467 2488 hoc
492 2441 737 2501 emptore
764 2439 820 2487 et
846 2431 1047 2487 Paulus
1076 2432 1152 2487 ait
1179 2446 1194 2486 :
1218 2431 1396 2502 Empti
1440 2434 1564 2487 estis
1599 2414 1769 2503 pretio

198 2538 380 2593 magno
410 2539 428 2577 :
461 2521 756 2594 glorificate
786 2533 824 2576 τι
846 2532 1055 2589 portate
1078 2523 1243 2578 Deum
1268 2525 1323 2578 in
1353 2540 1567 2595 corpore
1596 2536 1764 2578 vestro

196 2613 243 2682 (t
269 2613 389 2668 Cor.
414 2629 490 2679 vr,
526 2614 642 2685 20).
682 2614 874 2670 Merito
900 2624 1082 2670 autem
1111 2617 1213 2671 sibi
1236 2616 1467 2671 celerem
1505 2617 1765 2688 perditio-

193 2719 311 2758 nem
341 2705 729 2774 superducunt,
752 2706 1274 2777 quiRedemptorem
1306 2723 1460 2762 suum
1483 2716 1762 2778 negantes,

188 2795 330 2850 hunc
361 2807 506 2852 recte
526 2798 834 2853 conﬁtendo
855 2798 1161 2870 gloriﬁcare
1188 2799 1641 2856 etlienefaciendo
1667 2815 1765 2855 suo

186 2888 241 2941 in
295 2905 524 2961 corpore
569 2889 713 2945 ferre
761 2891 1089 2958 detrectant,
1131 2891 1274 2963 quod
1322 2908 1510 2948 omnes
1561 2893 1764 2949 faciunt

184 2980 442 3037 haeretici.
482 3002 503 3036 ι
539 2983 606 3038 Et
643 2985 770 3040 item
793 2985 845 3039 in
873 2985 1044 3054 prima
1069 2985 1310 3058 Epistola
1335 2985 1528 3043 Petrus
1557 3004 1572 3042 :
1604 2986 1757 3054 Quod

182 3083 227 3125 et
270 3086 358 3128 ros
398 3091 536 3128 nunc
583 3076 769 3130 similis
818 3075 1002 3145 formte
1076 3078 1247 3135 salvos
1298 3080 1427 3150 facit
1507 3081 1764 3151 baptisma

185 3162 233 3231 (1
274 3162 415 3220 Petr.
436 3182 517 3232 ιιι,
543 3167 657 3237 21).
684 3166 838 3224 Unde
869 3169 1009 3224 Beda
1042 3186 1056 3223 :
1100 3190 1118 3221 ι
1153 3168 1304 3236 Quod
1333 3167 1463 3241 ergo
1507 3185 1644 3240 aqua
1683 3170 1764 3225 di-

183 3254 309 3310 luvii
343 3272 444 3311 non
468 3258 698 3313 salvavit
727 3268 880 3314 extra
924 3275 1106 3317 arcam
1148 3262 1372 3333 positos,
1396 3266 1490 3317 sed
1539 3262 1757 3326 occidit,

187 3348 303 3404 sine
347 3349 510 3405 dubio
558 3352 941 3422 praeﬁgurabat
988 3366 1203 3408 omnem
1255 3352 1764 3419 lmreticumjlicet

186 3434 469 3493 habentem
493 3440 833 3510 baptismatis
857 3451 1275 3507 sacramentum,
1294 3458 1400 3498 non
1423 3442 1544 3499 aliis
1572 3443 1664 3498 sed
1685 3444 1763 3513 ip-

188 3527 260 3579 sis
278 3530 429 3599 aquis
453 3531 520 3585 ad
545 3531 754 3587 inferna
784 3534 1155 3604 mergendum,
1178 3535 1373 3605 quibus
1417 3548 1542 3590 arca
1584 3534 1763 3590 suble-

186 3630 341 3678 vatur
366 3624 432 3679 ad
452 3625 675 3682 caelum.
768 3664 772 3669 -

252 3718 387 3776 Hinc
406 3720 644 3791 plurium
668 3731 723 3778 et
756 3739 919 3793 quam
947 3724 1176 3795 plurima
1204 3742 1486 3797 possemus
1513 3728 1760 3798 exempla

184 3820 402 3877 ponere,
429 3812 526 3867 sed
571 3812 898 3884 superﬂuum
945 3815 1220 3883 duximus,
1266 3819 1392 3887 quia
1445 3827 1503 3874 et
1546 3819 1670 3889 ipsi,
1702 3826 1759 3874 ut

184 3899 434 3968 diximus,
461 3904 558 3972 qui
602 3906 903 3974 conglobati
949 3920 1137 3964 contra
1173 3911 1580 3966 unanimitatem
1633 3914 1760 3967 doc-

185 3989 336 4046 trinae
390 3994 807 4061 ecclesiasticae,
840 3996 965 4052 huic
1009 4000 1350 4068 perversitati
1393 4000 1673 4065 resistunt,
1703 4010 1759 4056 et

182 4080 331 4148 plura
371 4084 728 4154 plurimorum
775 4098 1069 4159 aggregant
1116 4097 1172 4144 et
1227 4091 1760 4146 accumulant.testi-

183 4175 379 4230 monia.
412 4177 482 4231 Et
516 4190 739 4235 sanctus
788 4178 900 4235 Leo
945 4179 1114 4236 Leoni
1160 4181 1403 4253 Augusto
1448 4181 1620 4253 (epist.
1667 4182 1754 4246 97,

188 4279 297 4330 cap.
324 4266 401 4337 4),
444 4269 746 4343 secundum
807 4271 1221 4340 promissionem
1271 4286 1447 4338 suam,
1486 4287 1592 4326 non
1647 4282 1757 4326 tam

188 4353 487 4424 multorum,
512 4374 673 4428 quam
708 4361 1263 4417 nominatissimorum
1318 4371 1624 4427 auctorum,
1654 4378 1757 4418 nec

190 4451 291 4523 tam
319 4448 633 4517 multiplicia
660 4451 986 4516 testimonia,
1014 4468 1178 4522 quam
1221 4452 1397 4508 valida
1441 4454 1757 4509 eorumdem
1792 4511 1796 4516 ,

1868 1985 1924 2031 et
1955 1976 2001 2030 si
2028 1976 2083 2030 in
2117 1977 2323 2046 prima,
2358 1976 2452 2053 vel.
2484 1977 2715 2031 secunda
2738 2015 2754 2039 ,
2798 1974 2912 2029 sive
2940 1974 3099 2030 tertia
3118 1975 3301 2046 vigilia
3352 1990 3447 2030 ve-

1865 2067 2032 2133 nerit,
2078 2066 2284 2122 similes
2330 2075 2505 2122 estote
2552 2066 2726 2121 servis
2775 2066 3220 2135 exspectantibus
3270 2067 3447 2121 domi-

1866 2173 1996 2214 num
2040 2174 2220 2223 suum,
2272 2159 2487 2228 quando
2529 2166 2833 2213 revertatur
2877 2173 2908 2210 a
2953 2157 3177 2227 nuptiis,
3220 2165 3281 2212 ut
3324 2173 3447 2213 cum

1865 2251 2077 2307 venerit
2100 2259 2155 2304 et
2175 2250 2494 2319 pulsaverit,
2525 2250 2810 2306 confestim
2835 2249 3085 2318 aperiant
3111 2248 3180 2303 ei.
3221 2248 3446 2303 Nescitis

1866 2344 2005 2397 enim
2028 2359 2132 2413 qua
2160 2343 2290 2395 hora
2312 2341 2569 2395 Dominus
2603 2352 2769 2395 vester
2795 2351 3040 2395 venturus
3070 2340 3136 2394 sit
3166 2339 3316 2410 (Luc.
3346 2355 3446 2404 xu,

1866 2432 1979 2504 56).
2013 2431 2117 2487 Sed
2138 2433 2241 2487 hoc
2261 2442 2469 2486 certum
2496 2440 2598 2493 est,
2624 2432 2877 2500 quoniam
2904 2432 2993 2499 qui
3016 2431 3449 2501 perseveraverit

1866 2540 2037 2595 usque
2085 2525 2140 2579 in
2188 2524 2349 2579 ﬁnem
2380 2524 2458 2595 (in
2488 2524 2591 2578 ﬁde
2646 2522 2855 2577 scilicet
2905 2531 3053 2576 recta
3086 2529 3141 2576 et
3191 2521 3448 2590 cperihns

1865 2619 2041 2681 bonis,
2073 2632 2192 2687 quae
2216 2626 2299 2671 est
2321 2618 2477 2687 juxta
2499 2615 2842 2687 Apostolum,
2879 2613 3012 2681 ﬁdes
3040 2631 3156 2684 qua:
3184 2629 3277 2682 per
3312 2611 3447 2664 dile-

1866 2712 2089 2764 ctionem
2141 2719 2412 2778 operatur,
2469 2717 2517 2762 et
2563 2707 2795 2760 charitas
2847 2705 2911 2760 de
2940 2705 3095 2759 corde
3140 2720 3272 2774 puro
3300 2701 3441 2774 (Gal.

1863 2818 1916 2868 v,
1950 2801 2029 2873 6),
2060 2809 2119 2854 ut
2163 2800 2363 2854 nullius
2406 2799 2477 2854 sit
2505 2798 2726 2853 haeresis
2755 2798 3174 2867 participatione
3221 2796 3442 2866 polluta,

1864 2905 1913 2952 et
1941 2897 2260 2951 conscientia
2289 2897 2444 2961 bona,
2474 2902 2536 2948 ut
2563 2908 2669 2948 non
2712 2894 2781 2947 sit
2828 2892 3093 2947 malorum
3128 2887 3447 2944 confusione

1862 2986 2144 3057 permista,
2174 2995 2221 3040 et
2250 2984 2357 3054 ﬁde
2382 3002 2486 3039 non
2509 2985 2635 3054 ﬁcta
2672 2982 2722 3052 (I
2756 2982 2891 3037 Tim.
2925 2998 2965 3047 ι,
3020 2981 3099 3053 5),
3135 2988 3324 3034 utnon
3375 2979 3447 3033 sit

1864 3095 2127 3136 consensu
2152 3080 2335 3150 juncta
2359 3094 2480 3133 cum
2506 3076 2726 3149 perﬁdis
2751 3074 2836 3129 vel
2873 3072 3118 3143 iniquis),
3149 3072 3239 3127 hic
3266 3070 3447 3126 salvus

1866 3170 1971 3226 erit
1991 3170 2162 3241 gratia
2191 3169 2401 3225 Domini
2436 3167 2609 3223 nostri
2638 3166 2766 3222 Jesu
2815 3164 3036 3228 Christi,
3086 3177 3248 3232 quem
3276 3160 3447 3215 bono-

1863 3277 1981 3317 rum
2010 3276 2234 3331 operum
2264 3268 2319 3314 et
2340 3259 2662 3331 spiritalium
2694 3257 2995 3313 studiorum
3023 3262 3297 3309 auctorem
3325 3266 3447 3307 esse

1863 3370 1971 3410 non
1994 3354 2213 3409 dubium
2241 3361 2363 3408 est:
2396 3352 2488 3424 qui
2535 3365 2765 3421 quorum
2802 3349 2993 3403 incitat
3024 3354 3254 3410 mentes,
3290 3343 3442 3413 adju-

1862 3454 1953 3500 vat
1974 3444 2237 3507 actiones,
2264 3452 2317 3499 et
2340 3441 2801 3513 perseverantiam
2825 3439 2916 3493 dat
2946 3435 3441 3508 perseverantibus,

1862 3544 2028 3607 atque
2060 3536 2402 3590 coronandus
2424 3540 2650 3588 coronat
2684 3530 2739 3585 in
2783 3527 3155 3584 misericordia
3187 3533 3241 3580 et
3282 3524 3445 3579 mise-

1863 3624 2188 3690 rationibus,
2213 3625 2299 3679 cui
2327 3639 2450 3679 cum
2471 3622 2634 3677 Patre
2666 3621 2719 3676 in
2756 3620 2966 3675 unitate
3007 3614 3446 3687 Spiritususancti

1860 3728 1943 3775 est
1972 3721 2146 3774 honor
2171 3724 2227 3772 et
2252 3716 2443 3785 gloria,
2468 3714 2523 3769 in
2552 3712 2746 3769 szecula
2783 3709 3126 3767 saeculorum.
3156 3707 3354 3763 Amen.

2391 3869 2618 3928 CAPUT
2652 3865 2895 3925 XXXVI.

1861 4026 2116 4096 Apologia
2145 4023 2496 4077 denotationis
2518 4030 2715 4096 nostrai
2753 4020 3101 4085 subsequitur,
3145 4016 3269 4096 quia
3298 4013 3442 4095 [ilius

1935 4087 2169 4168 Ephrem)
2193 4104 2505 4168 contra_nos
2537 4092 2808 4168 intendens
2860 4105 3060 4148 arcum,
3094 4087 3443 4168 misitnsagit-

1931 4152 2012 4221 ttt's
2040 4181 2057 4219 :
2082 4167 2171 4219 sed
2191 4179 2342 4217 suum
2374 4162 2506 4230 forte
2536 4162 2716 4215 sentiet
2754 4174 2936 4212 arcum
2972 4152 3446 4230 pravumaguique

1931 4251 2209 4291 conversus
2232 4223 2397 4304 ipsius
2438 4231 2645 4302 gladius
2676 4246 2779 4284 non
2805 4227 3073 4298 prastabit
3102 4224 3364 4279 auxilium
3389 4223 3444 4274 in

1930 4309 2014 4361 die
2043 4306 2181 4361 belli.

1928 4456 2058 4512 Post
2085 4471 2180 4509 sex
2202 4454 2306 4508 ista
2332 4449 2583 4522 capitula,
2603 4449 2670 4504 de
2687 4447 2884 4517 quibus
2911 4456 3230 4513 responsum
3262 4438 3455 4507 reddi-v

193 4544 459 4594 auctorum
513 4552 805 4612 aggregata
857 4544 925 4600 ad
996 4560 1147 4600 suam
1173 4585 1189 4611 ,
1259 4545 1503 4616 quinimo
1569 4547 1756 4603 ortho-
1784 4561 1840 4621 ι)
1865 4550 2064 4614 dimus,
2088 4547 2375 4618 septimum
2404 4544 2561 4599 nobis
2588 4538 2936 4608 subjunctum
2967 4532 3192 4590 dedistis
3218 4531 3270 4586 in
3304 4543 3440 4621 prae.-

196 4629 392 4698 doxam,
420 4633 795 4693 allirmandam
827 4641 1153 4695 sententiam
1182 4641 1349 4698 misit.
1379 4642 1565 4713 Neque
1610 4644 1755 4698 enim

198 4736 439 4781 numerus
492 4729 927 4785 testimoniorum
956 4772 972 4797 ,
1004 4732 1101 4787 sed
1139 4734 1438 4790 auctoritas
1488 4736 1648 4791 valet.
1676 4735 1759 4791 Ex

197 4816 374 4884 Quibus
398 4819 725 4887 ostenditur,
747 4820 1161 4879 Gothescalcum
1191 4839 1291 4895 per
1330 4826 1601 4882 modicum
1649 4825 1759 4882 fer-

195 4925 421 4968 mentum
448 4922 614 4969 totatu
639 4916 893 4973 Ecclesiae
921 4934 1157 4974 massam
1211 4928 1473 4990 quantum
1520 4936 1588 4976 ex
1642 4920 1761 4991 ipso

192 5011 268 5058 est
286 5006 615 5074 corrupisse.
642 5004 796 5063 Unde
822 5009 927 5080 piis
955 5010 1059 5065 ista
1084 5008 1383 5076 sufﬁciant,
1410 5026 1531 5082 quae
1568 5012 1756 5083 impiis

193 5096 322 5152 sicut
340 5105 397 5152 et
424 5097 580 5168 plura
603 5100 669 5155 ad
685 5100 877 5157 salutis
900 5101 1326 5158 satisfactionem
1372 5102 1627 5160 sufﬁcere
1653 5119 1761 5161 non

194 5190 457 5249 valebunt.
486 5192 624 5250 Nam
650 5193 979 5265 huiusmodi,
1005 5199 1148 5255 sicut
1178 5198 1572 5257 Gotbescalcus
1597 5209 1652 5258 et
1676 5201 1761 5257 sui

195 5286 478 5356 complices
497 5286 803 5359 proferunt,
835 5292 1136 5362 nugatoriis
1158 5290 1632 5348 adinventionibus
1660 5308 1762 5348 au-

196 5391 297 5429 rem
336 5391 446 5431 non
496 5379 929 5436 accommodabit
962 5381 1210 5451 quisquis
1265 5383 1431 5439 verba
1481 5383 1759 5438 Dominica

198 5468 374 5524 devota
400 5471 600 5527 mentis
628 5488 761 5529 aure
809 5476 1133 5546 perceperit,
1166 5476 1363 5546 quibus
1411 5491 1571 5533 orare
1607 5474 1762 5546 jubet

200 5562 407 5617 dicens:
446 5563 537 5618 Sic
583 5575 758 5620 autem
781 5567 1017 5630 orabitis,
1063 5577 1118 5621 et
1163 5578 1286 5637 post
1315 5568 1636 5640 aliquanta:
1683 5568 1765 5625 Ne

202 5669 281 5707 nos
325 5653 548 5712 inducas
596 5656 652 5710 in
715 5659 1067 5713 tentationem.
1093 5658 1227 5727 Quia
1282 5676 1406 5716 cum
1452 5661 1765 5720 deserentes

202 5737 520 5802 benmiuste
541 5746 845 5804 deserimur
872 5764 903 5804 a
928 5750 1061 5815 Deo,
1084 5751 1137 5806 in
1174 5751 1527 5809 tentationem
1558 5752 1759 5820 induci,

1864 4643 1974 4698 fata
2012 4641 2137 4696 villa
2181 4637 2377 4703 Niclfa,
2433 4634 2561 4707 quia
2613 4629 2900 4690 indiscussi
2958 4635 3013 4681 et
3067 4620 3441 4683 iuexaminati,

1865 4736 2213 4805 scientiaeque
2240 4732 2541 4786 litterarum
2578 4742 2717 4798 pene
2748 4715 2945 4797 ignari,
2983 4721 3269 4789 minusque
3316 4728 3449 4785 apo-

1863 4831 2066 4888 smlicae
2089 4825 2435 4900 prteceptioni
2456 4812 3224 4893 appropinquantes,‘peccatis
3244 4808 3449 4865 nostris

1867 4922 2174 4994 agentibus,
2222 4933 2321 4990 per
2369 4916 2618 4972 civitates
2667 4908 2905 4980 episcopi
2946 4905 3290 4994 ordinantur,
3336 4914 3445 4994 qua

1866 4989 2153 5072 occasione
2179 4989 2413 5067 maxime
2440 5008 2593 5079 vigor
2620 5000 3024 5062 ecclesiasticus
3052 4993 3300 5066 deperiit.
3338 4989 3448 5044 Sed

1868 5110 1923 5167 in
1955 5105 2245 5170 volumine,
2282 5101 2427 5175 quod
2467 5113 2642 5170 nuper
2688 5094 2846 5152 nobis
2889 5088 3136 5153 dedistis,
3188 5080 3450 5175 capitulo-

1868 5217 1990 5257 rum
2016 5200 2245 5256 istorum
2272 5192 2605 5264 compositor
2631 5187 2878 5261 quaedam
2920 5183 3024 5238 alia
3060 5174 3448 5239 intermiscuit,

1869 5292 2005 5349 adeo
2033 5298 2095 5344 ut
2122 5287 2264 5344 istud
2309 5285 2450 5357 quod
2481 5284 2537 5339 in
2581 5281 2688 5337 illis
2732 5279 2912 5334 fuerat
2957 5272 3269 5343 septimum,
3309 5266 3450 5357 inter

1867 5384 1969 5438 ista
1999 5381 2265 5437 decimum
2290 5372 2568 5432 habeatur.
2595 5371 2746 5441 Quod
2780 5368 2920 5424 sicut
2949 5362 3248 5432 intelligere
3272 5356 3446 5427 potui-

1869 5488 2013 5539 mus,
2062 5480 2119 5527 et
2146 5469 2253 5525 illic
2280 5478 2335 5523 et
2369 5467 2490 5522 istic
2520 5466 2640 5520 ideo
2682 5458 2976 5532 capitulum
3005 5454 3145 5510 istud
3171 5459 3256 5507 est
3304 5445 3450 5520 posi-

1873 5572 2010 5629 tum,
2049 5570 2110 5617 ut
2158 5560 2368 5615 facilius
2410 5556 2580 5628 possit
2624 5550 2925 5624 legentibus
2955 5542 3297 5617 persuaderi,
3338 5554 3448 5594 non

1870 5670 1992 5710 esse
2021 5653 2218 5709 mirum
2268 5651 2314 5707 si
2343 5663 2509 5720 prava
2541 5646 2815 5707 docemus,
2858 5639 3255 5710 qui‘perverse
3291 5642 3345 5687 et
3369 5632 3422 5685 in

1870 5745 2240 5810 considerate,
2298 5749 2458 5811 atque
2502 5735 2734 5793 indebite
2783 5734 2850 5790 ad
2910 5730 3153 5787 ordinem
3222 5722 3451 5784 docendi
