3992 6336
605 356 713 413 385

1579 359 1912 418 IllNCMARl
1947 358 2341 417 RHEMENSIS
2373 358 2887 418 ARCHIEPISCOPI
3714 370 3795 429 δςι

608 471 941 528 accessimus
969 486 987 527 :
1023 471 1147 542 quia
1180 473 1321 530 sicut
1357 474 1488 530 dicit
1512 474 1643 540 Leo,
1674 478 1766 548 qui
1794 475 2046 537 habuerit
2072 490 2185 529 ma-
2211 477 2260 536 Α
2364 472 2489 530 Haec
2515 482 2602 530 est
2622 488 2853 530 censura
2892 472 3246 544 capitulorum
3283 474 3646 549 eommlatoris,
3673 487 3795 550 quasi

609 561 720 616 lum
752 562 982 627 initium,
1008 564 1223 620 ditlicile
1266 565 1468 622 bonum
1520 567 1741 623 habebit
1765 585 2101 638 processum,
2130 579 2187 627 et

610 653 656 708 si
683 654 734 708 in
765 653 871 710 fide
899 657 1134 725 suspecti
1181 656 1463 724 fuerimus,
1495 675 1618 729 qua:
1656 660 2062 716 fundamentum
2103 670 2187 718 est

607 745 874 800 bonorum
928 747 1191 813 onmium,
1243 749 1383 804 bona
1441 765 1605 821 opera
1674 753 1792 807 sine
1839 751 2189 810 fundamento

610 847 763 892 recto
790 853 898 894 non
932 841 1174 906 stabunt,
1210 841 1318 897 imo
1362 858 1463 898 nec
1507 844 1647 899 bona
1677 854 1859 899 erunt.
1901 846 2184 913 Quocirca,

615 928 757 983 sicut
799 938 1020 985 sanctus
1070 933 1227 988 docet
1278 934 1602 1007 Gregorius,
1652 938 1822 993 restat
1868 947 1926 993 ut
1960 954 2188 1008 quorum

612 1021 725 1074 vita
754 1021 1072 1090 despicitur,
1102 1032 1157 1078 et
1200 1027 1513 1093 praedicatio
1543 1038 1943 1095 contemnatur,
1980 1040 2034 1088 ct
2066 1047 2188 1087 cum
2224 1051 2229 1057 ’

610 1119 798 1180 pastor
835 1127 934 1183 per
985 1114 1213 1183 abrupta
1248 1117 1508 1186 graditur,
1554 1120 1621 1173 ad
1665 1121 2018 1192 praecipitium
2060 1138 2192 1194 grex

613 1206 894 1268 sequatur.
924 1200 1077 1256 Unde
1105 1217 1326 1260 necesse
1361 1214 1455 1281 est
1474 1207 1650 1274 nobis,
1680 1211 1890 1266 cunctis
1928 1212 2070 1268 scire
2100 1227 2193 1267 vo-

612 1288 849 1348 lentibus
867 1292 1262 1361 demonstrare,
1301 1299 1571 1368 quomodo
1622 1300 1706 1355 vel
1735 1302 1990 1373 qualiter,
2021 1318 2193 1372 quan-

614 1390 729 1437 tum
756 1385 823 1439 ad
852 1385 1117 1442 humanos
1145 1397 1353 1457 spectat
1388 1391 1628 1459 obtutus,
1669 1394 1738 1448 ad
1766 1395 2192 1452 ecclesiasticum

616 1472 784 1544 318
801 1475 1042 1531 ordinem
1066 1481 1473 1535 accesserimus.
1509 1482 1576 1537 Et
1615 1483 1792 1553 primo
1834 1484 1901 1540 de
1925 1495 2195 1557 metropo-

617 1567 788 1623 litano
815 1568 1147 1626 Rhemorum
1172 1572 1456 1645 episcopo,
1479 1576 1671 1631 deinde
1704 1578 1769 1633 de
1799 1578 1966 1648 ipsius
1995 1578 2194 1634 dioece-

616 1672 739 1714 seos
771 1658 1143 1732 suﬂ'raganeis.
1176 1664 1243 1719 Et
1292 1668 1418 1736 quia
1450 1684 1559 1723 non
1589 1685 1689 1724 nos
1739 1670 2065 1741 specialiter,
2099 1672 2195 1728 sed

619 1752 947 1820 generaliter
973 1768 1165 1810 omnes
1186 1757 1478 1828 capitulum
1514 1761 1658 1816 istud
1684 1763 1856 1834 tangit
1888 1763 2193 1833 episcopos,

2288 582 2394 623 non
2438 563 2712 621 sull‘ecerit
2745 566 2887 634 quod
2918 566 3043 620 hinc
3077 566 3375 623 decernant
3411 584 3648 626 canones.
3673 572 3798 633 Unde

2288 659 2531 715 dicamus
2579 675 2704 715 cum
2754 659 2986 715 Boetio:
3020 660 3139 715 Heu
3193 664 3623 733 quamprtrcipiti
3661 682 3798 723 incrta

2287 749 2549 819 profundo
2578 766 2723 805 mens
2766 750 2943 805 hebet!
2975 750 3224 806 videlicet
3270 751 3424 805 istius
3450 752 3652 820 capituli
3687 771 3802 810 coui-

2288 842 2550 912 pilatoris,
2580 852 2640 898 ut
2673 859 2775 899 nec
2818 844 2962 914 quod
2988 844 3141 908 dicit,
3183 859 3283 899 nec
3306 844 3466 898 etiam
3510 845 3714 914 scipsant
3738 864 3803 903 co-

2290 949 2553 1003 gnoscere
2583 935 2781 989 valeat.
2810 934 3080 1005 Scriptum
3123 943 3205 991 est
3248 936 3393 990 enim
3426 953 3439 989 :
3470 935 3678 1001 Medica,
3702 955 3802 992 cura

2289 1024 2614 1094 temetipsum
2645 1023 2797 1094 (Luc.
2826 1041 2900 1089 tv,
2932 1025 3045 1096 25),
3074 1034 3159 1079 et:
3183 1022 3270 1080 Ea;
3297 1025 3458 1080 verbis
3482 1027 3576 1080 tuis
3600 1035 3641 1081 te
3658 1026 3804 1095 judico

2292 1110 2443 1183 (Luc.
2472 1129 2587 1180 xu,
2613 1113 2726 1185 22).
2775 1113 2971 1172 Videat
3013 1116 3248 1185 qualiter
3286 1116 3459 1172 isdem
3500 1116 3563 1171 ad
3605 1119 3804 1173 ordinem

2291 1216 2507 1257 sacrum
2560 1204 2888 1273 pervenerit,
2938 1213 2996 1261 et
3054 1206 3135 1262 sic
3176 1207 3232 1261 th
3298 1206 3583 1276 semetipso
3624 1207 3803 1279 gloriam

2294 1301 2506 1347 tantum
2552 1294 2802 1361 habebit,
2853 1305 2908 1351 et
2954 1312 3065 1352 non
3114 1297 3168 1353 in
3210 1298 3403 1353 altero.
3451 1297 3652 1354 Veritas
3694 1303 3804 1356 enim

2294 1384 2460 1456 319
2487 1385 2613 1440 dicit
2633 1403 2646 1440 :
2674 1386 2779 1452 Qui
2807 1404 2909 1443 non
2939 1390 3101 1445 intrat
3123 1408 3217 1459 per
3237 1393 3427 1446 ostium
3442 1392 3496 1446 in
3516 1392 3634 1446 ovile
3654 1409 3803 1456 comm,

2294 1476 2384 1530 sed
2414 1477 2646 1532 ascendit
2695 1477 2928 1545 aliunde,
2973 1482 3056 1535 hic
3100 1483 3190 1552 fur
3223 1493 3302 1538 est
3332 1492 3379 1537 et
3413 1482 3563 1539 latro.
3600 1485 3698 1554 Ego
3719 1502 3804 1539 sunt

2296 1566 2508 1631 ostium,
2532 1583 2625 1634 per
2651 1584 2732 1622 me
2760 1569 2807 1622 si
2833 1570 2950 1640 quis
2994 1571 3253 1627 introierit
3285 1573 3567 1627 salvabitur
3594 1573 3745 1645 (Joau.
3764 1591 3803 1636 χ,

2298 1657 2351 1720 1,
2385 1656 2491 1725 19).
2523 1657 2744 1714 Constat
2775 1660 2957 1730 igitur,
2987 1663 3243 1733 quoniam
3264 1664 3357 1733 qui
3386 1679 3481 1733 per
3503 1680 3616 1719 eum
3641 1665 3684 1718 in
3703 1665 3806 1719 ovile
3879 1732 3883 1736 g

2297 1749 2477 1803 ovium
2509 1764 2615 1803 non
2648 1752 2837 1817 intrat,
2869 1751 2922 1807 id
2963 1761 3048 1808 est
3098 1754 3164 1808 ad
3212 1756 3450 1825 regimen
3482 1771 3582 1809 non
3621 1763 3806 1823 estpro-
3846 1814 3851 1819 ,

619 1860 687 1899 eo
713 1847 827 1901 solo
875 1858 1101 1918 excepto
1126 1852 1215 1921 qui
1268 1852 1398 1908 illud
1438 1856 1760 1923 dictaverat,
1787 1831 1876 1914 ine
1920 1831 1986 1914 de
2012 1831 2197 1917 nostra

2300 1851 2486 1898 vectus
2518 1842 2795 1910 Ecclesiaa,
2835 1861 2940 1901 non
2969 1856 3052 1903 est
3089 1858 3281 1918 pastor
3306 1850 3511 1912 ovium,
3544 1850 3629 1904 sed
3670 1848 3739 1903 fur
3768 1860 3807 1903 et

620 1936 971 1994 infamatione
1002 1944 1374 2000 tantummodo
1402 1946 1687 2003 videamur
1736 1950 1972 2015 solliciti,
2027 1968 2198 2022 pona-

621 2047 744 2087 mus
765 2047 832 2088 ex
854 2034 1043 2090 ordine
1064 2036 1430 2109 integritatem
1454 2040 1622 2110 ipsius
1643 2042 1882 2113 capituli,
1905 2053 1961 2099 et
1979 2045 2205 2103 videant

618 2123 929 2193 quicunque
960 2125 1086 2182 illud
1114 2126 1364 2199 legerint,
1400 2130 1443 2186 si
1476 2139 1585 2186 tam
1632 2144 2034 2191 monstruosum
2088 2136 2202 2191 cri-

622 2215 974 2270 minationem
1023 2219 1349 2300 generaliter
1388 2223 1598 2278 cunctis
1638 2225 1929 2295 episcopis,
1966 2224 2202 2280 civitati-

621 2302 746 2370 bus,
776 2306 1040 2377 plebibus,
1074 2310 1514 2383 archiepiscopis,
1555 2313 1889 2384 principibus
1912 2315 2117 2371 illatam
2146 2323 2203 2372 et

623 2393 913 2464 impactam
943 2398 1231 2453 audierint.
1257 2399 1458 2457 Textus
1493 2403 1637 2458 enim
1669 2402 1830 2473 hujus
1858 2405 2077 2475 capituli
2101 2406 2205 2463 iste

620 2495 747 2542 est:
793 2508 812 2540 t
846 2490 912 2544 Et
954 2491 1080 2560 quia
1112 2492 1396 2548 indiscussi
1427 2502 1483 2549 et
1526 2495 1902 2563 inexaminati,
1932 2498 2203 2553 scientia:-

620 2595 728 2649 que
772 2578 1075 2637 litterarum
1116 2598 1255 2653 pene
1314 2584 1507 2655 ignari,
1563 2588 1850 2658 minusque
1898 2589 2206 2659 apostolicae

621 2672 968 2741 prteceptioui
1004 2675 1522 2745 appropinquantes,
1549 2679 1789 2747 peccatis
1817 2680 2019 2737 nostris
2043 2695 2207 2752 agen-

622 2762 787 2827 tibus,
815 2778 911 2832 per
939 2763 1187 2821 civitates
1213 2765 1453 2836 episcopi
1498 2769 1847 2836 ordinantur,
1900 2785 2009 2841 qua
2041 2786 2204 2827 occa-

622 2852 776 2908 sione
823 2853 1057 2910 maxime
1088 2856 1239 2926 vigor
1274 2857 1678 2915 ecclesiasticus
1710 2861 1961 2932 deperiit,
2002 2862 2206 2932 placuit

623 2942 749 2995 utsi
786 2943 1000 3010 quando
1047 2945 1275 3015 alicujus
1318 2948 1554 3004 civitatis
1587 2953 1873 3023 episcopus
1923 2955 2209 3012 vocatione

626 3032 838 3087 Domini
868 3035 1174 3101 decesserit,
1210 3054 1242 3093 a
1265 3039 1669 3109 gloriosissimis
1710 3045 2045 3116 principibus
2078 3062 2207 3118 sup-

628 3124 879 3194 plicando
907 3128 1233 3197 postuletur,
1260 3139 1320 3186 ut
1364 3135 1679 3190 canonicam
1705 3136 2028 3192 electionem
2059 3137 2204 3194 clero

2302 1930 2469 1999 latro,
2493 1933 2582 2003 qui
2614 1949 2720 1989 non
2751 1934 3067 2001 salvabitur,
3108 1939 3204 1993 sed
3241 1939 3593 1994 damnabitur.
3623 1938 3808 2005 Qualiter

2305 2030 2484 2078 autem
2523 2023 2596 2078 sit
2640 2041 2739 2095 per
2782 2028 3002 2093 ostium,
3035 2029 3288 2085 videlicet
3331 2045 3429 2101 per
3463 2028 3727 2094 Christum,
3751 2029 3807 2081 iu-

2304 2113 2557 2168 traudum
2588 2115 2642 2169 in
2670 2115 2823 2181 ovile,
2854 2119 3059 2184 ovium,
3103 2120 3154 2176 id
3202 2129 3289 2176 est
3321 2120 3713 2176 ecclesiasticum
3745 2136 3808 2174 re-

2305 2202 2485 2274 gimen
2523 2206 2949 2276 suscipiendum,
2992 2210 3131 2265 idem
3179 2211 3428 2267 Christus
3456 2212 3639 2266 ostium
3672 2211 3807 2266 ovium

2304 2295 2414 2361 via,
2446 2305 2501 2351 et
2533 2298 2755 2363 veritas,
2797 2307 2854 2354 et
2896 2301 3029 2367 vita,
3080 2301 3416 2358 demonstrat
3446 2303 3617 2357 dicens
3656 2302 3711 2356 de
3741 2317 3811 2355 suo

2307 2386 2511 2458 Spiritu
2545 2408 2558 2445 :
2589 2390 2821 2461 Spiritus
2841 2393 2931 2463 qui
2960 2411 2991 2447 a
3020 2389 3183 2447 Patre
3207 2394 3457 2464 procedit,
3490 2392 3573 2448 ille
3596 2409 3670 2448 vos
3700 2394 3810 2445 doce-

2307 2479 2377 2534 bit
2406 2483 2604 2548 omnia,
2631 2491 2678 2537 et
2705 2492 2941 2554 suggeret
2979 2485 3122 2540 vobis
3149 2486 3329 2540 omnia
3354 2500 3652 2557 qutrcuuquc
3677 2483 3809 2536 dixero

2305 2571 2448 2627 vobis
2478 2572 2662 2644 (Joan.
2691 2590 2803 2639 mv,
2824 2575 2943 2643 26).
2978 2575 3104 2630 Non
3130 2578 3272 2630 enim
3300 2593 3385 2631 vos
3420 2578 3539 2632 estis
3582 2575 3658 2647 qui
3688 2574 3811 2643 loqui-
3908 2576 3909 2631 ί

2304 2662 2456 2728 mini,
2481 2662 2571 2717 sed
2600 2662 2831 2733 Spiritus
2864 2664 3045 2721 Patris
3075 2669 3232 2723 vestri
3271 2670 3361 2741 qui
3390 2669 3609 2739 loquitur
3629 2668 3677 2720 in
3705 2665 3808 2718 vobis

2309 2750 2524 2821 (ΜαιιΙι.
2562 2768 2617 2817 x,
2644 2752 2761 2822 20).
2789 2754 2890 2821 Qui
2919 2771 3015 2826 per
3041 2773 3180 2827 quos
3204 2759 3346 2813 idem
3389 2757 3610 2829 Spiritus
3650 2757 3813 2811 locutus

2306 2851 2412 2909 est,
2441 2850 2765 2910 ut.sanctus
2800 2842 2912 2902 Leo
2944 2848 3095 2913 dicit,
3139 2850 3321 2906 adhuc
3362 2850 3624 2905 nobiscum
3663 2847 3705 2901 in
3727 2845 3813 2900 suis

2307 2935 2785 2991 constitutionibus
2813 2937 3015 3003 vivunt,
3046 2940 3172 3009 quia
3221 2957 3328 2996 non
3374 2950 3455 2996 est
3476 2941 3606 2995 Deus
3630 2948 3811 2992 mortuo-

2308 3041 2451 3092 rum,
2476 3026 2569 3081 sed
2597 3026 2917 3082 viventium.
2965 3028 3107 3099 Ergo
3136 3031 3233 3100 qui
3263 3041 3451 3086 contra
3492 3043 3656 3085 sacros
3692 3042 3811 3083 cauo-
3908 3026 3909 3069 Ὺ

2307 3132 2427 3182 nes,
2448 3116 2662 3186 Spiritu
2691 3117 2787 3172 Del
2828 3133 2924 3189 per
2944 3135 3147 3191 organa
3175 3138 3273 3177 sua
3309 3121 3567 3184 conditos,
3612 3127 3658 3173 et
3692 3116 3812 3171 totius

623 3222 680 3269 et
740 3216 938 3287 populo
998 3218 1166 3288 ipsius
1220 3221 1460 3277 civitatis
1511 3225 1826 3292 permittere
1876 3226 2167 3297 dignentur
2187 3268 2206 3294 ,
2232 3204 2277 3266 (ἶ
2310 3208 2494 3263 mum“
2527 3209 2828 3263 νθνοτθηῑίίι
2872 3222 3244 3279 consecratos,
3274 3213 3340 3268 ad
3363 3211 3603 3267 Ecclesiae
3627 3208 3813 3297 regimen

625 3316 790 3378 atque
834 3309 908 3364 ita
948 3319 1041 3366 aut
1091 3311 1145 3366 in
1188 3312 1356 3380 clero,
1407 3324 1503 3372 aut
1529 3316 1584 3371 in
1620 3318 1837 3389 populo,
1866 3320 2209 3376 autditecesi

628 3408 776 3453 certe
800 3400 937 3469 ipsa,
958 3401 1043 3457 vel
1072 3402 1118 3459 si
1143 3419 1276 3473 opus
1298 3404 1369 3459 sit
1398 3405 1451 3459 in
1496 3405 1693 3461 vicinia
1744 3408 1937 3477 ipsius,
1980 3409 2210 3481 probata

626 3500 682 3546 et
714 3491 889 3547 cilicio
916 3494 1074 3565 digna
1104 3510 1333 3565 persona
1364 3509 1655 3566 quaeratur,
1688 3515 1809 3569 quae
1834 3500 2053 3556 inventa
2079 3517 2212 3557 con-

627 3593 793 3636 sensu
822 3583 986 3637 totius
1007 3582 1138 3638 cieri
1167 3593 1223 3638 et
1246 3585 1425 3655 populi
1453 3587 1520 3641 ad
1557 3588 1819 3644 honorem
1856 3589 1951 3644 Dei
2004 3591 2210 3646 civitati

628 3658 980 3740 praeficiatur.
1031 3671 1136 3727 Sed
1165 3684 1220 3730 et
1250 3676 1295 3729 si
1326 3691 1357 3730 a
1401 3677 1623 3734 servitio
1650 3679 1860 3748 piorum
1906 3680 2210 3750 principum

631 3767 944 3814 nostrorum
982 3760 1176 3831 aliquis
1214 3763 1537 3820 clericorum
1587 3768 1819 3833 venerit,
1871 3776 1930 3822 ut
1954 3768 2113 3824 alicui
2137 3769 2211 3823 ci-

629 3846 786 3902 vitati
818 3861 1162 3921 praeponatur
1201 3853 1509 3924 episcopus,
1544 3857 1741 3913 timore
1780 3868 1931 3914 casto
1981 3859 2210 3916 sollicite

631 3941 992 4008 examinetur,
1051 3943 1283 4012 primum
1333 3945 1488 4016 cujus
1526 3948 1648 4003 vitae
1690 3948 1782 4015 sit,
1814 3949 2005 4005 deinde
2058 3952 2210 4023 cujus

631 4031 893 4098 scientiae,
921 4042 977 4089 et
1018 4035 1202 4105 vigore
1246 4037 1615 4094 ecclesiastico
1644 4041 1743 4095 sub
1770 4040 1940 4096 oculis
1967 4044 2212 4112 omnipo-

632 4124 797 4179 tentis
829 4124 920 4179 Dei
941 4136 1085 4196 aagat
1109 4128 1575 4198 metropolitanus,
1608 4130 1661 4184 in
1687 4132 1788 4187 hac
1812 4141 1966 4201 parte
1998 4135 2211 4191 caeteris

629 4215 896 4286 episcopis
923 4216 1064 4271 sicut
1093 4218 1189 4273 Dei
1234 4218 1501 4275 ministris
1530 4219 1857 4290 adjutorium
1888 4221 2208 4290 ferentibus,

630 4319 699 4359 ne
727 4305 1009 4361 maculata:
1061 4307 1206 4372 vitae,
1260 4315 1317 4362 et
1344 4324 1541 4379 pompa
1599 4311 1783 4365 saeculi
1842 4313 2109 4383 turgidus,
2156 4322 2211 4369 et

633 4397 940 4452 Simoniaca
988 4400 1181 4453 haeresi
1233 4400 1492 4470 pollutus,
1544 4403 1840 4460 humilibus
1890 4414 1946 4460 et
1996 4408 2209 4465 mundis

631 4488 892 4543 membris
922 4487 1123 4543 Christi
1159 4489 1523 4560 Ecclesiteque
1544 4501 1877 4561 supponatur
1900 4496 2203 4567 episcopus.

632 4575 743 4631 Nec
771 4588 1062 4648 pratsumat
1086 4578 1447 4645 illitteratum,
1474 4590 1529 4635 et
1555 4582 1848 4651 cupiditate
1885 4585 2068 4641 illicita
2096 4603 2200 4642 cte-

632 4675 835 4733 catum,
890 4669 1198 4726 redditurus
1247 4670 1374 4725 facti
1401 4672 1483 4726 sui
1517 4672 1629 4726 Deo
1677 4668 1963 4742 rationem,
2006 4676 2206 4747 populo

628 4763 923 4834 praeficere.
964 4765 1019 4821 Si
1052 4782 1180 4822 vero
1211 4770 1573 4824 necessarium
1620 4770 1787 4825 isdem
1835 4776 2206 4845 metropolita-

631 4870 735 4910 nus
763 4856 978 4922 viderit,
1021 4872 1087 4913 ne
1123 4867 1333 4914 tantum
1386 4860 1586 4916 malum
1638 4873 1864 4935 cogatur
1909 4880 2087 4936 agere,
2145 4874 2207 4921 ut

629 4943 870 5000 indebita
920 4947 1181 5004 honorem
1232 4950 1390 5006 bonis
1446 4959 1654 5006 tantum
1710 4954 1947 5009 debitum
2004 4956 2201 5021 tradat,

630 5032 864 5091 instruat
891 5038 1167 5108 populum,
1202 5040 1457 5096 informet
1482 5042 1800 5111 Ecclesiam,
1828 5045 2005 5114 potius
2051 5046 2203 5100 adire

628 5125 972 5183 clementiam
1018 5145 1226 5201 regum,
1278 5139 1334 5186 et
1391 5132 1506 5203 ipse
1552 5149 1673 5188 cum
1729 5136 2058 5205 coepiscopis
2089 5137 2204 5194 suis

629 5218 825 5289 quibus
858 5218 1087 5274 valuerit
1113 5221 1288 5277 modis
1336 5223 1516 5290 adeat,
1544 5233 1604 5278 ut
1640 5224 1933 5280 Ecclesium
1964 5227 2059 5281 Dei
2089 5226 2204 5298 glo-

628 5309 760 5365 riosi
791 5324 945 5381 reges
980 5310 1141 5382 digno
1186 5311 1452 5368 honorent
1479 5316 1749 5370 ministro.
1784 5316 1839 5371 Si
1872 5328 2051 5371 autem
2090 5325 2204 5373 tur-

578 5392 589 5395 ’
629 5400 770 5470 piter
817 5400 1108 5471 cupiditate
1156 5416 1477 5473 quacunque
1519 5405 1959 5477 metropolitanus
2006 5408 2203 5476 victus,

629 5500 721 5545 aut
749 5492 928 5563 aliquo
951 5509 1177 5550 nmnere
1207 5495 1482 5567 deceptus,
1514 5507 1722 5553 tantum
1757 5513 1892 5568 opus
1931 5500 2207 5571 negligen-

626 5588 711 5640 ter
745 5591 800 5641 et
834 5600 976 5658 aegre
1020 5585 1186 5644 fuerit
1213 5599 1519 5656 exsecutus,
1559 5589 1822 5659 judicium
1866 5593 2045 5648 omnia
2084 5610 2204 5650 cer-

630 5674 810 5729 nentis
838 5675 932 5730 Dei
957 5691 1013 5731 se
1039 5677 1320 5735 incurrere
1345 5694 1456 5735 non
1485 5680 1693 5737 dubitet
1721 5698 1735 5737 :
1765 5682 1860 5737 sed
1894 5693 1950 5738 et
1986 5693 2203 5741 senten-

627 5758 706 5815 tia
730 5759 1109 5818 Ecelesiastica
1140 5765 1352 5820 noverit
1377 5780 1434 5822 se
1465 5765 1804 5838 culpandum.
1852 5786 1872 5821 ι

2309 3299 2656 3368 provehitur,
2706 3315 2813 3355 non
2866 3300 3036 3356 intrat
3083 3319 3183 3372 per
3231 3305 3427 3359 ostium
3478 3304 3527 3357 in
3574 3294 3811 3361 oviletsed

2310 3390 2557 3444 ascendit
2608 3389 2844 3455 aliunde,
2897 3406 2961 3448 ac
3014 3408 3112 3462 per
3145 3392 3252 3448 hoc
3277 3391 3366 3448 fur
3393 3401 3475 3448 est
3511 3400 3563 3447 et
3598 3383 3813 3442 latro:de

2308 3481 2560 3556 qualibus
2582 3483 2714 3538 dicit
2746 3483 3028 3540 Psalmista
3058 3486 3290 3543 Domino
3318 3504 3332 3541 :
3364 3483 3595 3555 Dejecisti
3623 3495 3695 3534 eos
3718 3476 3809 3574 dum

2309 3570 2659 3627 allevarentur
2705 3571 2879 3644 (Psal.
2929 3591 3097 3637 Lxxrt,
3130 3576 3241 3647 18).
3275 3575 3409 3631 Cum
3447 3573 3680 3629 allevatur
3700 3570 3808 3621 enim

2309 3663 2581 3733 dejicitur,
2607 3666 2697 3735 qui
2738 3658 3036 3723 honoribus
3065 3668 3284 3738 proficit
3322 3677 3379 3725 et
3417 3666 3635 3723 moribus
3656 3657 3803 3716 deﬁcit.

2310 3755 2385 3809 De
2415 3758 2608 3824 quibus
2637 3758 2897 3814 Dominus
2923 3776 3021 3830 per
3043 3761 3365 3831 prophetam
3396 3758 3621 3829 queritur
3639 3752 3809 3806 dicens:

2309 3845 2420 3915 Ipsi
2445 3858 2808 3916 regnaverunt,
2841 3858 2887 3903 et
2914 3866 3017 3904 non
3039 3867 3102 3905 ea:
3130 3868 3214 3917 me
3236 3866 3255 3903 :
3275 3850 3526 3922 principes
3544 3841 3804 3901 exstiterunt,

2308 3946 2355 3990 et
2378 3953 2481 3990 non
2510 3939 2720 4008 cognovi
2747 3939 2893 4011 (Ose.
2925 3954 3045 4005 vnt,
3081 3940 3160 4012 4).
3192 3942 3238 3996 Α
3266 3956 3323 3996 se
3349 3951 3568 4007 namque
3586 3942 3735 3988 etnon
3758 3938 3811 3977 et

2309 4026 2532 4080 arbitrio
2563 4029 2758 4083 summi
2799 4030 3025 4085 rectoris
3054 4041 3305 4101 regnant,
3338 4030 3428 4101 qui
3448 4043 3547 4108 sua
3573 4019 3803 4092 cupiditate

2309 4103 2548 4185 accensi,
2577 4118 2786 4175 culmen
2805 4121 3081 4189 regiminis
3102 4123 3323 4192 rapiunt
3342 4103 3514 4191 potius
3537 4127 3674 4187 quam
3696 4122 3804 4162 ³8⁵⁸⁸

2309 4219 2548 4278 quuntur
2576 4228 2589 4264 :
2617 4226 2754 4281 quos
2793 4222 2971 4268 tamen
3006 4212 3253 4269 internus
3273 4213 3434 4285 judex
3462 4218 3514 4265 et
3535 4200 3739 4278 provehit
3764 4203 3811 4248 et.

2308 4317 2417 4357 non
2443 4303 2741 4374 cognoscit,
2771 4305 2895 4374 quia
2924 4319 3058 4374 quos
3102 4303 3458 4385 permittendo
3497 4299 3684 4385 tolerat,
3714 4300 3804 4385 Pii"

2310 4389 2453 4448 fecto
2484 4408 2581 4462 per
2611 4393 2876 4464 judicium
2911 4395 3309 4464 reprobationis
3337 4382 3558 4462 ignarat,
3592 4382 3706 4439 etin

2306 4484 2439 4539 lium
2493 4486 2840 4555 provectione
2887 4500 2994 4540 non
3039 4495 3146 4551 est,
3199 4494 3261 4542 ut
3307 4484 3415 4540 Leo
3465 4479 3604 4541 dicit,
3643 4464 3805 4555 populis

2308 4553 2589 4633 consulere
2633 4578 2726 4633 sed
2769 4593 2986 4643 nocere,
3030 4593 3131 4634 nec
3181 4586 3437 4649 przestare
3481 4570 3691 4639 regimen
3731 4553 3799 4611 sed

2308 4685 2507 4741 augere
2534 4669 2844 4725 discrimen.
2883 4671 3209 4726 Revertatur
3251 4671 3413 4743 igitur
3460 4666 3544 4722 hic
3579 4660 3803 4723 dolosam

2306 4768 2494 4815 noster
2540 4759 2610 4815 ad
2653 4775 2808 4815 suam
2855 4762 3262 4828 conscientiam,
3310 4759 3400 4832 qui
3452 4762 3621 4812 contra
3664 4750 3800 4800 sael‘as

2306 4850 2520 4920 regulas
2549 4850 2617 4906 ab
2641 4850 2885 4906 Ecclesia
2912 4851 2966 4906 in
3004 4868 3111 4923 qua
3144 4853 3244 4907 fuit
3282 4863 3463 4907 tonsus
3501 4852 3552 4900 ct
3577 4837 3797 4897 ordinat"s

2304 4941 2609 5009 discedens,
2639 4942 2706 4997 ad
2747 4943 2882 4998 alias
2927 4946 3237 5014 provincias
3263 4938 3649 5014 convolavit,"et
3671 4935 3793 4983 cano-

2307 5033 2428 5088 nica
2453 5036 3014 5091 excommunicatione
3040 5036 3339 5099 devinctus,
3367 5031 3485 5103 quia
3513 5004 3796 5116 vettbmll

2309 5124 2443 5179 mini
2472 5140 2578 5180 non
2608 5132 2693 5180 est
2735 5125 3033 5197 alligatum,
3075 5123 3437 5197 irregularitet‘
3472 5110 3792 5197 usurpavit

2310 5214 2512 5284 gimen,
2543 5224 2599 5271 et
2622 5215 2724 5272 sibi
2748 5231 2813 5271 ac
2829 5187 3238 5271 ordinatorihus
3257 5213 3366 5268 suis
3391 5251 3404 5277 ,
3430 5216 3618 5263 necnon
3635 5203 3679 5251 et
3699 5187 3793 5246 sub-

2310 5283 2438 5363 ditis
2465 5308 2684 5363 adauxit
2705 5309 3017 5374 discrimen,
3046 5310 3186 5365 sicut
3214 5308 3323 5363 Leo
3356 5316 3484 5375 papa
3509 5283 3791 5385 dement”:

2381 5399 2489 5454 Sed
2531 5408 2586 5455 et
2626 5400 2919 5455 notandum
2973 5364 3099 5471 quia
3148 5364 3387 5469 quaedam
3418 5364 3480 5446 de

2307 5490 2509 5547 civitati
2563 5492 2815 5562 episcopo
2870 5465 3086 5549 decreta
3133 5486 3405 5551 omiserit,
3448 5485 3533 5535 θυι
3584 5465 3792 5571 "Phili

2312 5595 2521 5655 captus,
2547 5594 2639 5640 aut
2659 5586 2993 5641 conscientia
3018 5583 3343 5641 stimulatus.
3357 5550 3793 5690 CaulflTnsi‘lldeg‘:

2309 5676 2453 5731 inter
2482 5675 2586 5730 alia
2611 5676 2756 5732 sacri
2782 5691 3020 5732 canones
3054 5675 3421 5732 decreverunt,
3446 5672 3500 5717 ut
3524 5647 3791 5781 de

2342 5770 2356 5781 ι
2425 5770 2437 5781 ι
2576 5769 2628 5781 ΑΔ
2796 5767 2811 5781 ι
3013 5778 3023 5781 -
3132 5767 3144 5780 ο
3236 5780 3249 5781 η
3295 5762 3306 5781 9
3342 5753 3487 5781 1⁵..Α-ἒο
3533 5762 3588 5781 nr

2309 5770 2474 5826 clesia
2500 5769 2702 5841 petitus
2728 5767 2814 5826 vel
2850 5778 3096 5840 sumptus
3132 5767 3177 5824 is
3219 5762 3308 5835 qui
3342 5753 3488 5814 fuerit
3533 5740 3770 5804 ordinanti“
