3992 6336
636 302 744 361 387

1616 299 1948 357 HINCMARI
1984 298 2377 357 RHEMENSIS
2412 297 2929 371 ARCIIIEPISOOPI
3738 324 3819 384 εει

632 436 734 493 pro
775 433 968 476 manus
1017 417 1360 489 impositione
1408 432 1608 473 munus
1657 417 1823 473 donat
1865 417 1951 473 vel
1994 417 2212 489 accipit,
2238 422 2289 484 Α
2317 418 2566 474 dentibus
2611 419 2667 474 in
2714 422 2920 492 synodo
2965 424 3361 485 venerabilibus
3402 431 3652 506 episcopis
3678 440 3724 497 in
3749 462 3820 502 no-

631 513 749 583 ipse
797 527 855 568 se
911 515 1199 567 anathema
1261 509 1444 567 efﬁcit.
1503 508 1720 566 Scimus
1757 510 1907 565 enim
1961 510 2105 581 quod
2156 511 2213 567 in

611 601 965 673 spiritalibus
996 600 1236 656 devitarc
1264 599 1541 665 debemus,
1580 613 1776 654 munus
1801 613 1924 656 esse
1965 615 1996 655 a
2025 615 2210 668 manu,

628 709 827 749 munus
852 709 882 747 a
910 693 1112 764 lingua,
1144 708 1340 749 munus
1363 692 1433 748 ab
1457 691 1738 762 obsequio.
1768 691 1923 747 Unde
1950 693 2221 749 Dominus

628 797 727 853 per
772 782 1086 853 prophetam
1143 782 1275 838 dicit
1320 801 1334 837 :
1381 781 1486 848 Qui
1523 783 1718 849 excutit
1755 799 1949 838 manus
1984 801 2108 838 suas
2145 783 2212 838 ab

629 872 771 926 omni
800 888 1034 937 munere,
1065 873 1160 926 iste
1198 873 1253 926 in
1288 872 1504 926 excelsis
1533 872 1790 927 habitabit
1823 873 1962 945 (Isa.
2000 890 2210 943 xxxnt,

626 962 739 1031 15).
770 962 1064 1033 Pr0pterea
1115 962 1590 1029 considerandum,
1633 964 1930 1029 secundum
1966 964 2212 1021 admoni-

628 1055 828 1108 tionem
856 1053 1029 1109 sancti
1057 1054 1335 1124 Gregorii,
1366 1055 1540 1125 qualis
1580 1056 1635 1110 in
1673 1056 1936 1126 regimine
1970 1058 2077 1113 erit
2117 1057 2212 1127 qui

627 1146 694 1198 ad
741 1144 842 1199 hoc
884 1154 1234 1213 promovetur
1256 1154 1314 1199 ut
1342 1146 1630 1202 haereticus
1658 1146 1771 1201 ﬁat.
1805 1146 1864 1202 Si
1907 1148 2041 1203 tales
2083 1156 2209 1205 sunt

625 1234 922 1305 principes,
941 1235 983 1289 si
1015 1234 1148 1291 tales
1174 1236 1591 1308 archiepiscopi,
1616 1238 1662 1293 si
1686 1238 1819 1299 tales
1836 1254 1935 1308 per
1955 1239 2209 1296 civitates

626 1335 752 1381 sunt
780 1326 1014 1381 ordinati
1059 1327 1330 1397 episcopi,
1365 1344 1448 1383 vae
1493 1327 1602 1384 illis
1652 1329 1839 1395 terris,
1885 1345 2022 1399 quas
2072 1329 2207 1385 tales

623 1433 735 1473 non
791 1417 963 1473 solum
1022 1418 1184 1488 322
1244 1418 1636 1485 infructuosae,
1685 1434 1874 1475 verum
1925 1429 1983 1475 et
2032 1420 2209 1476 noxiae

627 1510 868 1568 ficulneae
908 1525 1014 1565 non
1043 1511 1204 1565 modo
1230 1519 1518 1581 occupant,
1550 1519 1699 1565 certe
1741 1511 1836 1570 sed
1869 1511 2204 1582 opprimunt.

630 1600 719 1657 Vae
753 1602 1147 1671 peceatricibus
1202 1603 1530 1668 civitatibus,
1580 1604 1777 1672 quibus
1804 1613 1985 1675 pestes
2016 1601 2207 1672 hujus-

623 1692 770 1747 modi
806 1692 1074 1759 insident,
1118 1708 1201 1748 va:
1252 1693 1467 1749 miseris
1512 1693 1777 1764 plebibus,
1831 1695 1923 1765 qui
1965 1710 2206 1751 erronem

2312 509 2459 566 mine
2486 509 2718 578 Domini,
2743 512 3032 569 Hiucmaro
3072 515 3391 577 Rhemensis
3415 522 3651 584 Ecclesiae
3678 535 3821 593 archi.

2310 600 2579 672 episcopo,
2607 601 2894 660 Weniloue
2932 596 3651 687 Sennense'archiepiscopo,
3682 620 3825 679 Amat.

2311 694 2425 750 rieo
2451 693 2764 752 Turonense
2790 698 3214 770 archiepiscopo,
3261 703 3585 764 Theoderico
3618 709 3826 772 Camars-

2312 798 2470 876 cense
2494 786 2762 857 episcOpo,
2789 786 3061 845 Hrotbade
3085 791 3423 850 Suessonica:
3436 797 3576 854 urbis
3600 802 3824 876 episcopo,

2310 875 2459 948 Lupo
2484 876 2875 938 Catalauncnse
2894 882 3165 953 episcopo,
3195 884 3435 944 Immone
3462 875 3827 966 Noviomagense

2310 969 2582 1040 episcopo,
2607 971 2844 1043 Erpuino
2875 975 3280 1035 Silvanectense
3301 981 3566 1054 episcopo,
3594 988 3828 1048 Yrminlri-

2310 1058 2379 1115 do
2405 1058 2731 1119 Belvacense
2753 1064 3027 1137 episcopo,
3054 1068 3284 1125 Pardulo
3306 1071 3647 1134 Laudunense
3664 1081 3829 1149 episco-

2307 1167 2397 1224 po,
2453 1153 2762 1212 Hilmerado
2804 1158 3163 1216 Ambianense
3186 1165 3465 1234 episcopo,
3495 1167 3710 1227 Huberto
3731 1173 3827 1228 Mel-

2309 1244 2472 1298 dense
2506 1247 2778 1317 episcopo,
2794 1248 2893 1303 Aio
2904 1249 3291 1308 Aurelianense
3311 1256 3575 1327 episcopo,
3591 1259 3827 1319 Prudentia

2306 1332 2469 1407 323
2536 1337 2869 1393 Trecassinte
2926 1340 3161 1397 civitatis
3211 1344 3498 1415 episcopo,
3548 1348 3824 1407 Ilerimanno

2309 1424 2640 1483 Nivernense
2662 1429 2932 1499 episcopo,
2957 1430 3093 1487 Jona
3116 1433 3584 1504 Augustidunensc
3604 1441 3822 1512 episcopo,

2311 1515 2612 1574 Godelsado
2653 1519 3027 1577 Cavillonense
3072 1525 3351 1596 episcopo,
3381 1528 3594 1585 Dodouc
3630 1532 3825 1604 Andega-

2309 1620 2475 1665 vense
2533 1613 2786 1682 episcopo
2813 1654 2827 1678 ,
2877 1613 3178 1672 Guntberto
3234 1618 3538 1676 Ebrocense
3589 1623 3821 1695 episcopo,

2308 1700 2672 1760 Bildebranno
2702 1706 2940 1777 Sagense
2972 1710 3246 1779 episeopo,
3295 1712 3514 1767 Erloino
3557 1712 3824 1771 Constantia

622 1789 678 1835 et
704 1780 822 1877 sine
856 1790 1075 1877 pastore
1105 1798 1213 1877 non
1244 1782 1417 1877 solum
1465 1783 1737 1877 dentibus,
1784 1799 1969 1840 verum
2001 1794 2056 1841 et
2083 1793 2203 1856 gut-
2232 1780 2279 1840 Β
2311 1794 2459 1849 urbis
2486 1796 2759 1867 episc0po,
2801 1798 3062 1855 Baltfrido
3113 1801 3425 1860 Baioceusis
3473 1804 3706 1861 Ecclesia:
3742 1808 3823 1877 epi-

622 1873 839 1928 turibus
875 1873 1123 1944 luporum
1159 1875 1434 1941 hiantibus
1486 1875 1604 1931 sine
1635 1876 1746 1932 ullo
1787 1884 1978 1947 patent
2022 1878 2205 1932 obsta-

622 1964 767 2031 culo,
799 1965 914 2020 sine
943 1965 1050 2022 ullo
1094 1967 1245 2021 verbi
1273 1967 1368 2022 Dei
1405 1967 1608 2022 lumine
1656 1971 1906 2025 sedentes
1952 1970 2006 2024 in
2058 1978 2207 2024 tene-

621 2044 758 2125 bris,
791 2059 908 2114 sine
935 2073 1076 2130 pane
1101 2061 1251 2115 verbi
1280 2060 1378 2116 Dei
1402 2070 1457 2116 et
1494 2060 1612 2116 sine
1632 2061 1925 2117 refectione
1950 2062 2203 2132 spiritali,

625 2151 802 2209 inedia
834 2151 1173 2206 tabescentes
1202 2152 1362 2207 morti
1412 2153 1799 2222 propinquant,
1848 2161 1921 2216 et,
1952 2153 2095 2222 quod
2119 2160 2207 2208 est

622 2238 924 2310 lugubrius,
955 2241 1340 2310 sempiternae:
1374 2250 1617 2309 petentes
1664 2257 1860 2312 panem
1894 2241 2127 2312 parvuli,
2150 2251 2209 2298 et

621 2344 730 2384 non
757 2338 841 2383 est
866 2330 957 2403 qui
984 2329 1196 2400 frangat
1239 2331 1341 2395 eis,
1372 2345 1479 2400 quo
1509 2331 1784 2385 abundant
1807 2332 1970 2385 etiam
1998 2346 2209 2387 nterce-

622 2421 760 2474 narii
805 2420 856 2474 in
889 2422 1048 2475 domo
1093 2421 1250 2476 istius
1290 2421 1429 2475 tanti
1476 2421 1655 2476 Patris
1697 2422 1790 2491 qui
1841 2438 1940 2477 nos
1978 2422 2207 2479 miseros

620 2512 907 2581 descripsit
930 2513 1212 2582 episcopos
1242 2531 1254 2565 :
1285 2513 1356 2567 ita
1397 2522 1455 2567 ut
1480 2513 1545 2567 de
1585 2513 1700 2568 sola
1741 2513 1897 2582 plebe
1924 2513 2030 2569 illis
2057 2530 2207 2571 com-

621 2605 784 2661 missa
813 2607 1101 2676 possimus,
1132 2605 1178 2661 si
1212 2614 1389 2660 tamen
1418 2620 1705 2675 possumus
1729 2607 1931 2671 dicere,
1981 2606 2203 2661 Beatum

624 2687 870 2759 dixerunt
914 2696 1164 2767 populum
1206 2697 1291 2750 cui
1321 2697 1432 2751 lucc
1475 2707 1594 2751 sunt
1626 2695 1799 2768 (Psal.
1838 2696 2035 2763 'cxun,
2090 2697 2204 2770 15),

622 2788 831 2844 scilicet
882 2802 1002 2856 quae
1063 2787 1153 2843 ille
1200 2787 1428 2859 largitur
1477 2806 1488 2839 :
1534 2788 1724 2844 beatus
1770 2788 1999 2857 populus
2053 2789 2207 2858 cujus

622 2892 803 2937 rector
852 2881 968 2936 sine
1005 2881 1408 2950 comparatione
1453 2880 1555 2935 iste
1595 2889 1680 2935 est
1715 2881 1883 2935 solus.
1915 2880 2017 2946 Qui
2067 2881 2207 2935 sicut

620 2970 689 3024 de
712 2968 811 3025 Job
840 2969 1046 3023 nuntiis
1070 2970 1265 3024 dicitur
1293 2970 1555 3024 remansit
1584 2971 1673 3025 ille
1710 2972 1876 3038 solus,
1904 2981 1962 3024 ut
1992 2972 2206 3026 nuntia-

622 3069 706 3116 ret
754 3059 1009 3115 Ecclcsiae
1047 3061 1234 3131 quales
1271 3076 1377 3117 non
1424 3072 1666 3119 rectores
1709 3066 1804 3119 sed
1849 3064 2203 3122 subversores

625 3152 911 3206 sustineat.
976 3151 1082 3207 Sed
1131 3152 1317 3206 audiat
1368 3154 1651 3209 Dominum
1716 3156 1818 3209 sibi
1874 3156 2203 3225 responden-
2233 3133 2278 3195 ο

624 3255 730 3301 tem
780 3246 927 3315 quod
973 3246 1109 3301 dixit
1150 3246 1280 3300 Elia-
1329 3245 1433 3300 alio
1484 3244 1679 3301 allectu
1727 3262 1889 3316 quam
1940 3247 2040 3300 iste
2091 3247 2206 3302 haec

620 3339 818 3393 dixerit
865 3338 1219 3408 conquerenti
1252 3356 1265 3391 :
1304 3336 1563 3392 Rcmansi
1607 3354 1706 3408 ego
1754 3338 1918 3394 solus.
1966 3339 2205 3410 Reliqui,

619 3429 880 3485 Dominus
925 3428 1143 3499 inquit},
1184 3429 1310 3482 mihi
1364 3439 1555 3497 septem
1590 3427 1760 3483 millia
1800 3430 2072 3496 virorum,
2114 3431 2204 3500 qui

544 3581 548 3585 ,
620 3537 725 3575 non
761 3530 1107 3575 curvaverant
1155 3537 1289 3591 genu
1341 3530 1462 3575 ante
1514 3519 1649 3574 Baal
1688 3519 1807 3592 (III
1872 3521 1998 3591 Reg.
2045 3537 2200 3576 xvrtt.

624 3614 735 3684 l9).
768 3613 1034 3680 Quocirca
1063 3620 1119 3667 et
1146 3612 1427 3677 Dominus,
1456 3614 1625 3681 gratis
1668 3628 1780 3668 ante
1822 3614 2204 3668 misericordia:

622 3706 964 3774 sempiternae
986 3746 1001 3770 ,
1023 3705 1205 3775 plures
1226 3714 1278 3760 et
1303 3706 1460 3759 aliter
1485 3716 1541 3759 et
1567 3705 1702 3759 alios
1724 3721 1818 3775 per
1843 3707 2089 3759 εἰειιίιιεε
2115 3707 2206 3758 ha-

620 3798 711 3851 bet
737 3795 1013 3849 ordinatos
1037 3796 1318 3865 episcopos
1338 3804 1392 3849 et
1416 3794 1572 3849 aliter
1591 3795 1905 3849 ordinantes
1927 3795 2192 3863 archiepi-

622 3906 836 3960 scopos,
865 3887 1106 3956 talesque
1148 3887 1449 3957 principes,
1502 3886 1593 3956 qui
1644 3901 1740 3941 sua
1775 3886 2125 3941 concessione
2171 3902 2203 3940 a

621 3983 818 4037 divinis
870 3980 1067 4052 regulis
1107 3994 1202 4051 per
1228 3988 1592 4049 contemptum
1641 3981 1856 4035 deviare
1899 3996 2005 4034 non
2059 3990 2205 4034 sata-

622 4080 774 4144 gunt.
816 4071 1042 4126 Istorum
1076 4072 1402 4140 compositor
1434 4071 1813 4141 capitulorum,
1843 4072 2003 4141 primi
2031 4072 2201 4124 Adam

620 4163 787 4227 ﬁlius,
816 4162 995 4216 sciens
1024 4176 1082 4217 se
1112 4176 1364 4231 perversa
1397 4162 1722 4232 scripturum
1742 4201 1758 4226 ,
1805 4162 1857 4215 in
1887 4160 2203 4232 praefatione

621 4256 934 4312 eorumdem
965 4255 1318 4324 capitulorum
1349 4255 1568 4309 nomina
1596 4255 1968 4324 episc0porum
2004 4270 2204 4309 connu-

622 4348 872 4409 meravit,
905 4346 1089 4400 volens
1131 4361 1189 4397 se
1233 4346 1371 4399 inter
1401 4345 1540 4413 ligna
1576 4344 1808 4414 paradisi
1839 4361 1905 4400 ne
1952 4355 2204 4414 peccator

2309 1900 2510 1954 scepo,
2564 1886 2826 1942 lleirardo
2872 1888 3225 1946 Lexoviensis
3279 1893 3533 1950 Ecclesia:
3589 1897 3821 1966 episcopo,

2306 1977 2624 2049 Ansegaudo
2665 1980 3031 2036 Abrincatinte
3080 1982 3233 2038 urbis
3273 1986 3543 2056 episcopo,
3584 1986 3822 2042 Teutboldo

2306 2066 2614 2139 Lingonicus
2645 2069 2798 2125 urbis
2840 2072 3128 2142 episcopo,
3153 2074 3446 2148 Breidingo
3491 2077 3821 2134 Matiscentinm

2306 2158 2561 2215 Ecclesiae
2615 2162 2869 2232 episcopo
2895 2204 2909 2229 ,
2971 2164 3160 2221 Launo
3226 2166 3586 2237 Equolesinze
3640 2169 3822 2224 civitatis

2307 2251 2588 2321 episcopo,
2614 2252 2876 2309 Ricboldo
2904 2254 3256 2313 Remensium
3284 2261 3671 2333 chorepiscopo.
3709 2263 3821 2318 Resi-

2306 2342 2559 2399 dentibus
2609 2346 2774 2400 etiam
2821 2350 3155 2421 presbyteris
3209 2361 3264 2407 et
3319 2355 3820 2424 abbatibus,Dodone

2308 2431 2504 2488 abbate
2568 2439 2882 2493 monasterii
2945 2441 3117 2494 sancti
3185 2441 3415 2508 Sabini,
3479 2445 3618 2516 Lupo
3673 2446 3820 2500 abbate

2308 2528 2626 2581 monasterii
2679 2522 2960 2584 Bethleem
3013 2533 3153 2601 quod
3195 2533 3481 2591 Ferrarias
3517 2537 3823 2602 dicitur,Bcr-

2308 2617 2480 2669 nardo
2540 2615 2735 2688 abbate
2796 2616 3110 2678 monasterii
3164 2627 3344 2681 sancti
3412 2628 3666 2684 Benedicti
3717 2627 3821 2698 quod

2309 2706 2608 2775 appellatur
2644 2706 2951 2777 Floriacus,
2978 2713 3200 2770 Hodone
3234 2718 3434 2773 abbate
3463 2732 3525 2772 ex
3556 2719 3821 2775 monasterio

2308 2796 2569 2864 Corbeize,
2592 2799 2828 2857 Henrico
2855 2804 3052 2861 abbate
3093 2821 3161 2861 ex
3202 2810 3536 2866 monasterio
3576 2807 3817 2871 Corbionis,

2309 2888 2524 2947 Bavone
2565 2893 2760 2950 abbate
2787 2910 2852 2950 ex
2883 2900 3210 2954 monasterio
3248 2901 3568 2968 Orbacense,
3593 2913 3642 2957 et
3679 2915 3820 2971 quam-

2307 2982 2558 3051 plurimis
2593 2982 2712 3041 aliis
2748 2989 3118 3045 sacerdotibus
3153 3000 3210 3046 et
3250 2992 3549 3049 abbatibus.
3592 2994 3649 3048 Et
3686 3001 3820 3046 astan-

2311 3077 2453 3131 tibus
2519 3078 2875 3146 diaconihus,
2928 3092 3137 3138 astante
3198 3099 3419 3156 quoque
3462 3095 3513 3142 et
3557 3086 3819 3153 reliquorum

2310 3170 2573 3240 graduum
2635 3171 2801 3227 clero.
2853 3172 3144 3229 Residente
3189 3179 3359 3231 etiam
3417 3179 3470 3234 in
3521 3178 3678 3233 medio
3711 3182 3816 3229 coetu

2310 3261 2685 3332 episcoporum
2715 3263 2950 3336 glorioso
2980 3283 3105 3337 rege
3131 3268 3336 3325 Carolo
3354 3312 3368 3336 ,
3398 3272 3487 3342 qui
3514 3270 3668 3326 eidem
3694 3279 3819 3322 sacra

2309 3354 2515 3423 synodo
2580 3370 2732 3409 suam
2786 3365 2870 3412 est
2914 3357 3168 3428 dignatus
3212 3363 3471 3418 exhibere
3520 3360 3817 3434 praesentiam,

2309 3444 2449 3511 apud
2520 3442 2826 3502 Suessionis
2876 3449 3182 3516 civitatem,
3242 3454 3296 3506 in
3350 3454 3654 3509 monasterio
3689 3446 3819 3505 sancti

2308 3533 2545 3589 Medardi
2575 3538 2904 3595 confessoris
2929 3540 3155 3608 Christi,
3179 3546 3329 3614 quod
3362 3549 3518 3602 situm
3551 3556 3625 3603 est
3650 3548 3694 3601 in
3728 3546 3818 3599 sub

2311 3627 2469 3679 urbio
2495 3627 2663 3695 ipsius
2689 3629 2949 3697 civitatis,
2982 3618 3032 3686 in
3064 3636 3299 3691 ecclesia
3324 3655 3442 3709 qum
3470 3652 3548 3696 est
3576 3640 3622 3694 in
3661 3640 3815 3693 honore

2308 3724 2508 3770 sancte
2533 3716 2815 3773 Trinitatis
2844 3732 3076 3785 sacrata,
3093 3740 3240 3781 anno
3264 3728 3637 3784 lncarnationis
3659 3722 3816 3781 Domini

2310 3805 2480 3857 nostri
2525 3804 2652 3861 Jesu
2703 3807 2903 3864 Christi
2953 3826 3203 3880 DCCCLlll,
3253 3832 3393 3873 anno
3425 3820 3578 3874 etiam
3597 3818 3692 3888 jam
3721 3811 3814 3867 dicti

2304 3896 2565 3965 principis
2616 3897 2798 3954 Karoli
2848 3917 2947 3956 xm
2994 3904 3296 3963 lndictione
3346 3911 3533 3978 prima,
3559 3925 3604 3963 vt
3640 3901 3812 3961 Kalend.

2307 3989 2449 4043 Maii.
2485 3990 2620 4045 Dum
2675 3994 2918 4061 quaedam
2965 3998 3337 4056 ecclesiastica
3379 4012 3432 4058 et
3480 3995 3815 4073 pernecessaria

2305 4083 2519 4152 negotia
2549 4085 2600 4138 in
2627 4087 2816 4141 eadem
2861 4090 3067 4160 synodo
3107 4094 3466 4150 ventilaretur
3500 4103 3550 4149 et
3581 4089 3812 4148 dillinircn-

2308 4184 2414 4238 tur,
2447 4177 2627 4230 habita
2655 4187 2737 4232 est
2767 4180 2907 4232 ratio
2937 4181 3003 4234 de
3029 4183 3373 4240 ordinatione
3412 4186 3571 4254 ipsius
3596 4175 3811 4236 llinctnari

2305 4267 2705 4335 metropolitani
2729 4267 3062 4324 Rhemorum
3089 4274 3331 4344 episcopi
3354 4277 3441 4345 qui
3469 4274 3693 4344 quoniam
3713 4269 3809 4326 Eho.

2305 4357 2395 4427 qui
2422 4358 2661 4426 ejusdem
2689 4361 2832 4416 sedis
2855 4364 3298 4435 archiepiscopus
3323 4366 3513 4432 fuerat,
3537 4364 3690 4418 adhuc
3707 4359 3812 4411 vive-

622 4446 1007 4509 agnosceretur
1058 4435 1409 4497 abscondere,
1457 4444 1510 4489 et
1535 4435 1692 4505 quasi
1745 4445 1964 4504 opertus
2018 4437 2199 4506 operi-

2308 4447 2419 4512 bat,
2451 4449 2732 4504 dicebatur
2756 4466 2791 4504 a
2816 4453 3139 4522 quibusdam
3170 4468 3365 4511 contra
3408 4455 3604 4527 regulas
3640 4445 3811 4507 canoni-

623 4536 809 4582 mento
848 4525 1206 4595 pretiosorum
1238 4524 1491 4594 lapidum,
1524 4534 1577 4579 et
1611 4527 1896 4581 condensis
1920 4526 2200 4582 frondibus

625 4619 897 4692 palliatus,
956 4625 1016 4671 ut
1069 4616 1354 4687 gloriosior
1400 4618 1612 4674 caeteris
1670 4626 1955 4688 appareret
1998 4618 2051 4673 in
2097 4618 2203 4676 isto

625 4709 859 4779 capitulo
885 4724 944 4763 se
974 4709 1316 4771 monstravit,
1345 4709 1482 4762 sicut
1502 4717 1555 4762 et
1581 4708 1635 4761 in
1661 4709 1764 4763 illis
1786 4709 2057 4779 capitulis,
2081 4725 2201 4779 qua:

625 4804 844 4858 nomine
875 4802 1167 4857 Valentius:
1205 4800 1391 4871 synodi
1424 4801 1758 4869 prtettotavit,
1809 4801 1861 4854 in
1909 4802 2104 4871 quibus
2145 4818 2204 4857 se

561 4951 573 4962 ,
625 4912 691 4952 ex
731 4896 944 4950 nomine
1003 4911 1163 4964 quam
1191 4894 1448 4948 maxime
1497 4891 1855 4947 collaborasse
1897 4894 2202 4964 descripsit.

698 4985 755 5040 Si
808 4994 987 5038 autem
1035 4983 1337 5056 generalem
1391 4981 1716 5036 calumniam
1746 5022 1761 5047 ,
1810 4997 1879 5036 ne
1931 4999 2029 5038 nos
2081 4984 2205 5039 inde

625 5080 1044 5151 perciperemus,
1094 5078 1248 5132 nobis
1295 5075 1604 5145 specialiter
1648 5076 1888 5147 irrogare
1935 5076 2196 5140 decrevit,

628 5185 733 5225 non
758 5183 857 5238 pro
885 5166 1027 5221 illius
1058 5167 1456 5236 redargutioue.
1483 5166 1577 5221 sed
1600 5180 1699 5235 pro
1719 5181 1906 5221 eorum
1931 5167 2023 5236 qui
2061 5167 2202 5223 forte

627 5270 843 5316 nostros
878 5258 1059 5313 aditus
1107 5255 1172 5310 ad
1214 5258 1432 5311 ordines
1481 5271 1666 5313 sacros
1694 5257 1944 5327 ignorant
1988 5258 2201 5314 satisfa-

625 5352 827 5415 ctione,
850 5347 1119 5421 quomodo
1147 5363 1204 5402 se
1232 5348 1309 5402 rei
1338 5348 1539 5404 veritas
1566 5348 1759 5404 habeat
1789 5351 1999 5406 cunctis
2024 5350 2202 5423 legen—

630 5446 774 5501 tibus
813 5458 878 5498 ac
915 5442 1058 5498 scire
1100 5440 1398 5496 volentibus
1444 5438 1781 5498 innotescere
1827 5458 2199 5513 procuramus.

628 5538 706 5594 De
763 5535 1175 5605 metropolitano
1222 5534 1483 5603 siquidem
1515 5536 1825 5607 metropolis
1870 5537 2202 5593 Rhemorum

623 5625 1009 5696 Ecclesiaejam
1045 5626 1271 5697 quaestio
1296 5626 1488 5694 fuerat,
1522 5628 1660 5683 sicut
1689 5630 1742 5684 in
1772 5630 1938 5700 gestis
1971 5631 2203 5701 synoda-

634 5718 756 5774 bus
812 5718 905 5788 qui
956 5717 1190 5774 voluerit
1244 5716 1453 5788 plenius
1498 5718 1738 5775 invenire
1788 5719 2008 5778 valebit.
2045 5720 2197 5778 Rcsi-

2307 4557 2398 4597 cas
2427 4545 2725 4598 ordinatus.
2746 4544 2897 4600 Unde
2920 4547 3259 4604 ordinatorcs
3280 4550 3445 4620 ipsius
3471 4549 3566 4603 tale
3590 4539 3810 4601 reddidere

2308 4649 2644 4703 responsum.
2679 4634 3044 4692 Theodericus
3072 4639 3216 4692 enim
3239 4640 3630 4695 Camaracensis
3648 4634 3808 4703 episco-

2311 4741 2410 4795 pus
2438 4728 2551 4782 htec
2577 4743 2696 4797 quae
2723 4738 3024 4798 sequuntur
3058 4730 3297 4787 libellum
3327 4736 3593 4804 porrigens
3618 4724 3806 4800 protulit.

2311 4813 2439 4879 Leo,
2468 4817 2662 4886 inquit,
2689 4834 2822 4888 papa
2850 4820 2900 4873 in
2932 4818 3165 4876 decretis
3197 4823 3309 4878 suis
3358 4825 3423 4878 ad
3460 4824 3706 4892 episcopos
3738 4826 3808 4889 ρετ

2311 4904 2695 4962 Ctesariensem
2727 4909 3102 4966 Mauritaniam
3133 4916 3452 4969 constitutos
3471 4955 3485 4978 ,
3504 4921 3588 4966 aut
3612 4906 3807 4965 confuta-

2313 5004 2450 5059 tum,
2478 5005 2571 5051 aut
2598 5008 2745 5053 certe
2770 5001 3073 5055 confessum
3097 5002 3252 5072 jubet
3278 5004 3549 5072 subjaccre
3584 4996 3805 5054 sententiae

2305 5086 2381 5142 ita
2431 5088 2616 5143 dicens
2666 5088 2836 5161 (epist.
2887 5092 2977 5158 87,
3010 5110 3125 5164 cap.
3149 5094 3205 5166 ἓ)
3251 5113 3265 5149 :
3324 5113 3344 5147 ‹
3392 5094 3649 5165 Adjectum
3682 5085 3804 5142 etiam

2306 5176 2435 5232 illud
2469 5187 2572 5243 est,
2605 5180 2748 5249 quod
2778 5181 2905 5236 huic
2942 5190 3145 5240 temere
3191 5185 3562 5240 subordinatus
3603 5191 3705 5235 esse
3734 5186 3802 5226 co-

2307 5271 2602 5341 gnoscitur,
2635 5274 2725 5342 qui
2761 5290 2866 5331 non
2893 5277 3080 5333 debuit
3104 5279 3340 5334 ordinari
3382 5286 3645 5347 antequam
3680 5264 3802 5336 Lupi'

2305 5364 2463 5418 ciuus
2497 5364 2548 5418 in
2582 5369 2831 5435 praesenti
2875 5371 3110 5438 positus,
3140 5382 3232 5427 aut
3259 5374 3571 5432 confutatus,
3593 5372 3673 5420 aut
3692 5364 3801 5416 certe

2304 5452 2611 5518 confessus,
2674 5454 2819 5525 juste
2878 5471 3062 5529 posset
3113 5461 3389 5530 subiacere
3435 5456 3718 5516 sententiae,
3759 5450 3801 5497 Ill

2303 5554 2585 5602 vacantem
2613 5547 2809 5614 locum,
2842 5554 3292 5621 quemadmodum
3320 5552 3581 5624 disciplina
3599 5538 3798 5603 ecclesia-

2303 5635 2439 5691 stica
2480 5636 2665 5705 exigit,
2699 5639 2743 5693 is
2782 5640 2871 5709 qui
2920 5644 3341 5701 consecrabatur
3382 5640 3644 5709 acciperet.
3673 5649 3690 5683 ›
3713 5625 3801 5679 lam

2304 5726 2369 5784 de
2389 5726 2761 5787 convincendo
2785 5733 3017 5803 qualiter
3042 5737 3287 5795 accusari
3314 5744 3366 5792 ct
3389 5728 3613 5790 convinci
3633 5720 3796 5780 debui-
