3992 6336
156 307 245 366 589

900 302 990 360 DE
1027 296 1696 360 PRAEDESTINATIONE
1733 295 2187 355 DlSSERTATlO
2223 296 2634 355 POSTERIOR.

3302 296 3412 357 590

156 421 484 482 manifestum
529 432 616 477 est
666 420 790 491 quia
841 435 939 491 per
987 419 1310 489 scripturam
1364 416 1449 473 vel
1496 413 1722 471 testibus
1748 412 2034 482 Aaccepit
2092 412 2436 477 sententiam,
2479 411 2784 469 dicentibus
2818 428 2916 485 per
2948 414 3196 472 ordinem
3234 417 3413 473 omni:

154 514 333 571 debeat
361 512 631 578 accusari,
654 512 793 567 sicut
826 511 1085 582 scriptum
1116 519 1203 566 est
1245 511 1311 566 de
1357 507 1624 580 episcopis
1667 506 1748 560 et‘

124 586 129 593 ’
154 604 355 663 clericis
383 604 438 659 in
460 602 582 676 lege
609 602 1002 668 Theodosiana,
1026 602 1080 656 in
1106 601 1247 657 libro
1281 600 1473 671 quinto
1501 602 1640 669 (cap.
1663 595 1722 668 5)

152 693 535 751 sententiarum
598 690 798 746 Pauli:
854 708 874 743 ι
922 689 1181 747 Convinci
1236 704 1397 745 nemo
1441 694 1618 758 potest
1666 686 1723 741 in

146 786 342 858 judicio
386 786 509 840 sine
560 783 793 839 testibus
841 791 935 838 aut
988 783 1274 853 scriptura.
1314 802 1334 835 ι
1376 780 1515 849 Quia
1558 779 1724 835 etiam

150 878 293 949 leges
314 876 589 931 Romanas
610 876 664 931 in
688 876 792 931 hoc
827 875 1045 946 negotio
1085 875 1346 931 canonica
1391 873 1583 943 pmbet
1624 888 1720 926 au-

153 966 401 1029 ctoritas,
430 965 695 1035 scriptum
735 971 817 1020 est
856 964 911 1019 in
968 963 1198 1019 concilio
1244 963 1503 1018 Toletano
1551 962 1726 1032 capite

153 1058 432 1112 undecimo
466 1058 636 1126 (conc.
674 1054 838 1109 Tolet.
871 1071 947 1119 vr,
978 1069 1101 1108 can.
1135 1052 1247 1123 ll),
1276 1068 1343 1108 ne
1369 1053 1484 1108 sine
1509 1068 1727 1108 accusa-

154 1158 268 1203 tore
324 1148 565 1218 legitimo
611 1127 878 1218 quispiam
926 1147 1316 1203 condemnetur
1355 1165 1368 1201 :
1417 1166 1436 1200 t
1495 1144 1724 1218 Dignum

151 1249 233 1294 est
260 1249 316 1292 ut
340 1240 448 1293 vita
478 1238 782 1293 innocentis
806 1236 970 1310 324
1006 1234 1450 1293 ηοηηιπιιιειιιι*
1486 1238 1725 1309 pernicie

150 1331 539 1387 accusantium.
568 1331 692 1385 Ideo
731 1331 975 1401 quisquis
1016 1346 1047 1385 a
1092 1331 1333 1403 quolibet
1382 1326 1723 1395 criminatur,

152 1432 260 1476 tam
301 1430 590 1477 accusatus
618 1423 782 1493 quam
828 1430 1114 1477 accusator
1162 1428 1533 1492 praesentetnr,
1566 1408 1728 1491 atque

150 1512 321 1586 legum
351 1523 405 1570 et
427 1529 696 1569 canonum
726 1514 1009 1569 sententia:
1032 1514 1403 1584 exquirantur.
1444 1533 1463 1567 ι

217 1605 354 1661 Ecce
381 1604 729 1661 maiiifestum
752 1614 836 1659 est
860 1595 985 1675 quia
1017 1604 1161 1676 leges
1186 1605 1378 1661 divina:
1403 1614 1456 1659 et
1480 1605 1727 1659 humanae

149 1694 355 1749 nonnisi
389 1704 485 1749 aut
521 1703 705 1764 aperte
736 1693 1040 1750 confessum
1079 1706 1172 1749 aut
1198 1705 1381 1765 aperte
1420 1696 1723 1751 convictum

1823 501 1966 558 bus:
1997 500 2303 558 Secundum
2345 513 2495 558 tuam
2540 504 2935 561 confessionem
2976 520 3126 563 cessa
3166 522 3197 561 a
3242 508 3408 563 mini-

1823 594 2010 649 sterio.
2069 593 2139 649 Et
2184 594 2265 649 sic
2314 609 2498 651 coram
2543 595 2695 665 ipso,
2738 595 2962 667 jubente
3028 613 3092 655 ac
3155 599 3413 657 audiente

1823 685 2026 757 synodo
2047 727 2062 753 ,
2092 686 2354 742 dictatum
2391 695 2474 742 est
2512 701 2542 741 a
2572 687 2706 743 Jona
2735 690 3125 746 Aurelianense
3155 692 3411 762 episcopo

1824 772 1991 833 Helia:
2033 779 2373 850 presbytero,
2402 788 2590 851 postea
2632 779 2954 838 Caruotensl
3006 784 3263 854 episcopo
3289 825 3304 851 ,
3340 792 3412 841 et

1824 868 2153 938 praescripta:
2214 868 2424 938 paginae
2484 868 2842 926 confessionis
2897 870 3137 941 ejusdem
3191 874 3244 928 in
3297 874 3411 945 ipsa

1828 958 2034 1028 synodo
2075 959 2440 1028 subscriptum
2472 970 2634 1030 atque
2661 960 3006 1029 subjunctum
3054 964 3156 1019 hoc
3198 967 3357 1020 modo
3391 979 3409 1021 :

1832 1066 1850 1098 ι
1895 1047 2028 1101 Acta
2071 1058 2153 1103 est
2195 1049 2311 1103 haec
2352 1048 2553 1103 Ebonis
2593 1050 2884 1119 professio,
2922 1050 3146 1122 ejusque
3180 1056 3412 1125 propria:

1825 1138 1987 1210 325
2039 1154 2231 1193 manus
2278 1140 2674 1209 subscriptione
2725 1141 3001 1208 roborata,
3051 1143 3103 1196 in
3142 1154 3411 1201 conventu
3461 1182 3472 1193 .

1827 1232 2068 1304 synodali
2101 1233 2430 1304 generaliter
2460 1233 2647 1288 habito
2692 1235 2832 1306 apud
2861 1235 3168 1292 Theodonis
3210 1238 3411 1305 villam,

1828 1340 1970 1379 anno
2027 1324 2422 1379 lncarnationis
2502 1325 2715 1380 Domini
2769 1328 2938 1382 nostri
3012 1326 3141 1385 Jesu
3210 1328 3414 1387 Christi

1827 1429 2126 1482 ncccxxxv,
2147 1432 2289 1471 anno
2312 1417 2474 1471 etiam
2505 1418 2715 1489 imperii
2741 1418 2956 1489 gloriosi
2979 1420 3207 1476 Cresaris
3237 1421 3418 1477 Ludo-

1828 1504 1931 1559 vici
1968 1519 2127 1567 χχιιι,
2169 1505 2461 1561 indictione
2506 1523 2627 1572 xm,
2664 1509 2764 1563 sub
2813 1508 2900 1563 die
2930 1508 3289 1565 Kalendarum
3335 1529 3415 1578 iv,

1828 1591 2107 1651 Nonarum
2138 1596 2335 1652 Martii.
2376 1618 2394 1650 ι
2438 1597 2503 1652 Hi
2531 1607 2657 1653 sunt
2705 1600 2965 1670 episcopi,
2994 1602 3084 1670 qui
3112 1600 3413 1658 confessio-

1829 1701 1953 1740 nem
1985 1702 2145 1741 manu
2191 1702 2287 1743 sua
2312 1688 2530 1757 propria
2563 1688 2829 1743 firmatam
2871 1689 3174 1755 audierunt,
3204 1691 3261 1745 in
3304 1707 3413 1761 qua

151 1784 457 1855 adjudicent
504 1785 587 1839 vel
629 1785 1008 1850 rondemnent,
1055 1796 1109 1840 et
1162 1786 1390 1855 qualiter
1438 1793 1725 1843 accusatus

1828 1777 2207 1832 continebatur
2257 1780 2399 1846 quod
2428 1780 2542 1849 ipse
2574 1779 2689 1834 Eho
2726 1795 2826 1850 pro
2856 1781 3176 1850 quibusdam
3226 1783 3412 1836 crimi-

151 1878 387 1933 accusari
417 1877 499 1932 vel
535 1878 778 1932 convinci
808 1878 999 1933 debeat
1038 1877 1373 1947 designatum
1423 1886 1525 1932 est.
1573 1877 1725 1934 Nunc

149 1967 433 2023 videndum
466 1969 532 2021 de
560 1983 668 2038 quo
699 1967 889 2023 ordine
910 1966 1335 2035 adjudicatorum
1362 1967 1445 2022 vel
1470 1969 1725 2023 condem-

149 2070 394 2116 natorum
436 2060 549 2115 Eho
595 2059 778 2127 fuerit,
825 2074 986 2131 quem
1041 2059 1385 2115 manifestum
1430 2068 1513 2115 est
1560 2060 1726 2117 fuisse

150 2153 470 2225 depositum.
515 2152 616 2220 Qui
661 2163 947 2223 postquam
999 2152 1051 2207 in
1099 2151 1329 2208 ecclesia
1372 2152 1544 2207 sancti
1599 2152 1725 2208 Ste-

146 2242 303 2312 phani
334 2242 477 2312 apud
506 2240 963 2296 Mediomatricum
987 2240 1257 2296 civitatem
1287 2241 1570 2297 ambonem
1587 2258 1723 2297 con-

147 2331 374 2397 scendit,
420 2338 477 2386 et
525 2345 584 2385 se
642 2330 853 2399 publice
901 2330 1177 2384 denotavit
1225 2345 1406 2384 coram
1457 2330 1725 2401 episcopis

148 2429 199 2475 et
226 2422 555 2491 imperatore
569 2421 781 2476 etclero
808 2436 870 2475 ac
892 2421 1088 2492 populo
1117 2421 1209 2492 qui
1239 2421 1558 2489 adfuerunt,
1584 2438 1723 2494 quo-

145 2512 284 2567 niam
311 2513 562 2569 eumdem
599 2514 980 2584 imperatorem
1021 2513 1343 2569 Ludovicum
1382 2515 1518 2571 falso
1542 2516 1724 2571 crimi«

144 2594 370 2671 natum,
425 2615 482 2660 et
535 2603 732 2676 injuste
791 2605 858 2661 ab
920 2606 1183 2677 imperiali
1238 2608 1363 2663 sede
1422 2609 1722 2680 depositum

143 2692 369 2763 publica:
396 2695 731 2763 poenitentia:
760 2694 1014 2751 subdidit.
1043 2696 1121 2752 De
1146 2698 1342 2773 quibus
1382 2709 1439 2755 et
1484 2700 1722 2756 libellum

143 2802 305 2841 manu
351 2803 451 2843 sua
500 2788 861 2858 subscriptum
913 2790 1089 2844 eidem
1121 2790 1430 2862 imperatori
1461 2794 1721 2861 porrexit,

141 2894 301 2948 quem
360 2880 453 2950 qui
506 2881 800 2950 quaesierit,
862 2882 916 2935 in
974 2882 1197 2936 archivo
1256 2883 1424 2954 ipsius
1470 2884 1724 2940 Meteusis

141 2969 402 3027 Ecclesiae
449 2972 691 3028 invenire
738 2972 954 3028 valebit.
1017 2973 1166 3028 Unde
1218 2976 1379 3030 etiam
1435 2985 1724 3032 accusatus

144 3064 207 3117 ab
232 3063 354 3133 ipso
381 3064 644 3135 Augusto,
664 3064 714 3118 in
737 3065 973 3135 generali
1002 3067 1207 3137 synodo
1239 3067 1419 3122 habita
1446 3068 1498 3122 in
1522 3068 1721 3138 palatio

144 3148 452 3209 Theodonis
470 3154 615 3216 villa,
639 3155 882 3210 inducias
901 3155 1075 3226 petiit,
1103 3164 1155 3210 et
1185 3159 1478 3213 Secundum
1502 3160 1727 3215 canoni-

147 3256 258 3297 cam
290 3240 684 3299 institutionem
714 3245 877 3317 elegit
913 3246 1021 3303 sibi
1048 3262 1144 3316 per
1171 3263 1491 3305 consensum
1534 3251 1726 3321 synodi

148 3332 428 3403 episcopos
448 3331 658 3401 iudices
688 3344 1031 3404 peccatorum
1062 3352 1305 3405 suorum,
1328 3354 1462 3408 quos
1491 3356 1727 3397 canones

147 3423 345 3477 electos
386 3423 673 3493 appellant,
702 3425 769 3479 de
804 3425 1000 3494 quibus
1037 3427 1296 3498 scriptum
1332 3438 1416 3485 est
1449 3431 1503 3486 in
1538 3432 1726 3487 conci-

148 3511 213 3566 lio
236 3513 520 3579 Africano,
548 3529 669 3585 cap.
701 3515 793 3580 63,
822 3525 880 3571 ut
908 3518 975 3571 ab
998 3516 1190 3572 electis
1213 3516 1486 3585 iudicibus
1531 3537 1723 3591 provo-

148 3605 251 3659 cari
278 3619 387 3659 non
413 3603 595 3669 liceat,
621 3614 676 3660 et
699 3604 847 3661 dedit
894 3605 1129 3662 libellum
1171 3609 1378 3680 synodo
1420 3626 1582 3665 manu
1629 3626 1724 3667 sua

151 3692 421 3749 firmatum
458 3696 573 3751 hate
600 3697 786 3751 eadem
813 3698 1178 3753 continentem
1210 3715 1224 3752 :
1263 3718 1280 3751 ι
1318 3700 1431 3758 Eoo
1454 3701 1562 3757 Euo
1590 3702 1729 3757 indi-

144 3784 281 3855 ‘gnus
331 3786 637 3857 episc0pns,
684 3801 1075 3857 recognoscens
1122 3788 1468 3860 fragilitatem
1514 3808 1723 3857 meam,

148 3884 198 3929 et
237 3875 479 3946 pondera
520 3885 864 3947 peccatorum
893 3893 1134 3932 meorum
1156 3921 1170 3946 ,
1200 3889 1364 3937 testes
1391 3882 1728 3937 confessores

146 3979 297 4021 meos
318 3965 557 4020 Aiulfum
600 3967 850 4023 videlicet
892 3969 1379 4041 archiepiscopum,
1408 3980 1462 4026 et
1494 3972 1728 4027 Badara-

147 4056 271 4110 dum
297 4056 633 4127 episcopum,
682 4074 888 4115 necnon
936 4069 991 4116 et
1035 4062 1345 4118 Modoinum
1389 4064 1725 4135 episc0pum,

147 4146 402 4200 consului
433 4148 560 4202 mihi
582 4147 794 4217 judices
818 4148 1134 4206 delictorum
1163 4168 1429 4218 meorum,
1456 4162 1508 4207 et
1532 4170 1726 4226 puram

151 4234 274 4303 ipsis
300 4234 701 4291 confessionem
733 4238 882 4304 dedi,
916 4236 1164 4309 quaerens
1212 4242 1508 4297 remedium
1552 4245 1730 4314 ι)ωηί-

150 4328 308 4392 tendi,
355 4335 413 4380 et
473 4328 699 4397 salutem
754 4331 949 4386 anima:
996 4349 1151 4401 meae,
1201 4344 1260 4390 ut
1307 4337 1614 4394 recederem
1658 4341 1727 4396 ab

1826 1871 2005 1935 nibus,
2034 1887 2152 1941 quae
2190 1873 2592 1930 confessoribus
2637 1878 2752 1931 suis
2772 1875 2952 1931 Aiulfo
2979 1877 3409 1949 archiepiscopo,

1825 1962 2110 2018 Badarado
2135 1965 2409 2035 episcopo,
2434 1965 2684 2021 Moloino
2708 1970 2985 2039 episcopo,
3014 1969 3262 2024 Achardo
3289 1972 3406 2040 epi-

1820 2046 2008 2126 hscopo,
2045 2054 2377 2115 Theoderico
2428 2059 2701 2130 episcopo,
2752 2069 2809 2115 et
2855 2060 3089 2116 Nothoni
3145 2061 3411 2131 archicplo

1824 2154 1989 2216 scopo
2037 2147 2319 2204 confessus
2348 2159 2452 2214 est,
2486 2150 2795 2205 nullatenus
2823 2151 3061 2206 officium
3093 2153 3405 2223 pontilitale

1826 2247 1987 2303 agere
2013 2235 2249 2292 deberet.
2284 2236 2415 2291 Nam
2440 2245 2492 2291 et
2514 2238 2612 2309 ipsi
2640 2248 2825 2306 testes,
2850 2241 3040 2296 eodem
3070 2241 3253 2296 Ebone
3275 2257 3403 2312 pos-

1824 2326 1981 2380 cente
2006 2335 2060 2380 et
2095 2341 2277 2382 coram
2328 2338 2539 2384 astante
2566 2370 2581 2395 ,
2626 2330 2679 2384 in
2720 2341 3012 2401 conspectu
3040 2333 3284 2388 omnium
3313 2333 3405 2403 qui

1824 2415 2133 2484 adfuerunt,
2157 2429 2264 2474 tam
2293 2421 2666 2491 episcoporum
2697 2436 2858 2491 quam
2886 2434 2940 2477 et
2971 2434 3291 2479 rreterorum
3319 2441 3406 2479 sa.

1824 2512 2128 2579 eerdotum,
2158 2513 2277 2568 viva
2300 2529 2430 2569 voce
2454 2513 2722 2570 testiﬁcati
2767 2523 2912 2580 sunt,
2942 2518 3070 2585 quia
3116 2518 3225 2572 tale
3273 2533 3403 2588 pec-

1823 2611 2002 2659 catum
2034 2604 2114 2659 eis
2135 2603 2416 2660 confessus
2445 2604 2640 2669 fuerat,
2673 2620 2770 2674 pro
2796 2623 2902 2675 quo
2931 2609 3124 2677 dignus
3153 2625 3262 2663 non
3287 2617 3407 2663 erat

1823 2694 2126 2765 episcopale
2154 2696 2512 2750 ministerium
2540 2697 2677 2749 ultra
2697 2694 2810 2763 jam
2854 2712 3033 2768 agere.
3065 2697 3171 2753 Sed
3200 2708 3254 2754 et
3303 2700 3406 2754 hoc

1823 2785 1925 2856 ipsi
1948 2794 2113 2841 testes
2134 2795 2189 2842 et
2210 2785 2549 2842 confessores
2580 2788 3005 2853 sui‘intulerunt,
3026 2790 3154 2860 quia
3182 2791 3227 2846 si
3260 2791 3404 2846 idem

1823 2885 2105 2946 peccatum
2136 2878 2671 2933 anteordinationem
2692 2880 3052 2945 admississet.,
3085 2881 3230 2935 nullo
3247 2883 3407 2936 moJo

1823 2969 2106 3039 episcopus
2133 2968 2370 3024 ordinari
2403 2970 2692 3025 debuisset.
2724 2970 2831 3026 Pro
2861 2988 2965 3042 qua
3014 2987 3073 3027 re
3124 2972 3191 3027 ad
3218 2988 3406 3027 eorum

1828 3060 2111 3116 consilium
2141 3060 2277 3115 dixit
2307 3076 2365 3116 se
2392 3061 2531 3117 idem
2559 3060 2673 3116 Ebo
2700 3077 2883 3117 coram
2914 3064 3162 3119 omnibus
3208 3064 3274 3118 ad
3316 3066 3409 3119 mi-

1827 3152 2108 3207 nisterium
2133 3152 2439 3223 episcopale
2468 3153 2766 3224 indignum,
2791 3164 2845 3209 et
2864 3156 3006 3210 abeo
3037 3157 3289 3213 recedere
3317 3159 3410 3212 de-

1827 3242 1974 3308 bere,
2001 3252 2055 3297 et
2084 3242 2184 3298 snb
2216 3243 2550 3314 paenitentiae
2593 3244 2753 3301 modo
2782 3246 3065 3301 Dominum
3103 3248 3202 3303 sibi
3229 3248 3411 3317 propi-

1826 3334 1957 3388 tium
1983 3333 2161 3389 facere
2192 3333 2347 3405 velle.
2381 3332 2514 3388 Nam
2560 3343 2615 3388 et
2657 3335 2917 3405 episcopi,
2957 3338 3249 3392 secundum
3281 3353 3411 3393 cono

1824 3423 2118 3481 fessionem
2169 3426 2338 3497 ipsius
2382 3442 2543 3481 manu
2590 3442 2688 3482 sua
2736 3429 2952 3499 pr0pria
2996 3429 3323 3494 roboratam,
3356 3439 3413 3485 et

1826 3503 2193 3571 testimonium
2230 3517 2600 3572 confcssorum
2632 3534 2874 3584 suorum,
2914 3521 3272 3576 decreverunt
3301 3529 3412 3576 uta

1825 3608 2129 3663 ministerio
2162 3610 2435 3664 recederet
2486 3610 2807 3681 pontificali,
2853 3622 2908 3667 et
2947 3614 3070 3668 aliis
3100 3615 3410 3670 orationum

1826 3696 2019 3755 officiis
2048 3709 2110 3756 et‘
2128 3703 2368 3757 excubiis
2397 3703 2623 3760 Domino
2670 3706 2958 3762 serviendo
2999 3723 3123 3763 eum
3161 3708 3261 3763 sibi
3293 3723 3413 3779 pro-

1825 3794 2015 3864 pitium
2044 3795 2267 3862 faceret.
2298 3795 2423 3850 llzec
2450 3807 2577 3850 sunt
2613 3798 2829 3853 nomina
2859 3800 3174 3854 eorumdem
3202 3801 3412 3871 episco-

1826 3900 2015 3955 porum
2047 3904 2058 3939 :
2086 3886 2263 3952 Drogo
2294 3887 2750 3958 archiepiscopus,
2770 3888 2914 3944 lletti
2947 3892 3335 3962 archiepiscopi
3360 3905 3409 3957 ι.

1826 3975 1961 4045 Otga
1971 3978 2081 4030 rius
2098 3977 2555 4048 archiepiscopus,
2573 3979 2927 4050 Raguoardus
2947 3982 3409 4054 archiepiscopus,

1826 4067 2183 4124 Landrannus
2200 4069 2657 4139 archiepiscopus,
2675 4070 2772 4124 Ald
2783 4072 2926 4126 ricus
2951 4072 3409 4145 archiepiscopus,

1826 4157 2004 4214 Notho
2028 4159 2487 4229 archiepiscopus,
2508 4161 2718 4215 Aiulfus
2740 4162 3202 4233 archiepiscopus,
3228 4165 3412 4220 Ratol—

1827 4249 1929 4303 dus
1957 4248 2259 4319 episcopus,
2281 4247 2446 4304 Jonas
2466 4250 2769 4319 episcopus,
2798 4251 3079 4305 Frotarius
3103 4253 3407 4321 episcopus,

1827 4339 2204 4394 Erchanradus
2228 4340 2530 4410 episcopus,
2553 4341 2889 4410 Raganarius
2922 4341 3228 4412 episcopus,
3258 4341 3414 4397 Wlfi-

146 4415 316 4474 oﬂicio
342 4427 401 4473 et
422 4420 724 4477 ministerio
753 4424 1069 4516 pontificali,
1111 4441 1219 4495 quo
1268 4443 1356 4483 me
1395 4444 1726 4500 recognosco
1758 4463 1806 4523 ι)
1833 4447 1934 4487 nus
1968 4433 2272 4503 episcopus,
2298 4432 2668 4488 Theodericus
2699 4433 3000 4504 episcopus,
3030 4434 3271 4489 Acardus
3298 4434 3411 4504 epi-

148 4518 261 4561 esse
305 4507 610 4579 indignum,
632 4522 689 4566 et
725 4502 957 4567 alienum
984 4529 1070 4569 me
1097 4516 1325 4573 reddens
1350 4533 1449 4588 pro
1487 4523 1729 4579 reatibus

148 4600 314 4665 meis,
358 4601 414 4656 in
462 4603 657 4673 quibus
701 4620 954 4675 peccasse
998 4616 1206 4662 secreto
1270 4608 1402 4679 ipsis
1449 4609 1730 4669 confessus

116 4703 282 4756 sum,
311 4684 625 4751 eoscilicet
649 4694 825 4758 modo,
856 4702 916 4749 ut
959 4695 1058 4765 ipsi
1104 4696 1212 4752 sint
1251 4706 1416 4754 testes
1456 4700 1562 4756 alio
1602 4717 1726 4758 suc-

147 4781 372 4837 cedendi
398 4790 453 4838 et
480 4784 831 4840 consecrandi
871 4785 1304 4858 subrogandique
1341 4789 1393 4843 in
1435 4790 1552 4846 loco
1580 4807 1722 4857 meo,

146 4873 233 4939 qui
263 4874 431 4944 digne
468 4890 701 4944 praeesse
727 4883 782 4931 et
820 4876 1078 4946 prodesse
1123 4878 1297 4948 possit
1338 4879 1593 4937 Ecclesia:
1634 4883 1723 4938 cui

145 4962 407 5022 hactenus
432 4968 682 5038 indignus
718 4968 927 5039 praafui.
958 4969 1026 5025 Et
1064 4978 1126 5025 ut
1166 4970 1290 5027 inde
1333 4972 1472 5027 ultra
1519 4974 1723 5030 nullam

146 5056 522 5123 repetitionem
556 5066 649 5112 aut
678 5059 1163 5130 interpellationem
1194 5063 1518 5118 auctoritate
1555 5079 1725 5118 cano-

146 5143 261 5199 nica
292 5144 477 5202 facere
505 5148 732 5212 valeam,
767 5166 925 5205 manu
957 5150 1173 5222 propria
1210 5168 1328 5208 mea
1378 5156 1725 5211 subscribens

147 5235 375 5292 limavi.
404 5239 445 5308 -ι-
468 5239 601 5306 Ebo,
623 5246 891 5311 quondam
914 5243 1198 5313 episcopus
1223 5246 1536 5316 subscripsi.
1576 5266 1594 5298 ›
1615 5246 1724 5304 Hac

148 5327 416 5394 scriptura
446 5346 629 5387 coram
655 5335 862 5404 synodo
912 5335 1121 5405 prolata
1169 5344 1332 5406 atque
1377 5339 1722 5406 confirmata,

149 5415 427 5472 confessus
452 5429 536 5476 est
566 5422 680 5492 ipse
707 5424 823 5479 viva
862 5439 1029 5490 voce,
1078 5433 1134 5482 et
1178 5426 1328 5483 dedit
1370 5437 1535 5486 testes
1576 5431 1727 5488 alios

148 5507 390 5577 exceptis
410 5508 1020 5580 judicibus,l\'othonem
1044 5516 1533 5589 archiepiscopum,
1550 5520 1723 5578 Theo-
1754 5556 1765 5562 -

150 5593 392 5652 doricum
427 5599 759 5673 episcopum,
780 5613 836 5659 et
863 5605 1172 5661 Achardum
1203 5605 1536 5678 episcopum,
1558 5624 1615 5668 et
1643 5615 1722 5670 sic

150 5684 215 5740 ab
249 5690 503 5745 omnibus
525 5693 618 5761 qui
661 5694 713 5748 in
740 5696 927 5751 eodem
942 5697 1180 5777 concilio
1206 5695 1425 5755 fuerunt
1452 5703 1719 5775 episcopis

1832 4539 2045 4593 scopus,
2098 4522 2377 4579 Rothadus
2433 4524 2736 4594 episcopus,
2797 4525 3061 4580 Batradus
3100 4525 3409 4598 episc0pns,

1831 4613 2115 4669 Modoinus
2164 4614 2466 4684 episcopus.
2516 4614 2646 4668 ltem
2704 4614 3070 4671 Theodericus
3103 4614 3409 4685 episc0pns,

1828 4703 2209 4759 Walocharius
2258 4703 2560 4774 cpiscOpus,
2598 4703 2919 4774 Godolricus
2956 4704 3262 4775 episcopus,
3312 4704 3415 4761 (ἔοι

1830 4795 2073 4852 dofridus
2095 4795 2401 4864 episcopus,
2434 4794 2803 4850 Teutmundus
2831 4797 3134 4867 episcopus,
3162 4796 3415 4856 Ermher—

1830 4897 1918 4945 tus
1942 4888 2248 4959 episcopus,
2303 4887 2575 4943 llubertus
2603 4877 2910 4959 episcopus,
2938 4890 3176 4944 Erat-dus
3201 4890 3413 4959 episco-

1831 4994 1951 5051 pus,
1982 4977 2265 5034 Albericus
2294 4979 2597 5048 episcopus,
2624 4977 2904 5035 Freculfus
2921 4981 3221 5050 episcopus,
3250 4979 3412 5034 Joan-

1831 5085 1930 5124 nes
1956 5067 2260 5139 episcopus,
2294 5066 2684 5124 Hildemannus
2705 5070 3010 5139 episcopus,
3034 5068 3171 5125 Η]άί
3195 5070 3408 5139 θρίεεοο

1832 5177 1963 5232 pus,
2014 5159 2357 5216 Christianus
2398 5160 2720 5231 episcopus,
2769 5161 3052 5232 Sisagutus
3101 5160 3404 5230 episcopus.

1828 5253 1962 5309 Item
1994 5251 2328 5324 Raganarius
2354 5252 2881 5324 episcopus,CriSpio
2908 5254 3210 5322 episcopus,
3240 5250 3406 5306 Teut-

1831 5343 2037 5417 gaudus
2063 5343 2367 5414 episc0pns,
2394 5342 2574 5399 Bonus
2596 5344 2901 5413 episcopus,
2932 5344 3076 5399 Favo
3098 5342 3403 5412 episcopus,

1826 5438 1943 5494 Αόο
1963 5436 2267 5507 episcopus,
2299 5436 2340 5490 Τ
2345 5437 2624 5491 eutbertus
2666 5436 2974 5506 episcopus,
3022 5434 3267 5490 Wiladus
3293 5435 3407 5503 epi-

1828 5544 2044 5600 scopus,
2076 5529 2379 5587 Morbertus
2413 5527 2717 5599 episcopus.
2762 5529 2827 5584 Et
2865 5529 2978 5585 haec
3008 5529 3292 5599 scriptura,
3318 5527 3406 5593 ju-

1829 5620 2043 5675 dicante
2089 5620 2293 5690 synodo
2324 5629 2446 5690 post
2482 5620 2596 5675 haec
2632 5620 2812 5675 omnia
2842 5629 3074 5690 patrata,
3098 5620 3220 5675 data
3244 5629 3327 5675 est
3350 5637 3379 5674 a

1828 5710 2098 5781 Drogone,
2124 5711 2215 5779 qui
2247 5709 2451 5781 synodo
2483 5711 2804 5781 praesidebat
2835 5729 2937 5767 una
2974 5727 3094 5767 cum
3123 5710 3265 5767 lletti
3290 5710 3403 5776 (χοί-δ
