3998 6336
655 368 820 425 scopo
860 349 1202 414 Trevcrensi,
1259 346 1485 403 Fulconi
1534 346 1623 415 qni
1660 360 1943 402 successor
1997 344 2049 400 in
2105 345 2233 400 sede

653 443 946 498 lthemensi
984 440 1183 494 Ebonis
1218 437 1396 492 fuerat
1424 436 1757 507 designatus.

724 532 837 587 lloc
861 541 1038 586 autem
1068 531 1143 584 ita
1182 543 1369 583 verum
1400 541 1520 581 esse
1546 534 1605 580 ut
1632 526 1878 589 dicimus,
1920 525 2082 580 etiam
2140 525 2231 596 qui

650 621 913 676 Annalem
941 620 1142 676 domini
1186 618 1443 673 Ludovici
1490 618 1834 686 imperatoris
1859 617 2137 671 historiam
2168 618 2234 671 de

652 695 797 770 anno
822 727 1096 768 Dcccxxxv
1108 711 1421 769 .Dominica:
1443 708 2029 780 3261ncarnationis
2052 708 2231 762 revol-

649 804 812 869 verit,
863 802 1149 857 manifesta
1199 801 1428 856 lectione
1465 799 1782 868 comperiet.
1830 797 2120 863 Caeterum,
2172 806 2233 852 ut

650 893 1033 966 praemisimus,
1087 894 1153 948 de
1186 889 1499 962 hujusmodi
1527 889 1687 944 unius
1715 889 2110 957 subscriptione
2134 904 2231 958 pro

651 986 921 1049 omnibus,
955 985 1094 1039 sicut
1120 984 1206 1037 hic
1236 982 1401 1036 Jonas
1445 980 1729 1051 episcopus
1777 988 1964 1051 rogatu
1990 980 2229 1034 omnium

659 1093 843 1135 coram
871 1075 1121 1131 omnibus
1149 1083 1202 1128 et
1231 1088 1328 1143 pro
1370 1070 1623 1128 omnibus
1658 1085 1820 1125 manu
1849 1071 2049 1125 notarii
2079 1085 2235 1142 syno-

650 1168 790 1223 Jalis
812 1167 942 1236 egit,
975 1164 1066 1234 qui
1110 1163 1303 1233 legerit
1330 1161 1384 1215 in
1413 1160 1643 1217 concilio
1687 1158 1967 1225 Africano,
2001 1176 2122 1229 cap.
2161 1159 2230 1214 52

649 1269 702 1316 et
734 1274 853 1329 cap.
881 1258 949 1311 60
971 1255 1304 1311 sufﬁcienter
1350 1253 1605 1323 reperiet.
1655 1250 1790 1318 Quia
1834 1260 2012 1306 autem
2054 1251 2234 1322 hujus-

648 1353 792 1410 modi
819 1350 1045 1407 libellari
1076 1347 1431 1410 confessione,
1452 1361 1612 1415 quam
1640 1344 1793 1414 sequi
1822 1344 1981 1398 debet
2004 1344 2233 1415 propriae

649 1459 843 1499 manus
887 1441 1228 1511 subscriptio,
1259 1440 1544 1510 episcopus
1594 1437 1837 1519 corporis
1880 1436 1994 1491 sive
2034 1436 2232 1491 anima:

649 1536 961 1592 inﬁrmitate
995 1542 1271 1605 gravatus,
1290 1541 1350 1586 ut
1376 1547 1479 1585 non
1505 1530 1697 1584 debeat
1727 1529 1808 1585 vel
1838 1546 1943 1585 non
1972 1531 2143 1600 possit
2163 1531 2231 1585 ad

650 1626 1009 1682 ministerium
1058 1640 1273 1679 sacrum
1319 1637 1670 1692 consurgere,
1704 1637 1734 1676 a
1786 1624 1914 1677 sede
1936 1623 2227 1693 episcopali

1642 196 1976 290 IIINCMARI
2014 232 2406 289 RIIEMENSIS
2437 234 2953 292 ARCIHEPISCOPI

2260 355 2306 416 Α
2338 346 2708 415 postulabant,
2752 356 2813 402 ut
2839 363 2933 404 eos
2963 348 3313 423 reconciliare
3338 366 3400 409 ac
3431 355 3626 424 pallium
3663 363 3728 421 eis
3746 371 3815 425 iri.

2335 437 2500 492 bucre
2515 437 2845 508 dignaretur.
2862 459 2879 490 ι
2900 439 3045 505 Quos
3059 432 3219 494 etiam
3235 441 3370 497 idem
3393 445 3537 517 327
3557 455 3816 520 praesulmec

2335 530 2762 583 communionem
2794 530 2933 585 inter
2959 530 3185 586 clericos
3229 532 3410 603 dignos
3457 550 3566 593 esse
3607 546 3817 615 suscipere

2334 619 2566 685 diccbat,
2599 621 2691 675 sed
2732 621 2872 676 inter
2911 637 3252 677 communem
3303 626 3541 696 populum
3586 640 3817 693 communi-

2333 712 2491 767 candi
2521 711 2791 787 licentiam
2823 714 3194 770 tantummodo
3220 715 3486 773 haberent.

2403 800 2702 857 Transacto
2727 812 2910 857 autem
2941 804 3186 858 decennii
3216 787 3577 880 te_mpore.post
3600 813 3819 885 depositio
3846 866 3856 880 .

2332 910 2454 948 nem
2483 895 2651 965 ipsius
2676 896 2898 960 Ebonis,
2917 905 3283 952 convenerunt
3309 901 3533 973 episcopi
3553 904 3817 966 Rhemorum
3896 950 3897 973 γ

2333 985 2627 1041 dioeceseos
2678 987 2745 1042 ad
2777 987 3039 1057 synodum
3088 988 3485 1048 Belvacensium
3528 996 3751 1066 civitatis,
3780 1013 3820 1057 et

2332 1075 2681 1132 obtinuerunt
2725 1093 2992 1134 consensu
3045 1080 3226 1136 domni
3270 1083 3449 1139 Caroli
3490 1090 3616 1159 regis
3655 1092 3818 1163 gloriosi

2331 1167 2616 1235 quemdam
2644 1181 2707 1221 ex
2732 1167 2949 1224 dicecesi
2975 1168 3259 1239 Sennensi,
3281 1183 3335 1230 et
3352 1178 3571 1245 pauercia
3591 1180 3817 1253 Parisiaca,

2333 1257 2473 1326 apud
2502 1257 2964 1330 archiepiscOpum
3006 1271 3061 1317 et
3099 1264 3333 1321 civitatis
3362 1267 3517 1337 ipsius
3542 1272 3788 1344 episcopum
3806 1321 3818 1344 ,

2332 1357 2664 1418 cacterosque
2703 1351 2995 1418 provinciae
3047 1354 3286 1420 ejusdem
3319 1359 3664 1430 coepiscopos,
3702 1363 3818 1421 Hinc-

2332 1453 2541 1493 marmn
2576 1440 2899 1496 venerabilis
2926 1446 3241 1500 monasterii
3268 1457 3563 1504 sanctorum
3592 1463 3815 1524 martyrum

2335 1528 2575 1598 Dionysii
2626 1530 3004 1601 sociorumque
3024 1532 3139 1603 ejus
3185 1539 3530 1606 monachum,
3569 1557 3702 1611 quem
3733 1561 3815 1598 cum

2333 1618 2551 1673 decreto
2573 1622 2833 1676 canonico
2859 1623 2989 1677 cleri
3020 1634 3074 1678 et
3100 1625 3273 1694 plebis
3294 1627 3601 1686 Rhemorum
3629 1633 3816 1690 Ecclesia

650 1726 710 1772 et
741 1716 1046 1772 sacerdotio
1076 1716 1267 1770 debeat
1294 1715 1582 1779 removeri,
1630 1722 1687 1768 et
1713 1713 1766 1768 in
1805 1713 1923 1769 loco
1954 1713 2072 1784 ejus
2098 1715 2223 1769 alius

2338 1708 2509 1762 cidem
2535 1710 2814 1781 metropoli
2835 1714 3222 1770 ordinaverunt
3250 1720 3545 1790 episcopum
3562 1762 3576 1787 ,
3601 1724 3715 1778 sicut
3732 1726 3818 1780 diua.

654 1807 940 1878 subrogari
974 1814 1029 1862 et
1051 1805 1313 1870 ordinari,
1342 1804 1396 1858 in
1449 1804 1806 1859 decretalibus
1842 1804 2084 1874 epistolis
2106 1819 2232 1873 apo-

647 1902 849 1957 stolica:
880 1900 1023 1954 sedis
1046 1897 1362 1969 pontiﬁcum
1395 1896 1834 1966 frequentissime
1856 1897 2154 1963 invenitur,
2176 1906 2233 1952 et

645 1995 835 2052 beatus
865 1992 1153 2064 Gregorius
1183 1993 1235 2047 in
1269 1993 1384 2047 suis
1406 1992 1679 2048 multoties
1701 1990 2225 2062 designatepistolis,

645 2088 789 2144 sicut
820 2087 885 2141 ad
910 2086 1168 2141 Joannem
1189 2083 1730 2139 Primae-Justinianae
1761 2084 2227 2155 archiepiscopum

647 2181 713 2235 de
739 2179 927 2243 Paulo,
960 2188 1014 2232 et
1036 2177 1100 2231 ad
1137 2176 1435 2231 Marianum
1471 2176 1782 2247 episcopum
1808 2175 2225 2240 Ravennatium,

646 2281 701 2326 et
725 2269 792 2324 ad
823 2270 1024 2325 clertun
1050 2285 1113 2324 ac
1133 2268 1340 2339 plebem
1371 2268 1821 2332 Ariminensium,
1846 2283 2055 2322 necnon
2080 2274 2134 2321 et
2160 2266 2229 2321 ad

644 2360 953 2416 Anatolium
983 2360 1291 2423 diaconum,
1340 2368 1393 2414 et
1440 2359 1504 2412 ad
1536 2357 1843 2413 {Etherium
1889 2358 2225 2429 episcopum,

646 2461 809 2523 atque
835 2454 901 2507 ad
927 2451 1342 2508 Brunechildem
1370 2450 1609 2520 reginam
1635 2452 1700 2505 de
1718 2451 1931 2506 inﬁrmo
1950 2451 2223 2522 episcopo,

645 2552 702 2598 et
730 2544 978 2598 Zosimus
1026 2543 1092 2598 de
1121 2542 1374 2598 Proculo.
1407 2542 1463 2595 ln
1492 2541 1734 2611 epistolis
1764 2556 1976 2612 quoque
2005 2540 2227 2597 Joannis

643 2653 794 2709 papm
819 2638 885 2692 de
913 2636 1304 2692 contumelioso
1328 2635 1600 2704 episcopo.
1627 2633 1732 2688 Sed
1758 2642 1813 2689 et
1852 2635 1907 2688 in
1935 2633 2226 2689 Gallicanis

643 2729 938 2785 canonibus
973 2729 1041 2783 de
1083 2727 1327 2783 Potamio
1377 2726 1741 2782 Braccarense
1796 2725 2223 2796 archiepiscopo,

643 2832 698 2878 et
719 2822 923 2893 synodo
946 2820 1226 2875 Valentina
1272 2819 1552 2874 evidenter
1586 2819 1919 2890 agnoscitur.
1943 2819 2010 2873 Et
2037 2819 2102 2873 de
2129 2820 2228 2875 hu-

638 2913 874 2984 jusmodi
900 2910 1233 2966 confessione
1249 2909 1357 2965 Leo
1394 2910 1447 2964 in
1465 2910 1723 2965 decretali
1739 2911 1965 2980 cpistola
1981 2912 2149 2981 (epist.
2170 2910 2224 2980 1)

644 3004 710 3056 ad
738 3003 1017 3057 universos
1057 3001 1335 3070 episcopos
1382 3016 1480 3071 per
1518 3000 1886 3070 Campaniam,
1919 3000 2221 3067 Samnium,

642 3102 698 3148 ct
724 3091 979 3148 Picenum
1009 3092 1284 3146 evidenter
1308 3092 1665 3158 demonstrat,
1704 3093 1844 3148 sicut
1875 3091 1968 3162 qui
1993 3092 2224 3147 voluerit

642 3184 821 3254 legere
847 3181 1175 3253 praevalebit.
1222 3181 1288 3235 Et
1330 3188 1454 3250 post
1509 3181 1625 3235 haec
1670 3182 1849 3236 omnia
1889 3182 2057 3236 isdem
2110 3181 2223 3237 Ebo

642 3274 912 3349 quondam
963 3274 1247 3343 episc0pus
1278 3270 1533 3326 libellum
1565 3274 1899 3342 pwnitentite
1947 3275 2136 3340 edidit,
2167 3274 2221 3329 in

642 3386 751 3440 quo
774 3369 998 3423 crimina
1025 3383 1145 3437 quae
1171 3364 1453 3421 confessus
1481 3374 1641 3420 antea
1692 3368 1804 3422 suis
1840 3367 2113 3437 judicibus
2159 3383 2223 3423 ac

642 3460 873 3516 testibus
896 3458 1069 3513 fuerat
1094 3458 1294 3527 scripto
1316 3457 1585 3526 exposuit,
1619 3471 1715 3525 pro
1742 3457 1937 3527 quibus
1957 3473 2017 3513 se
2045 3459 2222 3528 poeni-

646 3549 871 3603 tentiam
922 3555 1235 3615 septennem
1262 3545 1438 3616 egisse
1489 3547 1833 3617 conscripsit,
1866 3556 1920 3600 ct
1949 3548 2092 3603 hunc
2135 3564 2223 3603 sa-

641 3639 963 3696 tisfactionis
986 3638 1222 3692 libellum
1247 3638 1300 3692 in
1329 3638 1562 3693 Eccleisa
1587 3638 1873 3693 Rhemensi
1906 3640 2114 3709 publice
2138 3656 2224 3696 re-

640 3730 846 3796 citavit,
872 3745 1031 3799 quem
1076 3730 1335 3783 hactenus
1363 3730 1636 3799 diligenlia
1668 3730 1992 3786 Rhemensis
2034 3732 2219 3787 scrinii

641 3823 783 3878 inter
833 3821 934 3875 alia
966 3830 1118 3893 gesta
1170 3822 1424 3877 custodit.
1477 3822 1543 3876 Et
1588 3823 1692 3878 hoc
1736 3823 1896 3876 modo
1945 3823 2220 3893 depositus

639 3912 990 3984 apostolicam
1039 3913 1221 3967 sedem
1264 3922 1320 3968 et
1363 3929 1555 3983 papam
1588 3914 1837 3985 Sergium
1881 3915 2029 3969 adiit.
2064 3916 2221 3986 Apud

641 4022 832 4076 quem,
864 4006 1004 4061 sicut
1032 4005 1085 4060 in
1118 4005 1299 4075 Gestis
1346 4006 1745 4076 pontificalibus
1793 4007 1966 4063 lector
1993 4010 2220 4079 quisque

637 4097 893 4169 przevalet
928 4098 1191 4163 invenire,
1222 4098 1323 4153 ista
1355 4099 1606 4153 obtinuit.
1648 4100 1726 4155 Ita
1770 4101 1912 4154 enim
1945 4100 2015 4156 ibi
2049 4102 2114 4155 ad
2142 4102 2221 4157 lo-

635 4204 759 4246 eum
786 4191 1046 4260 scriptum
1086 4200 1171 4245 est
1200 4208 1213 4242 :
1252 4211 1271 4241 ε
1304 4190 1399 4245 llis
1424 4192 1588 4262 igitur
1607 4191 1864 4261 peractis,
1893 4193 2214 4262 praedictum

634 4283 1383 4355 postulaveruntpontiﬁcem,
1406 4295 1464 4337 nt
1486 4301 1677 4340 omnes
1700 4286 1961 4354 primates
1988 4284 2217 4341 Romani

639 4376 950 4431 ﬁdelitatem
973 4377 1076 4446 ipsi
1105 4377 1378 4431 Ludovico
1406 4379 1514 4447 regi
1539 4393 1633 4446 per
1667 4387 2067 4433 sacramentum
2093 4392 2215 4447 pro-
2243 4415 2293 4475 Β

638 4469 952 4533 mitterent;
985 4468 1129 4539 quod
1156 4467 1609 4538 prudentissimus
1639 4469 1834 4539 prtesnl
1871 4468 1985 4523 ﬁeri
2012 4484 2217 4538 nequa-

638 4575 801 4630 quam
824 4559 1109 4625 concessit,
1138 4568 1193 4614 ct
1224 4559 1304 4614 sic
1328 4575 1485 4614 orsus
1512 4570 1598 4615 est
1626 4560 1732 4615 illis
1765 4578 1779 4616 :
1809 4560 1945 4627 Quia
1980 4561 2026 4615 si
2052 4561 2215 4617 vultis

638 4649 837 4704 domno
862 4647 1118 4703 Lothario
1159 4664 1355 4718 magno
1386 4650 1700 4720 imperatori
1756 4649 1859 4705 hoc
1907 4665 2216 4706 sacramen-

637 4749 752 4795 tum
778 4749 838 4795 ut
867 4728 1436 4803 faciantsolummodo,
1455 4741 1737 4795 consentio
1761 4748 1921 4809 atque
1937 4742 2211 4811 permitto.

635 4830 770 4887 Nam
799 4832 1067 4889 Ludovico
1094 4832 1209 4902 ejus
1252 4831 1361 4886 ﬁlio
1388 4840 1444 4884 ut
1479 4833 1582 4886 hoc
1623 4842 1933 4902 peragatur,
1965 4847 2065 4887 nec
2089 4848 2209 4904 ego,

634 4940 737 4981 nec
775 4926 1028 4981 nobilitas
1074 4925 1440 4980 Romanorum
1480 4923 1764 4979 consentit.
1798 4924 1951 4979 Tunc
1992 4925 2209 4981 demum

632 5012 688 5067 in
711 5016 897 5067 eadem
924 5012 1166 5067 Ecclesia
1197 5013 1444 5067 sedentes
1473 5012 1675 5080 pariter
1713 5019 1820 5065 tam
1866 5013 2209 5069 beatissimus

633 5104 894 5176 pontifex,
929 5120 1089 5174 quam
1127 5121 1352 5175 magnus
1378 5120 1490 5169 rex,
1520 5113 1575 5158 et
1602 5119 1790 5159 omnes
1815 5104 2210 5176 archiepiscopi

631 5211 795 5270 atque
817 5201 1072 5271 episc0pi,
1126 5200 1394 5254 stantibus
1444 5198 1662 5269 reliquis
1705 5200 2100 5266 sacerdotibus,
2154 5205 2211 5254 et

630 5293 997 5346 Romanorum
1022 5306 1086 5346 ac
1126 5290 1455 5345 Francorum
1484 5288 1856 5359 optimatibus,
1891 5289 2208 5345 fidelitatem

629 5381 888 5437 Lothario
910 5395 1102 5450 magno
1125 5380 1437 5450 imperatori
1487 5394 1701 5449 semper
1740 5379 1980 5450 Augusto
2006 5380 2208 5450 promi-

629 5481 837 5526 serunt.
870 5471 998 5527 Post
1025 5473 1141 5527 haec
1160 5486 1304 5535 vero,
1334 5469 1677 5539 Eboquidam
1709 5479 1763 5525 et
1786 5469 2212 5524 Bartholomzeus

631 5562 1044 5634 archiepiscopi,
1068 5562 1159 5633 qui
1178 5577 1276 5634 pro
1304 5562 1626 5638 criminibus
1647 5561 1759 5616 suis
1782 5560 1977 5631 privati
2008 5560 2211 5615 honore

629 5651 698 5707 ab
754 5652 993 5710 Ecclesia
1047 5653 1261 5710 fuerant
1305 5651 1536 5725 expulsi,
1575 5650 1921 5708 sanctissimo
1964 5650 2211 5723 pontiﬁci

2337 1812 2519 1853 ceseos
2536 1799 2863 1855 Rhemorum
2880 1803 3115 1874 episcopi
3142 1806 3194 1861 in
3214 1809 3430 1877 przefata
3456 1813 3637 1882 synodo
3662 1817 3817 1871 eviden-
3896 1808 3897 1813 “

2335 1889 2559 1945 tissimis
2602 1899 2657 1945 et
2699 1893 3034 1983 regularibus
3078 1898 3398 1953 studuerunt
3427 1903 3681 1958 ostendere
3704 1905 3817 1959 docu-

2332 1989 2571 2043 mentis:
2609 1990 2734 2058 quia
2781 1999 2838 2043 ut
2870 1990 2923 2044 in
2969 1992 3197 2061 cpistola
3244 1995 3311 2049 ad
3357 1996 3549 2051 clerum
3584 2008 3632 2053 ct
3666 1998 3816 2069 plebem

2332 2080 2715 2135 consistentem
2750 2079 2975 2150 Neapoli
3016 2094 3239 2140 sanctus
3288 2085 3416 2141 dicit
3454 2085 3815 2159 GrcgoriusUit.

2330 2168 2549 2242 Epist.),
2581 2173 2856 2228 canonicis
2897 2181 2980 2227 est
3027 2174 3227 2244 regulis
3251 2169 3588 2233 constitutum'
3603 2218 3617 2243 ,
3653 2186 3726 2242 ut,
3756 2177 3817 2229 de

2329 2262 2515 2317 functo
2561 2264 2645 2320 vel
2691 2265 2901 2320 sublato
2946 2275 3202 2335 pastore,
3254 2269 3345 2323 diu
3391 2270 3645 2325 sacerdote
3683 2269 3818 2323 civitas

2327 2355 2531 2423 privari
2566 2371 2670 2410 non
2700 2358 2914 2411 debeat.
2943 2357 3135 2412 Caeteri
3166 2368 3347 2415 autem
3378 2360 3538 2431 ipsius
3565 2359 3816 2414 Rhemorum

2328 2447 2627 2503 diwceseos
2669 2450 2938 2519 episcopi,
2972 2451 3016 2506 si
3050 2451 3116 2505 de
3154 2454 3416 2509 canonico
3450 2455 3617 2509 habitu
3642 2462 3743 2507 nutu
3766 2452 3819 2506 di-
3896 2484 3897 2489 η

2328 2538 2455 2620 vino
2482 2540 2550 2592 ad
2593 2539 2955 2610 episcopalem
2994 2541 3242 2597 ordinem
3285 2559 3465 2601 sumus
3511 2541 3817 2615 assumpti,de

2328 2632 2474 2687 notis
2523 2632 2814 2699 Ecclesiis,
2869 2636 3167 2691 secundum
3216 2639 3385 2693 sacris
3440 2639 3620 2709 regulis
3661 2636 3817 2693 modum

2326 2723 2606 2793 praeﬁxum
2633 2765 2647 2791 ,
2676 2725 2804 2780 sine
2834 2726 3237 2784 interventione
3278 2729 3493 2784 indebiti
3527 2728 3727 2783 muneris
3758 2741 3816 2780 or-

2329 2815 2494 2870 dinati
2544 2817 2875 2873 existimus':
2907 2810 3034 2873 etsi
3076 2820 3143 2875 de
3193 2822 3504 2876 monachica
3552 2819 3813 2875 institutione

2290 2944 2297 2951 .
2328 2922 2513 2961 sumus
2545 2909 2798 2979 expetiti,
2835 2912 3131 2965 secundum
3166 2912 3466 2968 doctrinam
3496 2914 3732 2967 beatorum
3756 2907 3814 2961 Si-

2331 2996 2449 3050 ricii
2481 3005 2647 3067 atque
2673 2998 2873 3054 Gclasii
2896 3039 2912 3065 ,
2932 2998 3195 3070 juxtaque
3225 3002 3433 3072 regulas
3475 3010 3639 3057 sancto
3669 2996 3813 3068 Spiritu

2252 3062 2297 3125 Ο
2328 3062 2724 3156 promulgatas,
2761 3089 2825 3144 ad
2875 3062 3122 3146 ordinem
3162 3062 3497 3161 episcopatus
3517 3106 3623 3145 cum
3646 3062 3815 3159 prasen-

2328 3176 2399 3229 tia
2430 3185 2484 3230 et
2514 3179 2855 3234 ordinatione
2878 3180 3271 3252 archiepiscopi
3316 3184 3482 3254 gratia
3509 3181 3664 3235 divina
3684 3189 3816 3247 perve-
3896 3224 3897 3227 η

2325 3267 2522 3323 nimus.
2558 3267 2729 3323 Sicuti
2769 3286 2876 3324 una
2908 3286 3030 3325 cum
3062 3274 3252 3327 eodem
3284 3272 3661 3343 archiepiscopo
3680 3272 3813 3321 nosm

2323 3361 2408 3415 cui
2459 3363 2753 3419 secundum
2796 3373 3050 3433 quartum
3094 3350 3390 3435 capitulum
3438 3364 3620 3420 Niczeni
3660 3354 3813 3416 concilii

2326 3452 2560 3506 firmitas
2602 3468 2790 3508 eorum
2847 3468 2966 3522 quae
3017 3467 3281 3524 geruntur
3332 3469 3426 3524 per
3467 3455 3813 3519 unamquamque

2320 3543 2666 3612 provinciam
2690 3552 2750 3598 ut
2801 3534 3221 3615 metropolitano
3250 3555 3334 3602 est
3382 3547 3571 3600 tributa
3593 3541 3812 3625 episcopo.

2321 3629 2538 3708 scriptis
2559 3639 2838 3694 canonicis
2866 3639 3242 3694 demonstrare
3261 3640 3512 3694 valemus.
3542 3634 3634 3691 Sed
3654 3639 3697 3715 et
3713 3628 3814 3698 pri!!-

2321 3745 2447 3799 ceps
2486 3738 2694 3796 noster,
2741 3729 3128 3785 ecclesiasticis
3162 3731 3363 3801 regulis
3405 3727 3653 3785 humiliter
3686 3716 3814 3775 subdi-
3896 3768 3897 3801 ι

2321 3829 2408 3875 tus
2427 3862 2440 3886 ,
2466 3819 2626 3891 justis
2647 3830 2702 3876 et
2731 3821 3142 3877 rationabilibus
3181 3823 3516 3878 sacerdo‘um
3543 3810 3793 3889 petitiotiibu

2320 3912 2671 3968 devotissime
2714 3913 2939 3978 annuit,
2985 3921 3039 3967 et
3069 3921 3128 3966 ut
3176 3913 3449 3982 regulares
3477 3926 3535 3965 ac
3567 3899 3813 3978 regulariler

2318 4002 2640 4057 ordinentur
2672 4002 2943 4073 episcOpi,
2967 3991 3031 4057 et.
3049 4003 3409 4058 ministerium
3451 4015 3592 4057 suum
3628 3987 3810 4059 Deoph'
3896 4030 3897 4035 η

2319 4093 2423 4147 Cite
2478 4102 2770 4164 peragant,
2836 4092 3096 4161 favendo,
3151 4094 3450 4159 monendo,
3488 4099 3539 4144 et
3582 4074 3812 4155 adjuvando

2318 4184 2428 4252 agit
2464 4193 2517 4239 et
2548 4185 2663 4254 ipse
2690 4184 2842 4239 satis.

2389 4274 2523 4341 Quia
2549 4290 2676 4331 vero
2700 4276 2959 4346 scripturn
2974 4284 3056 4332 est
3074 4317 3089 4341 ,
3124 4277 3210 4332 Ne
3242 4275 3542 4348 respondeas
3553 4262 3810 4348 stultitia-tia

2318 4366 2593 4421 stultitiam
2622 4383 2806 4431 suam,
2836 4383 2899 4421 ne
2923 4366 3109 4421 similis
3140 4368 3189 4421 ei
3210 4366 3478 4438 eﬂiciuris,
3506 4370 3556 4415 ct
3591 4369 3692 4413 mox
3722 4345 3811 4402 5‘11"

2318 4455 2579 4525 scriptum
2606 4465 2718 4520 est,
2751 4454 3021 4526 Responde
3042 4454 3202 4511 stulto
3234 4457 3392 4528 juxta
3408 4449 3661 4525 ostultitiam
3677 4449 3809 4528 suam:

2318 4561 2382 4598 ne
2431 4516 2531 4598 sibi
2579 4546 2784 4616 sapiens
2830 4516 2943 4598 esse
2995 4516 3441 4615 videaturv(Proo.
3468 4553 3570 4601 xvr,
3604 4532 3669 4603 4),
3709 4516 3809 4594 quod

2316 4645 2609 4705 utrumque
2657 4636 2949 4690 observare
2995 4634 3231 4699 valebit,
3268 4634 3360 4704 qui
3401 4640 3621 4698 tempus,
3650 4621 3807 4674 Ῑοσυων

2314 4742 2599 4797 personam
2616 4770 2631 4794 ,
2664 4743 2994 4797 causamque
3020 4730 3317 4783 secundum
3347 4724 3591 4781 rationem
3609 4712 3809 4805 discrej'ef

2316 4819 2420 4881 rit,
2461 4819 2799 4889 quiscunque
2825 4818 2991 4883 talia,
3035 4828 3180 4873 Sicut
3224 4816 3593 4872 catholicorum
3624 4804 3806 4859 ἀοοιηιιι
3896 4848 3897 4853 η

2316 4888 2698 4980 redarguentes
2723 4926 2885 4981 supra
2907 4910 3242 4965 ostendimus
3259 4949 3275 4975 ,
3304 4915 3483 4962 contra
3507 4907 3679 4957 rectam
3694 4888 3807 4946 fidem
3896 4926 3897 4935 ι

2318 5004 2565 5073 scripsit,
2593 5012 2783 5059 contra
2800 5002 3157 5073 episcopalem
3188 4999 3549 5057 auctoritatem
3578 4994 3696 5077 tanta
3710 4990 3805 5077 PV}?
3830 5014 3837 5025 ν

2317 5072 2577 5166 sumpsit,
2600 5098 2667 5151 de
2690 5072 2973 5166 principali
3000 5095 3258 5167 dignitate
3283 5090 3490 5161 indigna
3527 5072 3803 5167 sisniﬁwf"

2313 5196 2479 5258 p0nat
2503 5203 2561 5242 se
2589 5195 2714 5241 ante
2736 5202 2794 5242 se
2810 5228 2825 5252 ,
2847 5195 2903 5241 et
2928 5188 2995 5241 ab
3022 5186 3153 5256 ipsis
3181 5180 3492 5239 rudimentis
3510 5166 3803 5258 infanti???

2319 5251 2598 5350 gressuum
2651 5251 2870 5333 suorum
2913 5251 3141 5349 cogitet,
3182 5284 3237 5332 et
3284 5288 3388 5344 quo
3416 5270 3591 5326 itinere
3631 5256 3686 5350 ad
3720 5251 3802 5350 11??

2313 5329 2432 5438 qua:
2462 5378 2608 5424 tenet
2638 5368 2947 5440 pervenerit
2979 5329 3208 5422 solerter
3247 5360 3519 5433 inspiciat,
3556 5348 3727 5413 sibique
3752 5329 3799 5441 αξξ

2317 5436 2527 5535 tempus
2553 5436 2799 5521 consulat
2821 5466 2946 5521 dum
2965 5473 3166 5536 potest,
3193 5477 3262 5519 ne
3284 5456 3550 5519 commode
3569 5460 3656 5503 non

2314 5572 2437 5613 cum
2464 5560 2802 5615 incommode
2827 5558 3077 5615 fortassis
3095 5557 3279 5613 volens
3295 5553 3569 5616 nolensqnc
3589 5532 3797 5616 saltem}to

2317 5647 2425 5706 Nos
2453 5659 2632 5707 autem
2658 5666 2926 5708 memores
2956 5648 3247 5721 Scriptura:
3282 5640 3529 5705 dicentis,
3549 5625 3699 5705 328-
3724 5615 3799 5671 7"
