3888 5648
121 459 198 517 593

789 443 878 501 DE
915 435 1586 498 PRAEDESTINATIONE
1625 433 2081 492 DISSERTATIO
2119 433 2528 493 POSTERIOR.

3197 430 3306 494 ὅθι

118 569 418 640 “spiritum
441 578 587 618 suum
607 559 801 631 profert
830 557 1022 614 stultus
1043 598 1059 623 ,
1082 555 1292 627 sapiens
1312 562 1486 609 autem
1505 551 1617 621 dif-
1645 555 1697 614 Α
1721 550 1850 606 stini
1891 558 2037 606 mota
2071 561 2156 607 est
2194 551 2436 618 haeresis,
2478 564 2598 622 qua:
2644 550 2846 608 revicta
2892 560 3055 624 atque
3090 555 3302 625 repulsa

117 673 192 734 [ert
215 671 254 716 et
280 663 478 712 reservat
509 654 562 707 in
590 661 855 736 posterum
883 648 1065 722 (Prov.
1098 663 1254 711 nix,
1278 646 1617 718 ll),-quem-

116 768 239 824 quam
267 766 323 805 ex
365 745 572 803 nomine
603 752 660 799 et
703 734 989 797 manifesta
1028 738 1450 810 reprehensione
1479 734 1622 791 desi-

115 859 242 917 gnare
264 857 356 897 non
379 839 618 895 volumus
646 855 658 890 :
690 836 924 892 scientes
954 832 1243 888 Dominum
1266 826 1620 917 signiﬁcatio-

115 916 235 990 nibus
285 929 446 1002 potius
480 941 642 998 quam
681 925 883 995 apertis
941 920 1337 977 invectionibns
1380 916 1622 988 prodito-

116 1041 200 1080 rem
235 1019 566 1090 corripuisse,
606 1028 665 1072 ut
702 1015 959 1072 conscius
997 1020 1182 1083 ageret
1222 1007 1618 1082 paenitentiam.

115 1120 314 1186 Ideoque,
333 1123 386 1169 ut
409 1113 534 1170 dicit
559 1109 840 1181 Apostolus
869 1127 882 1162 :
914 1107 996 1163 Ne
1026 1107 1159 1175 forte
1195 1114 1251 1160 et
1277 1103 1404 1158 huic
1427 1102 1492 1156 de
1515 1113 1623 1170 quo

115 1207 420 1276 signiﬁcamus
452 1203 542 1258 det
576 1201 830 1256 Dominus
865 1199 1222 1270 pwnitentiam
1257 1205 1313 1250 ut
1348 1193 1623 1262 resipiscat

111 1300 177 1371 (ll
195 1299 305 1353 Tim.
333 1314 384 1358 ιι,
419 1295 534 1365 24.),
567 1306 622 1350 et
646 1303 831 1364 postea
860 1292 1106 1348 mordeat
1134 1304 1233 1344 nos
1265 1284 1622 1349 conscientia,

113 1389 349 1445 secundum
377 1384 677 1440 Salomonis
704 1383 939 1437 edictum
966 1395 1074 1450 quo
1097 1377 1373 1450 praecipit:
1402 1376 1534 1441 Qua:
1557 1374 1626 1428 ni-

112 1481 283 1543 dmnt,
308 1477 577 1548 inquiens,
605 1475 742 1530 oculi
762 1475 840 1528 tui
871 1491 933 1528 ne
953 1473 1192 1544 proferas
1212 1472 1268 1524 in
1279 1469 1461 1540 jurgio
1488 1469 1588 1522 cito
1605 1506 1622 1532 ,

112 1586 158 1622 ne
185 1579 333 1637 postea
367 1567 639 1621 einendare
677 1582 780 1620 non
808 1565 1010 1635 postis,
1056 1579 1174 1617 cum
1205 1560 1625 1616 dehonestaveris

111 1660 286 1712 amicum
321 1669 458 1712 tuum
493 1655 678 1728 (Prov.
723 1671 852 1720 xxv,
887 1655 966 1726 8),
1010 1653 1330 1710 nominatim
1369 1652 1628 1706 denotare

110 1747 222 1802 illum
242 1764 333 1803 non
361 1749 623 1812 volumus,
647 1761 807 1818 quem
834 1745 1132 1801 secundum
1153 1742 1492 1800 Dominicant
1510 1739 1629 1810 jus-

110 1839 269 1893 sionem
312 1846 513 1894 secreto
558 1847 613 1893 et
656 1853 781 1893 cum
813 1836 1071 1891 adhibitis
1095 1834 1534 1904 corriperemus,
1579 1829 1624 1886 si

1723 643 1842 700 sive
1875 659 2180 714 compressa
2217 653 2303 700 est
2343 643 2666 698 auctoritate
2710 644 2884 700 sancti
2928 659 3081 714 papae
3128 644 3304 702 Coele-

1723 737 1874 804 stini,
1917 737 2173 794 instantia
2211 737 2356 794 beati
2409 736 2682 807 Prosperi,
2739 753 2806 793 ex
2856 737 3016 793 dictis
3058 735 3302 807 ejusdem

1723 833 1866 890 beati
1903 831 2210 902 Augustini,
2249 839 2304 888 et
2346 839 2663 886 ceterorum
2701 830 3093 887 catholicorum
3138 831 3306 903 magi-

1724 936 1961 982 strorum
2005 923 2273 988 doctrina,
2309 923 2437 993 quid
2484 939 2513 976 a
2559 922 2685 978 sede
2721 921 3014 992 apostolica
3063 920 3308 993 virisque

1725 1015 2038 1086 apostolicis
2067 1015 2343 1071 decretum
2381 1014 2454 1070 sit
2481 1014 2549 1069 de
2572 1013 2770 1070 haeresi
2809 1013 2977 1070 semel
3005 1013 3209 1068 revicta
3239 1028 3307 1068 ac

1724 1107 2064 1173 conculcata,
2107 1109 2175 1163 de
2215 1107 2298 1163 his
2331 1118 2495 1163 etiam
2523 1107 2616 1178 qui
2642 1121 2764 1163 eam
2794 1107 3118 1163 resuscitare
3137 1105 3226 1161 vel
3251 1105 3309 1163 in

1726 1215 1789 1256 ea
1816 1216 2136 1270 permanere
2155 1201 2480 1272 delegerint,
2506 1199 2801 1271 praemissis
2821 1199 3154 1270 capitulatim
3177 1197 3312 1256 sub-

1726 1301 1941 1347 nectere
1969 1292 2334 1347 necessarium
2372 1293 2702 1362 dignumque
2730 1291 3040 1347 censuimus

1797 1381 1838 1436 l.
1894 1380 2069 1448 Quod,
2099 1381 2354 1436 damnata
2377 1381 2543 1436 semel
2579 1381 2795 1446 hazresi,
2837 1388 3024 1437 contra
3051 1394 3172 1436 eam
3201 1395 3310 1435 non

1727 1471 1801 1527 sit
1826 1480 2009 1541 postea
2040 1472 2444 1543 disputandum,
2483 1472 2733 1528 Gelasius
2773 1471 2993 1544 (Cetarii
3032 1472 3187 1543 epist.
3243 1472 3307 1527 11

1727 1562 2056 1634 ὶιιρνεηεὶρ.)
2100 1563 2155 1618 in
2197 1572 2343 1620 temo
2373 1564 2658 1620 reddenda:
2701 1563 2929 1620 rationis
2965 1563 3225 1619 Acacium
3277 1577 3313 1617 a

1729 1655 1858 1710 sede
1916 1655 2210 1724 apostolica
2271 1662 2637 1724 competenter
2700 1653 2869 1710 fuisse
2926 1655 3243 1710 damnatum
3294 1669 3311 1706 :

1735 1764 1754 1798 ι
1784 1745 2159 1802 Dilectissimis
2177 1745 2441 1802 fratribus
2473 1747 2740 1802 universis
2762 1746 3027 1817 episcopis
3050 1761 3149 1816 per
3170 1745 3311 1800 Dar-

1730 1836 1944 1892 daniam
1967 1837 2276 1893 constitutis
2307 1837 2573 1894 Gelasius.
2598 1857 2616 1890 ι
2657 1837 2724 1893 Et
2752 1839 2820 1893 ad
2848 1837 3025 1895 locum
3057 1854 3071 1890 :
3100 1856 3118 1888 ι
3165 1833 3317 1892 Stul-

110 1942 187 1983 uon
219 1932 452 2000 tantisper
493 1937 551 1985 et
590 1929 753 1983 tau-tis
785 1941 905 1996 quae
958 1925 1264 1996 depingitur
1295 1924 1433 1978 form
1461 1937 1626 1976 causa
1654 1907 1702 1967 Β
1735 1928 1905 1983 titiam
1935 1969 1951 1994 ,
1997 1929 2212 1999 inquit,
2264 1940 2583 2000 reSpuentes
2635 1931 2875 1985 inanium
2936 1928 3314 2000 querelarum,

107 2023 349 2076 notissima.
371 2022 444 2076 De
467 2037 580 2092 qua
612 2019 878 2090 siquidem
896 2026 1216 2088 poteramus
1243 2015 1454 2070 divinas
1484 2013 1630 2082 leges

108 2113 166 2165 sic
198 2113 445 2168 subdendo
482 2120 714 2180 excepta
763 2108 885 2164 ﬁdei
921 2122 1089 2162 causa
1138 2113 1484 2162 connectere.
1520 2101 1628 2158 Sed

107 2204 373 2272 superfluum
423 2213 509 2260 est
548 2203 696 2273 leges
737 2201 1027 2270 colligere,
1071 2215 1193 2255 cum
1245 2198 1421 2272 adhuc
1471 2212 1630 2254 nemo

107 2310 335 2364 personam
359 2295 538 2351 studet
563 2293 829 2364 signatius
849 2293 1244 2347 demonstrare.
1275 2287 1402 2343 11ωο
1447 2286 1514 2342 de
1551 2301 1631 2341 se.

106 2388 235 2455 ptimo
256 2388 348 2444 isto
375 2388 615 2459 capitulo
643 2386 816 2442 coacti
839 2385 1194 2454 nolentesque
1229 2381 1627 2452 respondimus,

107 2495 183 2534 non
201 2479 432 2549 jactanth
465 2498 568 2538 nos
601 2480 760 2550 quasi
785 2495 924 2534 vana
953 2478 1125 2550 gloria
1155 2477 1296 2548 capti
1316 2519 1331 2542 ,
1362 2491 1460 2532 nec
1489 2475 1634 2530 velut

106 2572 450 2627 stomachantes
475 2580 540 2626 ut
586 2571 710 2626 bilis
742 2570 1166 2625 amaritudinem
1189 2610 1204 2632 ,
1243 2569 1318 2623 ita
1346 2581 1630 2622 rancorem

102 2660 230 2714 animi
247 2662 756 2733 contraquemlibet
783 2663 1110 2733 digerente's.
1134 2659 1245 2716 Nec
1268 2661 1412 2716 enim
1438 2668 1522 2715 est
1546 2657 1632 2715 cui

101 2749 344 2808 debeamus
372 2753 580 2819 irasci,
613 2753 738 2823 quia
769 2751 966 2808 sullicit
989 2751 1145 2808 nobis
1171 2752 1227 2806 in
1263 2752 1365 2806 hoc
1387 2751 1631 2821 negotio,

104 2859 184 2898 non
204 2847 356 2902 solum
395 2849 628 2905 sincera:
647 2848 994 2903 conscientiae
1017 2846 1418 2911 testimonium,
1445 2861 1632 2900 verum

98 2944 142 2987 et
156 2937 311 2992 notitia
338 2950 480 2994 certa
507 2939 866 3010 plurimorum
889 2938 1146 2993 ﬁdelium.
1170 2918 1358 2992 Potius
1378 2944 1461 2992 est
1487 2936 1633 2990 enim

97 3030 452 3098 puesumptiosa
481 3030 724 3099 loquenti
755 3027 1189 3100 compatiendum
1207 3068 1223 3094 ,
1261 3042 1421 3096 quam
1448 3025 1514 3081 de
1537 3026 1635 3080 im-

97 3119 299 3183 pactione
317 3120 622 3190 bnjusmodi
655 3122 890 3177 innoxiis
913 3119 1274 3176 irascendum.
1307 3116 1414 3172 Sed
1436 3116 1553 3172 zelo
1574 3131 1637 3172 ac

98 3211 373 3268 necessitate
394 3214 645 3268 veritatis
669 3222 725 3268 ct
752 3211 878 3268 ﬁdei
902 3212 969 3267 ad
999 3212 1102 3268 ista
1133 3209 1511 3280 respondimus
1527 3249 1541 3274 ,
1565 3222 1634 3263 ne

95 3296 205 3355 forte
230 3318 340 3358 cum
370 3305 622 3376 quisquis
649 3305 753 3359 hoc
785 3303 1078 3374 capitulum
1099 3301 1324 3372 legerit,
1353 3310 1413 3355 ut
1441 3300 1506 3354 de
1537 3314 1634 3354 no-

98 3391 160 3445 bis
176 3394 392 3462 dictum,
416 3397 493 3452 ita
526 3395 660 3452 illud
686 3395 744 3450 in
769 3395 925 3450 nobis
949 3401 1104 3463 putet
1128 3407 1248 3448 esse
1282 3389 1634 3460 completum,

93 3491 136 3534 et
158 3483 606 3544 sicutinordinate
626 3486 906 3543 ordinatos
931 3486 1004 3540 ita
1031 3499 1130 3540 nos
1147 3482 1342 3538 credat
1372 3482 1425 3536 in
1455 3480 1634 3535 since-

97 3571 222 3628 ritate
257 3575 372 3633 ﬁdei
406 3579 641 3634 dubiosa
681 3585 738 3632 et
795 3575 1056 3630 haeretica
1079 3573 1353 3644 pravitate
1381 3570 1633 3641 pollutos.

92 3659 384 3734 Quapropter
411 3665 861 3738 reprehensibilis
889 3663 1249 3732 reprehensor
1273 3669 1482 3726 noster,
1513 3673 1636 3714 cum

90 3748 296 3811 fortassis
321 3772 378 3812 se
405 3773 436 3812 a
464 3757 626 3814 nobis
652 3755 843 3828 legerit
862 3754 1282 3824 reprehensum,
1320 3767 1428 3807 non
1455 3765 1638 3821 repre-

88 3842 306 3924 hensione
325 3866 420 3905 sua
446 3857 640 3906 contra
675 3863 773 3903 nos
801 3848 1088 3913 irascatur,
1120 3854 1176 3901 et
1196 3845 1479 3900 veritatem
1511 3842 1637 3898 ﬁdei

83 3954 163 4008 pro
187 3955 358 4001 nostro
385 3947 612 4002 nomine
639 3951 962 4014 aspernetur
980 3983 995 4008 ,
1025 3954 1338 3996 memorans
1369 3935 1638 4008 apostolo-

84 4049 182 4089 rum
228 4039 563 4111 principem,
605 4039 734 4110 quia
778 4038 860 4094 sic
902 4035 1204 4092 necessitas
1248 4048 1349 4103 pro
1402 4032 1637 4087 veritate

81 4123 320 4198 Evangelii
348 4131 632 4201 exigebat,
665 4147 694 4184 a
729 4132 891 4185 beato
920 4127 1089 4183 Paulo
1117 4126 1282 4180 etiam
1305 4137 1491 4179 coram
1519 4135 1637 4176 om-

85 4214 214 4270 nibus
238 4223 662 4296 reprehensum,
691 4228 746 4275 et
769 4235 800 4274 a
832 4220 1064 4290 benigno
1093 4217 1256 4272 Petro
1281 4213 1637 4285 reprehenso-

81 4302 142 4356 ris
165 4307 236 4360 sui
255 4310 515 4377 epistolas
554 4310 609 4364 in
647 4309 844 4380 quibus
886 4307 1274 4376 reprehensum
1321 4319 1383 4360 se
1429 4303 1637 4374 legerat

81 4392 395 4466 collaudatus,
419 4399 767 4470 probansque
801 4399 1037 4468 seipsnm
1067 4397 1114 4454 si
1134 4395 1368 4454 voluerit
1386 4407 1636 4461 concors,

78 4487 151 4552 qui
178 4505 310 4547 nunc
332 4493 540 4547 dicitur
567 4492 778 4548 discors
812 4498 1018 4556 noster,
1046 4489 1126 4544 sic
1161 4489 1213 4544 in
1235 4487 1415 4559 seipso
1439 4485 1638 4558 gloria-

1729 2037 2048 2092 percurrere
2090 2037 2186 2077 vos
2228 2031 2443 2092 Oportet
2475 2023 2545 2079 ab
2575 2023 2707 2093 ipsis
2737 2021 2910 2078 beatis
2947 2022 3229 2094 apostolis.
3257 2031 3317 2078 et

1730 2110 2074 2166 considerare
2097 2112 2408 2182 prudenter,
2430 2112 2682 2184 quoniam
2705 2111 2894 2168 Patres
2917 2113 3110 2177 nostri,
3125 2113 3317 2168 catho-

1730 2201 1820 2256 lici
1845 2202 2094 2258 videlicet
2121 2203 2372 2273 doctique
2398 2203 2702 2275 pontiﬁces,
2737 2205 2790 2258 in
2836 2219 3158 2274 unaquaque
3195 2203 3312 2259 hm-

1731 2293 1836 2348 resi
1865 2293 2101 2362 quolibet
2134 2304 2374 2365 tempore
2411 2295 2693 2361 suscitata,
2734 2295 2995 2366 quidquid
3041 2310 3140 2366 pro
3187 2294 3314 2360 ﬁde,

1730 2397 1829 2453 pro
1859 2384 2104 2448 veritate,
2132 2400 2232 2455 pro
2255 2387 2636 2441 communione
2669 2386 2934 2442 catholica
2969 2395 3136 2458 atque
3179 2399 3314 2456 apo-

1733 2472 1942 2537 stolica,
1974 2475 2270 2530 secundum
2314 2476 2719 2547 Scripturarum
2753 2477 3022 2532 tramitem
3053 2477 3317 2547 praedica-

1735 2563 2046 2634 tionemque
2087 2564 2352 2635 majorum
2379 2565 2523 2620 facta
2553 2564 2721 2621 semel
2747 2566 3163 2638 congregatione
3192 2581 3317 2621 san-

1732 2665 1952 2723 xertint,
1990 2658 2362 2714 inconvulsum
2394 2658 2681 2714 voluerunt
2709 2658 2961 2728 deinceps
2995 2657 3320 2728 ﬁrmumque

1733 2759 2004 2815 constare,
2038 2764 2136 2805 nec
2182 2751 2236 2804 in
2281 2751 2467 2806 eadem
2513 2765 2678 2805 causa
2708 2751 2885 2804 denuo
2930 2765 3051 2819 quae
3095 2749 3321 2821 praeﬁxa

1735 2841 1950 2897 fuerant
1997 2843 2285 2898 retractari
2346 2843 2588 2913 qualibet
2645 2842 2848 2898 recenti
2896 2842 3324 2915 prmsumptione

1731 2932 2118 3004 permiserunt.
2167 2932 2580 3004 Sapientissime
2623 2935 2972 3005 pervidentes
3011 2935 3268 3006 quoniam
3299 2976 3320 3001 ,

1735 3025 1782 3080 si
1813 3025 2034 3081 decreta
2064 3025 2354 3082 salubriter
2375 3027 2625 3098 cuiquam
2656 3027 2844 3083 liceret
2863 3027 3086 3093 iterare,
3115 3026 3325 3083 nullum

1737 3129 1925 3172 contra
1957 3118 2195 3188 singulos
2220 3135 2462 3191 quosque
2489 3134 2711 3190 prorsus
2734 3135 2952 3176 errores
2976 3120 3169 3177 stabile
3197 3135 3324 3191 pcr-

1739 3207 1955 3264 sisteret
1969 3209 2220 3263 Ecclesiae
2241 3211 2618 3278 constitutum,
2647 3226 2712 3267 ac
2735 3211 3154 3282 semperiisdem
3177 3209 3327 3265 furo-

1740 3299 1890 3355 ribus
1905 3300 2153 3355 recidivis
2166 3302 2342 3356 omnis
2355 3302 2814 3373 integratleﬁnitio
2830 3303 3160 3358 turbaretur.
3183 3301 3324 3360 Nam

1739 3391 1784 3446 si
1801 3390 2056 3446 limitibus
2073 3391 2186 3462 jam
2203 3392 2439 3462 praeﬁxis
2453 3393 2751 3462 positarum
2779 3392 2946 3449 semel
2981 3393 3324 3466 synodalium

1738 3482 2080 3552 regularum,
2113 3498 2219 3537 non
2245 3491 2461 3538 cessant
2485 3485 2632 3540 elisa:
2659 3494 2836 3555 pestes
2875 3487 3167 3556 resumptis
3206 3502 3324 3542 cer-

1740 3575 2032 3630 taminibus
2057 3585 2247 3632 contra
2275 3575 2685 3633 fundamentum
2715 3593 2835 3636 sese
2874 3579 3122 3636 veritatis
3164 3580 3328 3636 attol-

1735 3667 1870 3733 lere,
1901 3676 1956 3723 et
1983 3669 2246 3740 simplicia
2275 3685 2503 3741 quaeque
2537 3674 2699 3728 corda
2727 3681 3040 3743 percutere,
3072 3674 3202 3744 quid
3230 3673 3329 3732 ﬁe-

1737 3767 1822 3814 ret
1865 3758 1911 3813 si
1959 3758 2189 3814 subinde
2231 3758 2312 3814 l‘as
2348 3768 2494 3815 esset
2539 3761 2760 3832 perﬁdis
2805 3763 2945 3820 inire
2990 3765 3327 3822 concilium?

1737 3863 1860 3903 cum
1906 3849 2159 3918 quaslibet
2206 3849 2296 3904 illa
2344 3850 2628 3906 manifesta
2672 3853 2748 3908 sit
2792 3855 3011 3919 veritas,
3047 3873 3321 3927 nunquam

1740 3937 1880 3992 desit
1927 3937 2070 4006 quod
2110 3940 2412 4009 perniciosa
2445 3951 2662 4010 promat
2699 3943 2928 4013 falsitas,
2970 3950 3071 4004 etsi
3115 3951 3344 4006 ratione

1738 4028 1824 4083 vel
1851 4031 2174 4086 auctoritate
2203 4033 2476 4099 deﬁciens,
2508 4034 2621 4090 sola
2667 4044 2846 4092 tamen
2876 4040 3176 4110 intentione
3213 4059 3326 4098 non

1739 4119 1956 4174 cedens.
2010 4120 2142 4187 Quae
2190 4120 2422 4192 majores
2468 4125 2632 4196 330
2673 4128 2843 4182 nostri
2875 4130 3054 4185 divina
3093 4131 3326 4202 inspira-

1735 4214 1888 4269 tione
1931 4224 2220 4272 cernentes
2260 4219 2568 4274 necessario
2606 4230 2981 4289 praecaverunt
3023 4230 3084 4277 ut
3132 4232 3328 4280 contra

1741 4323 2176 4379 unamquamque
2217 4310 2464 4366 haeresim
2509 4313 2657 4382 quod
2705 4322 2828 4369 acta
2871 4314 3038 4372 semel
3085 4316 3327 4386 synodus

1736 4418 1838 4474 pro
1866 4402 1992 4472 fide,
2022 4419 2119 4474 pro
2141 4403 2518 4461 communione
2543 4415 2600 4462 et
2622 4407 2850 4462 veritate
2873 4408 3136 4466 catholica
3159 4418 3328 4480 atque

1734 4494 2034 4565 apostolica
2059 4495 2476 4566 promnlgasset,
2501 4513 2608 4553 non
2634 4498 2877 4554 sinerent
2905 4500 3059 4556 novis
3083 4501 3328 4582 postharc

76 4573 214 4648 bitur,
241 4591 295 4638 et
335 4601 445 4642 non
485 4586 542 4641 in
585 4585 788 4652 altero,
817 4599 941 4640 cum
970 4598 1133 4640 causa
1159 4597 1256 4640 sua
1293 4597 1354 4639 se
1380 4581 1634 4638 metiens.
1659 4610 1718 4672 Β
1741 4586 2218 4643 retractationibus
2248 4587 2508 4654 mutilari,
2535 4604 2603 4644 ne
2628 4591 2813 4661 pravis
2848 4592 3066 4648 occasio
3113 4577 3327 4664 prmbe-

478 4718 641 4790 329
678 4716 907 4774 CAPUT
945 4715 1207 4772 xxxvu.

77 4826 384 4908 Eliqttoniam
409 4852 574 4908 nuper
592 4844 792 4908 remota
813 4834 1046 4897 hteresis,
1068 4832 1192 4908 olim
1206 4842 1274 4908 _ut_
1287 4834 1630 4908 ostendimus,

131 4905 176 4954 in
195 4905 449 4960 ueteribus
471 4906 728 4960 ἀρετ-αἰσία
754 4915 828 4959 est
857 4908 1071 4967 revicta,
1090 4905 1215 4974 quid
1241 4905 1303 4957 de
1327 4905 1633 4974 Imjusmodi

132 4988 271 5038 praue
294 4977 638 5031 sentientibus
665 4975 1019 5029 ecclesiastica
1050 4974 1292 5028 decernat
1322 4975 1629 5041 auctoritas,

130 5045 520 5118 per_duodecim
544 5045 777 5118 capitula
813 5044 1098 5114 promissis
1127 5045 1427 5100 subnectere
1451 5061 1633 5102 oracu-

134 5115 367 5170 struimus.

131 5223 195 5278 De
225 5225 326 5283 hoc
350 5235 537 5284 autem
559 5233 697 5288 unde
718 5228 857 5286 certi
881 5243 1090 5294 sumus,
1114 5238 1169 5284 et
1201 5244 1322 5301 quae
1345 5229 1463 5286 sine
1489 5236 1634 5304 peri-

69 5313 170 5368 culo
196 5316 320 5388 licet
347 5319 538 5376 multis
560 5325 664 5380 sint
692 5321 910 5390 cognita
936 5329 1118 5390 tegere
1141 5321 1356 5377 silentio
1399 5338 1506 5380 non
1535 5344 1632 5386 va-

67 5403 247 5474 lemus,
294 5425 529 5481 qumque
563 5431 657 5486 pro
705 5411 1018 5468 ministerio
1051 5412 1206 5468 nobis
1245 5413 1496 5482 imposito
1545 5419 1630 5479 his

64 5509 167 5560 quae
208 5501 572 5568 praemisimus
607 5506 946 5576 subjungere
991 5515 1058 5556 ex
1087 5504 1406 5560 auctoritate
1451 5510 1627 5568 eccle-

59 5586 250 5636 sinuin
300 5609 711 5642 rnmmnno-nnr
774 5603 1075 5638 Αιιηηνι--ηρ
1115 5596 1416 5640 ἰηινιηιιο--ηρ
1446 5603 1629 5642 νηιηηΔ

1741 4686 1893 4733 retur
1923 4693 2044 4748 qua:
2084 4679 2478 4736 medicinaliter
2504 4680 2720 4738 fuerant
2759 4690 2959 4738 statuta
3001 4685 3271 4755 pulsandi.
3303 4705 3324 4738 ι

1739 4769 1882 4826 Hinc
1927 4785 2154 4842 magnus
2189 4771 2300 4827 Leo
2335 4787 2474 4842 papa
2503 4772 2557 4828 in
2591 4773 2816 4844 epistola
2846 4789 2942 4841 per
2967 4773 3333 4831 Philoxenum

1737 4872 1992 4933 agentem
2018 4861 2073 4916 in
2102 4863 2262 4918 rebus
2290 4863 2455 4918 Leoni
2486 4864 2728 4935 Augusto
2750 4865 2951 4920 directa
2985 4865 3155 4937 (epist.
3188 4865 3281 4937 8i)
3311 4883 3328 4922 :

1743 4973 1768 5007 ‹
1796 4955 2110 5010 Pmmscat
2136 4955 2326 5025 igitur,
2359 4957 2632 5026 inquiens,
2659 4957 2832 5028 pietas
2859 4965 2974 5022 tua,
3004 4957 3335 5015 venerabilis

1740 5047 2061 5116 imperator,
2115 5047 2218 5102 hos
2266 5060 2402 5116 quos
2448 5051 2691 5117 spondeo
2733 5047 3066 5114 dirigendos,
3111 5065 3220 5104 non
3262 5051 3334 5104 ad

1741 5139 2137 5211 conﬂigendum
2167 5155 2291 5195 cum
2321 5141 2565 5199 hostibus
2596 5143 2740 5207 ﬁdei,
2784 5155 2882 5195 nec
2910 5141 2976 5195 ad
3011 5143 3332 5200 certandum

1742 5243 1933 5289 contra
1962 5231 2102 5297 illos,
2129 5250 2156 5286 a
2183 5233 2312 5287 sede
2351 5237 2648 5302 apostolica
2677 5231 3046 5306 profecturos,
3093 5232 3218 5300 quia
3267 5238 3335 5289 de

1743 5324 1907 5383 rebus
1936 5333 1993 5378 et
2013 5327 2154 5394 apud
2185 5324 2440 5388 Nicmam,
2477 5333 2535 5380 et
2573 5328 2712 5399 apud
2739 5320 3153 5387 Chalcedonem,
3195 5332 3338 5378 sicut

1745 5423 1859 5477 Deo
1887 5417 2110 5490 placuit,
2143 5418 2405 5482 diﬂinitis,
2436 5416 2646 5475 nullum
2682 5413 2942 5470 audemus
2980 5412 3118 5466 inire
3139 5422 3336 5469 tracta—

1735 5523 1877 5579 tum,
1913 5523 2166 5582 tanquam
2198 5509 2359 5566 dubia
2386 5508 2471 5560 vel
2498 5509 2713 5566 inﬁrma
2745 5505 2870 5565 sint,
2904 5518 3027 5571 qua:
3058 5501 3206 5558 tanta
3235 5521 3336 5576 per

1738 5615 1984 5646 cannis-vn
2014 5603 2271 5644 ςηςρῖιιιηὶ
2315 5598 2424 5638 ῆνῖι
2469 5600 2787 5638 οηηιιῃαῖιοιι,
2842 5592 3188 5640 lnclrnntinni
3235 5612 3336 5638 9"-

3395 5189 3440 5213 ᾳ
