3888 5498
550 439 656 496 595

1525 440 1851 498 lllNCMAm
1887 436 2282 495 RllEMENSIS
2320 434 2833 498 ARCHIEPISCCPI

3698 450 3797 507 596

552 570 659 609 non
682 553 1006 623 Spern‘inms,
1030 552 1100 608 ita
1123 569 1152 608 a
1175 554 1462 610 rebellibus
1487 556 1756 613 haereticis
1778 556 2130 621 abstinemus,
2161 557 2211 616 Α
2239 570 2476 625 unquam
2508 566 2653 613 recte
2683 560 2922 615 sensisse
2950 560 3297 616 manifestum
3323 571 3428 625 est,
3457 563 3687 633 qualibet
3706 583 3803 623 ne.

554 652 824 702 memores
868 648 1118 718 prtccepti
1166 648 1427 705 Dominici
1473 651 1742 707 dicentis:
1777 651 1955 706 Nolite
2008 668 2135 706 san-

547 750 696 795 etum
727 741 853 794 dare
874 741 1107 806 canibus,
1136 757 1297 813 neque
1317 743 1562 799 miseritis
1590 746 1907 815 margaritas
1937 754 2134 799 vestras

555 836 677 887 ante
698 850 880 904 porcas
903 832 1114 905 (Matth.
1140 837 1259 908 vn).
1309 834 1481 893 Nimis
1503 836 1698 907 quippe
1731 836 2031 904 iudignttm,
2056 837 2137 889 ni-

555 922 765 996 misque
786 925 1040 994 injustum
1065 938 1168 993 est,
1195 943 1287 984 eos
1314 930 1380 986 ad
1406 931 1707 985 libertatem
1730 929 2135 1000 disceptationis

557 1016 790 1080 admitti,
822 1032 958 1087 quos
988 1018 1257 1086 signiﬁcat
1283 1019 1519 1090 Spiritus
1545 1028 1765 1076 sanctus
1786 1033 1882 1091 per
1905 1020 2137 1090 prophe-

558 1114 666 1162 tam
699 1108 913 1164 dicens:
939 1108 1064 1164 Filii
1090 1110 1249 1165 alieni
1276 1111 1477 1165 mentiti
1500 1121 1619 1164 sunt
1643 1111 1786 1165 mihi.
1819 1109 1918 1176 Qui
1946 1110 2136 1164 etiam-

556 1200 603 1254 si
631 1201 917 1274 Evangelio
949 1220 1053 1258 non
1083 1203 1420 1269 resisterent,
1449 1203 1515 1259 de
1540 1204 1644 1260 illis
1688 1213 1865 1259 tamen
1912 1218 1971 1259 se
2015 1218 2137 1260 esse

557 1302 942 1355 monstrarent.
974 1295 1040 1349 de
1073 1295 1270 1365 quibus
1297 1292 1554 1365 scriptum
1582 1304 1664 1350 est
1692 1310 1705 1348 :
1743 1295 1906 1348 Deum
1940 1310 1995 1349 se
2017 1310 2137 1366 pro.

555 1384 771 1453 ﬁtentur
803 1386 955 1447 scire.
995 1384 1147 1455 factis
1184 1397 1356 1439 autem
1387 1395 1594 1456 negant.
1626 1403 1645 1436 ι
1707 1384 1835 1441 Item
1882 1384 2022 1439 idem
2081 1384 2135 1439 in

554 1476 781 1546 epistola
818 1477 883 1531 ad
912 1475 1235 1532 Marcianum
1269 1478 1565 1549 Augustum
1604 1478 1705 1547 (tit.
1737 1495 1784 1542 ι,
1813 1478 1962 1547 epist.
1994 1477 2085 1545 45)
2118 1494 2134 1531 :

558 1585 579 1618 ι
608 1566 710 1622 Per
749 1567 921 1638 ipsum
978 1568 1259 1623 Dominum
1315 1579 1558 1624 nostrum
1611 1568 1792 1624 .lesum
1838 1567 2135 1633 Christum,

554 1658 644 1727 qui
683 1650 1022 1728 regni'vestri
1054 1670 1139 1715 est
1163 1669 1350 1715 auctor
1376 1669 1431 1715 et
1458 1671 1659 1726 rector,
1685 1660 1930 1716 obtestor
1958 1668 2011 1715 et
2038 1660 2139 1714 ob-

553 1750 707 1802 'secro
753 1750 1097 1804 clementiam
1129 1761 1388 1815 vestram,
1435 1760 1494 1805 ut
1537 1752 1590 1805 in
1631 1740 2136 1823 prtesenti'synodo

552 1838 733 1905 fidem,
759 1857 918 1911 quam
951 1843 1093 1898 beati
1118 1843 1306 1898 Patres
1329 1844 1495 1897 nostri
1522 1843 1589 1897 ab
1615 1843 1873 1913 apostolis
1902 1841 2001 1897 sibi
2028 1852 2135 1896 tra-

2192 676 2205 691 ι
2239 648 2494 704 cessitate
2540 659 2790 720 cogente,
2836 650 2994 705 novis
3036 652 3256 707 ausibus
3291 668 3413 723 quae
3441 653 3805 713 fuerantsalu-

2238 736 2408 793 briter
2449 742 2738 797 constituta
2771 752 3082 798 temerasse.
3132 741 3246 798 Non
3283 755 3464 801 autem
3504 763 3599 802 nos
3652 749 3807 816 latet,

2238 829 2292 883 in
2328 840 2647 900 tempestate
2683 833 3076 901 persecutionis
3100 834 3317 890 Arianze
3349 836 3611 905 plurimos
3644 843 3809 909 [uniti-

2240 918 2393 981 tlces.
2424 922 2490 976 de
2517 922 2721 977 exsiliis
2752 937 2884 992 pace
2904 922 3110 978 reddita
3143 925 3497 995 reSpirautes,
3520 942 3616 997 per
3641 941 3811 984 certas

2239 1014 2546 1085 provincias
2591 1017 2933 1086 congregatis
2990 1032 3173 1072 secum
3233 1017 3495 1073 fratribus
3552 1021 3809 1076 Ecelesias

2239 1107 2605 1176 composuisse
2654 1107 2937 1163 turbatas:
2965 1124 3070 1163 non
3119 1118 3296 1165 tamen
3347 1119 3405 1164 ut
3445 1111 3589 1165 illius
3624 1114 3809 1182 synodi

2239 1190 2468 1251 Nicaeum
2497 1197 2756 1267 quidquid
2804 1198 2871 1252 de
2913 1200 3017 1254 lide
3054 1209 3110 1254 et
3147 1202 3529 1255 communione
3556 1204 3810 1258 catholica

2239 1283 2563 1339 dilﬁniverat
2612 1286 2999 1351 immutarent,
3048 1303 3146 1343 nec
3192 1306 3327 1344 nova
3359 1307 3682 1361 quemquam
3718 1312 3812 1363 pro

2239 1374 2391 1445 lapsu
2415 1376 2762 1430 damnatione
2786 1377 3174 1447 percellerent:
3207 1381 3302 1433 sed
3328 1380 3472 1435 illius
3508 1391 3693 1436 tenore
3716 1385 3808 1437 de-

2241 1465 2375 1520 creti
2406 1466 2507 1521 nisi
2541 1466 2859 1536 resipuisset
2892 1466 3140 1536 judicare
3175 1470 3531 1537 damnatum;
3574 1485 3810 1542 essetque

2241 1567 2583 1623 consequens
2613 1564 2671 1609 ut
2708 1556 2813 1611 nisi
2875 1558 3202 1627 corrigeret,
3263 1560 3597 1616 damnationi
3636 1566 3807 1632 pnmzl

2239 1645 2405 1700 dubio
2438 1644 2780 1716 subiaceret.
2830 1666 2851 1699 ›
2902 1646 2972 1702 Et
3018 1648 3072 1703 iu
3094 1650 3285 1703 eodem
3327 1660 3455 1721 post
3497 1653 3806 1722 aliquanta:

2242 1753 2265 1788 ι
2297 1735 2565 1804 Quoniam
2597 1737 2737 1791 idem
2768 1738 2883 1807 ipse
2907 1752 3084 1804 error,
3111 1739 3204 1807 qui
3233 1740 3405 1794 semel
3438 1751 3525 1796 est
3561 1759 3681 1798 cuin
3718 1761 3807 1800 suo

2239 1834 2461 1881 auctore
2485 1826 2794 1891 damnatus,
2822 1828 2874 1881 in
2902 1830 3166 1898 participe
3192 1830 3435 1899 quolibet
3472 1848 3655 1901 prava:
3680 1850 3808 1889 com-

524 1929 718 1985 .ditam
744 1934 1127 1999 pnedicarunt,
1160 1950 1269 1989 non
1302 1934 1579 2003 patiamini
1611 1935 1765 2004 quasi
1798 1933 2013 1988 dubiam
2042 1949 2129 1987 rc-

2238 1918 2509 1973 munionis
2544 1916 2738 1973 effecto
2778 1920 3203 1973 exsecrationem
3244 1922 3327 1974 sui
3377 1932 3558 1992 gestat
3610 1936 3661 1978 et
3701 1943 3806 1995 pte-

550 2025 795 2090 tractari,
824 2034 878 2079 et
900 2042 1017 2096 quze
1038 2027 1164 2081 olim
1192 2025 1452 2095 majorum
1478 2033 1604 2079 sunt
1630 2024 1955 2079 auctoritate
1979 2023 2134 2077 dam-

551 2122 701 2177 nata.
739 2118 990 2172 redivivis
1018 2132 1160 2171 nunc
1204 2134 1311 2171 non
1351 2117 1673 2188 permittatis
1718 2115 1999 2172 conatibus
2042 2130 2137 2170 ex-

548 2205 725 2262 citari.
778 2228 795 2260 ι
854 2208 984 2265 Item
1045 2210 1097 2264 in
1148 2210 1372 2280 cpistola
1422 2211 1488 2264 ad
1542 2209 1776 2263 Leonem
1834 2207 2132 2278 Augustum

549 2303 723 2372 (epist.
775 2304 865 2371 84)
896 2324 908 2360 :
943 2304 1113 2361 «llaec
1146 2314 1323 2361 autem
1378 2305 1471 2362 Dei
1520 2321 1744 2361 munera
1793 2304 1866 2359 ita
1918 2305 2132 2359 demum

549 2394 704 2451 nobis
732 2397 986 2454 divinittts
1012 2397 1374 2461 c0nferentur,
1406 2400 1449 2453 si
1478 2399 1542 2453 de
1583 2398 1667 2453 his
1693 2413 1812 2468 qum
1841 2408 1966 2452 sunt
1995 2413 2132 2467 prte-

547 2486 675 2541 stita
702 2502 806 2543 non
843 2488 1184 2545 inveniamur
1223 2490 1442 2561 ingrati,
1468 2498 1522 2543 et
1547 2497 1803 2558 tanquam
1846 2486 1989 2542 nulla
2023 2488 2133 2542 siut

545 2594 666 2648 qute
687 2579 864 2647 adepti
893 2594 1096 2645 sumus,
1122 2580 1393 2634 contraria
1425 2579 1601 2650 potius
1629 2587 1965 2647 expetamus.
1996 2575 2129 2631 Nam

544 2685 663 2738 qum
688 2671 950 2742 patefacta
980 2680 1099 2727 sunt
1134 2685 1378 2743 qumrere
1401 2712 1413 2730 .
1444 2686 1564 2741 qum
1590 2670 1823 2740 perfecta
1873 2679 1999 2725 sunt
2040 2685 2128 2726 re-

545 2769 799 2826 tractare,
830 2772 885 2815 et
919 2777 1038 2832 quze
1067 2770 1193 2817 sunt
1221 2760 1445 2816 dillinita
1473 2760 1799 2826 convellere,
1827 2759 1954 2831 quid
1987 2758 2127 2814 aliud

542 2862 626 2908 est
656 2868 817 2923 quam
848 2853 913 2907 de
942 2853 1149 2921 adeptis
1181 2854 1409 2923 gratiam
1442 2848 1557 2906 non
1586 2850 1811 2917 referre,
1853 2860 1908 2906 et
1950 2851 2016 2906 ad
2045 2851 2127 2905 in-

540 2944 786 2999 terdicta:
838 2943 1048 2998 arboris
1101 2943 1281 2999 cibum
1327 2943 1602 3014 improbos
1641 2943 1909 3015 appetitus
1940 2941 2131 3001 morti-

539 3033 675 3088 fera:
720 3033 1028 3105 cupiditatis
1075 3035 1452 3090 extendere?»
1502 3033 1635 3089 Item
1689 3035 1741 3089 iu
1783 3034 2005 3103 epistola
2062 3034 2130 3090 ad

544 3125 809 3197 synodum
855 3124 1348 3182 Chalcedoneusem
1378 3127 1480 3197 (cp.
1512 3126 1641 3195 1.9):
1679 3145 1696 3178 ι
1728 3124 1900 3193 Unde,
1935 3125 2131 3182 fratres

539 3218 870 3276 charissimi.
912 3218 1110 3286 rejecta
1149 3218 1362 3288 penitus
1404 3217 1626 3272 audacia
1660 3217 1965 3287 disputandi
1996 3233 2127 3273 eon-

540 3320 626 3364 tra
654 3308 810 3365 lifletn
838 3310 1094 3364 divinitus
1115 3309 1456 3379 inspiratam,
1494 3324 1628 3363 vana
1670 3309 1969 3363 errantium
2014 3309 2132 3364 inli-

540 3403 736 3459 ‘delitas
788 3403 1156 3474 conquiescat,
1200 3417 1302 3455 nec
1346 3401 1503 3456 licent
1544 3400 1793 3463 defendi,
1833 3401 1972 3470 quod
2024 3415 2131 3456 non

540 3495 667 3549 licet
687 3496 854 3551 credi.
887 3513 905 3547 ι
960 3494 1112 3549 Unde
1139 3500 1195 3547 et
1223 3492 1502 3563 pluraliter
1522 3492 1737 3546 decreta
1762 3492 2126 3546 inveniuntur.

612 3587 675 3642 ll.
734 3586 887 3655 Quod
933 3587 1098 3641 semel
1150 3595 1371 3640 auctore
1424 3584 1695 3640 haereseos
1746 3585 2127 3650 condemnato,
2185 3645 2196 3659 .

540 3691 729 3731 omnes
784 3676 837 3730 in
887 3675 1129 3730 eamdem
1184 3673 1429 3730 hmresim
1479 3674 1785 3729 recidentes
1824 3675 2131 3729 habeantur

542 3765 802 3819 damnati.
840 3763 970 3819 Item
1015 3763 1259 3821 Gelasius
1301 3763 1353 3817 in
1399 3772 1546 3817 tomo
1579 3763 1861 3817 reddendze
1905 3763 2129 3818 rationis

540 3855 797 3910 Acacium
830 3870 858 3908 a
895 3854 1022 3909 sede
1049 3852 1339 3923 apostolica
1372 3860 1745 3922 competenter
1774 3852 1940 3911 fuisse
1979 3853 2124 3906 dam-

528 3952 724 4001 ‘natum
755 3946 830 4012 (in
856 3945 1005 4015 epist.
1034 3945 1091 3999 ll
1127 3944 1195 3997 ad
1231 3942 1533 4006 Dardanos,
1560 3943 1615 3996 in
1644 3942 1894 4013 princip.)
1929 3960 1941 3996 τ
1977 3960 1993 3993 ι
2019 3941 2127 3997 Sed

534 4049 757 4095 auctore
779 4037 1061 4109 cujuslibet
1088 4036 1311 4092 insania:
1332 4051 1395 4090 ac
1414 4035 1616 4106 pariter
1638 4050 1824 4089 errore
1848 4036 2121 4099 danmato,

538 4128 1125 4198 sullicerejmlicaruut,
1143 4128 1447 4197 utquisque
1464 4126 1753 4196 aliquando
1783 4127 1942 4193 hujus
1966 4140 2123 4180 erro-

532 4221 615 4277 ris
637 4220 793 4292 33]
818 4219 1248 4275 communicatur
1259 4219 1533 4282 existeret,
1557 4217 1837 4287 principali
1856 4217 2123 4273 sententia

534 4313 901 4371 damnationis
922 4311 1037 4381 ejus
1058 4320 1202 4366 esset
1223 4312 1539 4374 obstrictus,
1556 4310 1811 4379 quoniam
1835 4310 2121 4389 manifeste

536 4406 768 4479 quilibet
793 4405 874 4459 vel
903 4403 1243 4474 professione
1272 4416 1368 4457 sua
1401 4403 1487 4458 vel
1521 4402 1902 4456 communione
1940 4410 2122 4471 posset.

539 4495 781 4564 agitosci.
800 4495 866 4549 Et
889 4502 948 4548 ut
975 4493 1258 4548 brevitatis
1280 4508 1442 4548 causa
1468 4492 1650 4562 priora
1678 4502 1977 4555 taceamus,
2000 4509 2120 4563 quae

2238 2024 2385 2063 nam.
2427 2027 2446 2060 ι
2481 2009 2548 2063 Et
2578 2008 2704 2063 item
2728 2009 2780 2062 in
2811 2009 3037 2079 epistola
3062 2011 3235 2081 (epist.
3266 2011 3322 2082 9)
3357 2015 3429 2067 ad
3463 2014 3806 2085 Euphemium

2235 2086 2890 2170 Constantinopolitanum
2918 2102 3266 2172 episcopum:
3290 2122 3308 2154 ι
3337 2104 3535 2159 Adhuc
3559 2109 3805 2175 quaeritis,

2235 2193 2431 2263 inquit,
2457 2192 2676 2262 quando
2696 2191 2859 2247 fuerit
2876 2194 3165 2249 damnatus
3182 2195 3435 2263 Aeacius,
3451 2200 3609 2267 quasi
3633 2216 3805 2256 revera

2234 2284 2445 2339 etiamsi
2475 2299 2601 2339 eum
2630 2284 2810 2339 nullus
2830 2292 2955 2340 ante
2979 2285 3309 2351 damnasset,
3335 2304 3445 2343 non
3477 2291 3721 2345 habuerit
3744 2293 3804 2345 ab

2235 2373 2550 2428 orthodoxae
2563 2382 2619 2429 et
2640 2374 2950 2444 apostolica:
2961 2377 3377 2442 communionis,
3397 2380 3558 2449 cujus
3572 2382 3803 2449 praevari-

2233 2474 2387 2520 cator
2407 2465 2615 2521 exstitit
2642 2476 2698 2520 et
2725 2466 2988 2530 desertor,
3017 2469 3432 2538 participatione
3461 2474 3686 2539 secladi,
3712 2476 3802 2528 sic-

2232 2556 2485 2611 utetiam
2516 2556 2778 2627 quilibet,
2829 2559 2921 2628 qui
2960 2558 3126 2613 fuerit
3167 2570 3291 2614 autc
3322 2562 3663 2627 catholicus,
3702 2566 3803 2619 ccio

2230 2661 2444 2717 cunque
2494 2647 2685 2703 haeresi
2739 2650 3176 2715 communicans,
3222 2652 3419 2707 merito
3463 2652 3738 2722 iudicatur
3772 2672 3799 2709 a

2229 2748 2418 2793 nostra
2449 2738 2712 2795 societate
2744 2742 3105 2797 removendus
3125 2782 3142 2807 ,
3186 2750 3280 2796 aut
3320 2744 3375 2797 in
3410 2744 3505 2799 tali
3547 2755 3691 2802 sorte
3716 2750 3803 2803 de-

2229 2827 2471 2894 functus,
2498 2830 2640 2885 inter
2660 2830 3057 2887 catholicorum
3087 2833 3304 2889 nomina
3331 2835 3643 2893 nullatenus
3666 2854 3802 2893 com-

2232 2918 2428 2989 putari.
2464 2939 2483 2973 i
2511 2920 2641 2975 item
2683 2921 2825 2977 idem
2852 2923 2908 2976 in
2931 2921 3359 2981 Commonitorio
3407 2927 3647 2997 ejusdem
3684 2936 3800 2985 dato

2234 3009 2441 3067 Fausto
2494 3012 2750 3085 Magistro
2792 3025 2847 3073 et
2893 3017 3098 3074 irean
3144 3018 3494 3089 fungentibus
3532 3022 3800 3094 legationis

2231 3102 2410 3159 cilicio
2444 3104 3007 3178 Constantinopolim,
3044 3112 3114 3166 ad
3153 3110 3370 3167 locum:
3404 3131 3424 3164 ι
3456 3113 3796 3184 Euphemiuttt

2237 3209 2399 3259 vero,
2432 3196 2641 3267 inquit,
2671 3199 2842 3254 miror
2870 3200 2916 3254 si
2961 3190 3323 3271 ignorantiam
3362 3219 3519 3259 suam
3559 3206 3672 3276 ipse
3703 3221 3796 3260 non

2237 3291 2531 3361 perspicit,
2578 3292 2671 3361 qui
2715 3291 2851 3348 dicit
2892 3294 3151 3349 Acacium
3194 3296 3262 3350 ab
3290 3311 3403 3353 uno
3430 3313 3538 3351 non
3578 3300 3799 3368 potuisse
3848 3328 3849 3359 ξ

2226 3381 2498 3436 damnari.
2553 3382 2704 3437 Itane
2758 3396 2864 3438 non
2918 3387 3197 3456 perspicit,
3243 3372 3793 3443 secundumiformam
3844 3380 3849 3469 ί

2230 3475 2419 3544 synodi
2462 3474 2919 3533 Chalcedonensis
2953 3478 3210 3534 Acacium
3254 3479 3425 3535 fuisse
3469 3481 3795 3536 damnatum?

2230 3566 2340 3623 Nec
2371 3570 2518 3623 novit
2543 3585 2682 3634 eam,
2716 3579 2809 3626 aut
2843 3585 2903 3625 se
2928 3586 3088 3627 nosse
3112 3572 3452 3639 dissimulat,
3482 3575 3536 3628 in
3567 3590 3669 3645 qua
3704 3576 3792 3627 uti-

2226 3674 2335 3729 que
2357 3674 2454 3730 per
2482 3675 2828 3717 numerosam
2867 3664 3189 3718 sententiam
3235 3667 3581 3722 sacerdotum
3615 3666 3792 3721 erroris

2228 3753 2388 3822 hujus
2411 3763 2661 3811 auctores
2687 3765 2901 3812 constat
2924 3756 3091 3812 fuisse
3106 3759 3414 3825 damnatos,
3440 3761 3583 3816 sicut
3609 3761 3658 3814 in
3683 3774 3788 3814 una

2224 3859 2445 3915 quaque
2476 3846 2665 3901 hatresi
2697 3862 2724 3901 a
2756 3847 3022 3917 principio
3047 3847 3371 3905 Christiana:
3413 3851 3711 3921 religionis,
3744 3840 3807 3904 ρι’

2224 3934 2429 3990 factum
2454 3936 2639 3998 fuisse.
2667 3946 2721 3991 et
2751 3939 2867 3993 lteri
2898 3938 3180 3994 manifesta
3205 3954 3387 3995 rerum
3425 3943 3637 3998 ratione
3660 3956 3788 3995 mon-

2220 4029 2467 4082 stratur?
2501 4046 2520 4081 ι
2552 4030 2619 4084 Et
2653 4030 2762 4085 Leo
2802 4032 2854 4085 in
2886 4032 3112 4101 epistola
3138 4035 3206 4087 ad
3243 4032 3407 4104 332
3441 4034 3675 4090 Leonem
3696 4034 3784 4088 Ao-

2222 4130 2443 4192 gustum
2469 4119 2643 4192 (epist.
2672 4122 2761 4189 8i,
2794 4122 2849 4177 in
2870 4124 3118 4196 princip.)
3149 4144 3162 4178 :
3193 4144 3211 4177 ι
3240 4125 3375 4180 Nam
3395 4141 3520 4183 cum
3550 4134 3784 4182 sanctoct

2218 4213 2458 4284 spiritali
2487 4213 2666 4270 studio
2689 4215 3002 4271 universam
3030 4230 3213 4287 pacem
3238 4217 3500 4274 Ecclesia:
3527 4219 3777 4281 muniatis,
3824 4200 3831 4287 ᾧ

2217 4306 2470 4377 nihilque
2508 4308 2579 4362 sit
2605 4309 3020 4368 convenientius
3059 4310 3181 4365 lidei
3220 4310 3608 4375 defendenda,
3645 4326 3780 4382 quam

2218 4398 2309 4454 bis
2332 4414 2451 4469 quae
2482 4415 2579 4469 per
2616 4401 2796 4455 omnia
2843 4401 3145 4456 instruente
3190 4401 3395 4471 Spiritu
3435 4413 3628 4457 sancto
3669 4404 3775 4457 ἶπες

2220 4492 2660 4560 prehensibiliter
2701 4492 2923 4548 deﬁnita
2970 4502 3095 4548 sunt
3128 4495 3425 4561 inhaerere,
3466 4497 3568 4565 ipsi
3605 4495 3778 4550 videbi-

532 4588 570 4641 d
594 4588 767 4657 ligcns
790 4584 1081 4654 inquisitor
1104 4583 1259 4637 facile
1288 4583 1795 4654 poteritvestigare,
1821 4583 2115 4639 Sabellium
2142 4602 2197 4672 Β
2220 4598 2347 4635 nmr
2375 4583 2513 4638 bene
2542 4591 2742 4638 statuta
2791 4583 3127 4650 convellere,
3177 4594 3237 4640 et
3276 4588 3631 4642 auctoritates
3673 4599 3777 4655 quas

536 4677 813 4732 damnavit
842 4675 1101 4747 synodus,
1136 4689 1236 4729 nec
1266 4672 1367 4728 fuit
1396 4688 1619 4729 necesse
1649 4684 1709 4729 ut
1738 4676 1857 4745 ejus
1886 4684 2119 4730 sectato-

536 4782 628 4822 res
667 4773 854 4836 postea
901 4767 1310 4830 damnarentur,
1350 4764 1591 4837 singulas
1631 4765 1833 4820 viritim
1883 4766 2117 4837 synodos

532 4856 794 4915 celebrari
835 4874 850 4911 :
892 4856 986 4912 sed
1031 4871 1133 4927 pro
1188 4864 1373 4911 tenore
1431 4855 1835 4911 constitutionis
1883 4856 2119 4927 antiqua:

533 4957 791 5013 cunctos,
830 4947 921 5019 qui
956 4947 1039 5003 vel
1085 4948 1371 5018 pravitatis
1419 4946 1563 5002 illius
1595 4951 1681 5003 vel
1724 4950 2121 5005 communionis

530 5039 795 5095 exstitere
820 5038 1147 5110 participes,
1178 5038 1504 5093 universalis
1537 5039 1772 5094 Ecclesia
1808 5040 1961 5095 duxit
1996 5054 2118 5096 esse

432 5174 449 5189 .
530 5128 868 5184 refutandus.
899 5127 991 5183 Sic
1018 5138 1244 5199 propter
1271 5128 1634 5198 blasphemias
1652 5128 1766 5189 Arii
1790 5129 1962 5183 fortua
1992 5131 2114 5185 lidci

2224 4673 2465 4729 Ecclesia
2493 4673 2813 4729 universalis
2838 4674 3082 4746 amplexa
3105 4685 3210 4740 est,
3233 4677 3301 4732 ad
3329 4677 3615 4732 arbitrium
3642 4679 3775 4731 hare-

2224 4764 2345 4818 ticm
2375 4763 2650 4833 petitionis
2678 4762 2990 4834 infringere,
3022 4775 3183 4835 atque
3209 4762 3281 4820 ita
3311 4766 3520 4821 nullum
3549 4767 3773 4823 colliden.

2225 4854 2308 4909 dis
2340 4853 2597 4909 Ecclesiis
2637 4854 2854 4909 modum
2903 4871 3131 4925 ponere,
3163 4855 3254 4910 sed
3302 4856 3429 4910 data
3470 4856 3680 4912 licentia
3703 4855 3773 4908 de-

2225 4946 2459 5001 bellandi
2486 4946 2713 5003 dilatare
2742 4946 2911 5017 magis
2938 4962 3098 5016 quam
3129 4948 3307 5017 sopire
3333 4950 3649 5004 certamina.
3683 4966 3700 4998 ι

2296 5038 2383 5091 lll.
2412 5037 2486 5091 De
2513 5036 2867 5106 complicibus
2887 5036 3363 5094 communieatoris
3382 5039 3649 5093 hereseos
3668 5035 3768 5090 itm

2226 5127 2398 5189 idem,
2428 5128 2480 5181 in
2513 5136 2658 5181 tomo
2699 5127 2984 5181 reddenda:
3027 5128 3251 5183 rationis
3295 5129 3555 5184 Acacium
3600 5144 3628 5182 a
3668 5126 3769 5180 sede

2229 5233 2303 5238 ”“”
2356 5218 2505 5240 ”““²”’
2729 5227 2765 5234 ’“
2932 5215 3003 5242 ⁸””
3050 5232 3053 5233 ⁷
3148 5219 3466 5278 ""‘nlnm.
3493 5219 3560 5273 ad
3587 5218 3767 5271 univer-
