3998 6336
167 372 255 430 επ
906 370 993 426 DE
1029 366 1709 427 PRAEDESTINATIONE
1749 360 2210 422 DlSSEllTATlO
2248 360 2662 420 POSTERIOR.

3309 363 3415 422 308

164 487 373 543 ωοιηηι
395 487 450 540 in
478 487 669 540 eadem
697 485 1144 555 praevaricatione
1181 484 1498 546 damnatos,
1534 482 1589 536 in
1621 495 1726 550 qua
1758 483 1804 538 Α
1834 474 2151 544 perstiterit.
2192 473 2293 540 Qui
2333 473 2379 526 si
2409 468 2601 528 errans
2650 485 2773 527 esse
2814 469 3065 537 desierit,
3105 484 3265 540 poena
3291 487 3412 541 qua:

164 578 416 645 hodieque
454 586 738 630 manentes
769 576 1091 630 consistunt.
1136 573 1244 628 Sed
1290 573 1430 627 sicut
1469 572 1525 626 hi
1565 569 1727 626 simili

164 667 458 722 conditione
480 667 762 721 constricti
798 665 1117 735 complicem
1163 679 1321 717 suum
1357 678 1464 718 non
1504 669 1732 731 possunt

159 756 388 826 judicare
410 772 517 812 non
534 758 659 827 jure
682 758 1016 821 damnatura,
1035 770 1211 825 neque
1230 756 1309 808 rei
1337 769 1487 809 reum
1509 761 1733 823 possunt

165 856 522 917 competenter
556 847 875 902 absolvere:
907 847 989 901 sic
1024 847 1116 901 illo
1143 847 1290 917 juste
1318 845 1733 916 praevaricatore

167 939 443 1003 damnato,
475 938 568 992 isti
597 952 813 1007 quoque
854 937 971 1006 pari
1010 934 1197 1003 jacent
1227 934 1574 989 damnatione
1602 946 1731 1001 pro-

166 1029 332 1093 strati,
360 1042 536 1097 neque
563 1028 666 1082 nisi
694 1028 1070 1097 resipisccntes
1092 1027 1217 1081 inde
1235 1034 1489 1097 poterunt
1511 1037 1735 1093 prorsus

165 1119 394 1184 absolvi,
439 1120 569 1189 quia
617 1120 757 1175 sicut
803 1134 901 1189 per
951 1135 1115 1172 unum
1167 1119 1496 1172 scribentem
1544 1129 1749 1169 eorum

166 1210 393 1265 omnium
422 1211 636 1281 vulgata
663 1210 1023 1280 transgressio
1045 1209 1239 1279 estqui
1270 1209 1322 1262 iu
1345 1206 1589 1262 eamdem
1618 1219 1738 1276 per-

173 1300 300 1355 fidia:
327 1300 630 1356 reciderant
659 1300 947 1357 actionem.
978 1300 1059 1354 sic
1086 1300 1138 1353 in
1167 1314 1274 1353 uno
1300 1299 1619 1367 eodemque,
1642 1296 1734 1366 qui

172 1407 263 1462 pro
288 1392 532 1447 omnibus
561 1392 874 1459 scripserat,
904 1392 987 1446 vel
1014 1392 1299 1447 scribendo
1327 1391 1567 1445 omnium
1606 1405 1733 1461 pro-

176 1480 370 1535 diderat
392 1480 735 1546 voluntates,
790 1483 1151 1553 transgressio
1188 1491 1272 1537 est
1298 1482 1481 1552 punita
1517 1489 1736 1538 cuncto-

176 1586 306 1624 rum.
339 1590 357 1623 ι
389 1572 450 1626 Et
486 1572 615 1627 item
642 1573 805 1636 idem,
835 1572 889 1626 in
914 1573 1143 1643 epistola
1172 1573 1240 1629 ad
1266 1574 1609 1629 Anastasium
1635 1574 1737 1629 im-

180 1670 465 1729 peratorem
493 1661 668 1732 (epist.
696 1660 787 1733 10)
815 1676 830 1715 :
861 1680 879 1713 ι
912 1661 1178 1729 Proinde,
1221 1664 1425 1733 inquit,
1457 1665 1600 1719 sicut
1626 1680 1735 1719 non

176 1760 341 1821 potest
375 1753 744 1822 perversitatis
789 1752 1251 1809 communicatore
1296 1765 1580 1824 suscepto,
1626 1770 1734 1810 non

1830 568 2036 624 erranti
2078 575 2163 623 est
2207 564 2425 637 praefixa
2469 575 2748 636 perpetua,
2800 580 2907 619 non
2950 564 3180 629 erranti,
3229 564 3283 619 id
3330 571 3418 619 est

1831 660 1985 714 alteri
2014 657 2206 714 effecto
2230 671 2390 727 quam
2431 658 2518 731 cui
2545 657 2764 725 praefixa
2789 666 2905 721 est,
2948 673 3051 711 non
3091 656 3263 712 solum
3303 672 3413 712 non

1832 758 2010 822 potest
2055 765 2177 805 esse
2214 759 2507 820 perpetua,
2539 751 2634 805 sed
2660 764 2760 805 nec
2789 766 2908 806 esse
2929 748 3042 817 jam
3072 766 3251 820 paena.
3296 751 3415 805 Non

1832 850 1918 897 est
1950 842 2095 897 enim
2123 842 2239 911 ipse
2277 841 2365 895 cui
2403 840 2627 911 praefixa
2665 850 2762 896 est.
2810 861 2829 893 ι
2876 841 3008 896 Item
3039 842 3151 897 Leo
3189 843 3243 897 in
3294 845 3414 914 epi-

1837 934 1974 989 stola
2006 933 2074 988 ad
2102 933 2440 989 Pulcheriam
2466 933 2764 1004 Angustam
2797 935 2863 989 de
2894 935 3138 1006 Eutyche
3165 938 3268 1008 (ep.
3287 937 3409 1008 18):

1840 1042 1860 1074 ‹
1895 1024 1993 1089 Qui
2025 1039 2147 1077 cum
2168 1064 2183 1087 ,
2212 1024 2416 1093 inquit,
2457 1024 2665 1079 videret
2695 1024 3015 1094 insipientia:
3044 1042 3154 1082 sure
3192 1041 3414 1083 sensum

1836 1114 2117 1168 catholicis
2148 1115 2370 1169 auribus
2398 1113 2704 1183 displicere,
2746 1129 3002 1169 revocare
3030 1130 3089 1169 se
3118 1131 3147 1169 a
3178 1132 3276 1172 sua
3304 1117 3423 1186 opi-

1836 1204 2000 1259 nione
2057 1206 2347 1271 debuerat,
2393 1221 2492 1260 nec
2542 1206 2615 1260 ita
2664 1206 2919 1261 Ecclesia:
2964 1208 3221 1277 przesules
3266 1223 3417 1263 com-

1837 1311 2076 1360 movere,
2110 1304 2170 1350 ut
2200 1297 2565 1352 damnationis
2592 1299 2914 1353 sententiam
2950 1307 3252 1354 mereretur
3272 1300 3420 1354 exci-

1836 1401 1982 1457 pere.
2000 1386 2171 1453 Quam
2202 1388 2387 1459 utique
2408 1389 2450 1443 si
2476 1389 2527 1442 in
2551 1404 2649 1444 suo
2668 1405 2830 1445 sensu
2853 1390 3080 1445 voluerit
3100 1405 3422 1460 permanere
3498 1384 3507 1391 ’

1836 1477 2015 1532 nullus
2037 1480 2235 1547 poterit
2270 1479 2537 1534 relaxare.
2575 1500 2593 1532 ι
2621 1480 2688 1534 Ει
2710 1480 2837 1535 item
2864 1481 2917 1535 in
2947 1482 3134 1538 eadem
3162 1496 3179 1536 :
3214 1501 3233 1533 ‹
3264 1479 3423 1535 Sedis

1835 1569 1980 1622 enim
2008 1568 2315 1637 apostolica:
2343 1570 2817 1627 moderatio'hauc
2851 1574 3267 1644 temperantiam
3298 1589 3419 1628 ser-

1836 1667 1949 1723 vat,
1994 1668 2049 1712 ut
2105 1660 2350 1714 severius
2395 1668 2519 1730 agat
2564 1676 2690 1715 cum
2745 1662 3047 1728 obduratis,
3095 1672 3152 1717 et
3199 1663 3417 1718 veniant

1834 1748 2021 1817 cupiat
2049 1758 2310 1818 prazstare
2335 1752 2615 1807 correctis.
2653 1772 2672 1805 ι

176 1841 364 1909 pariter
386 1842 710 1909 perversitas
737 1844 1044 1911 approbari,
1075 1843 1155 1898 sic
1178 1859 1285 1899 non
1308 1853 1488 1915 potest
1510 1844 1731 1900 refutari
1764 1863 1811 1923 Β
1906 1838 1993 1892 IV.
2027 1839 2179 1907 Quod
2211 1842 2254 1895 si
2279 1842 2515 1912 episcopi
2541 1844 2733 1898 haeresi
2750 1842 2878 1897 olim
2901 1843 3168 1899 damnata:
3191 1859 3420 1923 consen-

172 1933 503 1999 perversitas,
517 1932 779 2004 compli’ce
798 1942 1065 1989 sectatore
1085 1935 1453 2004 perversitatis
1474 1935 1729 1990 admisso.

174 2021 390 2092 Legibus
412 2033 558 2079 certe
579 2025 776 2079 vestris
802 2026 1092 2080 criminum
1122 2027 1372 2083 conscios
1410 2034 1735 2081 sectatores-

172 2130 271 2185 que
314 2117 748 2173 latrocinantium
776 2135 875 2188 par
907 2119 1233 2188 judiciornm
1262 2134 1423 2191 poena
1465 2121 1735 2176 constrin-

174 2208 280 2278 git:
307 2225 404 2265 nec
432 2225 627 2281 expers
674 2211 932 2268 facinoris
958 2211 1261 2267 :estimatur
1297 2212 1411 2281 qui,
1450 2212 1575 2267 licet
1621 2213 1736 2283 ipse

169 2315 267 2354 non
292 2301 495 2367 fecerit,
514 2301 777 2357 facientes
799 2312 978 2357 tamen
1005 2305 1059 2356 in
1092 2301 1513 2358 familiaritatem
1540 2301 1735 2359 [Ledus-

167 2406 263 2459 que
293 2393 573 2462 receperit.
605 2393 838 2448 Proinde
877 2402 1123 2449 sanctum
1143 2392 1580 2451 Chalcedonensc
1602 2410 1734 2450 con-

164 2481 337 2536 cilium
362 2523 377 2547 ,
407 2484 552 2551 quod
586 2499 688 2553 pro
731 2484 855 2538 fidei
900 2483 1180 2539 catholica:
1225 2492 1388 2554 atque
1430 2485 1735 2554 apostolicae

164 2575 401 2629 veritatis
445 2576 829 2630 communione
858 2576 1223 2642 celebratum,
1252 2576 1527 2632 damnavit
1563 2576 1734 2647 Euty-

159 2663 366 2719 chetem
388 2665 690 2721 detestandi
714 2665 912 2721 furoris
936 2676 1237 2732 auctorem,
1261 2684 1366 2723 non
1388 2668 1522 2723 satis
1548 2668 1736 2723 habuit

165 2754 262 2808 nisi
301 2765 359 2809 ut
394 2758 601 2826 pariter
640 2759 758 2826 ejus
812 2773 1026 2828 quoque
1062 2769 1366 2815 censortem
1418 2760 1733 2817 Dioscortun

163 2855 491 2919 ceterosque
536 2850 870 2918 percelleret.
924 2849 1038 2906 lloc
1072 2852 1238 2922 igitur
1282 2852 1461 2912 modo,
1496 2852 1635 2905 sicut
1678 2852 1734 2907 in

162 2951 477 3007 unaquaque
504 2939 696 2993 ltzercsi
728 2941 811 2994 vel
843 2938 1042 2994 factum
1084 2955 1318 3009 semper,
1353 2942 1437 2996 vel
1480 2941 1594 2995 ﬁeri
1627 2957 1734 2997 non

162 3014 382 3084 habetur
403 3031 739 3107 ambiguum,
766 3048 1108 3088 successores
1128 3048 1335 3099 eorum,
1363 3032 1731 3101 Timotheum,

165 3116 404 3187 Petrum,
438 3132 600 3193 atque
624 3125 855 3179 alterum
896 3120 1293 3181 Antiochenum
1331 3124 1549 3181 Petrum
1576 3168 1590 3193 ,
1624 3142 1729 3181 non

1834 1927 2030 1992 serint,
2051 1929 2131 1983 vel
2150 1929 2373 1985 breresis
2402 1931 2853 1987 communicatori
2874 1920 3417 1998 communicavcrint,

1835 2033 1960 2073 cum
1988 2018 2069 2074 eis
2098 2035 2127 2073 a
2157 2021 2437 2076 catholicis
2475 2023 2715 2093 synodus
2764 2022 3025 2078 celebrari
3065 2039 3171 2078 non
3204 2024 3417 2089 debeat,

1835 2108 1976 2163 idem
1992 2110 2243 2167 Gelasius
2266 2113 2319 2167 in
2343 2113 2570 2183 praefato
2593 2122 2738 2169 torno
2755 2114 2821 2168 ad
2838 2115 3117 2171 universos
3138 2115 3422 2185 episcopus

1833 2214 1932 2270 per
1965 2200 2288 2257 Dardaniam
2322 2205 2649 2261 conStitutos
2683 2206 2854 2279 (epist.
2900 2206 2987 2277 Η)
3022 2223 3036 2260 :
3079 2224 3098 2257 ι
3147 2206 3417 2262 Ponamus

1836 2299 2039 2358 tamen,
2066 2292 2264 2363 inquit,
2298 2295 2463 2349 etiam
2501 2294 2546 2349 si
2573 2294 2716 2349 nulla
2748 2295 2986 2366 synodus
3016 2297 3419 2366 praecessisset,

1834 2383 1990 2453 cujus
2019 2385 2310 2455 apostolica
2341 2387 2498 2441 sedes
2540 2394 2686 2441 recte
2716 2388 2873 2441 fleret
2911 2388 3256 2453 exsecutrix,
3293 2402 3420 2444 cum

1835 2474 2032 2543 quibus
2074 2484 2195 2530 erat
2234 2475 2303 2531 de
2335 2477 2536 2532 Acacio
2572 2478 2813 2548 synodus
2853 2478 3122 2533 ineunda?
3164 2477 3421 2547 Nunquid

1835 2583 1959 2623 cum
1998 2568 2083 2623 his
2111 2569 2202 2637 qui
2239 2568 2352 2637 jam
2393 2569 2685 2639 participes
2722 2571 3047 2625 tenebantur
3087 2569 3319 2635 Acacio,
3359 2580 3417 2623 et

1834 2671 1932 2728 per
1951 2656 2228 2714 Orientem
2251 2667 2423 2713 totum
2448 2660 2732 2715 catholicis
2748 2661 3122 2717 sacerdotibus
3153 2660 3419 2716 violenter

1835 2748 2072 2804 exclusis
2091 2789 2106 2814 ,
2136 2758 2191 2803 et
2216 2765 2316 2820 per
2340 2749 2531 2806 exsilia
2561 2750 2775 2806 diversa
2810 2751 3091 2822 relegatis,
3136 2753 3268 2808 socii
3310 2751 3422 2808 evi-

1837 2838 2028 2893 denter
2053 2839 2388 2906 existebant,
2423 2840 2821 2896 communionis
2855 2850 3125 2908 externze,
3169 2841 3322 2912 prius
3359 2856 3422 2895 se

1837 2929 1905 2984 ad
1940 2931 2058 2985 haec
2081 2932 2355 2987 consortia
2384 2930 2804 2999 transferentes,
2839 2949 3001 3003 quam
3027 2933 3174 2989 sedis
3203 2941 3421 3003 aposto-

1840 3019 1959 3075 lica:
1987 3021 2121 3075 scita
2149 3021 2533 3077 consulerent?
2565 3022 2700 3079 Cum
2728 3022 2923 3093 quibus
2949 3037 3079 3095 ergo
3106 3031 3227 3077 erat
3263 3036 3426 3094 synoa

1840 3107 1941 3163 dus
1997 3109 2267 3164 ineunda?
2318 3110 2583 3167 Catholici
2628 3111 2915 3183 pontifices
2967 3121 3125 3168 erant
3184 3112 3423 3183 undique

169 3210 357 3268 viritim
386 3226 608 3284 propter
636 3217 878 3285 singulos
902 3233 1146 3289 quosque
1173 3234 1362 3273 rursus
1385 3218 1527 3273 facto
1557 3220 1735 3275 conci-
1763 3194 1809 3281 C.
1836 3198 1948 3267 iam
1975 3201 2182 3271 ἀθρυίδί
2202 3243 2216 3267 ν
2246 3202 2455 3273 εοιίιιιιθ
2489 3213 2865 3260 remanseram
2895 3204 3027 3260 δοθίί
3058 3204 3425 3275 Ρθῖθάθῖυίην

166 3297 252 3366 lio,
274 3305 364 3359 sed
385 3306 575 3376 synodi
600 3306 767 3362 semel
796 3319 917 3363 acta
945 3308 1124 3378 regula
1154 3319 1549 3380 consequenter
1567 3310 1729 3367 elisit.

164 3388 619 3458 Quemadmodum
660 3412 791 3466 ergo
820 3414 926 3454 non
975 3400 1254 3454 evidenter
1290 3411 1537 3471 apparet,
1568 3403 1735 3458 etiam

153 3492 379 3538 cunctos
407 3485 568 3540 simili
602 3494 789 3541 tenore
818 3490 1136 3560 constringi,
1168 3491 1260 3560 qui
1288 3506 1470 3547 eorum
1492 3507 1736 3548 commu-

147 3572 431 3629 nicatores
474 3583 529 3629 et
577 3577 868 3646 complices
924 3582 1278 3647 exstiterunt,
1329 3592 1492 3654 atque
1546 3600 1735 3657 omnes

149 3667 376 3719 omnino
412 3683 442 3720 a
484 3668 751 3724 catholica
798 3681 962 3741 atque
1010 3674 1301 3743 apostolica
1349 3679 1542 3731 mcrito
1587 3693 1736 3734 com-

142 3756 418 3811 munione
463 3757 746 3813 discerni?
781 3780 800 3812 ι
845 3761 976 3815 ltem
1030 3763 1170 3817 idem
1224 3765 1276 3818 in
1327 3774 1474 3822 tomo
1511 3767 1576 3823 de
1605 3785 1737 3823 ana-

140 3848 416 3902 thematis
476 3849 687 3905 vinculo
737 3867 767 3905 a
823 3866 958 3921 papa
1022 3854 1199 3909 Felice
1258 3858 1456 3912 innexo
1511 3857 1733 3926 Acacio,

136 3938 316 4010 333
360 3958 380 3990 ι
419 3938 571 3996 Sicut
604 3943 775 4008 enim,
812 3943 1089 4014 inquiens,
1127 3946 1180 4000 in
1205 3958 1463 4016 quantum
1502 3958 1585 4004 est
1622 3951 1736 4019 ipse

135 4045 345 4096 οιτον,
376 4044 654 4103 nunquam
684 4050 838 4090 error
871 4050 991 4091 esse
1019 4037 1263 4103 desistit,
1296 4041 1376 4093 sic
1410 4054 1439 4093 a
1468 4042 1737 4096 sententia

142 4139 435 4194 nunquam
474 4127 692 4195 przellxa
735 4127 1068 4194 resolvetur,
1103 4129 1228 4199 quia
1259 4146 1415 4185 error
1441 4132 1529 4203 qui
1572 4149 1737 4205 agno-

145 4216 327 4270 scitur
348 4230 471 4271 esse
501 4219 819 4284 damnatus,
858 4221 1046 4275 eadem
1087 4223 1324 4291 quandiu
1364 4232 1549 4278 ntanet
1581 4240 1738 4281 error

146 4307 423 4376 probatur
463 4309 774 4367 adstrictus.
816 4314 999 4384 itaque
1028 4315 1119 4386 qui
1155 4317 1208 4370 in
1243 4331 1308 4370 eo
1347 4332 1535 4373 errore
1576 4327 1730 4385 sunt,

154 4402 426 4457 sententia
470 4405 674 4461 erroris
725 4407 970 4463 obstricti
1013 4416 1175 4476 sunt,
1207 4418 1261 4464 et
1298 4411 1532 4480 quandiu
1574 4413 1625 4467 in
1670 4428 1737 4469 eo

156 4500 379 4548 manent
417 4493 723 4550 nullatenus
758 4497 989 4551 absoluti
1029 4508 1184 4564 sunt,
1220 4501 1361 4555 sicut
1398 4517 1497 4557 nec
1538 4502 1653 4573 ipse
1683 4503 1735 4558 in

1840 3306 1966 3345 cum
2009 3292 2207 3361 quibus
2250 3292 2366 3363 jam
2409 3308 2510 3350 nec
2553 3294 2759 3349 licebat
2807 3295 3010 3353 habere
3059 3304 3424 3360 conventum,

1837 3383 2049 3438 dicente
2078 3384 2288 3452 psalmo
2326 3403 2340 3439 :
2387 3385 2513 3441 Non
2550 3387 2661 3442 sedi
2693 3388 2748 3443 in
2790 3386 3011 3443 concilio
3050 3388 3326 3453 vanitatis,
3369 3397 3421 3441 et

1836 3487 1956 3526 cum
1969 3474 2148 3544 iniqua
2169 3475 2463 3545 gerentibus
2479 3493 2581 3533 non
2600 3476 2824 3531 ἰηινοίὁο
2846 3474 3020 3548 (Psal.
3035 3477 3097 3548 t).
3121 3475 3231 3534 Nec
3250 3477 3425 3533 eccle-

1837 3562 2041 3619 siastici
2083 3566 2252 3622 moris
2304 3576 2415 3633 est,
2464 3583 2588 3624 cum
2644 3567 2730 3623 bis
2767 3568 2861 3639 qui
2911 3568 3170 3638 pollutam
3214 3567 3422 3624 habent

1837 3656 2274 3715 communionem
2301 3659 2727 3728 permistamque
2759 3673 2883 3714 cum
2923 3658 3147 3730 perfidis
3186 3660 3421 3714 miscere

1836 3747 2147 3801 concilium;
2191 3748 2360 3805 Recte
2404 3751 2567 3821 igitur
2608 3766 2706 3820 per
2738 3751 3193 3810 Chalcedonensis
3231 3754 3425 3825 synodi

1837 3835 2064 3891 formam
2083 3878 2098 3903 ,
2137 3839 2445 3910 hujusmodi
2467 3840 2630 3915 334
2658 3845 3032 3913 praevaricatio
3056 3847 3269 3917 repulsa
3301 3855 3386 3901 est
3405 3889 3420 3913 ,

1836 3927 2150 3997 priusquam
2196 3930 2262 3983 ad
2304 3930 2593 3985 concilium
2637 3933 2783 4001 quod
2826 3950 2926 3989 nec
2966 3949 3104 4004 opus
3137 3946 3254 3990 erat
3303 3945 3427 4005 post

1835 4016 2065 4088 primatu
2096 4020 2380 4089 synodum,
2416 4035 2517 4076 nec
2550 4037 2672 4077 cum
2702 4023 2899 4079 talibus
2930 4025 3117 4081 haberi
3143 4026 3359 4083 licebat.
3396 4046 3416 4080 ι

1907 4108 1970 4164 V.
2006 4110 2073 4164 Et
2108 4113 2233 4181 quia
2269 4113 2383 4169 haec
2414 4114 2637 4170 htcresis
2662 4117 2732 4172 ab
2760 4118 3054 4187 apostolica
3082 4120 3244 4186 sedc,
3274 4120 3420 4177 beati

1836 4215 1987 4271 papae
2007 4189 2286 4258 lee'stini
2308 4205 2654 4273 auctoritate,
2674 4207 2928 4262 instantia
2951 4210 3126 4264 sancti
3147 4209 3423 4281 Prosperi,

1836 4309 2119 4350 sacrarum
2151 4295 2557 4365 Scripturarum
2590 4306 2646 4353 et
2673 4299 3102 4356 orthodoxorum
3128 4303 3420 4374 magistro-

1837 4402 1956 4441 rum
1989 4389 2313 4445 documento
2334 4390 2461 4445 olim
2494 4392 2705 4448 devicta
2727 4434 2743 4460 ,
2774 4399 2830 4449 et
2857 4396 3117 4450 moderno
3146 4404 3420 4469 tempore,

1836 4480 2233 4537 levissimorum
2260 4491 2316 4538 et
2352 4498 2489 4553 pene
2525 4484 2722 4542 nullius
2757 4488 3014 4543 momenti
3053 4488 3139 4545 vel
3179 4490 3422 4546 scientia

160 4598 261 4651 quo
301 4592 431 4638 sunt
479 4598 634 4640 error
679 4587 995 4643 absolvitur.
1036 4590 1203 4647 Error
1247 4593 1391 4648 enim
1436 4572 1569 4665 ipse,
1596 4612 1735 4650 nun-

1845 4590 1951 4630 non
1976 4576 2155 4630 dicam
2186 4577 2524 4633 auctoritatis
2548 4579 2788 4635 virorum
2817 4589 2904 4635 est
2930 4591 3169 4650 remota,
3200 4583 3327 4653 quid
3355 4582 3426 4640 de

161 4690 314 4743 quam
373 4676 581 4730 veniam
630 4690 1010 4747 promeretur,
1065 4683 1157 4736 sed
1204 4684 1293 4753 qui
1347 4700 1413 4738 eo
1468 4687 1738 4742 veraciter

152 4765 414 4829 .‘carnen‘t,
439 4775 602 4835 atque
628 4769 696 4823 ab
721 4769 836 4839 ejus
861 4773 1273 4842 participatione
1294 4775 1539 4830 discedit.
1560 4778 1737 4843 Quan-

166 4854 248 4904 diu
277 4870 407 4925 ergo
439 4857 493 4910 in
515 4858 595 4911 cis
623 4867 707 4913 est
734 4875 909 4927 error,
937 4862 1338 4918 damnationem
1368 4882 1519 4920 suam
1551 4877 1734 4937 tenet,

165 4960 542 5016 nunquamque
579 4951 898 5021 resolvitur,
938 4954 1062 5024 quia
1092 4971 1247 5010 error
1281 4972 1494 5026 semper
1518 4974 1733 5029 pmnam

169 5044 421 5092 meretur.
463 5037 762 5109 Participes
795 5057 923 5095 vero
956 5042 1106 5111 ejus,
1140 5054 1234 5099 aut
1275 5061 1491 5118 semper
1525 5058 1649 5105 sunt
1684 5059 1740 5106 et

166 5128 276 5196 eius
303 5143 478 5198 poena:
498 5132 808 5203 participes,
834 5134 879 5188 si
904 5135 956 5189 in
980 5136 1167 5190 eodem
1193 5146 1435 5207 perstare
1462 5155 1566 5195 non
1596 5141 1740 5197 desi-

167 5226 314 5284 nant,
344 5229 438 5274 aut
460 5221 503 5275 si
538 5222 605 5276 ab
626 5223 814 5277 eodem
844 5226 1191 5289 recesserint,
1221 5243 1384 5296 quam
1420 5228 1580 5285 alieni
1609 5230 1738 5286 facti

166 5319 284 5364 sunt
323 5310 390 5365 ab
427 5326 646 5378 errore,
683 5323 738 5369 et
777 5314 845 5368 ab
886 5314 1001 5384 ejus
1027 5318 1439 5388 participatione
1480 5321 1736 5387 discreti,

169 5412 273 5455 tam
302 5410 356 5458 et
386 5419 415 5457 a
447 5419 607 5473 pmna
637 5405 752 5474 ejus
778 5417 937 5463 erunt
966 5420 1361 5479 consequenter
1391 5412 1569 5467 alieni.
1603 5412 1736 5469 Cum

163 5496 366 5551 emoti
406 5511 569 5566 ptena
605 5498 933 5569 praefigitur,
988 5501 1223 5571 quandiu
1281 5512 1465 5558 manet
1511 5518 1734 5571 errans,

168 5590 349 5645 eadem
397 5605 558 5660 pmna
597 5594 1025 5666 constringitur,
1062 5596 1189 5665 quia
1227 5611 1418 5652 errans
1467 5613 1587 5654 esse
1633 5617 1737 5655 non

182 5690 334 5751 potest
356 5683 472 5739 sine
501 5699 655 5754 poena
685 5687 873 5741 errati.
914 5687 1038 5744 llaec
1066 5688 1253 5742 eadem
1283 5703 1440 5759 ptena
1479 5699 1739 5761 perpetua

182 5782 276 5841 est,
336 5789 721 5847 nunquamque
777 5775 1028 5835 solventia
1082 5780 1322 5849 quandiu
1377 5795 1568 5837 errans
1618 5795 1739 5837 esse

1843 4669 2246 4724 removentibus
2260 4681 2315 4725 et
2337 4671 2493 4741 quasi
2524 4670 2748 4742 frigidos
2766 4673 2979 4729 cineres
2997 4674 3053 4729 in
3078 4691 3207 4731 suos
3233 4676 3420 4734 oculos

1841 4761 2239 4817 resulllantibus
2282 4763 2365 4833 agi
2394 4764 2716 4830 conveniat,
2752 4765 2894 4821 idem
2926 4776 3149 4826 sanctus
3172 4767 3426 4827 Gelasius

1843 4853 1895 4908 in
1939 4854 2165 4925 praefato
2208 4853 2635 4911 Commonitorio
2683 4856 2877 4929 legatis
2930 4861 3242 4930 apostolicae
3281 4862 3426 4917 sedis

1840 4944 2360 5017 Constantinopolim
2399 4936 2682 5004 destinatis
2724 4950 2925 5005 tradito
2955 4951 3026 5005 ita
3059 4952 3190 5007 dicit
3222 4970 3235 5005 :
3274 4971 3292 5003 ι
3325 4952 3427 5007 Se-

1840 5037 2077 5091 cundum
2118 5038 2380 5103 formam,
2424 5037 2706 5108 inquiens,
2753 5042 2943 5111 synodi
2971 5041 3424 5099 Chalcedonensis

1839 5132 2096 5188 Acacium
2125 5141 2332 5187 constat
2364 5133 2530 5189 fuisse
2556 5134 2893 5201 damnatum,
2933 5138 3071 5191 sicut
3100 5136 3150 5191 in
3174 5151 3421 5207 unaqua-

1840 5238 1946 5292 que
1985 5223 2210 5289 hrcresi,
2252 5239 2281 5277 a
2321 5225 2588 5295 principio
2636 5225 2959 5283 Christianae
3013 5227 3321 5299 religionis,
3364 5238 3422 5284 et

1840 5316 2041 5370 factum
2068 5315 2265 5380 fuisse,
2291 5328 2346 5372 et
2376 5317 2492 5373 fieri
2514 5318 2797 5373 manifesta
2826 5321 3035 5375 ratione
3062 5328 3437 5388 monstratur,’

1842 5408 2291 5479 decessoremque
2342 5424 2521 5464 meum
2572 5419 2945 5465 exsecutorem
3004 5410 3171 5466 fuisse
3222 5413 3424 5467 veteris

1842 5502 2154 5567 constituti,
2192 5518 2298 5557 non
2330 5517 2483 5557 novae
2506 5501 2911 5557 constitutionis
2939 5513 3236 5558 auctorem.
3266 5502 3423 5571 Quod

1842 5572 1947 5645 non
1985 5591 2158 5646 solum
2200 5591 2416 5661 praesuli
2457 5591 2754 5661 apostolico
2790 5591 2971 5647 facere
3015 5592 3172 5660 licet,
3222 5593 3318 5650 sed
3366 5603 3423 5651 et

1841 5685 2140 5753 cuicunque
2191 5682 2463 5753 pontifici,
2508 5699 2615 5754 quo
2653 5683 2859 5740 scilicet
2895 5684 3188 5755 quemlibet
3227 5702 3421 5742 secun-

1841 5778 1967 5853 dum
1997 5777 2235 5849 regulam
2259 5776 2527 5835 haereseos
2554 5778 2721 5848 ipsius
2745 5789 2867 5837 ante
2894 5781 3161 5838 damnata:
3182 5797 3211 5837 a
3232 5781 3421 5838 catho-
