3998 6336
630 352 738 411 sua
790 326 793 327 ⁷

1596 341 1926 417 lilNCMARi
1964 344 2362 404 RHEMENSIS
2392 349 2910 410 ARCIUEPISCOPI

3736 376 3815 437 ιοο

625 451 728 506 lica
748 450 1140 507 communione
1168 450 1461 511 discernat.
1486 453 1718 510 Aeacius
1744 455 1944 526 quippe
1972 472 2079 512 non
2101 456 2209 513 fuit
2237 462 2284 522 Α
2319 461 2462 515 tione
2491 463 2726 529 movisti,
2748 465 2842 535 qui
2866 476 2926 521 te
2948 483 3110 538 super
3131 470 3396 529 familiam
3413 491 3555 534 suam
3580 482 3706 541 velut
3721 489 3819 546 lide-

620 542 743 595 oovi
780 541 862 595 vel
901 542 1103 612 proprii
1145 542 1391 599 inventor
1430 544 1669 607 erroris,
1708 552 1763 599 ut
1808 546 1864 601 in
1898 560 2020 601 eum
2060 563 2204 604 nova

518 643 529 649 '
614 633 754 689 scita
776 634 1087 703 prodirent,
1119 634 1215 690 sed
1241 633 1664 691 alieno'faeiuori
1692 650 1791 692 sua
1820 639 2203 696 communione

614 738 675 787 se
716 724 954 780 miscuit.
987 722 1174 795 Itaque
1198 739 1424 781 necesse
1460 734 1636 781 estut
1667 726 1721 780 in
1761 727 1908 782 illam
1933 729 2203 785 recideret

607 813 752 884 iusta
782 814 934 869 lance
953 815 1298 879 sententiam,
1322 830 1488 885 quam
1511 832 1632 871 cum
1655 817 1768 872 suis
1795 820 2202 877 successoribus

611 920 710 973 per
726 904 1157 961 convenientiam
1179 905 1490 976 synodaiem
1512 916 1824 977 susceperat
1846 917 2036 964 auctor
2053 925 2201 965 erro-

609 993 708 1047 ris.
748 1014 768 1048 ι
813 993 951 1050 Hinc
985 1003 1042 1050 et
1078 1003 1299 1051 sanctus
1336 995 1449 1052 Leo
1492 998 1760 1053 universis
1799 1000 2069 1070 episcopis
2102 1016 2201 1071 per

610 1085 856 1141 diversas
918 1086 1228 1156 provincias
1270 1088 1576 1143 constitutis
1624 1089 1859 1146 inculcat
1902 1092 2081 1163 (epist.
2126 1092 2194 1159 2,

607 1177 863 1248 episcopis
891 1177 1118 1249 Jtalite.)
1156 1179 1346 1235 dicens
1379 1179 1449 1235 ad
1485 1180 1662 1236 locum
1701 1200 1715 1235 :
1760 1201 1779 1234 ι
1812 1181 1984 1240 Aliter
2013 1184 2205 1250 enim,“

602 1269 807 1339 inquit,
831 1268 1338 1324 nobiscommissos
1372 1284 1562 1341 regere
1594 1287 1698 1326 non
1724 1287 2047 1342 possumus,
2089 1274 2194 1329 nisi

543 1368 555 1378 '
606 1357 706 1412 hos
740 1358 833 1428 qui
875 1366 1001 1414 sunt
1037 1359 1339 1429 perdituros
1377 1369 1433 1414 et
1467 1360 1666 1431 perditi
1696 1362 1812 1417 zelo
1858 1361 1981 1418 ﬁdei
2013 1364 2196 1419 Domi-

605 1451 743 1507 nicae
777 1454 1199 1521 persequamur,
1226 1461 1282 1508 ot
1322 1468 1351 1506 ιι
1398 1454 1548 1508 sanis
1578 1454 1881 1520 mentibus,
1912 1472 1982 1513 ne
2020 1459 2190 1527 pestis

604 1540 723 1596 haec
751 1540 913 1595 latius
933 1541 1260 1615 divulgetur,
1290 1542 1583 1597 severitate
1607 1558 1715 1612 qua
1750 1559 2051 1613 possumus
2093 1527 2190 1601 ab-

2309 549 2413 605 lem
2436 555 2866 626 prudentemque
2884 573 3102 615 servum
3126 564 3444 630 permiserat
3457 580 3575 626 ante
3593 579 3816 636 constitui.

2308 639 2476 695 Periit
2502 644 2598 698 tibi
2631 644 2788 714 hujus
2817 647 2935 703 vice
2973 648 3134 706 cilicii
3160 652 3434 712 beatitudo
3473 664 3727 729 promissa,
3751 673 3820 738 qui

2307 749 2413 789 non
2441 735 2614 790 solum
2630 753 2748 792 non
2781 739 2876 793 das
2906 741 3087 795 cibum
3115 743 3168 797 in
3199 754 3470 815 tempore,
3506 767 3673 808 venus
3694 735 3819 816 etiam

2304 839 2511 881 veneno
2548 827 2724 883 iuiicis
2751 845 2887 898 quos
2917 831 3007 886 ille
3054 847 3153 889 suo
3191 839 3450 908 sanguine
3486 851 3645 899 θι-διιιι
3685 858 3821 906 tirone

2304 920 2572 1011 quaesivit.
2607 940 2628 973 ι
2664 922 2732 976 Ει
2760 923 2888 978 item
2927 925 2981 979 in
3016 927 3244 996 epistola
3287 931 3356 985 ad
3386 932 3820 1011 Constantinopoli
3916 970 3917 1011 ξ

2305 1016 2457 1062 Ianos
2484 1010 2656 1079 (epist.
2686 1012 2741 1076 4,
2785 1014 3086 1087 Cmiestini)
3117 1036 3129 1070 :
3165 1037 3185 1070 ι
3220 1020 3418 1077 Audiat
3445 1010 3821 1094 Ezechielcm.ct

2299 1101 2427 1169 quid
2456 1102 2558 1156 sibi
2598 1103 2878 1159 immineat
2923 1119 3304 1177 recognoscat:
3338 1112 3818 1190 Extendam,inquit,

2302 1208 2519 1245 manum
2546 1206 2713 1248 meant
2740 1212 2897 1266 super
2922 1202 3218 1267 prophetas.
3250 1204 3341 1273 qui
3369 1206 3533 1260 rident
3569 1211 3818 1279 mendacia,

2298 1290 2345 1332 et
2372 1280 2658 1352 loquuntur
2685 1303 2841 1341 vana.
2872 1287 2995 1342 Non
3012 1292 3071 1343 in
3091 1292 3271 1360 populi
3283 1297 3387 1348 mei
3407 1308 3551 1351 erant
3575 1300 3817 1370 disciplnta,

2298 1385 2459 1440 neque
2483 1375 2537 1427 in
2559 1376 2821 1445 scriptura
2850 1378 3038 1433 donius
3068 1381 3241 1435 Israel
3281 1385 3587 1453 scribentur,
3609 1398 3653 1442 et
3673 1391 3719 1443 iu
3741 1403 3818 1445 tm

2297 1475 2411 1512 ram
2438 1459 2607 1515 Israel
2637 1481 2740 1517 non
2768 1466 3057 1533 intrabunt,
3085 1471 3211 1536 quia
3236 1472 3488 1541 populum
3525 1491 3679 1530 meum
3702 1482 3818 1533 seds-

2292 1560 2479 1603 xcrunt
2502 1550 2726 1621 (lfzeclt.
2774 1570 2905 1619 xm,
2938 1556 3014 1626 9).
3049 1576 3071 1609 ι
3105 1559 3170 1613 Et
3196 1560 3332 1614 item
3346 1575 3372 1614 ιι
3415 1580 3432 1612 ι
3466 1561 3674 1634 Semper
3706 1570 3817 1622 enim

604 1631 895 1697 scidamus.
922 1630 1077 1687 Unde
1092 1634 1281 1688 hortor
1297 1632 1643 1689 dilectionem
1663 1644 1920 1701 vestram,
1942 1638 2190 1693 obtestor
2292 1637 2600 1695 abscidendi
2616 1652 2741 1697 sunt
2763 1644 3093 1713 lmjnsmodi,
3116 1650 3206 1717 qui
3231 1630 3613 1710 conturbantes
3626 1657 3814 1713 animum
3916 1646 3917 1707 ι

602 1732 659 1780 et
714 1739 937 1788 moneo,
982 1733 1041 1779 ut
1078 1739 1183 1793 qua
1235 1725 1445 1780 debetis
1460 1734 1521 1781 et
1557 1727 1786 1795 potestis
1827 1727 2191 1815 sollicitudine
2293 1729 2473 1797 populi
2495 1718 2812 1798 Christiani,
2837 1746 2893 1789 et
2916 1751 3014 1805 pro
3034 1739 3264 1801 arbitrio
3285 1756 3385 1797 suo
3410 1742 3676 1815 Evangelia
3696 1763 3815 1802 ever.

600 1812 835 1885 vigiletis
858 1815 926 1870 ad
957 1815 1360 1886 investigandos
1387 1830 1513 1883 eos,
1545 1833 1646 1873 nec
1674 1817 1763 1872 ubi
1797 1810 2102 1875 occultandi
2131 1836 2190 1875 se
2221 1842 2267 1901 Β
2297 1830 2494 1887 tentes,
2525 1825 2635 1879 Deo
2664 1824 2996 1884 fructificare
3025 1846 3130 1886 non
3164 1843 3424 1901 possunt;
3450 1848 3507 1890 et
3540 1810 3736 1893 cateruis
3755 1850 3817 1895 est

602 1904 879 1973 reperiant
911 1902 1248 1958 facultatem.
1281 1901 1350 1958 Ut
1378 1903 1523 1959 enim
1551 1904 1772 1960 habebit
1803 1923 1831 1960 a
1863 1906 1971 1963 Deo
1998 1907 2190 1980 ingens

600 1993 1059 2050 remunerationis
1101 1993 1420 2063 prmmium,
1463 1994 1554 2064 qui
1586 1994 1899 2066 diligentius
1937 1998 2081 2066 quod
2123 1999 2192 2056 ad
2294 2016 2484 2058 omnes
2510 2005 2562 2059 in
2587 2014 2772 2061 nostra
2799 1993 3184 2069 communione
3202 2024 3260 2070 et
3281 2014 3505 2073 fuerunt
3523 2028 3575 2075 et
3596 2021 3818 2093 hucusque

602 2086 833 2142 salutem
865 2086 1172 2142 commissae
1214 2087 1316 2142 sibi
1336 2086 1531 2156 plebis
1561 2089 1811 2158 proﬁciat
1836 2089 1997 2144 fuerit
2025 2108 2195 2149 exse-
2295 2094 2614 2161 perdurant,
2643 2097 2768 2167 quia
2800 2100 3072 2158 neminem
3105 2104 3191 2159 vel
3220 2107 3459 2178 dejicere
3485 2110 3564 2166 vet
3593 2086 3818 2169 removere

600 2192 779 2240 cutus.
809 2182 883 2235 ita
914 2190 1041 2236 ante
1064 2180 1300 2235 tribunal
1333 2180 1543 2235 Domini
1576 2180 1643 2236 de
1670 2190 1822 2236 reatu
1853 2183 2192 2254 negligentiae

2295 1911 2450 1967 vinea
2479 1929 2600 1983 qua:
2614 1915 2706 1985 jus
2729 1921 3062 1987 possessoris
3082 1934 3367 1994 agnoscat.
3401 1945 3421 1979 ι
3451 1927 3519 1982 Et
3555 1930 3702 1985 item:
3725 1951 3744 1983 ι
3768 1932 3817 1988 ili
3916 1918 3917 1994 ἐ

2291 2192 2526 2250 poterat,
2559 2186 2650 2256 qui
2694 2189 3004 2256 praedicans
3047 2192 3175 2247 talia
3223 2196 3510 2253 titubabat.
3539 2201 3645 2256 »Ει
3679 2202 3814 2257 item:
3916 2186 3917 2257 ῐ

600 2288 662 2327 se
704 2288 824 2333 (non
872 2272 1389 2341 poteritexcusare,
1427 2272 1738 2342 quicunque
1777 2274 1986 2344 plebem
2034 2290 2191 2330 suam

599 2376 791 2421 mntra
822 2364 1101 2436 sacrilega:
1126 2364 1494 2433 persuasionis
1519 2375 1773 2421 auctores
1824 2366 2056 2422 noluerit
2094 2384 2192 2424 cu-

599 2455 825 2513 stodire.
863 2475 882 2507 ι
917 2454 1057 2511 Hinc
1082 2463 1308 2510 sanctus
1344 2454 1665 2511 Ambrosius
1705 2457 1758 2510 in
1800 2465 2031 2512 tractatu
2069 2458 2188 2528 epi-

598 2549 752 2607 slolat
788 2549 855 2603 ad
878 2547 1102 2603 Galatas
1128 2547 1338 2619 (cap..t)
1375 2565 1388 2600 :
1423 2566 1443 2598 ι
1477 2547 1632 2613 Tam,
1663 2549 1855 2618 inquit,
1891 2549 2104 2604 iirmum
2131 2556 2190 2604 et

596 2642 1160 2714 vertun'Evangeliutn
1191 2642 1333 2710 quod
1356 2641 1439 2697 eis
1458 2642 1846 2709 praedicarem
1868 2644 2102 2708 asserit,
2131 2652 2191 2699 ut

599 2735 764 2790 etiam
793 2734 1021 2804 seipsos,
1048 2733 1098 2788 id
1119 2742 1202 2788 est
1216 2733 1511 2803 apostolos,
1527 2733 1853 2793 siimmutati
1873 2734 2012 2789 forte
2031 2735 2189 2791 aliter

598 2829 977 2898 prmdicnrent,
992 2843 1097 2881 non
1118 2825 1292 2880 audiri
1310 2825 1794 2895 doceret,quorum
1814 2827 2000 2897 utique
2020 2828 2186 2891 fama,

600 2919 744 2988 quod
779 2927 962 2975 essent
1007 2914 1236 2987 apostoli
1284 2915 1520 2982 Christi,
1549 2927 1932 2987 peragraverat
1969 2934 2187 2975 onmem

603 3009 802 3063 locum.
835 3009 939 3063 Ant
961 3007 1006 3061 si
1034 3006 1170 3061 forte
1191 3005 1466 3069 diabolus,
1494 3006 1745 3077 angelum
1776 3008 1868 3062 Dei
1882 3023 1951 3062 .se
1982 3008 2189 3079 fingens

597 3111 655 3155 ut
676 3100 834 3156 facile
846 3099 1029 3171 tpossit
1056 3098 1254 3161 audiri,
1285 3097 1352 3151 de
1373 3095 1529 3151 omiis
1553 3106 1837 3167 appareret
1858 3107 2048 3153 contra
2073 3099 2188 3155 lucc

2301 2289 2321 2321 ι
2360 2271 2457 2327 Est
2482 2275 2606 2330 talis
2640 2274 2955 2345 frequenter
2981 2281 3177 2351 pietas,
3200 2299 3268 2339 ex
3290 2302 3400 2356 qua
3423 2289 3650 2343 nascitur
3671 2290 3817 2359 impie-

2295 2371 2544 2426 tas.cum
2587 2367 2836 2423 vincente
2881 2373 3063 2428 carnis
3107 2374 3306 2431 allecto
3350 2378 3597 2434 cb’aritati
3636 2381 3816 2451 illique

2291 2455 2435 2511 Deus
2461 2465 2545 2512 est
2572 2459 2812 2517 Charitas
2833 2473 3175 2533 prmponatur
3197 2471 3520 2538 corporalis.
3552 2490 3572 2523 ι

2363 2545 2501 2601 liinc
2529 2558 2584 2602 et
2612 2559 2833 2605 sanctus
2862 2553 3178 2611 Ambrosius
3204 2558 3255 2611 in
3278 2559 3488 2628 psalmo
3512 2578 3663 2617 csvlu
3683 2563 3812 2617 dicit:

2297 2655 2318 2689 ι
2349 2637 2444 2693 Est
2471 2654 2601 2708 ergo
2621 2641 2765 2711 justa
2793 2643 3183 2712 misericordia,
3220 2650 3324 2704 sed
3360 2661 3445 2707 est
3479 2655 3631 2708 etiam
3663 2653 3816 2722 injnsta

2291 2722 2684 2786 misericordia.
2717 2731 2962 2802 Denique
3008 2736 3060 2791 in
3090 2736 3206 2808 lege
3244 2741 3511 2811 scriptum
3538 2752 3614 2798 est
3640 2744 3696 2799 de
3715 2759 3815 2813 quo-

2293 2817 2413 2873 dam
2438 2836 2454 2872 :
2488 2818 2613 2874 Non
2634 2822 2953 2878 misereberis
2996 2825 3138 2881 illius
3165 2828 3354 2899 (Deut.
3379 2832 3512 2902 xix).
3539 2833 3602 2888 Et
3624 2834 3672 2887 in
3702 2832 3814 2887 libris

2291 2906 2597 2979 Regnorum
2628 2909 2828 2981 legitur
2851 2913 2977 2982 quia
3004 2913 3132 2969 Saul
3167 2928 3461 2989 propterea
3489 2923 3728 2978 contrain
3752 2920 3815 2977 οτι

2288 2996 2529 3063 fensam,
2563 2998 2684 3069 quia
2733 3001 3021 3058 miseratus
3059 3015 3140 3060 est
3181 3006 3337 3079 Agag
3377 3009 3603 3066 hostium
3648 3026 3813 3082 regem,

2292 3102 2449 3157 quem
2488 3090 2840 3158 prohibuerat
2880 3094 3146 3149 sententia
3179 3096 3365 3153 divina
3404 3102 3598 3156 servari
3621 3101 3673 3173 (1
3716 3100 3810 3169 Reg.

594 3191 930 3261 praedicans,
963 3190 1196 3245 scirem,
1221 3202 1344 3243 esse
1366 3187 1732 3249 contrarium,
1760 3195 1815 3242 οι
1848 3188 2179 3244 Mummio
2209 3190 2252 3253 ρ
2284 3176 2406 3248 xv).
2446 3177 2517 3232 Ut
2550 3179 2596 3234 si
2617 3178 2740 3251 quis
2781 3180 3011 3239 latronis
3055 3184 3177 3240 iiliis
3221 3187 3630 3259 deprecantibus
3652 3200 3812 3252 mutus.

596 3285 906 3345 haberetur.
952 3282 1010 3337 Si
1036 3295 1182 3351 ergo
1218 3279 1491 3349 apostolos
1534 3277 1771 3342 Christi,
1801 3292 2029 3347 quorum
2073 3287 2182 3335 tam

593 3375 852 3447 precium
873 3372 1058 3441 opinio
1090 3372 1144 3425 in
1166 3370 1401 3441 signiset
1419 3368 1678 3439 prodigiis
1696 3378 1817 3423 erat
1830 3368 2116 3436 faciendis,
2130 3378 2185 3426 et

594 3467 845 3538 angelum
861 3466 929 3519 de
945 3461 1738 3532 ccio,quempossitspiritalis
1752 3461 1890 3515 ratio
1911 3476 2185 3517 commen-

597 3560 750 3623 dare,
777 3556 940 3628 335
963 3555 1123 3610 aliter
1161 3554 1416 3608 docentes
1443 3566 1606 3622 quam
1649 3552 1717 3606 ab
1747 3551 1987 3622 apostolo
2005 3550 2183 3607 Paulo

598 3651 744 3706 docti
769 3656 925 3705 erant
963 3644 1409 3701 anathematizari
1452 3644 1738 3716 praecepit,
1782 3653 1984 3713 quanto
2010 3647 2183 3711 magis

597 3756 737 3812 quos
782 3738 990 3795 nullum
1042 3737 1411 3792 testimonium
1466 3736 1534 3790 ad
1582 3735 1945 3791 seducendmn
2000 3745 2184 3805 potest

597 3828 1024 3889 commendare?
1060 3848 1078 3881 ι
1106 3828 1237 3882 item
1261 3827 1313 3881 in
1344 3824 1569 3896 epistola
1598 3823 1873 3881 Coelestini
1902 3825 1969 3881 ad
1997 3823 2181 3880 Nesto-

593 3922 736 3978 nium
764 3919 1045 3992 (Calatini
1076 3920 1225 3985 epist.
1250 3918 1306 3989 5)
1335 3935 1351 3972 :
1388 3935 1409 3968 ι
1438 3918 1496 3972 Si
1523 3917 1677 3986 quasi
1701 3925 1824 3972 uota
1852 3916 2179 3983 contemnis,

590 4012 831 4082 intellige
858 4022 912 4066 te
952 4009 1373 4066 iuexcusabiiem
1401 4007 1558 4074 fore,
1589 4023 1713 4064 cum
1752 4022 1782 4062 a
1822 4016 1874 4063 te
1894 4008 2180 4063 commissi

589 4106 686 4163 tibi
728 4105 914 4161 talenti
954 4102 1232 4174 quaesierit
1276 4101 1366 4157 ille
1402 4089 1694 4166 rationem,
1725 4100 1815 4169 qui
1844 4115 1942 4170 per
1981 4115 2081 4156 nos
2113 4099 2181 4155 de

2287 3275 2342 3322 et
2370 3268 2629 3339 lacrymis
2657 3271 2901 3343 conjugis
2934 3273 3050 3345 ejus
3088 3276 3347 3346 inﬂexus,
3370 3282 3719 3338 absolvendum
3740 3296 3812 3350 pu-

2287 3369 2380 3426 tet,
2418 3362 2506 3417 cui
2551 3364 2727 3419 adhuc
2760 3364 3116 3423 latrocinandi
3157 3371 3369 3441 aspiret
3409 3373 3651 3438 aﬂ'ectus,
3674 3387 3812 3428 notans

2283 3454 2598 3511 innocentes
2622 3457 2798 3512 tradet
2826 3459 3013 3525 exitio,
3036 3463 3128 3530 qui
3159 3460 3361 3519 liberat
3389 3466 3661 3521 multorum
3684 3463 3812 3518 exitia

2283 3541 2446 3616 536
2471 3546 2832 3615 cogitantem?
2856 3546 3015 3605 Certe
3036 3550 3080 3605 si
3110 3550 3355 3622 gladium
3384 3555 3651 3626 reprimit,
3678 3552 3812 3607 vini-la

2282 3639 2544 3705 dissolvit,
2575 3640 2723 3697 laxat
2753 3642 3025 3709 exsilium,
3048 3659 3146 3698 cur
3172 3644 3532 3703 latrocinandi
3556 3664 3649 3718 qua
3674 3652 3813 3716 potest

2279 3730 2631 3788 clementiore
2653 3734 2738 3788 via
2760 3749 2867 3788 non
2889 3735 3048 3805 eripit
3068 3733 3408 3805 facultatem,
3425 3740 3515 3810 qui
3544 3740 3810 3796 voluntatem

2280 3834 2606 3894 extorquere
2647 3840 2753 3879 non
2782 3826 3000 3896 potuit?
3030 3826 3237 3882 Deinde
3274 3830 3424 3887 inter
3459 3832 3586 3887 duos
3608 3870 3624 3896 ,
3651 3832 3734 3885 hoc
3751 3834 3814 3881 est
3916 3830 3917 3896 ξ

2279 3925 2652 3971 accusatorem
2679 3925 2735 3971 et
2761 3932 2945 3983 reum,
2972 3919 3089 3988 pari
3122 3920 3367 3988 periculo
3395 3924 3460 3977 de
3484 3923 3647 3993 capite
3669 3920 3812 3975 decet-

2280 4016 2495 4074 nentes,
2524 4008 2752 4063 alterum
2788 4007 2836 4064 si
2865 4023 2973 4063 non
3019 4011 3345 4080 probasset,
3377 4013 3600 4068 alterum
3631 4013 3669 4066 si
3703 4014 3812 4065 esset

2278 4098 2348 4154 ab
2386 4107 2702 4153 accusatore
2745 4098 3066 4166 convictus,
3092 4113 3199 4155 non
3243 4100 3300 4156 id
3345 4104 3489 4172 quod
3518 4101 3716 4174 iustitia:
3750 4104 3813 4152 est

589 4198 693 4255 hoc
715 4204 903 4253 sancto
930 4195 1141 4251 fenore
1169 4209 1328 4248 suum
1367 4192 1578 4248 lucrum
1619 4205 1836 4261 semper
1876 4197 2175 4261 exspectat.
2271 4183 2434 4254 iudex
2466 4197 2741 4257 sequatur,
2771 4188 2867 4243 sed
2890 4188 3016 4244 dum
3044 4189 3343 4245 miseretur
3369 4192 3467 4257 rei,
3495 4192 3695 4247 damnet
3712 4202 3812 4258 pro—

585 4286 783 4356 Aspice
805 4299 925 4353 qute
950 4298 1108 4352 paena
1140 4282 1292 4336 illum
1334 4290 1556 4336 maneat
1579 4280 1673 4350 qui
1713 4280 1998 4335 abscondit
2025 4292 2193 4341 accey

587 4387 772 4449 ptum,
817 4376 911 4445 qui
956 4375 1229 4444 integrtnn
1278 4381 1428 4428 certe
1489 4371 1728 4427 restituit
1759 4370 1903 4441 quod
1943 4370 2175 4440 accepit.

2277 4276 2532 4345 bantem,
2557 4286 2649 4332 aut
2678 4278 2803 4333 dum
2848 4281 3153 4335 accusatori
3182 4279 3338 4338 favet
3370 4284 3462 4352 qui
3482 4282 3700 4354 probare
3730 4292 3810 4332 non

2278 4369 2470 4436 possit,
2506 4368 2723 4423 addicat
2750 4368 3051 4424 innoxium.
3081 4368 3197 4425 Non
3223 4383 3413 4440 potest
3439 4374 3595 4445 igitur
3620 4372 3718 4427 lucc
3732 4366 3810 4423 dici

588 4468 740 4524 Unde
768 4466 1049 4522 evidenter
1081 4464 1323 4528 adverte,
1348 4463 1491 4534 quod
1518 4464 1588 4518 sit
1615 4470 1670 4518 et
1689 4461 1850 4532 quale
1874 4460 2179 4531 periculum
2273 4459 2417 4530 justa
2449 4459 2841 4515 misericordia.
2864 4454 2926 4514 'ln
2954 4459 3069 4529 ipsa
3096 4459 3368 4528 Ecclesia,
3397 4462 3489 4517 ubi
3512 4460 3721 4519 maxime
3736 4457 3810 4511 tni-

587 4577 689 4617 nec
717 4561 818 4616 hoc
843 4558 986 4629 quod
1036 4559 1316 4628 acceperis
1354 4558 1678 4613 reddidisse.
1720 4557 1804 4612 An
1830 4566 1893 4612 tu
1941 4556 2176 4612 Domino
2206 4535 2253 4594 υ
2280 4553 2449 4608 sereri
2478 4553 2651 4616 decet,
2686 4551 2856 4608 teneri
2879 4568 3040 4623 quant
3066 4554 3303 4609 maxime
3331 4554 3495 4610 debet
3513 4554 3670 4610 forma
3683 4547 3809 4622 justi-

588 4655 831 4711 dicturus
856 4666 919 4708 es
953 4670 966 4707 :
1001 4653 1150 4719 Quos
1188 4652 1383 4708 dedisti
1426 4652 1556 4707 mihi
1596 4650 2059 4707 custodivi?Cum
2094 4651 2179 4707 sic

586 4747 843 4805 scindi'in
882 4754 1067 4818 partes
1097 4745 1381 4805 audiamus
1415 4745 1533 4815 ejus
1561 4743 1880 4809 Ecclesium,
1907 4758 2012 4813 qua
2030 4757 2171 4800 con-.-

585 4840 813 4898 scientia
843 4839 979 4895 vivis
1000 4853 1138 4909 pene
1168 4838 1236 4894 ab
1260 4836 1514 4892 omnibus
1538 4836 1592 4895 in
1619 4835 1723 4891 hac
1743 4834 1963 4890 civitate
1986 4834 2173 4891 deser-

588 4933 718 4988 tus?
745 4939 1057 5002 optaveram
1099 4943 1194 4984 eos
1224 4936 1352 4981 tunc
1396 4926 1562 4982 fuisse
1611 4933 1721 4980 tam
1763 4935 1979 4986 cautos.
2009 4940 2173 4996 quam

587 5038 731 5081 nunc
755 5032 1024 5079 suntcum
1050 5021 1153 5076 sibi
1187 5019 1497 5075 desiderant
1525 5016 1820 5073 subveniri.
1850 5036 1869 5068 ι
1900 5017 1967 5072 Ει
1996 5018 2123 5073 item
2151 5034 2165 5072 :

593 5118 828 5188 «itaque
858 5114 1105 5185 quamvis
1135 5113 1298 5168 etiam
1344 5109 1796 5183 fraterCyrillus
1824 5111 2076 5166 secundis
2116 5119 2170 5166 te

586 5205 830 5276 epistolis
855 5204 969 5261 suis
985 5210 1195 5257 asserat
1216 5215 1336 5256 esse
1358 5208 1709 5263 conventum,
1730 5199 1999 5269 intelligas
2024 5199 2168 5265 volo,

586 5304 710 5365 post
734 5296 962 5365 primam
1000 5302 1055 5349 et
1084 5291 1377 5347 secundant
1425 5289 1570 5345 illius
1606 5298 1659 5344 et
1690 5289 1834 5345 banc
1872 5290 2171 5360 correptio-

586 5402 709 5443 nem
746 5396 1019 5450 nostram,
1063 5397 1229 5453 quam
1275 5390 1487 5436 constat
1531 5379 1783 5449 essejam
1832 5380 2066 5445 tertiani,
2100 5380 2168 5435 ab

585 5474 938 5531 universitate
978 5470 1187 5543 collegii
1233 5478 1289 5524 et
1331 5477 1594 5525 conventu
1639 5466 2071 5523 Christianorum
2116 5475 2169 5522 te

583 5579 806 5636 prorsus
836 5577 958 5618 esse
993 5560 1328 5639 seiunctum,
1366 5560 1475 5615 nisi
1512 5574 1638 5614 mox
1671 5573 1791 5628 qua:
1832 5557 1974 5611 male
2023 5556 2166 5614 dicta

584 5663 710 5711 sunt
734 5653 1107 5724 corrigantur,
1156 5649 1258 5706 nisi
1283 5649 1337 5705 in
1369 5664 1487 5703 eam
1514 5649 1652 5703 viam
1688 5648 1880 5704 redeas
1916 5661 2079 5717 quam
2109 5662 2168 5702 se

583 5748 845 5827 Chr-mgis
860 5758 980 5800 esse
1004 5752 1251 5802 testatur.
1284 5742 1419 5798 Male
1447 5743 1500 5798 in
1541 5743 1686 5799 hunc
1724 5756 1875 5796 arma
1903 5741 2179 5835 desperat-0

2282 4644 2397 4709 tiae,
2444 4657 2515 4697 ne
2557 4641 2680 4712 quis
2709 4656 2741 4696 a
2793 4643 3068 4698 consortio
3109 4644 3510 4701 communionis
3547 4645 3808 4701 abstentus,

2277 4736 2430 4792 brevi
2456 4736 2753 4809 iacrymuia
2797 4745 2961 4811 atque
2996 4738 3067 4794 ad
3099 4747 3311 4810 tempus
3345 4750 3563 4811 parata,
3590 4736 3665 4795 vel
3683 4735 3809 4788 etiam

2278 4826 2621 4882 uberioribus
2660 4825 2877 4883 ﬂetibus
2921 4831 3390 4898 communionem,
3422 4847 3578 4903 quam
3614 4823 3810 4900 plurimis

2278 4915 2439 4971 debet
2458 4914 2736 4986 postulare
2766 4918 3129 4989 temporibus,
3165 4919 3415 4976 facilitati
3445 4916 3714 4977 sacerdotis
3733 4924 3806 4965 er-

2278 5017 2546 5079 torqueat.
2573 5008 2761 5065 Nonne
2789 5024 2912 5066 cum
2940 5011 3033 5065 uni
3056 5009 3296 5084 indulget
3324 5012 3564 5083 indigno,
3596 5005 3807 5079 plurimm

2275 5100 2408 5156 iacit
2428 5100 2494 5154 ad
2521 5098 2886 5171 prolapsionis
2919 5100 3229 5172 contagium
3256 5099 3576 5172 provocari?
3598 5092 3806 5154 Facilitas

2272 5192 2419 5248 enim
2457 5193 2627 5248 venia:
2667 5192 2998 5249 incentivum
3040 5193 3228 5248 tribuit
3257 5191 3612 5264 delinquendi.
3645 5186 3805 5242 llocco

2274 5282 2477 5336 dictum
2501 5289 2616 5346 est,
2640 5289 2702 5335 ut
2738 5278 2974 5337 sciamus
2998 5321 3014 5346 ,
3049 5283 3344 5338 secundum
3376 5285 3591 5358 verbum
3617 5275 3716 5338 Dei.
3740 5284 3802 5326 ⁵⁸⁸

2273 5373 2505 5428 cundum
2535 5372 2820 5437 rationem,
2844 5372 3261 5442 dispensandam
3285 5387 3407 5427 esse
3429 5363 3800 5427 misericordiam

2271 5464 2625 5521 debitoribus.
2667 5463 2906 5520 Medicus
2949 5464 3094 5534 ipse,
3129 5465 3175 5520 si
3220 5465 3484 5534 serpentis
3522 5452 3801 5516 interiusin-

2269 5555 2449 5611 veniat
2476 5556 2717 5611 vulneris
2743 5555 3079 5622 cicatricem,
3106 5570 3228 5615 cum
3254 5555 3449 5611 debeat
3487 5560 3706 5609 resecare
3734 5540 3797 5593 ιιιο

2270 5645 2411 5702 ceris
2434 5647 2623 5702 vilium
2654 5661 2721 5701 ne
2749 5646 2911 5701 latius
2938 5655 3139 5718 serpat,
3174 5654 3351 5713 tamen
3380 5660 3410 5698 a
3441 5638 3642 5700 secandi
3670 5642 3805 5731 ureti:

2271 5736 2433 5819 dique
2474 5738 2749 5810 proposito
2786 5736 3043 5810 lacrymis
3076 5736 3309 5811 inﬂexus
3360 5732 3577 5806 τριετοιί,
3600 5722 3803 5799 medica;
