3998 6336
172 353 269 411 Nl

939 364 1027 419 DE
1061 363 1736 425 PREDESTINATIONE
1773 367 2230 461 DlSSEllTATlO
2268 373 2677 432 POSTERIOR.

3333 381 3438 437 mi

171 476 368 532 mentis
397 486 544 549 tegat
572 477 716 548 quod
741 477 884 535 ferro
900 483 1249 550 aperiendum
1281 485 1418 552 (uit,
1446 501 1626 541 nonne
1653 486 1756 540 ista
1785 488 1832 548 Α
1862 484 2018 540 titulo
2037 503 2148 556 quo
2167 504 2329 559 supra
2353 489 2483 562 (lege
2503 489 2617 560 62).
2653 509 2672 542 ι
2703 489 2858 547 Circa
2879 491 2979 546 bos
3007 500 3186 547 autem
3211 496 3445 552 maxime

164 567 374 623 inutilis
395 570 772 626 misericordia
800 581 915 635 est,
933 574 976 628 si
1001 584 1220 644 propter
1241 579 1758 635 brevemineisionis

160 659 246 714 vel
271 659 576 716 exustiouis
621 661 861 718 dolorem
905 678 1106 735 corpus
1131 682 1293 724 omne
1335 669 1604 735 tabescat,
1635 671 1760 726 vitae

160 765 296 805 usus
319 750 586 806 intereat?
616 751 790 807 Recte
807 753 972 824 igitur
997 765 1050 810 et
1074 759 1326 813 sacerdos
1355 759 1547 815 vulnus
1572 777 1757 830 grave,

164 855 232 893 ne
257 839 429 896 latins
454 852 666 912 serpat,
687 858 718 897 a
752 853 866 898 toto
891 862 1116 914 corpore
1134 848 1392 904 Ecclesia:
1405 852 1557 919 quasi
1589 853 1760 908 bonus

166 931 413 986 medicus
442 932 616 988 debet.
641 933 950 1001 abscidere,
983 947 1038 991 et
1071 941 1298 1007 prodere
1340 941 1490 995 virus
1519 943 1762 1000 criminis

162 1022 311 1092 quod
341 1022 500 1088 latet,
529 1039 633 1076 non
665 1023 873 1090 fovere,
906 1042 974 1080 ne
1003 1027 1128 1081 dum
1161 1045 1326 1096 unum
1365 1030 1760 1088 exehnlendum

165 1130 279 1170 non
322 1124 514 1184 putat,
555 1115 736 1184 plures
785 1118 947 1173 faciat
985 1119 1178 1191 dignos
1215 1138 1356 1192 quos
1396 1125 1648 1180 excludat
1693 1129 1763 1184 ab

164 1207 434 1262 Ecclesia.
483 1206 610 1263 iure
648 1223 778 1280 ergo
806 1210 1097 1280 Apostolus
1144 1214 1330 1272 divino
1367 1230 1465 1274 nos
1513 1218 1764 1276 hortatur

161 1298 420 1366 exemplo
450 1299 634 1354 dicens
662 1317 676 1352 :
712 1299 840 1355 Vide
879 1318 1002 1372 ergo
1045 1303 1404 1360 bonitatemet
1439 1309 1764 1364 severitatem

165 1387 265 1441 Da‘
297 1387 480 1456 illam.
509 1389 620 1459 st).
651 1389 712 1458 _ln
752 1405 862 1446 eos.
887 1393 1104 1460 quidem
1144 1395 1234 1463 qui
1272 1396 1581 1467 cechLernnt
1605 1415 1762 1454 seve-

165 1479 424 1542 ritatem,
458 1479 511 1533 in
561 1489 612 1534 te
645 1489 827 1536 autent
872 1481 1168 1538 bonitatem
1215 1485 1260 1539 si
1307 1489 1669 1556 permansot'is
1709 1490 1762 1543 in

165 1570 441 1626 bonitate.
473 1571 777 1629 Ostendens
805 1573 1114 1631 Iudaeorum
1151 1579 1405 1647 populum
1431 1579 1555 1648 jure
1582 1597 1704 1636 esse
1731 1596 1762 1635 a

161 1677 402 1731 corpore
431 1662 685 1718 Ecclesia:
720 1674 1054 1734 separatum,
1085 1681 1152 1720 ne
1181 1669 1422 1737 perﬁdia:
1463 1671 1607 1726 virus
1635 1687 1766 1726 cou-

163 1757 466 1812 ttntinaret
502 1757 801 1813 Ecclesiam
832 1776 846 1814 :
885 1760 1139 1830 populum
1171 1771 1350 1816 autem
1391 1764 1632 1832 getttium
1665 1765 1764 1819 bo-

1843 577 2164 642 ,excrcenda
2209 581 2501 634 commotio
2542 589 2649 646 est,
2693 581 2786 650 qui
2829 581 3010 650 pravis
3037 583 3382 640 suasionibus
3408 601 3449 650 ιι,

1863 668 2189 723 venerabilis
2244 685 2398 739 papa:
2454 686 2575 726 sese
2651 674 3031 727 communione
3083 675 3444 744 suspendunt,

1863 771 2094 827 quorum
2138 760 2431 815 schismate
2458 761 2610 831 plebs
2636 763 2800 818 etiam
2834 763 3036 834 reliqua
3074 765 3315 819 vitiatur.
3349 765 3446 824 His

1863 849 2223 905 conventione
2269 852 2544 921 praunissa
2591 853 2777 922 viginti
2821 854 3028 908 dierum
3071 856 3445 912 condonamus

1866 939 2140 1006 inducias,
2168 941 2309 996 intra
2357 958 2496 1011 quos
2525 943 2628 998 nisi
2660 943 2730 997 ad
2753 945 3152 1000 communionis
3187 947 3458 1002 redierint.

1865 1034 2149 1100 unitatem,
2199 1036 2412 1106 expulsi
2461 1052 2631 1106 usque
2679 1037 2746 1091 ad
2804 1039 3160 1092 centesimum
3210 1039 3450 1109 lapidem

1866 1125 2156 1183 solitudine
2201 1144 2363 1198 quam
2419 1128 2627 1199 eligunt
2673 1137 3032 1183 macerentur.
3075 1149 3092 1180 ι
3135 1129 3200 1183 Ει
3229 1131 3356 1184 item
3390 1131 3445 1184 in

1859 1220 2133 1292 rescripto
2164 1221 2619 1277 Chalcedonensis
2667 1222 2864 1293 synodi
2896 1223 3025 1277 dato
3049 1221 3288 1278 Palladio
3316 1240 3454 1294 prae-

1865 1310 2008 1366 fecto
2036 1314 2271 1383 praetorii
2308 1332 2319 1367 :
2353 1333 2372 1364 ι
2412 1315 2468 1368 Si
2499 1315 2608 1382 qui.
2637 1315 2828 1383 inquit,
2862 1313 3019 1385 hujus
3046 1315 3118 1369 de
3139 1323 3336 1369 czetero
3364 1331 3453 1368 sa-

1865 1403 2081 1475 crilegii.
2114 1413 2412 1460 sectatores
2455 1406 2868 1476 mnibuscunque
2905 1407 3036 1462 locis
3062 1407 3335 1476 potuerint
3367 1424 3453 1462 rc-

1865 1497 2053 1566 periri,
2099 1505 2192 1550 aut
2253 1498 2322 1554 de
2363 1499 2635 1568 pravitate
2672 1499 2930 1554 damnata
2985 1499 3220 1567 aliquem
3262 1513 3453 1552 rursus

1865 1585 2110 1657 proferre
2137 1601 2466 1653 sermonem,
2493 1604 2522 1641 a
2550 1604 2874 1658 quocunque
2919 1590 3153 1659 correpti
3198 1589 3264 1642 ad
3303 1603 3458 1642 com-

1866 1687 2136 1749 petentem
2181 1678 2417 1749 judieem
2442 1681 2827 1751 pertrahuntur
2853 1697 3030 1751 :--quos
3077 1682 3189 1735 sive
3217 1680 3449 1735 clericus

1868 1769 2054 1835 fuerit,
2087 1773 2200 1828 sive
2231 1773 2419 1836 laicus,
2463 1773 2740 1829 deferendi
2773 1775 2971 1828 habeat
3003 1781 3351 1843 potestatem,
3400 1782 3457 1826 et

163 1847 339 1903 nitate
375 1849 585 1904 Domini
614 1860 919 1922 receptum,
942 1861 997 1906 et
1037 1853 1360 1910 obedientiae
1393 1872 1617 1911 nntnere
1645 1857 1761 1927 glo-
1793 1865 1836 1923 Β
1865 1856 1982 1915 sine
2011 1863 2417 1932 praescriptione
2461 1863 2646 1932 aliqua
2690 1863 3036 1933 pemrgcndi.
3069 1863 3177 1917 llos
3205 1877 3336 1931 ergo
3371 1877 3456 1916 res

164 1941 320 1995 riari.
352 1939 484 1996 Jnrc
507 1941 670 2012 igitur
694 1943 820 1998 huic
851 1943 1030 2000 divina
1053 1945 1268 2001 bonitas
1294 1947 1640 2017 sum-agatur,
1665 1949 1758 2018 qui

161 2034 221 2087 in
248 2033 436 2088 divina
469 2035 710 2090 bonitate
733 2045 1049 2105 permaneat
1074 2055 1086 2092 :
1117 2039 1161 2094 si
1195 2054 1324 2094 vero
1361 2048 1416 2096 et
1447 2041 1558 2111 ipse
1587 2041 1764 2096 desci-

160 2134 324 2190 scat,
375 2141 477 2196 pro
523 2127 769 2183 criminis
818 2130 899 2184 sui
930 2130 1191 2200 qualitate
1242 2133 1605 2188 damnabitur.
1647 2135 1761 2203 Qua

161 2215 344 2286 gratia
382 2215 530 2271 Deus
558 2225 615 2272 et
657 2217 752 2272 lux
793 2227 848 2274 et
891 2219 1029 2290 ignis
1069 2236 1189 2277 esse
1215 2223 1571 2289 describitur,
1607 2236 1663 2280 ut
1707 2226 1762 2280 in

164 2306 428 2362 tenebris
444 2305 742 2364 ambulanti
789 2308 965 2364 luceat
1007 2312 1161 2380 quasi
1206 2311 1418 2377 lumen,
1453 2329 1520 2370 ne
1561 2316 1763 2371 diutius

162 2398 344 2466 possit
361 2412 552 2453 errare
567 2398 659 2468 qui
685 2400 890 2468 quarrit
908 2401 1130 2457 luminis
1147 2403 1472 2460 claritatem.
1500 2407 1557 2460 Ei
1581 2417 1761 2463 autem

163 2489 257 2558 qui
285 2488 459 2543 multa
491 2489 657 2544 fuerit
685 2503 972 2562 operatus,
1003 2508 1122 2561 qua:
1149 2509 1366 2550 manere
1395 2511 1500 2552 non
1532 2498 1764 2554 debeant

163 2579 262 2632 sed
293 2579 676 2651 ardere,ignis
696 2589 781 2634 est
808 2581 1086 2647 Dominus,
1105 2593 1160 2637 ut
1179 2585 1556 2654 operisnostri
1580 2588 1761 2644 fenum

161 2671 536 2744 stipulamque
577 2683 888 2738 consumat,
919 2687 1082 2746 atque
1111 2675 1226 2732 utili
1258 2693 1358 2733 nos
1387 2678 1553 2734 iaciat
1586 2680 1764 2737 salvos

162 2763 523 2818 detrimento.
558 2782 586 2816 ι.

236 2853 376 2922 Quia
402 2856 568 2908 etiam
581 2855 754 2911 sacris
777 2857 1077 2914 cauonibus
1101 2867 1322 2914 cautum
1353 2875 1473 2916 esse
1491 2861 1762 2931 dignosci-

162 2955 278 3010 tur,
297 2945 534 2999 docente
556 2944 816 3002 Toletano
837 2949 1090 3014 concilio,
1115 2951 1242 3004 utin
1265 2951 1426 3022 rebus
1442 2953 1766 3007 necessariis

164 3033 348 3104 legum
375 3043 717 3090 eteanonum
745 3039 1101 3106 quuirantur
1129 3042 1434 3106 sententia),
1456 3045 1763 3111 ponendum

162 3139 247 3184 est
266 3129 402 3199 quid
419 3129 473 3183 in
494 3145 584 3182 xvi
603 3129 739 3185 libro
761 3131 1140 3188 Theodosiano
1173 3135 1271 3189 sub
1289 3134 1448 3188 titulo
1467 3135 1538 3190 De
1563 3137 1662 3189 tidc
1678 3152 1766 3191 ca-

1867 1962 2049 2022 pertos
2077 1969 2106 2006 a
2127 1955 2542 2024 quibuscunque
2556 1953 2815 2023 jubeutus
2837 1953 3058 2024 corripi,
3085 1953 3456 2022 deductosque

1866 2042 1932 2095 ad
1964 2043 2299 2098 audientiam
2329 2045 2598 2114 publicam
2625 2044 2937 2115 promiscue
2975 2043 3044 2098 ab
3075 2042 3331 2098 omnibus
3357 2058 3456 2097 ae-

1868 2133 2049 2188 cusari
2081 2147 2097 2187 :
2131 2134 2204 2188 ita
2247 2143 2303 2188 ut
2331 2135 2705 2204 probationem
2737 2134 2970 2190 emtvieti
3003 2133 3251 2189 criminis
3279 2133 3452 2204 stylus

1868 2223 2116 2294 publicus
2153 2225 2486 2297 insequatur,
2515 2227 2644 2296 ipsis
2674 2227 2940 2282 iuexorati
2985 2226 3161 2282 exsilii
3192 2225 3449 2294 deporta-

1869 2313 2018 2369 tione
2062 2315 2347 2371 damnatis.
2397 2337 2418 2369 ι
2468 2317 2534 2371 Et
2581 2318 2708 2371 item
2751 2317 2806 2371 in
2861 2317 3000 2372 libro
3047 2317 3256 2371 decimo
3294 2325 3450 2370 sexto

1868 2404 2256 2460 Theodosiana:
2310 2407 2442 2478 legis
2491 2391 2690 2478 capite.
2713 2416 2908 2476 quarto
2942 2409 3042 2476 (tit.
3095 2422 3160 2471 v,
3209 2407 3318 2477 lege
3351 2408 3407 2475 l)
3435 2425 3450 2459 :

1871 2513 1890 2547 ι
1926 2495 2210 2564 Privilegia
2247 2512 2368 2566 qua:
2415 2497 2872 2568 contemplatione
2924 2497 3202 2565 religionis
3244 2497 3450 2550 indulta

1867 2595 2016 2650 sunt,
2057 2587 2337 2643 catholicae
2376 2597 2582 2642 tantum
2648 2588 2781 2658 legis
2833 2587 3278 2642 obscrvatoribus
3325 2600 3451 2654 pro-

1868 2679 2024 2733 desse
2049 2687 2282 2747 Oportet.
2316 2677 2610 2733 Hmreticos
2639 2687 2821 2732 autem
2861 2687 3027 2746 atque
3046 2676 3450 2740 schismaticos,

1870 2782 1976 2821 non
2018 2768 2190 2821 solum
2219 2769 2286 2823 ab
2316 2769 2399 2822 his
2429 2768 2730 2838 privilegiis
2776 2767 2983 2823 alienos
3009 2783 3132 2824 esse
3178 2767 3448 2832 volumus,

1868 2859 1962 2914 sed
1990 2859 2155 2914 etiam
2181 2860 2410 2915 diversis
2445 2863 2759 2916 muneribus
2780 2862 3078 2932 constringi
3101 2869 3156 2915 et
3182 2859 3392 2930 subjici.
3427 2881 3448 2912 ι

1869 2949 1936 3004 Et
1955 2950 2083 3005 item
2108 2950 2173 3005 de
2197 2951 2464 3006 bmreticis
2484 2953 2736 3007 omnibus
2753 2954 2856 3024 (tit.
2885 2951 3062 3022 v,legc
3082 2951 3195 3023 60),
3221 2967 3454 3021 quorum

1869 3049 1924 3095 et
1948 3055 2192 3096 errorem
2234 3057 2586 3096 exsecramur
2620 3051 2673 3098 et
2706 3058 2925 3107 nomen,
2960 3042 3063 3097 hoc
3087 3052 3170 3097 est
3192 3043 3258 3097 de
3279 3042 3460 3096 Ευηθι

1874 3131 2096 3195 mianis,
2128 3133 2370 3198 Ariauis,
2401 3133 2818 3198 Macedonianis,
2851 3133 3171 3202 earterisque
3208 3133 3460 3188 omnibus

173 3219 1491 3288 tholicaimperatoresGratianus,\'alcntinianus
1511 3236 1564 3278 et
1593 3225 1766 3282 Tbco-
1795 3223 1839 3286 C
1873 3235 2102 3291 quorum
2155 3232 2332 3276 SCClaS
2372 3223 2628 3292 ῐιὶἱεεὶιηω
2667 3223 2932 3278 SallCliOlli
2985 3223 3148 3278 ιίθίῖει
3192 3223 3453 3287 insert-“'0‘.

164 3308 352 3364 dasius
363 3309 596 3380 Augusti
607 3309 786 3365 edicto
799 3292 863 3364 ad
878 3312 1130 3382 populum
1149 3314 1296 3368 urbis
1311 3315 1764 3388 Constantinopo-

168 3398 282 3454 leos
311 3398 480 3471 337
508 3400 865 3456 decreverunt
894 3402 1047 3473 (Cod.
1082 3403 1242 3457 Theo.
1267 3403 1330 3458 dc
1369 3406 1474 3473 ﬁde
1505 3407 1764 3461 catholica

167 3497 202 3550 ι.
220 3497 573 3565 2.).dicentes
595 3497 660 3551 ad
685 3496 856 3552 locum
875 3515 927 3550 ει
953 3497 1100 3552 llauc
1115 3499 1283 3569 legem
1305 3510 1590 3568 sequentes
1603 3499 1761 3554 Chri-

167 3589 488 3643 stianorum.
506 3587 908 3644 catholicorum
949 3605 1144 3644 nomen
1194 3590 1448 3660 jubcmus
1487 3590 1761 3660 amplecti,

169 3681 418 3752 reliquos
445 3697 579 3736 vero
607 3681 884 3737 dementes
913 3697 1250 3753 vesanosque
1274 3683 1600 3754 judicantes,
1655 3685 1763 3740 ba:-

169 3774 325 3828 retici
355 3773 920 3844 dogmatisinl‘amiam
956 3775 1246 3842 sustinere,
1279 3790 1379 3830 nec
1403 3777 1760 3833 conciliabula

165 3881 360 3920 eorum
393 3863 752 3919 Ecclesiarum
786 3880 980 3920 nomen
1013 3867 1280 3936 accipere,
1307 3868 1484 3922 divina
1526 3869 1761 3936 primum

164 3955 435 4018 vindicta,
466 3965 590 4024 post
621 3956 784 4010 etiam
826 3964 1005 4010 motus
1035 3958 1225 4023 nostri,
1266 3975 1426 4029 quem
1457 3977 1526 4017 ex
1553 3964 1768 4020 cmlesti

163 4047 404 4102 arbitrio
432 4047 845 4116 sumpserimus,
879 4047 1082 4103 ultione
1123 4048 1455 4118 plectendos.
1494 4073 1515 4104 ι.
1539 4054 1762 4113 ltem.in

161 4141 360 4195 eodem
409 4138 548 4191 libro
584 4139 686 4210 (tit.
719 4154 792 4204 tv,
839 4139 939 4210 leg.
980 4140 1059 4211 ἓ),
1106 4141 1205 4194 sub
1240 4141 1414 4206 titulo,
1451 4144 1525 4198 lie
1556 4145 1641 4200 his
1666 4147 1760 4217 qui

163 4244 333 4298 super
371 4228 634 4298 religione
664 4229 996 4284 contendunt
1026 4249 1038 4283 :
1071 4249 1090 4280 ι
1122 4229 1482 4300 Imperatores
1527 4233 1762 4290 Valenti.

163 4319 386 4378 nianus.
437 4316 799 4379 Theodosius.
843 4328 898 4371 et
949 4317 1216 4372 Arcadius
1247 4320 1476 4391 Augusti
1531 4323 1762 4381 Taliane

165 4408 435 4480 praefecto
482 4408 740 4478 pnetorii.
797 4407 936 4465 Nulli
989 4412 1340 4478 egressusad
1374 4413 1647 4481 publicum
1679 4417 1763 4472 di-

164 4481 453 4570 sceptandi
482 4499 549 4554 de
577 4499 854 4571 religione,
883 4498 968 4553 vel
1001 4501 1282 4566 tractandi,
1310 4503 1394 4557 vel
1415 4506 1622 4562 consilii
1651 4508 1754 4563 ali-

165 4592 295 4661 quid
330 4588 610 4645 deiercndi
659 4597 901 4660 patescat
924 4591 1255 4648 occasio..Et
1297 4594 1340 4648 si
1373 4596 1494 4665 quis
1537 4599 1762 4667 posthac

165 4699 299 4738 ausu
325 4681 669 4752 graviatque
699 4683 996 4738 damnabili
1027 4695 1215 4738 contra
1247 4684 1554 4754 bujusmodi
1587 4691 1763 4761 legero

165 4771 512 4826 veniendum
541 4785 664 4827 esse
714 4773 1027 4838 crediderit,
1077 4774 1161 4829 vel
1199 4774 1450 4833 insistere
1485 4790 1632 4837 motu
1671 4798 1764 4852 pc-

163 4863 375 4918 stifera:
401 4863 863 4932 pcrseverationis
892 4865 1131 4929 audebit,
1163 4871 1488 4937 competenti
1519 4887 1676 4940 poma
1707 4882 1762 4929 et

164 4953 332 5026 digno
373 4951 638 5022 supplicio
673 4962 1010 5009 coerceatnr.
1067 4972 1085 5005 ›
1128 4954 1259 5013 Item
1287 4957 1342 5014 in
1394 4960 1584 5015 eodem
1621 4963 1760 5018 libro

164 5049 267 5117 (tit.
300 5063 372 5110 v,
423 5047 524 5116 leg.
567 5047 620 5118 6)
648 5047 751 5104 sub
776 5046 951 5112 titulo,
987 5046 1061 5103 De
1093 5049 1367 5108 haereticis
1400 5069 1414 5106 :
1466 5072 1483 5103 ‹
1519 5052 1758 5123 Impera-

166 5147 317 5194 tores
346 5136 672 5202 Gratianus,
716 5135 1150 5203 Valentinianus,
1189 5148 1244 5195 et
1280 5141 1616 5198 Theodosius
1644 5144 1758 5200 Au-

166 5231 308 5302 gusti
347 5229 614 5300 Eutropio
642 5231 896 5299 praefecto
939 5232 1200 5301 praetorii.
1258 5232 1446 5289 Nullus
1490 5235 1761 5292 btereticis

167 5322 558 5394 mysteriorum
590 5321 761 5386 locus,
799 5322 945 5376 nulla
975 5323 1042 5378 ad
1083 5326 1444 5379 exercendam
1468 5326 1632 5380 animi
1664 5328 1756 5383 ob.

165 5413 475 5468 stinatioris
501 5414 832 5470 dementiam
858 5423 1042 5482 pateat
1062 5417 1296 5470 occasio.
1328 5417 1517 5472 Sciant
1543 5422 1758 5486 omnes,

165 5506 384 5560 etiamsi
411 5506 541 5575 quid
570 5506 789 5577 speciali
825 5507 1067 5577 quolibet
1093 5510 1356 5578 rescripto
1385 5527 1481 5579 per
1510 5511 1760 5567 fraudem

163 5599 353 5656 elicite
391 5599 464 5654 ab
504 5599 818 5671 hujusmodi
854 5600 1131 5655 hominum
1172 5615 1371 5672 genere
1411 5603 1761 5672 impetratum

164 5700 268 5757 est,
303 5705 413 5744 non
459 5690 661 5746 valere.
700 5691 1006 5747 Arceantur
1026 5701 1346 5748 cunctorum
1377 5693 1755 5751 haereticorum

168 5784 232 5838 ab
263 5781 472 5838 illicitis
507 5783 1020 5856 congregationibus
1043 5786 1234 5842 turbae.
1273 5803 1290 5838 ι
1321 5784 1526 5843 ltemin
1549 5787 1686 5848 libro
1703 5799 1757 5846 ct

1869 3313 2068 3382 quibus
2095 3313 2306 3368 eunetis
2327 3314 2537 3370 diversa
2555 3323 2678 3369 sunt
2702 3315 2940 3378 nomina,
2970 3315 3064 3370 sed
3085 3331 3187 3368 una
3203 3313 3457 3384 perﬁdia,

1867 3403 1958 3458 illa
1989 3403 2332 3474 praecipimus
2362 3405 2557 3460 debere
2584 3405 2751 3476 338
2783 3407 3012 3468 servari,
3049 3421 3169 3474 qua:
3191 3405 3298 3459 divi
3321 3419 3457 3459 avus

1869 3501 1925 3549 et
1977 3503 2131 3564 pater
2161 3505 2363 3551 nostrae
2421 3497 2726 3552 clementiae
2776 3497 3193 3560 consntuerunt,
3241 3495 3462 3551 scituris

1869 3585 2134 3640 universis
2155 3587 2298 3657 quod
2341 3587 2386 3642 si
2416 3587 2468 3642 in
2493 3589 2683 3643 eodem
2710 3587 2893 3642 furore
2929 3587 3346 3658 permanserint.
3378 3587 3461 3640 in-

1870 3675 2171 3730 terminata:
2213 3692 2388 3747 poenae
2415 3686 2578 3731 erunt
2607 3677 2852 3732 obnoxii.
2891 3698 2908 3728 υ
2939 3677 3068 3732 ltem
3101 3678 3154 3732 in
3189 3676 3459 3746 imperiali

1865 3767 2092 3838 epistola
2131 3769 2198 3822 ad
2225 3767 2501 3824 Aurelium
2557 3768 3038 3840 Carthaginiensem
3085 3769 3400 3839 episcopum
3436 3785 3454 3822 :

1875 3877 1894 3910 ι
1923 3859 2149 3915 Recenti
2181 3876 2396 3932 quoque
2434 3861 2718 3917 sanctione
2766 3862 3134 3926 decrevimus,
3157 3870 3216 3915 ut
3244 3861 3291 3916 si
3333 3861 3460 3930 quis

1865 3967 1960 4009 eos
1991 3954 2045 4008 in
2075 3970 2402 4025 quacunque
2445 3955 2847 4025 provinciarum
2893 3965 3047 4024 parte
3085 3954 3306 4008 latitare
3350 3969 3460 4008 non

1865 4045 2562 4116 nesciens,,autpropellcre
2584 4056 2678 4102 aut
2698 4045 3291 4117 prodere‘distulisset;
3314 4061 3456 4116 pra:-

1865 4137 2083 4207 seripue
2121 4153 2295 4207 patum
2330 4137 2480 4194 velut
2508 4138 2780 4207 particeps
2815 4135 3140 4206 subjaceret.
3171 4137 3451 4207 Prtecipno

1869 4237 2049 4280 tamen
2081 4227 2449 4296 quorumdam
2468 4228 2846 4298 episcoporum
2894 4227 3250 4296 pertinaciam
3284 4221 3450 4282 corri-

1863 4317 2116 4387 gendam,
2164 4318 2256 4387 qui
2288 4333 2490 4387 pravas
2523 4333 2710 4374 eorum
2750 4317 3144 4387 disputationes
3172 4315 3256 4370 vel
3295 4317 3460 4372 tacito

1863 4421 2129 4465 consensu
2171 4417 2441 4473 astruunt,
2469 4409 2550 4462 vtl
2577 4407 2788 4479 publica
2815 4407 3214 4482 oppugnatione
3238 4422 3346 4461 non
3367 4407 3462 4460 de-

1868 4508 2105 4555 struunt.
2151 4499 2360 4567 Religio
2396 4500 2579 4569 itaque
2620 4508 2708 4554 tua
2754 4499 3189 4569 competentibus
3237 4497 3459 4567 scriptis

1791 4571 1842 4632 Ῑ)
1869 4589 2155 4647 universos
2183 4589 2346 4646 faciat
2377 4591 2678 4656 admoneri,
2709 4591 2944 4646 scituros
2989 4591 3309 4646 dillinitioue
3333 4604 3460 4645 sau-

1873 4681 2113 4737 ctimonii
2142 4680 2218 4737 tui
2241 4682 2381 4739 hanc
2403 4681 2506 4736 sibi
2531 4681 2904 4737 ditlinitionem
2944 4695 3067 4736 esse
3091 4681 3370 4750 scriptam,
3399 4686 3459 4732 ut

1873 4771 2180 4841 quicunque
2215 4770 2548 4826 damnationi
2582 4787 2750 4840 supra
2777 4780 3204 4826 memoratorum
3230 4784 3338 4838 quo
3363 4782 3460 4838 pa-

1874 4871 1986 4916 teat
2013 4877 2166 4916 tnens
2191 4877 2324 4931 pura
2373 4861 2713 4917 subscribere
2754 4863 2919 4932 impia
2964 4861 3330 4917 obstinatione
3360 4877 3455 4915 ne-

1870 4951 2174 5023 glexerint,
2193 4953 2543 5021 episcopatus
2561 4953 2852 5008 amissione
2882 4951 3146 5015 mulctati,
3170 4949 3457 5004 interdicta

1869 5045 1922 5098 itt
1956 5055 2274 5116 perpetuum
2317 5045 2525 5114 expulsi
2575 5045 2886 5100 civitatibus
2913 5042 3295 5101 communione
3346 5043 3458 5110 pri-

1863 5148 2081 5192 ventur.
2118 5158 2140 5190 ι
2169 5137 2238 5194 Ει
2265 5146 2456 5193 sancta
2494 5140 2732 5210 synodus
2756 5134 3459 5204 Chalcedonensis(actione

1865 5229 1921 5301 5)
1955 5246 1968 5282 :
2003 5248 2022 5282 ι
2056 5229 2153 5287 His
2193 5230 2377 5302 igitur,
2410 5230 2605 5301 inquit,
2629 5248 2658 5284 a
2690 5230 2850 5286 nobis
2895 5228 3132 5297 undique
3158 5241 3281 5282 cum
3307 5225 3457 5280 onmi

1865 5319 2257 5377 deliberatione
2307 5337 2374 5376 ac
2405 5320 2685 5392 diligentia
2719 5320 2923 5391 pariter
2957 5317 3246 5383 ordinatis,
3266 5316 3457 5372 decre-

1869 5420 1955 5476 vit
1979 5429 2165 5477 sancta
2215 5429 2378 5490 atque
2407 5419 2730 5477 universalis
2761 5419 2877 5474 haec
2898 5417 3136 5488 synodus
3157 5455 3183 5480 ι
3200 5414 3362 5470 aliam
3396 5414 3460 5468 li-

1869 5515 1990 5569 dem
2049 5513 2250 5569 nemini
2292 5513 2458 5568 licere
2507 5512 2753 5582 proferre
2797 5511 2910 5566 sive
2951 5509 3328 5572 conscribere,
3362 5515 3458 5562 aut

1864 5616 2132 5670 evertere,
2161 5606 2243 5660 vel
2270 5606 2493 5668 sentire,
2518 5606 2601 5661 vel
2631 5605 2790 5660 aliter
2823 5605 3069 5660 tradere:
3101 5603 3195 5658 sed
3232 5617 3328 5658 eos
3362 5601 3457 5671 qui

1865 5699 2066 5754 audent
2087 5697 2169 5753 vel
2203 5712 2529 5768 componere
2559 5698 2714 5754 aliam
2746 5697 2926 5764 ﬁdem,
2958 5696 3043 5753 vel
3072 5695 3337 5766 proferre,
3368 5693 3451 5747 vel

1863 5793 2076 5858 docere,
2131 5789 2212 5849 vel
2252 5789 2464 5849 tradere
2496 5791 2637 5851 aliud
2674 5793 2972 5865 symbolum
3034 5789 3337 5848 volentibus
3364 5785 3448 5857 ad
