  <div class='ocr_page' id='page_1' title='image "/cluster/home/n/w/nwhite01/storage/ocr_20150623/125/hvd.32044015471667/207.png"; bbox 0 0 3998 6336; ppageno 0'>
   <div class='ocr_carea' id='block_1_1' title="bbox 606 351 714 410">
    <p class='ocr_par' dir='ltr' id='par_1_1' title="bbox 606 351 714 410">
     <span class='ocr_line' id='line_1_1' title="bbox 606 351 714 410; baseline 0 0"><span class='ocrx_word' id='word_1_1' title='bbox 606 351 714 410; x_wconf 67' lang='grc' dir='ltr'><strong>ιοδ</strong></span> 
     </span>
    </p>
   </div>
   <div class='ocr_carea' id='block_1_2' title="bbox 1576 321 2909 421">
    <p class='ocr_par' dir='ltr' id='par_1_2' title="bbox 1576 321 2909 421">
     <span class='ocr_line' id='line_1_2' title="bbox 1576 321 2909 421; baseline 0.004 -8"><span class='ocrx_word' id='word_1_2' title='bbox 1576 356 1906 416; x_wconf 79' lang='lat' dir='ltr'><strong>HINCMARI</strong></span> <span class='ocrx_word' id='word_1_3' title='bbox 1944 357 2337 416; x_wconf 69' lang='lat' dir='ltr'><strong>nuannssrs</strong></span> <span class='ocrx_word' id='word_1_4' title='bbox 2373 321 2909 421; x_wconf 78' lang='lat' dir='ltr'><strong>ARClilEPlSCOPl.</strong></span> 
     </span>
    </p>
   </div>
   <div class='ocr_carea' id='block_1_3' title="bbox 3736 375 3821 436">
    <p class='ocr_par' dir='ltr' id='par_1_3' title="bbox 3736 375 3821 436">
     <span class='ocr_line' id='line_1_3' title="bbox 3736 375 3821 436; baseline 0 -5"><span class='ocrx_word' id='word_1_5' title='bbox 3736 375 3821 436; x_wconf 71' lang='grc'><strong>404</strong></span> 
     </span>
    </p>
   </div>
   <div class='ocr_carea' id='block_1_4' title="bbox 611 474 3823 565">
    <p class='ocr_par' dir='ltr' id='par_1_4' title="bbox 611 474 3823 565">
     <span class='ocr_line' id='line_1_4' title="bbox 611 474 3823 565; baseline 0.003 -35"><span class='ocrx_word' id='word_1_6' title='bbox 611 474 1041 543; x_wconf 81' lang='lat' dir='ltr'><strong>cognoscendam</strong></span> <span class='ocrx_word' id='word_1_7' title='bbox 1086 488 1146 530; x_wconf 88' lang='lat' dir='ltr'><strong>se</strong></span> <span class='ocrx_word' id='word_1_8' title='bbox 1187 483 1511 531; x_wconf 79' lang='lat' dir='ltr'><strong>convertere</strong></span> <span class='ocrx_word' id='word_1_9' title='bbox 1535 477 1843 544; x_wconf 74' lang='lat' dir='ltr'><strong>veritatem,</strong></span> <span class='ocrx_word' id='word_1_10' title='bbox 1867 494 1933 534; x_wconf 81' lang='lat' dir='ltr'><strong>ex</strong></span> <span class='ocrx_word' id='word_1_11' title='bbox 1967 480 2072 535; x_wconf 87' lang='lat' dir='ltr'><strong>ritu</strong></span> <span class='ocrx_word' id='word_1_12' title='bbox 2095 493 2190 548; x_wconf 91' lang='lat' dir='ltr'><strong>pa-</strong></span> <span class='ocrx_word' id='word_1_13' title='bbox 2214 482 2271 555; x_wconf 75' lang='grc' dir='ltr'>Α</span> <span class='ocrx_word' id='word_1_14' title='bbox 2292 479 2440 535; x_wconf 90' lang='lat' dir='ltr'><strong>ciose</strong></span> <span class='ocrx_word' id='word_1_15' title='bbox 2473 478 2798 550; x_wconf 77' lang='lat' dir='ltr'><strong>indigneque</strong></span> <span class='ocrx_word' id='word_1_16' title='bbox 2818 481 3107 551; x_wconf 81' lang='lat' dir='ltr'><strong>praesedit,</strong></span> <span class='ocrx_word' id='word_1_17' title='bbox 3138 481 3462 538; x_wconf 85' lang='lat' dir='ltr'><strong>catholicum</strong></span> <span class='ocrx_word' id='word_1_18' title='bbox 3502 486 3726 545; x_wconf 77' lang='lat' dir='ltr'><strong>abbatem</strong></span> <span class='ocrx_word' id='word_1_19' title='bbox 3758 496 3823 565; x_wconf 83' lang='lat' dir='ltr'><strong>ju.</strong></span> 
     </span>
    </p>
   </div>
   <div class='ocr_carea' id='block_1_5' title="bbox 529 564 2187 641">
    <p class='ocr_par' dir='ltr' id='par_1_5' title="bbox 529 564 2187 641">
     <span class='ocr_line' id='line_1_5' title="bbox 529 564 2187 641; baseline 0.008 -26"><span class='ocrx_word' id='word_1_20' title='bbox 529 612 532 615; x_wconf 21' lang='grc' dir='ltr'><strong>Α</strong></span> <span class='ocrx_word' id='word_1_21' title='bbox 613 581 779 637; x_wconf 74' lang='lat' dir='ltr'><strong>gano,</strong></span> <span class='ocrx_word' id='word_1_22' title='bbox 821 564 935 622; x_wconf 84' lang='lat' dir='ltr'><strong>sive</strong></span> <span class='ocrx_word' id='word_1_23' title='bbox 955 564 1199 633; x_wconf 68' lang='lat' dir='ltr'><strong>Iudaico,</strong></span> <span class='ocrx_word' id='word_1_24' title='bbox 1229 568 1313 622; x_wconf 91' lang='lat' dir='ltr'><strong>vel</strong></span> <span class='ocrx_word' id='word_1_25' title='bbox 1343 569 1706 641; x_wconf 78' lang='lat' dir='ltr'><strong>qualicunque</strong></span> <span class='ocrx_word' id='word_1_26' title='bbox 1729 573 2002 640; x_wconf 75' lang='lat' dir='ltr'><strong>hzeretico,</strong></span> <span class='ocrx_word' id='word_1_27' title='bbox 2026 590 2120 630; x_wconf 87' lang='lat' dir='ltr'><strong>eos</strong></span> <span class='ocrx_word' id='word_1_28' title='bbox 2141 576 2187 631; x_wconf 87' lang='lat' dir='ltr'><strong>si</strong></span> 
     </span>
    </p>
   </div>
   <div class='ocr_carea' id='block_1_6' title="bbox 613 655 2188 737">
    <p class='ocr_par' dir='ltr' id='par_1_6' title="bbox 613 655 2188 737">
     <span class='ocr_line' id='line_1_6' title="bbox 613 655 2188 737; baseline 0.007 -27"><span class='ocrx_word' id='word_1_29' title='bbox 613 655 832 726; x_wconf 85' lang='lat' dir='ltr'><strong>quidem</strong></span> <span class='ocrx_word' id='word_1_30' title='bbox 861 657 1100 729; x_wconf 81' lang='lat' dir='ltr'><strong>episcopi</strong></span> <span class='ocrx_word' id='word_1_31' title='bbox 1147 659 1264 714; x_wconf 90' lang='lat' dir='ltr'><strong>sive</strong></span> <span class='ocrx_word' id='word_1_32' title='bbox 1306 659 1488 717; x_wconf 85' lang='lat' dir='ltr'><strong>clerici</strong></span> <span class='ocrx_word' id='word_1_33' title='bbox 1512 672 1655 728; x_wconf 90' lang='lat' dir='ltr'><strong>sunt,</strong></span> <span class='ocrx_word' id='word_1_34' title='bbox 1687 665 1893 721; x_wconf 88' lang='lat' dir='ltr'><strong>alienos</strong></span> <span class='ocrx_word' id='word_1_35' title='bbox 1918 682 2041 723; x_wconf 89' lang='lat' dir='ltr'><strong>esse</strong></span> <span class='ocrx_word' id='word_1_36' title='bbox 2073 668 2188 737; x_wconf 83' lang='lat' dir='ltr'><strong>epi-</strong></span> 
     </span>
    </p>
   </div>
   <div class='ocr_carea' id='block_1_7' title="bbox 613 749 2189 827">
    <p class='ocr_par' dir='ltr' id='par_1_7' title="bbox 613 749 2189 827">
     <span class='ocr_line' id='line_1_7' title="bbox 613 749 2189 827; baseline 0.008 -23"><span class='ocrx_word' id='word_1_37' title='bbox 613 762 808 819; x_wconf 75' lang='lat' dir='ltr'><strong>scopos</strong></span> <span class='ocrx_word' id='word_1_38' title='bbox 829 749 900 805; x_wconf 83' lang='lat' dir='ltr'><strong>ab</strong></span> <span class='ocrx_word' id='word_1_39' title='bbox 943 750 1278 820; x_wconf 81' lang='lat' dir='ltr'><strong>episcopatu,</strong></span> <span class='ocrx_word' id='word_1_40' title='bbox 1320 760 1377 808; x_wconf 89' lang='lat' dir='ltr'><strong>et</strong></span> <span class='ocrx_word' id='word_1_41' title='bbox 1412 754 1640 811; x_wconf 82' lang='lat' dir='ltr'><strong>clericos</strong></span> <span class='ocrx_word' id='word_1_42' title='bbox 1670 772 1700 810; x_wconf 89' lang='lat' dir='ltr'><strong>a</strong></span> <span class='ocrx_word' id='word_1_43' title='bbox 1746 758 1913 814; x_wconf 85' lang='lat' dir='ltr'><strong>clero.</strong></span> <span class='ocrx_word' id='word_1_44' title='bbox 1957 759 2111 827; x_wconf 85' lang='lat' dir='ltr'><strong>Quod</strong></span> <span class='ocrx_word' id='word_1_45' title='bbox 2143 761 2189 816; x_wconf 86' lang='lat' dir='ltr'><strong>si</strong></span> 
     </span>
    </p>
   </div>
   <div class='ocr_carea' id='block_1_8' title="bbox 610 839 1908 911">
    <p class='ocr_par' dir='ltr' id='par_1_8' title="bbox 610 839 1908 911">
     <span class='ocr_line' id='line_1_8' title="bbox 610 839 1908 911; baseline 0.004 -15"><span class='ocrx_word' id='word_1_46' title='bbox 610 839 865 896; x_wconf 86' lang='lat' dir='ltr'><strong>monachi</strong></span> <span class='ocrx_word' id='word_1_47' title='bbox 884 841 967 897; x_wconf 89' lang='lat' dir='ltr'><strong>vel</strong></span> <span class='ocrx_word' id='word_1_48' title='bbox 996 841 1116 897; x_wconf 88' lang='lat' dir='ltr'><strong>laici</strong></span> <span class='ocrx_word' id='word_1_49' title='bbox 1139 841 1363 911; x_wconf 78' lang='lat' dir='ltr'><strong>fuerint,</strong></span> <span class='ocrx_word' id='word_1_50' title='bbox 1384 847 1850 903; x_wconf 81' lang='lat' dir='ltr'><strong>anathematizari.</strong></span> <span class='ocrx_word' id='word_1_51' title='bbox 1889 869 1908 901; x_wconf 72' lang='grc' dir='ltr'><strong>ι</strong></span> 
     </span>
    </p>
   </div>
   <div class='ocr_carea' id='block_1_9' title="bbox 683 930 2187 1011">
    <p class='ocr_par' dir='ltr' id='par_1_9' title="bbox 683 930 2187 1011">
     <span class='ocr_line' id='line_1_9' title="bbox 683 930 2187 1011; baseline 0.007 -26"><span class='ocrx_word' id='word_1_52' title='bbox 683 930 916 986; x_wconf 78' lang='lat' dir='ltr'><strong>Videant</strong></span> <span class='ocrx_word' id='word_1_53' title='bbox 968 932 1082 998; x_wconf 86' lang='lat' dir='ltr'><strong>isti,</strong></span> <span class='ocrx_word' id='word_1_54' title='bbox 1110 935 1205 1004; x_wconf 90' lang='lat' dir='ltr'><strong>qui</strong></span> <span class='ocrx_word' id='word_1_55' title='bbox 1258 951 1364 991; x_wconf 89' lang='lat' dir='ltr'><strong>non</strong></span> <span class='ocrx_word' id='word_1_56' title='bbox 1395 938 1567 993; x_wconf 88' lang='lat' dir='ltr'><strong>solum</strong></span> <span class='ocrx_word' id='word_1_57' title='bbox 1598 941 1840 1011; x_wconf 81' lang='lat' dir='ltr'><strong>symbola</strong></span> <span class='ocrx_word' id='word_1_58' title='bbox 1881 942 1964 997; x_wconf 86' lang='lat' dir='ltr'><strong>vel</strong></span> <span class='ocrx_word' id='word_1_59' title='bbox 2021 942 2187 997; x_wconf 89' lang='lat' dir='ltr'><strong>colla-</strong></span> 
     </span>
    </p>
   </div>
   <div class='ocr_carea' id='block_1_10' title="bbox 608 1015 2194 1093">
    <p class='ocr_par' dir='ltr' id='par_1_10' title="bbox 608 1015 2194 1093">
     <span class='ocr_line' id='line_1_10' title="bbox 608 1015 2194 1093; baseline 0.009 -22"><span class='ocrx_word' id='word_1_60' title='bbox 608 1015 869 1072; x_wconf 81' lang='lat' dir='ltr'><strong>tionesin</strong></span> <span class='ocrx_word' id='word_1_61' title='bbox 915 1021 1271 1078; x_wconf 81' lang='lat' dir='ltr'><strong>conventibus</strong></span> <span class='ocrx_word' id='word_1_62' title='bbox 1297 1025 1463 1080; x_wconf 87' lang='lat' dir='ltr'><strong>verbo</strong></span> <span class='ocrx_word' id='word_1_63' title='bbox 1491 1035 1748 1093; x_wconf 76' lang='lat' dir='ltr'><strong>tractant,</strong></span> <span class='ocrx_word' id='word_1_64' title='bbox 1788 1029 1883 1084; x_wconf 90' lang='lat' dir='ltr'><strong>sed</strong></span> <span class='ocrx_word' id='word_1_65' title='bbox 1935 1031 2096 1084; x_wconf 90' lang='lat' dir='ltr'><strong>etiam</strong></span> <span class='ocrx_word' id='word_1_66' title='bbox 2129 1029 2194 1085; x_wconf 86' lang='lat' dir='ltr'><strong>li-</strong></span> 
     </span>
    </p>
   </div>
   <div class='ocr_carea' id='block_1_11' title="bbox 607 1106 2191 1192">
    <p class='ocr_par' dir='ltr' id='par_1_11' title="bbox 607 1106 2191 1192">
     <span class='ocr_line' id='line_1_11' title="bbox 607 1106 2191 1192; baseline 0.008 -29"><span class='ocrx_word' id='word_1_67' title='bbox 607 1106 831 1165; x_wconf 83' lang='lat' dir='ltr'><strong>brorum</strong></span> <span class='ocrx_word' id='word_1_68' title='bbox 889 1113 1310 1182; x_wconf 86' lang='lat' dir='ltr'><strong>compositiones</strong></span> <span class='ocrx_word' id='word_1_69' title='bbox 1344 1126 1399 1170; x_wconf 90' lang='lat' dir='ltr'><strong>et</strong></span> <span class='ocrx_word' id='word_1_70' title='bbox 1433 1119 1668 1187; x_wconf 88' lang='lat' dir='ltr'><strong>capitula</strong></span> <span class='ocrx_word' id='word_1_71' title='bbox 1712 1120 1866 1189; x_wconf 87' lang='lat' dir='ltr'><strong>quasi</strong></span> <span class='ocrx_word' id='word_1_72' title='bbox 1912 1120 2191 1192; x_wconf 87' lang='lat' dir='ltr'><strong>synodalia</strong></span> 
     </span>
    </p>
   </div>
   <div class='ocr_carea' id='block_1_12' title="bbox 610 1202 2191 1282">
    <p class='ocr_par' dir='ltr' id='par_1_12' title="bbox 610 1202 2191 1282">
     <span class='ocr_line' id='line_1_12' title="bbox 610 1202 2191 1282; baseline 0.009 -28"><span class='ocrx_word' id='word_1_73' title='bbox 610 1202 983 1269; x_wconf 87' lang='lat' dir='ltr'><strong>conscribunt,</strong></span> <span class='ocrx_word' id='word_1_74' title='bbox 1035 1214 1091 1261; x_wconf 90' lang='lat' dir='ltr'><strong>et</strong></span> <span class='ocrx_word' id='word_1_75' title='bbox 1140 1224 1241 1277; x_wconf 86' lang='lat' dir='ltr'><strong>pro</strong></span> <span class='ocrx_word' id='word_1_76' title='bbox 1292 1211 1525 1266; x_wconf 86' lang='lat' dir='ltr'><strong>veritate</strong></span> <span class='ocrx_word' id='word_1_77' title='bbox 1572 1212 1906 1282; x_wconf 86' lang='lat' dir='ltr'><strong>simplicibus</strong></span> <span class='ocrx_word' id='word_1_78' title='bbox 1960 1216 2191 1270; x_wconf 85' lang='lat' dir='ltr'><strong>tenenda</strong></span> 
     </span>
    </p>
   </div>
   <div class='ocr_carea' id='block_1_13' title="bbox 611 1295 2196 1374">
    <p class='ocr_par' dir='ltr' id='par_1_13' title="bbox 611 1295 2196 1374">
     <span class='ocr_line' id='line_1_13' title="bbox 611 1295 2196 1374; baseline 0.011 -30"><span class='ocrx_word' id='word_1_79' title='bbox 611 1295 960 1358; x_wconf 87' lang='lat' dir='ltr'><strong>contradunt,</strong></span> <span class='ocrx_word' id='word_1_80' title='bbox 1009 1305 1189 1353; x_wconf 91' lang='lat' dir='ltr'><strong>utrum</strong></span> <span class='ocrx_word' id='word_1_81' title='bbox 1218 1300 1287 1354; x_wconf 90' lang='lat' dir='ltr'><strong>ab</strong></span> <span class='ocrx_word' id='word_1_82' title='bbox 1315 1300 1418 1356; x_wconf 89' lang='lat' dir='ltr'><strong>hac</strong></span> <span class='ocrx_word' id='word_1_83' title='bbox 1465 1302 1809 1359; x_wconf 84' lang='lat' dir='ltr'><strong>damnatione</strong></span> <span class='ocrx_word' id='word_1_84' title='bbox 1833 1306 2042 1374; x_wconf 76' lang='lat' dir='ltr'><strong>excepti</strong></span> <span class='ocrx_word' id='word_1_85' title='bbox 2075 1320 2196 1361; x_wconf 86' lang='lat' dir='ltr'><strong>esse</strong></span> 
     </span>
    </p>
   </div>
   <div class='ocr_carea' id='block_1_14' title="bbox 608 1384 2193 1468">
    <p class='ocr_par' dir='ltr' id='par_1_14' title="bbox 608 1384 2193 1468">
     <span class='ocr_line' id='line_1_14' title="bbox 608 1384 2193 1468; baseline 0.011 -33"><span class='ocrx_word' id='word_1_86' title='bbox 608 1384 965 1454; x_wconf 69' lang='lat' dir='ltr'><strong>praevaleant.</strong></span> <span class='ocrx_word' id='word_1_87' title='bbox 1023 1386 1158 1444; x_wconf 73' lang='lat' dir='ltr'><strong>Nam</strong></span> <span class='ocrx_word' id='word_1_88' title='bbox 1211 1391 1514 1462; x_wconf 86' lang='lat' dir='ltr'><strong>symbolum</strong></span> <span class='ocrx_word' id='word_1_89' title='bbox 1565 1403 1620 1451; x_wconf 86' lang='lat' dir='ltr'><strong>et</strong></span> <span class='ocrx_word' id='word_1_90' title='bbox 1675 1396 1905 1465; x_wconf 89' lang='lat' dir='ltr'><strong>apostoli</strong></span> <span class='ocrx_word' id='word_1_91' title='bbox 1959 1398 2193 1468; x_wconf 85' lang='lat' dir='ltr'><strong>primum</strong></span> 
     </span>
    </p>
   </div>
   <div class='ocr_carea' id='block_1_15' title="bbox 610 1477 2192 1557">
    <p class='ocr_par' dir='ltr' id='par_1_15' title="bbox 610 1477 2192 1557">
     <span class='ocr_line' id='line_1_15' title="bbox 610 1477 2192 1557; baseline 0.008 -26"><span class='ocrx_word' id='word_1_92' title='bbox 610 1477 961 1545; x_wconf 82' lang='lat' dir='ltr'><strong>scripserunt,</strong></span> <span class='ocrx_word' id='word_1_93' title='bbox 979 1488 1034 1535; x_wconf 91' lang='lat' dir='ltr'><strong>et</strong></span> <span class='ocrx_word' id='word_1_94' title='bbox 1061 1479 1273 1537; x_wconf 79' lang='lat' dir='ltr'><strong>Nicama</strong></span> <span class='ocrx_word' id='word_1_95' title='bbox 1302 1486 1556 1554; x_wconf 79' lang='lat' dir='ltr'><strong>synodus,</strong></span> <span class='ocrx_word' id='word_1_96' title='bbox 1581 1496 1635 1540; x_wconf 91' lang='lat' dir='ltr'><strong>et</strong></span> <span class='ocrx_word' id='word_1_97' title='bbox 1654 1487 1941 1557; x_wconf 89' lang='lat' dir='ltr'><strong>Ephesina,</strong></span> <span class='ocrx_word' id='word_1_98' title='bbox 1976 1498 2031 1544; x_wconf 91' lang='lat' dir='ltr'><strong>et</strong></span> <span class='ocrx_word' id='word_1_99' title='bbox 2055 1488 2192 1544; x_wconf 83' lang='lat' dir='ltr'><strong>Con-</strong></span> 
     </span>
    </p>
   </div>
   <div class='ocr_carea' id='block_1_16' title="bbox 611 1568 2193 1651">
    <p class='ocr_par' dir='ltr' id='par_1_16' title="bbox 611 1568 2193 1651">
     <span class='ocr_line' id='line_1_16' title="bbox 611 1568 2193 1651; baseline 0.009 -30"><span class='ocrx_word' id='word_1_100' title='bbox 611 1568 1110 1638; x_wconf 84' lang='lat' dir='ltr'><strong>stantinopolitana,</strong></span> <span class='ocrx_word' id='word_1_101' title='bbox 1138 1582 1193 1628; x_wconf 91' lang='lat' dir='ltr'><strong>et</strong></span> <span class='ocrx_word' id='word_1_102' title='bbox 1218 1573 1695 1643; x_wconf 86' lang='lat' dir='ltr'><strong>Chalcedonensis,</strong></span> <span class='ocrx_word' id='word_1_103' title='bbox 1724 1588 1779 1633; x_wconf 90' lang='lat' dir='ltr'><strong>et</strong></span> <span class='ocrx_word' id='word_1_104' title='bbox 1808 1589 2017 1635; x_wconf 65' lang='lat' dir='ltr'><strong>caetera:</strong></span> <span class='ocrx_word' id='word_1_105' title='bbox 2042 1597 2193 1651; x_wconf 80' lang='lat' dir='ltr'><strong>quae-</strong></span> 
     </span>
    </p>
   </div>
   <div class='ocr_carea' id='block_1_17' title="bbox 572 1654 2192 1739">
    <p class='ocr_par' dir='ltr' id='par_1_17' title="bbox 572 1654 2192 1739">
     <span class='ocr_line' id='line_1_17' title="bbox 572 1654 2192 1739; baseline 0.01 -28"><span class='ocrx_word' id='word_1_106' title='bbox 572 1654 725 1728; x_wconf 59' lang='lat' dir='ltr'><strong>&#39;que</strong></span> <span class='ocrx_word' id='word_1_107' title='bbox 762 1660 1098 1718; x_wconf 86' lang='lat' dir='ltr'><strong>universales</strong></span> <span class='ocrx_word' id='word_1_108' title='bbox 1161 1666 1353 1736; x_wconf 86' lang='lat' dir='ltr'><strong>synodi</strong></span> <span class='ocrx_word' id='word_1_109' title='bbox 1422 1669 1888 1739; x_wconf 85' lang='lat' dir='ltr'><strong>conscripserunt,</strong></span> <span class='ocrx_word' id='word_1_110' title='bbox 1941 1674 2033 1725; x_wconf 79' lang='lat' dir='ltr'><strong>sed</strong></span> <span class='ocrx_word' id='word_1_111' title='bbox 2086 1688 2192 1727; x_wconf 90' lang='lat' dir='ltr'><strong>non</strong></span> 
     </span>
    </p>
   </div>
   <div class='ocr_carea' id='block_1_18' title="bbox 613 1748 2192 1832">
    <p class='ocr_par' dir='ltr' id='par_1_18' title="bbox 613 1748 2192 1832">
     <span class='ocr_line' id='line_1_18' title="bbox 613 1748 2192 1832; baseline 0.007 -28"><span class='ocrx_word' id='word_1_112' title='bbox 613 1748 785 1814; x_wconf 79' lang='lat' dir='ltr'><strong>aliud,</strong></span> <span class='ocrx_word' id='word_1_113' title='bbox 819 1751 943 1820; x_wconf 84' lang='lat' dir='ltr'><strong>quia</strong></span> <span class='ocrx_word' id='word_1_114' title='bbox 974 1767 1081 1807; x_wconf 89' lang='lat' dir='ltr'><strong>non</strong></span> <span class='ocrx_word' id='word_1_115' title='bbox 1111 1754 1317 1810; x_wconf 89' lang='lat' dir='ltr'><strong>discors</strong></span> <span class='ocrx_word' id='word_1_116' title='bbox 1344 1774 1375 1811; x_wconf 86' lang='lat' dir='ltr'><strong>a</strong></span> <span class='ocrx_word' id='word_1_117' title='bbox 1412 1759 1639 1812; x_wconf 80' lang='lat' dir='ltr'><strong>veritate</strong></span> <span class='ocrx_word' id='word_1_118' title='bbox 1667 1768 1844 1813; x_wconf 75' lang='lat' dir='ltr'><strong>exstat</strong></span> <span class='ocrx_word' id='word_1_119' title='bbox 1867 1762 2192 1832; x_wconf 70' lang='lat' dir='ltr'><strong>symbolum.</strong></span> 
     </span>
    </p>
   </div>
   <div class='ocr_carea' id='block_1_19' title="bbox 2288 572 3826 650">
    <p class='ocr_par' dir='ltr' id='par_1_19' title="bbox 2288 572 3826 650">
     <span class='ocr_line' id='line_1_19' title="bbox 2288 572 3826 650; baseline 0.007 -23"><span class='ocrx_word' id='word_1_120' title='bbox 2288 572 2413 627; x_wconf 82' lang='lat' dir='ltr'><strong>bete</strong></span> <span class='ocrx_word' id='word_1_121' title='bbox 2438 574 2674 642; x_wconf 64' lang='lat' dir='ltr'><strong>prmponi</strong></span> <span class='ocrx_word' id='word_1_122' title='bbox 2694 613 2712 636; x_wconf 91' lang='lat'><strong>,</strong></span> <span class='ocrx_word' id='word_1_123' title='bbox 2742 574 2833 642; x_wconf 90' lang='lat' dir='ltr'><strong>qui</strong></span> <span class='ocrx_word' id='word_1_124' title='bbox 2865 572 3013 626; x_wconf 87' lang='lat' dir='ltr'><strong>illam</strong></span> <span class='ocrx_word' id='word_1_125' title='bbox 3043 586 3325 650; x_wconf 85' lang='lat' dir='ltr'><strong>servorum</strong></span> <span class='ocrx_word' id='word_1_126' title='bbox 3372 573 3469 630; x_wconf 86' lang='lat' dir='ltr'><strong>Dei</strong></span> <span class='ocrx_word' id='word_1_127' title='bbox 3502 586 3826 650; x_wconf 78' lang='lat' dir='ltr'><strong>congregatio-</strong></span> 
     </span>
    </p>
   </div>
   <div class='ocr_carea' id='block_1_20' title="bbox 2290 648 3827 735">
    <p class='ocr_par' dir='ltr' id='par_1_20' title="bbox 2290 648 3827 735">
     <span class='ocr_line' id='line_1_20' title="bbox 2290 648 3827 735; baseline 0.008 -16"><span class='ocrx_word' id='word_1_128' title='bbox 2290 680 2413 719; x_wconf 89' lang='lat' dir='ltr'><strong>nem</strong></span> <span class='ocrx_word' id='word_1_129' title='bbox 2431 706 2447 729; x_wconf 94' lang='lat'><strong>,</strong></span> <span class='ocrx_word' id='word_1_130' title='bbox 2477 673 2532 718; x_wconf 89' lang='lat' dir='ltr'><strong>et</strong></span> <span class='ocrx_word' id='word_1_131' title='bbox 2557 680 2587 718; x_wconf 90' lang='lat' dir='ltr'><strong>a</strong></span> <span class='ocrx_word' id='word_1_132' title='bbox 2618 678 2788 735; x_wconf 88' lang='lat' dir='ltr'><strong>pravo</strong></span> <span class='ocrx_word' id='word_1_133' title='bbox 2815 664 3068 735; x_wconf 84' lang='lat' dir='ltr'><strong>dogmate</strong></span> <span class='ocrx_word' id='word_1_134' title='bbox 3096 648 3326 719; x_wconf 74' lang='lat' dir='ltr'><strong>liberare</strong></span> <span class='ocrx_word' id='word_1_135' title='bbox 3344 705 3363 729; x_wconf 90' lang='lat'><strong>,</strong></span> <span class='ocrx_word' id='word_1_136' title='bbox 3388 674 3445 720; x_wconf 91' lang='lat' dir='ltr'><strong>et</strong></span> <span class='ocrx_word' id='word_1_137' title='bbox 3484 648 3725 727; x_wconf 82' lang='lat' dir='ltr'><strong>institutis</strong></span> <span class='ocrx_word' id='word_1_138' title='bbox 3751 690 3827 731; x_wconf 80' lang='lat' dir='ltr'><strong>ve-</strong></span> 
     </span>
    </p>
   </div>
   <div class='ocr_carea' id='block_1_21' title="bbox 2290 755 3824 829">
    <p class='ocr_par' dir='ltr' id='par_1_21' title="bbox 2290 755 3824 829">
     <span class='ocr_line' id='line_1_21' title="bbox 2290 755 3824 829; baseline 0.006 -19"><span class='ocrx_word' id='word_1_139' title='bbox 2290 757 2470 811; x_wconf 85' lang='lat' dir='ltr'><strong>ritatis</strong></span> <span class='ocrx_word' id='word_1_140' title='bbox 2513 758 2686 826; x_wconf 81' lang='lat' dir='ltr'><strong>possit</strong></span> <span class='ocrx_word' id='word_1_141' title='bbox 2730 757 2993 811; x_wconf 87' lang='lat' dir='ltr'><strong>imbuere.</strong></span> <span class='ocrx_word' id='word_1_142' title='bbox 3030 775 3049 808; x_wconf 84' lang='grc'><strong>›</strong></span> <span class='ocrx_word' id='word_1_143' title='bbox 3080 755 3215 811; x_wconf 90' lang='lat' dir='ltr'><strong>ltem</strong></span> <span class='ocrx_word' id='word_1_144' title='bbox 3261 757 3404 811; x_wconf 91' lang='lat' dir='ltr'><strong>idem</strong></span> <span class='ocrx_word' id='word_1_145' title='bbox 3451 759 3504 812; x_wconf 92' lang='lat' dir='ltr'><strong>in</strong></span> <span class='ocrx_word' id='word_1_146' title='bbox 3537 761 3740 829; x_wconf 86' lang='lat' dir='ltr'><strong>epistola</strong></span> <span class='ocrx_word' id='word_1_147' title='bbox 3772 767 3824 821; x_wconf 84' lang='lat' dir='ltr'><strong>ad</strong></span> 
     </span>
    </p>
   </div>
   <div class='ocr_carea' id='block_1_22' title="bbox 2289 849 3825 926">
    <p class='ocr_par' dir='ltr' id='par_1_22' title="bbox 2289 849 3825 926">
     <span class='ocr_line' id='line_1_22' title="bbox 2289 849 3825 926; baseline 0.005 -21"><span class='ocrx_word' id='word_1_148' title='bbox 2289 849 2526 905; x_wconf 87' lang='lat' dir='ltr'><strong>Leonem</strong></span> <span class='ocrx_word' id='word_1_149' title='bbox 2553 850 2851 921; x_wconf 84' lang='lat' dir='ltr'><strong>Augustum</strong></span> <span class='ocrx_word' id='word_1_150' title='bbox 2884 850 3082 920; x_wconf 83' lang='lat' dir='ltr'><strong>(ep.75)</strong></span> <span class='ocrx_word' id='word_1_151' title='bbox 3111 868 3123 903; x_wconf 89' lang='lat'><strong>:</strong></span> <span class='ocrx_word' id='word_1_152' title='bbox 3154 869 3171 901; x_wconf 76' lang='grc' dir='ltr'><strong>ε</strong></span> <span class='ocrx_word' id='word_1_153' title='bbox 3203 849 3602 905; x_wconf 88' lang='lat' dir='ltr'><strong>Sacerdotalem</strong></span> <span class='ocrx_word' id='word_1_154' title='bbox 3632 870 3825 926; x_wconf 84' lang='lat' dir='ltr'><strong>namque</strong></span> 
     </span>
    </p>
   </div>
   <div class='ocr_carea' id='block_1_23' title="bbox 2291 940 3826 1009">
    <p class='ocr_par' dir='ltr' id='par_1_23' title="bbox 2291 940 3826 1009">
     <span class='ocr_line' id='line_1_23' title="bbox 2291 940 3826 1009; baseline 0.004 -15"><span class='ocrx_word' id='word_1_155' title='bbox 2291 950 2343 994; x_wconf 87' lang='lat' dir='ltr'><strong>et</strong></span> <span class='ocrx_word' id='word_1_156' title='bbox 2373 940 2725 1009; x_wconf 88' lang='lat' dir='ltr'><strong>apostolicum</strong></span> <span class='ocrx_word' id='word_1_157' title='bbox 2764 948 2870 995; x_wconf 74' lang='lat' dir='ltr'><strong>tua:</strong></span> <span class='ocrx_word' id='word_1_158' title='bbox 2895 941 3111 1009; x_wconf 80' lang='lat' dir='ltr'><strong>pietatis</strong></span> <span class='ocrx_word' id='word_1_159' title='bbox 3145 942 3386 995; x_wconf 87' lang='lat' dir='ltr'><strong>auiunun</strong></span> <span class='ocrx_word' id='word_1_160' title='bbox 3419 942 3579 996; x_wconf 88' lang='lat' dir='ltr'><strong>etiam</strong></span> <span class='ocrx_word' id='word_1_161' title='bbox 3623 945 3713 999; x_wconf 87' lang='lat' dir='ltr'><strong>hoc</strong></span> <span class='ocrx_word' id='word_1_162' title='bbox 3737 963 3826 1000; x_wconf 79' lang='lat' dir='ltr'><strong>ma-</strong></span> 
     </span>
    </p>
   </div>
   <div class='ocr_carea' id='block_1_24' title="bbox 2293 1029 3828 1105">
    <p class='ocr_par' dir='ltr' id='par_1_24' title="bbox 2293 1029 3828 1105">
     <span class='ocr_line' id='line_1_24' title="bbox 2293 1029 3828 1105; baseline 0.004 -21"><span class='ocrx_word' id='word_1_163' title='bbox 2293 1030 2402 1085; x_wconf 91' lang='lat' dir='ltr'><strong>lum</strong></span> <span class='ocrx_word' id='word_1_164' title='bbox 2448 1033 2515 1085; x_wconf 90' lang='lat' dir='ltr'><strong>ad</strong></span> <span class='ocrx_word' id='word_1_165' title='bbox 2556 1029 2825 1099; x_wconf 85' lang='lat' dir='ltr'><strong>justitiam</strong></span> <span class='ocrx_word' id='word_1_166' title='bbox 2872 1031 3096 1086; x_wconf 82' lang='lat' dir='ltr'><strong>ultionis</strong></span> <span class='ocrx_word' id='word_1_167' title='bbox 3139 1033 3299 1086; x_wconf 84' lang='lat' dir='ltr'><strong>debet</strong></span> <span class='ocrx_word' id='word_1_168' title='bbox 3351 1036 3673 1097; x_wconf 87' lang='lat' dir='ltr'><strong>accendere,</strong></span> <span class='ocrx_word' id='word_1_169' title='bbox 3711 1039 3828 1105; x_wconf 79' lang='lat' dir='ltr'><strong>quod</strong></span> 
     </span>
    </p>
   </div>
   <div class='ocr_carea' id='block_1_25' title="bbox 2292 1121 3829 1194">
    <p class='ocr_par' dir='ltr' id='par_1_25' title="bbox 2292 1121 3829 1194">
     <span class='ocr_line' id='line_1_25' title="bbox 2292 1121 3829 1194; baseline 0.004 -18"><span class='ocrx_word' id='word_1_170' title='bbox 2292 1121 2903 1191; x_wconf 75' lang='lat' dir='ltr'><strong>Constantinopolitanae</strong></span> <span class='ocrx_word' id='word_1_171' title='bbox 2943 1123 3198 1178; x_wconf 65' lang='lat' dir='ltr'><strong>Ecclesiae</strong></span> <span class='ocrx_word' id='word_1_172' title='bbox 3244 1124 3535 1193; x_wconf 83' lang='lat' dir='ltr'><strong>puritatem</strong></span> <span class='ocrx_word' id='word_1_173' title='bbox 3564 1128 3829 1194; x_wconf 86' lang='lat' dir='ltr'><strong>pestilentcr</strong></span> 
     </span>
    </p>
   </div>
   <div class='ocr_carea' id='block_1_26' title="bbox 2293 1196 3829 1282">
    <p class='ocr_par' dir='ltr' id='par_1_26' title="bbox 2293 1196 3829 1282">
     <span class='ocr_line' id='line_1_26' title="bbox 2293 1196 3829 1282; baseline 0.003 -15"><span class='ocrx_word' id='word_1_174' title='bbox 2293 1212 2588 1267; x_wconf 86' lang='lat' dir='ltr'><strong>obscurat:</strong></span> <span class='ocrx_word' id='word_1_175' title='bbox 2622 1212 2674 1265; x_wconf 90' lang='lat' dir='ltr'><strong>in</strong></span> <span class='ocrx_word' id='word_1_176' title='bbox 2707 1226 2813 1280; x_wconf 88' lang='lat' dir='ltr'><strong>qua</strong></span> <span class='ocrx_word' id='word_1_177' title='bbox 2859 1212 3208 1266; x_wconf 89' lang='lat' dir='ltr'><strong>inveniuntur</strong></span> <span class='ocrx_word' id='word_1_178' title='bbox 3234 1213 3421 1268; x_wconf 87' lang='lat' dir='ltr'><strong>clerici</strong></span> <span class='ocrx_word' id='word_1_179' title='bbox 3461 1196 3829 1282; x_wconf 63' lang='lat' dir='ltr'><strong>quidam&#39;ltzere-</strong></span> 
     </span>
    </p>
   </div>
   <div class='ocr_carea' id='block_1_27' title="bbox 2294 1305 3827 1374">
    <p class='ocr_par' dir='ltr' id='par_1_27' title="bbox 2294 1305 3827 1374">
     <span class='ocr_line' id='line_1_27' title="bbox 2294 1305 3827 1374; baseline 0.002 -14"><span class='ocrx_word' id='word_1_180' title='bbox 2294 1306 2524 1360; x_wconf 89' lang='lat' dir='ltr'><strong>ticorum</strong></span> <span class='ocrx_word' id='word_1_181' title='bbox 2551 1305 2733 1360; x_wconf 87' lang='lat' dir='ltr'><strong>sensui</strong></span> <span class='ocrx_word' id='word_1_182' title='bbox 2762 1313 3155 1371; x_wconf 81' lang='lat' dir='ltr'><strong>consonantes,</strong></span> <span class='ocrx_word' id='word_1_183' title='bbox 3186 1313 3239 1359; x_wconf 89' lang='lat' dir='ltr'><strong>et</strong></span> <span class='ocrx_word' id='word_1_184' title='bbox 3266 1305 3412 1359; x_wconf 86' lang='lat' dir='ltr'><strong>intra</strong></span> <span class='ocrx_word' id='word_1_185' title='bbox 3440 1306 3550 1374; x_wconf 89' lang='lat' dir='ltr'><strong>ipsa</strong></span> <span class='ocrx_word' id='word_1_186' title='bbox 3583 1309 3827 1365; x_wconf 85' lang='lat' dir='ltr'><strong>catholico-</strong></span> 
     </span>
    </p>
   </div>
   <div class='ocr_carea' id='block_1_28' title="bbox 2295 1395 3827 1467">
    <p class='ocr_par' dir='ltr' id='par_1_28' title="bbox 2295 1395 3827 1467">
     <span class='ocr_line' id='line_1_28' title="bbox 2295 1395 3827 1467; baseline 0.001 -17"><span class='ocrx_word' id='word_1_187' title='bbox 2295 1411 2414 1450; x_wconf 89' lang='lat' dir='ltr'><strong>rum</strong></span> <span class='ocrx_word' id='word_1_188' title='bbox 2447 1396 2656 1450; x_wconf 82' lang='lat' dir='ltr'><strong>viscera</strong></span> <span class='ocrx_word' id='word_1_189' title='bbox 2704 1395 3096 1451; x_wconf 85' lang='lat' dir='ltr'><strong>assertionibus</strong></span> <span class='ocrx_word' id='word_1_190' title='bbox 3125 1395 3236 1449; x_wconf 83' lang='lat' dir='ltr'><strong>suis</strong></span> <span class='ocrx_word' id='word_1_191' title='bbox 3264 1395 3637 1450; x_wconf 72' lang='lat' dir='ltr'><strong>hmrcticorum</strong></span> <span class='ocrx_word' id='word_1_192' title='bbox 3661 1409 3827 1467; x_wconf 84' lang='lat' dir='ltr'><strong>partem</strong></span> 
     </span>
    </p>
   </div>
   <div class='ocr_carea' id='block_1_29' title="bbox 2296 1485 3828 1556">
    <p class='ocr_par' dir='ltr' id='par_1_29' title="bbox 2296 1485 3828 1556">
     <span class='ocr_line' id='line_1_29' title="bbox 2296 1485 3828 1556; baseline 0.005 -17"><span class='ocrx_word' id='word_1_193' title='bbox 2296 1487 2630 1556; x_wconf 88' lang='lat' dir='ltr'><strong>adjuvantes.</strong></span> <span class='ocrx_word' id='word_1_194' title='bbox 2678 1485 2734 1540; x_wconf 89' lang='lat' dir='ltr'><strong>in</strong></span> <span class='ocrx_word' id='word_1_195' title='bbox 2779 1486 2977 1556; x_wconf 88' lang='lat' dir='ltr'><strong>quibus</strong></span> <span class='ocrx_word' id='word_1_196' title='bbox 3006 1487 3390 1552; x_wconf 86' lang='lat' dir='ltr'><strong>deturbandis,</strong></span> <span class='ocrx_word' id='word_1_197' title='bbox 3440 1488 3485 1541; x_wconf 88' lang='lat' dir='ltr'><strong>si</strong></span> <span class='ocrx_word' id='word_1_198' title='bbox 3530 1487 3685 1543; x_wconf 82' lang='lat' dir='ltr'><strong>frater</strong></span> <span class='ocrx_word' id='word_1_199' title='bbox 3712 1507 3828 1546; x_wconf 74' lang='lat' dir='ltr'><strong>incus</strong></span> 
     </span>
    </p>
   </div>
   <div class='ocr_carea' id='block_1_30' title="bbox 2295 1576 3827 1649">
    <p class='ocr_par' dir='ltr' id='par_1_30' title="bbox 2295 1576 3827 1649">
     <span class='ocr_line' id='line_1_30' title="bbox 2295 1576 3827 1649; baseline 0.003 -18"><span class='ocrx_word' id='word_1_200' title='bbox 2295 1578 2580 1631; x_wconf 87' lang='lat' dir='ltr'><strong>Anatolius</strong></span> <span class='ocrx_word' id='word_1_201' title='bbox 2609 1576 3239 1646; x_wconf 83' lang='lat' dir='ltr'><strong>Constantinopolitanus</strong></span> <span class='ocrx_word' id='word_1_202' title='bbox 3265 1578 3553 1649; x_wconf 86' lang='lat' dir='ltr'><strong>cpiscopus</strong></span> <span class='ocrx_word' id='word_1_203' title='bbox 3573 1596 3683 1632; x_wconf 91' lang='lat' dir='ltr'><strong>cum</strong></span> <span class='ocrx_word' id='word_1_204' title='bbox 3704 1580 3827 1637; x_wconf 87' lang='lat' dir='ltr'><strong>nimis</strong></span> 
     </span>
    </p>
   </div>
   <div class='ocr_carea' id='block_1_31' title="bbox 2297 1668 3907 1743">
    <p class='ocr_par' dir='ltr' id='par_1_31' title="bbox 2297 1668 3907 1743">
     <span class='ocr_line' id='line_1_31' title="bbox 2297 1668 3907 1743; baseline 0.002 -21"><span class='ocrx_word' id='word_1_205' title='bbox 2297 1669 2527 1743; x_wconf 76' lang='lat' dir='ltr'><strong>benigne</strong></span> <span class='ocrx_word' id='word_1_206' title='bbox 2557 1668 2729 1738; x_wconf 78' lang='lat' dir='ltr'><strong>parcit</strong></span> <span class='ocrx_word' id='word_1_207' title='bbox 2754 1669 2974 1737; x_wconf 83' lang='lat' dir='ltr'><strong>segnior</strong></span> <span class='ocrx_word' id='word_1_208' title='bbox 3000 1669 3291 1732; x_wconf 83' lang='lat' dir='ltr'><strong>invenitur,</strong></span> <span class='ocrx_word' id='word_1_209' title='bbox 3328 1671 3617 1737; x_wconf 83' lang='lat' dir='ltr'><strong>dignamini</strong></span> <span class='ocrx_word' id='word_1_210' title='bbox 3642 1688 3725 1741; x_wconf 87' lang='lat' dir='ltr'><strong>pro</strong></span> <span class='ocrx_word' id='word_1_211' title='bbox 3749 1671 3827 1725; x_wconf 74' lang='lat' dir='ltr'><strong>ﬁde</strong></span> <span class='ocrx_word' id='word_1_212' title='bbox 3898 1698 3907 1709; x_wconf 73' lang='grc' dir='ltr'><strong>ε</strong></span> 
     </span>
    </p>
   </div>
   <div class='ocr_carea' id='block_1_32' title="bbox 2299 1759 3826 1831">
    <p class='ocr_par' dir='ltr' id='par_1_32' title="bbox 2299 1759 3826 1831">
     <span class='ocr_line' id='line_1_32' title="bbox 2299 1759 3826 1831; baseline 0.003 -18"><span class='ocrx_word' id='word_1_213' title='bbox 2299 1772 2480 1813; x_wconf 82' lang='lat' dir='ltr'><strong>vestra</strong></span> <span class='ocrx_word' id='word_1_214' title='bbox 2526 1760 2689 1813; x_wconf 85' lang='lat' dir='ltr'><strong>etiam</strong></span> <span class='ocrx_word' id='word_1_215' title='bbox 2734 1760 2891 1813; x_wconf 74' lang='lat' dir='ltr'><strong>istam</strong></span> <span class='ocrx_word' id='word_1_216' title='bbox 2924 1759 3178 1815; x_wconf 61' lang='lat' dir='ltr'><strong>Ecclesia:</strong></span> <span class='ocrx_word' id='word_1_217' title='bbox 3224 1772 3490 1831; x_wconf 73' lang='lat' dir='ltr'><strong>prrestarc</strong></span> <span class='ocrx_word' id='word_1_218' title='bbox 3522 1763 3826 1827; x_wconf 78' lang='lat' dir='ltr'><strong>medicinam,</strong></span> 
     </span>
    </p>
   </div>
   <div class='ocr_carea' id='block_1_33' title="bbox 611 1837 3826 1919">
    <p class='ocr_par' dir='ltr' id='par_1_33' title="bbox 611 1837 3826 1919">
     <span class='ocr_line' id='line_1_33' title="bbox 611 1837 3826 1919; baseline 0.004 -24"><span class='ocrx_word' id='word_1_219' title='bbox 611 1838 768 1895; x_wconf 85' lang='lat' dir='ltr'><strong>Unde</strong></span> <span class='ocrx_word' id='word_1_220' title='bbox 815 1842 1076 1912; x_wconf 83' lang='lat' dir='ltr'><strong>quidquid</strong></span> <span class='ocrx_word' id='word_1_221' title='bbox 1150 1848 1444 1917; x_wconf 83' lang='lat' dir='ltr'><strong>symbolice</strong></span> <span class='ocrx_word' id='word_1_222' title='bbox 1484 1850 1848 1905; x_wconf 84' lang='lat' dir='ltr'><strong>conscribitur</strong></span> <span class='ocrx_word' id='word_1_223' title='bbox 1887 1867 1916 1905; x_wconf 92' lang='lat' dir='ltr'><strong>a</strong></span> <span class='ocrx_word' id='word_1_224' title='bbox 1970 1855 2198 1908; x_wconf 80' lang='lat' dir='ltr'><strong>veritate</strong></span> <span class='ocrx_word' id='word_1_225' title='bbox 2233 1837 2275 1896; x_wconf 73' lang='grc' dir='ltr'><strong>Β</strong></span> <span class='ocrx_word' id='word_1_226' title='bbox 2305 1860 2365 1906; x_wconf 85' lang='lat' dir='ltr'><strong>ut</strong></span> <span class='ocrx_word' id='word_1_227' title='bbox 2422 1851 2556 1905; x_wconf 89' lang='lat' dir='ltr'><strong>tales</strong></span> <span class='ocrx_word' id='word_1_228' title='bbox 2609 1866 2715 1904; x_wconf 87' lang='lat' dir='ltr'><strong>non</strong></span> <span class='ocrx_word' id='word_1_229' title='bbox 2789 1851 2963 1906; x_wconf 90' lang='lat' dir='ltr'><strong>solum</strong></span> <span class='ocrx_word' id='word_1_230' title='bbox 3033 1853 3103 1907; x_wconf 88' lang='lat' dir='ltr'><strong>ab</strong></span> <span class='ocrx_word' id='word_1_231' title='bbox 3162 1854 3357 1908; x_wconf 84' lang='lat' dir='ltr'><strong>ordine</strong></span> <span class='ocrx_word' id='word_1_232' title='bbox 3408 1854 3705 1919; x_wconf 83' lang='lat' dir='ltr'><strong>clericatus,</strong></span> <span class='ocrx_word' id='word_1_233' title='bbox 3757 1856 3826 1909; x_wconf 81' lang='lat' dir='ltr'><strong>sed</strong></span> 
     </span>
    </p>
   </div>
   <div class='ocr_carea' id='block_1_34' title="bbox 611 1930 2195 2010">
    <p class='ocr_par' dir='ltr' id='par_1_34' title="bbox 611 1930 2195 2010">
     <span class='ocr_line' id='line_1_34' title="bbox 611 1930 2195 2010; baseline 0.009 -25"><span class='ocrx_word' id='word_1_234' title='bbox 611 1930 872 1997; x_wconf 84' lang='lat' dir='ltr'><strong>alienum,</strong></span> <span class='ocrx_word' id='word_1_235' title='bbox 928 1933 1069 1987; x_wconf 89' lang='lat' dir='ltr'><strong>aliud</strong></span> <span class='ocrx_word' id='word_1_236' title='bbox 1112 1951 1275 2005; x_wconf 89' lang='lat' dir='ltr'><strong>quam</strong></span> <span class='ocrx_word' id='word_1_237' title='bbox 1330 1938 1593 1993; x_wconf 87' lang='lat' dir='ltr'><strong>catholica</strong></span> <span class='ocrx_word' id='word_1_238' title='bbox 1641 1941 1923 2010; x_wconf 88' lang='lat' dir='ltr'><strong>scripserit</strong></span> <span class='ocrx_word' id='word_1_239' title='bbox 1955 1943 2195 2001; x_wconf 82' lang='lat' dir='ltr'><strong>Ecclesia</strong></span> 
     </span>
    </p>
   </div>
   <div class='ocr_carea' id='block_1_35' title="bbox 615 2028 2199 2099">
    <p class='ocr_par' dir='ltr' id='par_1_35' title="bbox 615 2028 2199 2099">
     <span class='ocr_line' id='line_1_35' title="bbox 615 2028 2199 2099; baseline 0.008 -19"><span class='ocrx_word' id='word_1_240' title='bbox 615 2035 704 2081; x_wconf 88' lang='lat' dir='ltr'><strong>est</strong></span> <span class='ocrx_word' id='word_1_241' title='bbox 764 2028 1087 2099; x_wconf 87' lang='lat' dir='ltr'><strong>symbolum,</strong></span> <span class='ocrx_word' id='word_1_242' title='bbox 1147 2031 1492 2089; x_wconf 89' lang='lat' dir='ltr'><strong>anathemate</strong></span> <span class='ocrx_word' id='word_1_243' title='bbox 1552 2050 1675 2089; x_wconf 88' lang='lat' dir='ltr'><strong>cum</strong></span> <span class='ocrx_word' id='word_1_244' title='bbox 1728 2037 2199 2093; x_wconf 89' lang='lat' dir='ltr'><strong>conscribentibus</strong></span> 
     </span>
    </p>
   </div>
   <div class='ocr_carea' id='block_1_36' title="bbox 616 2116 2198 2194">
    <p class='ocr_par' dir='ltr' id='par_1_36' title="bbox 616 2116 2198 2194">
     <span class='ocr_line' id='line_1_36' title="bbox 616 2116 2198 2194; baseline 0.007 -24"><span class='ocrx_word' id='word_1_245' title='bbox 616 2116 862 2186; x_wconf 81' lang='lat' dir='ltr'><strong>dignum,</strong></span> <span class='ocrx_word' id='word_1_246' title='bbox 887 2129 942 2173; x_wconf 83' lang='lat' dir='ltr'><strong>et</strong></span> <span class='ocrx_word' id='word_1_247' title='bbox 961 2119 1168 2189; x_wconf 81' lang='lat' dir='ltr'><strong>legibus</strong></span> <span class='ocrx_word' id='word_1_248' title='bbox 1188 2121 1416 2190; x_wconf 84' lang='lat' dir='ltr'><strong>publicis</strong></span> <span class='ocrx_word' id='word_1_249' title='bbox 1434 2125 1854 2194; x_wconf 86' lang='lat' dir='ltr'><strong>percellendum.</strong></span> <span class='ocrx_word' id='word_1_250' title='bbox 1882 2125 2035 2181; x_wconf 86' lang='lat' dir='ltr'><strong>Unde</strong></span> <span class='ocrx_word' id='word_1_251' title='bbox 2059 2127 2198 2181; x_wconf 82' lang='lat' dir='ltr'><strong>Mar-</strong></span> 
     </span>
    </p>
   </div>
   <div class='ocr_carea' id='block_1_37' title="bbox 614 2206 2194 2281">
    <p class='ocr_par' dir='ltr' id='par_1_37' title="bbox 614 2206 2194 2281">
     <span class='ocr_line' id='line_1_37' title="bbox 614 2206 2194 2281; baseline 0.008 -19"><span class='ocrx_word' id='word_1_252' title='bbox 614 2206 809 2266; x_wconf 87' lang='lat' dir='ltr'><strong>cianus</strong></span> <span class='ocrx_word' id='word_1_253' title='bbox 857 2210 1155 2281; x_wconf 90' lang='lat' dir='ltr'><strong>imperator</strong></span> <span class='ocrx_word' id='word_1_254' title='bbox 1200 2215 1253 2269; x_wconf 90' lang='lat' dir='ltr'><strong>in</strong></span> <span class='ocrx_word' id='word_1_255' title='bbox 1304 2216 1483 2272; x_wconf 90' lang='lat' dir='ltr'><strong>edicto</strong></span> <span class='ocrx_word' id='word_1_256' title='bbox 1531 2220 1599 2273; x_wconf 89' lang='lat' dir='ltr'><strong>ad</strong></span> <span class='ocrx_word' id='word_1_257' title='bbox 1652 2218 1949 2274; x_wconf 83' lang='lat' dir='ltr'><strong>Palladium</strong></span> <span class='ocrx_word' id='word_1_258' title='bbox 1992 2221 2125 2275; x_wconf 89' lang='lat' dir='ltr'><strong>dicit</strong></span> <span class='ocrx_word' id='word_1_259' title='bbox 2180 2237 2194 2275; x_wconf 88' lang='lat'><strong>:</strong></span> 
     </span>
    </p>
   </div>
   <div class='ocr_carea' id='block_1_38' title="bbox 617 2297 2200 2373">
    <p class='ocr_par' dir='ltr' id='par_1_38' title="bbox 617 2297 2200 2373">
     <span class='ocr_line' id='line_1_38' title="bbox 617 2297 2200 2373; baseline 0.01 -21"><span class='ocrx_word' id='word_1_260' title='bbox 617 2316 640 2350; x_wconf 74' lang='grc' dir='ltr'>σ</span> <span class='ocrx_word' id='word_1_261' title='bbox 667 2297 918 2370; x_wconf 88' lang='lat' dir='ltr'><strong>Oportet,</strong></span> <span class='ocrx_word' id='word_1_262' title='bbox 941 2302 1137 2373; x_wconf 86' lang='lat' dir='ltr'><strong>inquit,</strong></span> <span class='ocrx_word' id='word_1_263' title='bbox 1163 2314 1224 2360; x_wconf 93' lang='lat' dir='ltr'><strong>ut</strong></span> <span class='ocrx_word' id='word_1_264' title='bbox 1257 2308 1327 2361; x_wconf 89' lang='lat' dir='ltr'><strong>sit</strong></span> <span class='ocrx_word' id='word_1_265' title='bbox 1356 2325 1642 2365; x_wconf 90' lang='lat' dir='ltr'><strong>numerosa</strong></span> <span class='ocrx_word' id='word_1_266' title='bbox 1670 2314 1931 2367; x_wconf 87' lang='lat' dir='ltr'><strong>severitas</strong></span> <span class='ocrx_word' id='word_1_267' title='bbox 1961 2314 2200 2369; x_wconf 78' lang='lat' dir='ltr'><strong>sanctio-</strong></span> 
     </span>
    </p>
   </div>
   <div class='ocr_carea' id='block_1_39' title="bbox 613 2378 2197 2472">
    <p class='ocr_par' dir='ltr' id='par_1_39' title="bbox 613 2378 2197 2472">
     <span class='ocr_line' id='line_1_39' title="bbox 613 2378 2197 2472; baseline 0.011 -27"><span class='ocrx_word' id='word_1_268' title='bbox 613 2405 769 2457; x_wconf 87' lang='lat' dir='ltr'><strong>num,</strong></span> <span class='ocrx_word' id='word_1_269' title='bbox 794 2395 883 2449; x_wconf 91' lang='lat' dir='ltr'><strong>ubi</strong></span> <span class='ocrx_word' id='word_1_270' title='bbox 904 2403 999 2450; x_wconf 65' lang='lat' dir='ltr'><strong>est</strong></span> <span class='ocrx_word' id='word_1_271' title='bbox 1028 2396 1243 2452; x_wconf 91' lang='lat' dir='ltr'><strong>licentia</strong></span> <span class='ocrx_word' id='word_1_272' title='bbox 1267 2378 1456 2455; x_wconf 72' lang='lat' dir='ltr'><strong>crebra</strong></span> <span class='ocrx_word' id='word_1_273' title='bbox 1491 2402 1789 2472; x_wconf 85' lang='lat' dir='ltr'><strong>culparum.</strong></span> <span class='ocrx_word' id='word_1_274' title='bbox 1820 2404 2197 2461; x_wconf 75' lang='lat' dir='ltr'><strong>Custodienda:</strong></span> 
     </span>
    </p>
   </div>
   <div class='ocr_carea' id='block_1_40' title="bbox 613 2487 2197 2553">
    <p class='ocr_par' dir='ltr' id='par_1_40' title="bbox 613 2487 2197 2553">
     <span class='ocr_line' id='line_1_40' title="bbox 613 2487 2197 2553; baseline 0.009 -18"><span class='ocrx_word' id='word_1_275' title='bbox 613 2491 876 2553; x_wconf 73' lang='lat' dir='ltr'><strong>praeterea</strong></span> <span class='ocrx_word' id='word_1_276' title='bbox 919 2487 1234 2541; x_wconf 61' lang='lat' dir='ltr'><strong>orthodoxae</strong></span> <span class='ocrx_word' id='word_1_277' title='bbox 1289 2489 1412 2544; x_wconf 84' lang='lat' dir='ltr'><strong>lidei</strong></span> <span class='ocrx_word' id='word_1_278' title='bbox 1468 2508 1595 2546; x_wconf 89' lang='lat' dir='ltr'><strong>cura</strong></span> <span class='ocrx_word' id='word_1_279' title='bbox 1646 2501 1796 2548; x_wconf 73' lang='lat' dir='ltr'><strong>tanto</strong></span> <span class='ocrx_word' id='word_1_280' title='bbox 1841 2511 1871 2548; x_wconf 91' lang='lat' dir='ltr'><strong>a</strong></span> <span class='ocrx_word' id='word_1_281' title='bbox 1902 2497 2197 2550; x_wconf 77' lang='lat' dir='ltr'><strong>serenitate</strong></span> 
     </span>
    </p>
   </div>
   <div class='ocr_carea' id='block_1_41' title="bbox 613 2578 2197 2657">
    <p class='ocr_par' dir='ltr' id='par_1_41' title="bbox 613 2578 2197 2657">
     <span class='ocr_line' id='line_1_41' title="bbox 613 2578 2197 2657; baseline 0.009 -26"><span class='ocrx_word' id='word_1_282' title='bbox 613 2592 736 2632; x_wconf 86' lang='lat' dir='ltr'><strong>mea</strong></span> <span class='ocrx_word' id='word_1_283' title='bbox 769 2578 1011 2636; x_wconf 89' lang='lat' dir='ltr'><strong>adhiberi</strong></span> <span class='ocrx_word' id='word_1_284' title='bbox 1040 2582 1334 2653; x_wconf 89' lang='lat' dir='ltr'><strong>impensior</strong></span> <span class='ocrx_word' id='word_1_285' title='bbox 1374 2586 1551 2652; x_wconf 89' lang='lat' dir='ltr'><strong>debet,</strong></span> <span class='ocrx_word' id='word_1_286' title='bbox 1583 2601 1789 2657; x_wconf 85' lang='lat' dir='ltr'><strong>quanto</strong></span> <span class='ocrx_word' id='word_1_287' title='bbox 1814 2605 1901 2645; x_wconf 87' lang='lat' dir='ltr'><strong>res</strong></span> <span class='ocrx_word' id='word_1_288' title='bbox 1932 2591 2197 2645; x_wconf 87' lang='lat' dir='ltr'><strong>humanas</strong></span> 
     </span>
    </p>
   </div>
   <div class='ocr_carea' id='block_1_42' title="bbox 615 2669 2195 2748">
    <p class='ocr_par' dir='ltr' id='par_1_42' title="bbox 615 2669 2195 2748">
     <span class='ocr_line' id='line_1_42' title="bbox 615 2669 2195 2748; baseline 0.009 -22"><span class='ocrx_word' id='word_1_289' title='bbox 615 2669 796 2727; x_wconf 84' lang='lat' dir='ltr'><strong>divina</strong></span> <span class='ocrx_word' id='word_1_290' title='bbox 820 2679 1149 2743; x_wconf 70' lang='lat' dir='ltr'><strong>prmceduut.</strong></span> <span class='ocrx_word' id='word_1_291' title='bbox 1176 2697 1193 2729; x_wconf 71' lang='grc' dir='ltr'><strong><em>ι</em></strong></span> <span class='ocrx_word' id='word_1_292' title='bbox 1219 2678 1286 2734; x_wconf 89' lang='grc' dir='ltr'><strong>Ει</strong></span> <span class='ocrx_word' id='word_1_293' title='bbox 1308 2680 1374 2734; x_wconf 87' lang='lat' dir='ltr'><strong>ad</strong></span> <span class='ocrx_word' id='word_1_294' title='bbox 1398 2681 1595 2748; x_wconf 92' lang='lat' dir='ltr'><strong>locum,</strong></span> <span class='ocrx_word' id='word_1_295' title='bbox 1619 2684 1685 2739; x_wconf 87' lang='lat' dir='ltr'><strong>de</strong></span> <span class='ocrx_word' id='word_1_296' title='bbox 1706 2685 1974 2741; x_wconf 79' lang='lat' dir='ltr'><strong>haereticis</strong></span> <span class='ocrx_word' id='word_1_297' title='bbox 1997 2701 2010 2738; x_wconf 88' lang='lat'><strong>:</strong></span> <span class='ocrx_word' id='word_1_298' title='bbox 2040 2708 2056 2737; x_wconf 76' lang='grc' dir='ltr'>ι</span> <span class='ocrx_word' id='word_1_299' title='bbox 2082 2686 2195 2741; x_wconf 82' lang='lat' dir='ltr'><strong>Non</strong></span> 
     </span>
    </p>
   </div>
   <div class='ocr_carea' id='block_1_43' title="bbox 614 2760 2198 2842">
    <p class='ocr_par' dir='ltr' id='par_1_43' title="bbox 614 2760 2198 2842">
     <span class='ocr_line' id='line_1_43' title="bbox 614 2760 2198 2842; baseline 0.01 -25"><span class='ocrx_word' id='word_1_300' title='bbox 614 2760 856 2820; x_wconf 85' lang='lat' dir='ltr'><strong>habeant</strong></span> <span class='ocrx_word' id='word_1_301' title='bbox 872 2777 1197 2837; x_wconf 87' lang='lat' dir='ltr'><strong>potestatem</strong></span> <span class='ocrx_word' id='word_1_302' title='bbox 1224 2771 1455 2829; x_wconf 81' lang='lat' dir='ltr'><strong>faciendi</strong></span> <span class='ocrx_word' id='word_1_303' title='bbox 1476 2784 1875 2842; x_wconf 86' lang='lat' dir='ltr'><strong>testamentum,</strong></span> <span class='ocrx_word' id='word_1_304' title='bbox 1892 2788 1945 2834; x_wconf 92' lang='lat' dir='ltr'><strong>ct</strong></span> <span class='ocrx_word' id='word_1_305' title='bbox 1961 2779 2198 2833; x_wconf 81' lang='lat' dir='ltr'><strong>conden-</strong></span> 
     </span>
    </p>
   </div>
   <div class='ocr_carea' id='block_1_44' title="bbox 614 2851 2196 2939">
    <p class='ocr_par' dir='ltr' id='par_1_44' title="bbox 614 2851 2196 2939">
     <span class='ocr_line' id='line_1_44' title="bbox 614 2851 2196 2939; baseline 0.012 -33"><span class='ocrx_word' id='word_1_306' title='bbox 614 2851 698 2908; x_wconf 82' lang='lat' dir='ltr'><strong>dae</strong></span> <span class='ocrx_word' id='word_1_307' title='bbox 726 2854 932 2915; x_wconf 65' lang='lat' dir='ltr'><strong>ultima:</strong></span> <span class='ocrx_word' id='word_1_308' title='bbox 952 2858 1246 2916; x_wconf 89' lang='lat' dir='ltr'><strong>voluntatis</strong></span> <span class='ocrx_word' id='word_1_309' title='bbox 1264 2902 1277 2927; x_wconf 91' lang='lat'><strong>,</strong></span> <span class='ocrx_word' id='word_1_310' title='bbox 1302 2879 1475 2933; x_wconf 88' lang='lat' dir='ltr'><strong>neque</strong></span> <span class='ocrx_word' id='word_1_311' title='bbox 1500 2868 1549 2920; x_wconf 87' lang='lat' dir='ltr'><strong>id</strong></span> <span class='ocrx_word' id='word_1_312' title='bbox 1574 2868 1786 2937; x_wconf 84' lang='lat' dir='ltr'><strong>capiant</strong></span> <span class='ocrx_word' id='word_1_313' title='bbox 1807 2871 1949 2939; x_wconf 86' lang='lat' dir='ltr'><strong>quod</strong></span> <span class='ocrx_word' id='word_1_314' title='bbox 1974 2869 2106 2938; x_wconf 87' lang='lat' dir='ltr'><strong>ipsis</strong></span> <span class='ocrx_word' id='word_1_315' title='bbox 2127 2885 2196 2924; x_wconf 71' lang='lat' dir='ltr'><strong>ex</strong></span> 
     </span>
    </p>
   </div>
   <div class='ocr_carea' id='block_1_45' title="bbox 614 2950 2197 3020">
    <p class='ocr_par' dir='ltr' id='par_1_45' title="bbox 614 2950 2197 3020">
     <span class='ocr_line' id='line_1_45' title="bbox 614 2950 2197 3020; baseline 0.011 -23"><span class='ocrx_word' id='word_1_316' title='bbox 614 2952 946 3002; x_wconf 81' lang='lat' dir='ltr'><strong>testamento</strong></span> <span class='ocrx_word' id='word_1_317' title='bbox 975 2950 1293 3020; x_wconf 86' lang='lat' dir='ltr'><strong>cujusquam</strong></span> <span class='ocrx_word' id='word_1_318' title='bbox 1319 2954 1478 3010; x_wconf 87' lang='lat' dir='ltr'><strong>fuerit</strong></span> <span class='ocrx_word' id='word_1_319' title='bbox 1500 2959 1832 3019; x_wconf 84' lang='lat' dir='ltr'><strong>derelictum,</strong></span> <span class='ocrx_word' id='word_1_320' title='bbox 1873 2960 2005 3014; x_wconf 89' lang='lat' dir='ltr'><strong>nihil</strong></span> <span class='ocrx_word' id='word_1_321' title='bbox 2033 2962 2197 3015; x_wconf 87' lang='lat' dir='ltr'><strong>etiam</strong></span> 
     </span>
    </p>
   </div>
   <div class='ocr_carea' id='block_1_46' title="bbox 614 3033 2201 3119">
    <p class='ocr_par' dir='ltr' id='par_1_46' title="bbox 614 3033 2201 3119">
     <span class='ocr_line' id='line_1_46' title="bbox 614 3033 2201 3119; baseline 0.012 -33"><span class='ocrx_word' id='word_1_322' title='bbox 614 3045 685 3086; x_wconf 82' lang='lat' dir='ltr'><strong>ett</strong></span> <span class='ocrx_word' id='word_1_323' title='bbox 707 3033 996 3091; x_wconf 86' lang='lat' dir='ltr'><strong>donatione</strong></span> <span class='ocrx_word' id='word_1_324' title='bbox 1009 3038 1188 3108; x_wconf 88' lang='lat' dir='ltr'><strong>aliqua</strong></span> <span class='ocrx_word' id='word_1_325' title='bbox 1204 3057 1623 3113; x_wconf 86' lang='lat' dir='ltr'><strong>consequantur.</strong></span> <span class='ocrx_word' id='word_1_326' title='bbox 1642 3048 1747 3102; x_wconf 89' lang='lat' dir='ltr'><strong>Sed</strong></span> <span class='ocrx_word' id='word_1_327' title='bbox 1764 3050 1807 3103; x_wconf 87' lang='lat' dir='ltr'><strong>si</strong></span> <span class='ocrx_word' id='word_1_328' title='bbox 1827 3051 1953 3118; x_wconf 89' lang='lat' dir='ltr'><strong>quid</strong></span> <span class='ocrx_word' id='word_1_329' title='bbox 1982 3051 2035 3104; x_wconf 93' lang='lat' dir='ltr'><strong>in</strong></span> <span class='ocrx_word' id='word_1_330' title='bbox 2057 3051 2201 3119; x_wconf 90' lang='lat' dir='ltr'><strong>ipsos</strong></span> 
     </span>
    </p>
   </div>
   <div class='ocr_carea' id='block_1_47' title="bbox 613 3120 2197 3196">
    <p class='ocr_par' dir='ltr' id='par_1_47' title="bbox 613 3120 2197 3196">
     <span class='ocr_line' id='line_1_47' title="bbox 613 3120 2197 3196; baseline 0.01 -20"><span class='ocrx_word' id='word_1_331' title='bbox 613 3120 704 3177; x_wconf 83' lang='lat' dir='ltr'><strong>vel</strong></span> <span class='ocrx_word' id='word_1_332' title='bbox 738 3121 1064 3182; x_wconf 84' lang='lat' dir='ltr'><strong>liberalitate</strong></span> <span class='ocrx_word' id='word_1_333' title='bbox 1092 3130 1341 3196; x_wconf 88' lang='lat' dir='ltr'><strong>viventis,</strong></span> <span class='ocrx_word' id='word_1_334' title='bbox 1374 3135 1457 3188; x_wconf 87' lang='lat' dir='ltr'><strong>vel</strong></span> <span class='ocrx_word' id='word_1_335' title='bbox 1486 3138 1770 3193; x_wconf 89' lang='lat' dir='ltr'><strong>morientis</strong></span> <span class='ocrx_word' id='word_1_336' title='bbox 1800 3139 1961 3193; x_wconf 88' lang='lat' dir='ltr'><strong>fuerit</strong></span> <span class='ocrx_word' id='word_1_337' title='bbox 2004 3139 2197 3192; x_wconf 64' lang='lat' dir='ltr'><strong>volun-</strong></span> 
     </span>
    </p>
   </div>
   <div class='ocr_carea' id='block_1_48' title="bbox 615 3215 2192 3298">
    <p class='ocr_par' dir='ltr' id='par_1_48' title="bbox 615 3215 2192 3298">
     <span class='ocr_line' id='line_1_48' title="bbox 615 3215 2192 3298; baseline 0.011 -30"><span class='ocrx_word' id='word_1_338' title='bbox 615 3219 730 3268; x_wconf 76' lang='lat' dir='ltr'><strong>tate</strong></span> <span class='ocrx_word' id='word_1_339' title='bbox 775 3215 1052 3283; x_wconf 86' lang='lat' dir='ltr'><strong>collatum,</strong></span> <span class='ocrx_word' id='word_1_340' title='bbox 1109 3222 1160 3274; x_wconf 88' lang='lat' dir='ltr'><strong>id</strong></span> <span class='ocrx_word' id='word_1_341' title='bbox 1214 3221 1344 3277; x_wconf 83' lang='lat' dir='ltr'><strong>fisco</strong></span> <span class='ocrx_word' id='word_1_342' title='bbox 1395 3237 1580 3281; x_wconf 88' lang='lat' dir='ltr'><strong>nostro</strong></span> <span class='ocrx_word' id='word_1_343' title='bbox 1621 3230 1866 3298; x_wconf 81' lang='lat' dir='ltr'><strong>protinus</strong></span> <span class='ocrx_word' id='word_1_344' title='bbox 1893 3232 2192 3286; x_wconf 85' lang='lat' dir='ltr'><strong>addicatur.</strong></span> 
     </span>
    </p>
   </div>
   <div class='ocr_carea' id='block_1_49' title="bbox 615 3303 2198 3386">
    <p class='ocr_par' dir='ltr' id='par_1_49' title="bbox 615 3303 2198 3386">
     <span class='ocr_line' id='line_1_49' title="bbox 615 3303 2198 3386; baseline 0.012 -28"><span class='ocrx_word' id='word_1_345' title='bbox 615 3303 785 3376; x_wconf 80' lang='lat'><strong>339</strong></span> <span class='ocrx_word' id='word_1_346' title='bbox 811 3306 914 3377; x_wconf 84' lang='lat' dir='ltr'><strong>ipsi</strong></span> <span class='ocrx_word' id='word_1_347' title='bbox 945 3324 1076 3364; x_wconf 86' lang='lat' dir='ltr'><strong>vero</strong></span> <span class='ocrx_word' id='word_1_348' title='bbox 1103 3311 1154 3364; x_wconf 88' lang='lat' dir='ltr'><strong>in</strong></span> <span class='ocrx_word' id='word_1_349' title='bbox 1187 3312 1364 3368; x_wconf 91' lang='lat' dir='ltr'><strong>nullos</strong></span> <span class='ocrx_word' id='word_1_350' title='bbox 1392 3315 1590 3386; x_wconf 84' lang='lat' dir='ltr'><strong>aliquid</strong></span> <span class='ocrx_word' id='word_1_351' title='bbox 1620 3334 1685 3372; x_wconf 72' lang='lat' dir='ltr'><strong>ex</strong></span> <span class='ocrx_word' id='word_1_352' title='bbox 1718 3319 2062 3377; x_wconf 79' lang='lat' dir='ltr'><strong>facultatibus</strong></span> <span class='ocrx_word' id='word_1_353' title='bbox 2086 3322 2198 3378; x_wconf 88' lang='lat' dir='ltr'><strong>suis</strong></span> 
     </span>
    </p>
   </div>
   <div class='ocr_carea' id='block_1_50' title="bbox 615 3396 2199 3481">
    <p class='ocr_par' dir='ltr' id='par_1_50' title="bbox 615 3396 2199 3481">
     <span class='ocr_line' id='line_1_50' title="bbox 615 3396 2199 3481; baseline 0.01 -31"><span class='ocrx_word' id='word_1_354' title='bbox 615 3396 928 3453; x_wconf 77' lang='lat' dir='ltr'><strong>donationis</strong></span> <span class='ocrx_word' id='word_1_355' title='bbox 981 3400 1140 3457; x_wconf 84' lang='lat' dir='ltr'><strong>titulo</strong></span> <span class='ocrx_word' id='word_1_356' title='bbox 1188 3404 1410 3474; x_wconf 84' lang='lat' dir='ltr'><strong>et-jttre</strong></span> <span class='ocrx_word' id='word_1_357' title='bbox 1447 3407 1849 3463; x_wconf 76' lang='lat' dir='ltr'><strong>transfundam.</strong></span> <span class='ocrx_word' id='word_1_358' title='bbox 1902 3410 2199 3481; x_wconf 82' lang='lat' dir='ltr'><strong>Episcopos</strong></span> 
     </span>
    </p>
   </div>
   <div class='ocr_carea' id='block_1_51' title="bbox 616 3489 2201 3567">
    <p class='ocr_par' dir='ltr' id='par_1_51' title="bbox 616 3489 2201 3567">
     <span class='ocr_line' id='line_1_51' title="bbox 616 3489 2201 3567; baseline 0.011 -27"><span class='ocrx_word' id='word_1_359' title='bbox 616 3499 861 3557; x_wconf 86' lang='lat' dir='ltr'><strong>quoque,</strong></span> <span class='ocrx_word' id='word_1_360' title='bbox 914 3489 998 3543; x_wconf 89' lang='lat' dir='ltr'><strong>vel</strong></span> <span class='ocrx_word' id='word_1_361' title='bbox 1052 3494 1427 3565; x_wconf 71' lang='lat' dir='ltr'><strong>presbyteros,</strong></span> <span class='ocrx_word' id='word_1_362' title='bbox 1484 3496 1724 3567; x_wconf 89' lang='lat' dir='ltr'><strong>aliosque</strong></span> <span class='ocrx_word' id='word_1_363' title='bbox 1779 3499 2039 3565; x_wconf 88' lang='lat' dir='ltr'><strong>clericos,</strong></span> <span class='ocrx_word' id='word_1_364' title='bbox 2092 3502 2201 3558; x_wconf 88' lang='lat' dir='ltr'><strong>illis</strong></span> 
     </span>
    </p>
   </div>
   <div class='ocr_carea' id='block_1_52' title="bbox 616 3580 2196 3661">
    <p class='ocr_par' dir='ltr' id='par_1_52' title="bbox 616 3580 2196 3661">
     <span class='ocr_line' id='line_1_52' title="bbox 616 3580 2196 3661; baseline 0.012 -32"><span class='ocrx_word' id='word_1_365' title='bbox 616 3591 808 3632; x_wconf 89' lang='lat' dir='ltr'><strong>creare</strong></span> <span class='ocrx_word' id='word_1_366' title='bbox 828 3587 885 3634; x_wconf 88' lang='lat' dir='ltr'><strong>et</strong></span> <span class='ocrx_word' id='word_1_367' title='bbox 907 3580 1108 3635; x_wconf 85' lang='lat' dir='ltr'><strong>habere</strong></span> <span class='ocrx_word' id='word_1_368' title='bbox 1137 3597 1245 3639; x_wconf 92' lang='lat' dir='ltr'><strong>non</strong></span> <span class='ocrx_word' id='word_1_369' title='bbox 1275 3585 1467 3652; x_wconf 88' lang='lat' dir='ltr'><strong>liceat,</strong></span> <span class='ocrx_word' id='word_1_370' title='bbox 1496 3607 1514 3637; x_wconf 70' lang='grc' dir='ltr'>ι</span> <span class='ocrx_word' id='word_1_371' title='bbox 1539 3598 1593 3642; x_wconf 89' lang='lat' dir='ltr'><strong>et</strong></span> <span class='ocrx_word' id='word_1_372' title='bbox 1622 3588 1827 3660; x_wconf 84' lang='lat' dir='ltr'><strong>reliqua</strong></span> <span class='ocrx_word' id='word_1_373' title='bbox 1854 3607 1974 3661; x_wconf 73' lang='lat' dir='ltr'><strong>qua:</strong></span> <span class='ocrx_word' id='word_1_374' title='bbox 1999 3593 2196 3648; x_wconf 84' lang='lat' dir='ltr'><strong>ibidem</strong></span> 
     </span>
    </p>
   </div>
   <div class='ocr_carea' id='block_1_53' title="bbox 617 3665 2202 3753">
    <p class='ocr_par' dir='ltr' id='par_1_53' title="bbox 617 3665 2202 3753">
     <span class='ocr_line' id='line_1_53' title="bbox 617 3665 2202 3753; baseline 0.013 -33"><span class='ocrx_word' id='word_1_375' title='bbox 617 3665 951 3726; x_wconf 82' lang='lat' dir='ltr'><strong>sullicienter</strong></span> <span class='ocrx_word' id='word_1_376' title='bbox 1004 3672 1177 3728; x_wconf 90' lang='lat' dir='ltr'><strong>lector</strong></span> <span class='ocrx_word' id='word_1_377' title='bbox 1238 3679 1436 3745; x_wconf 82' lang='lat' dir='ltr'><strong>poterit</strong></span> <span class='ocrx_word' id='word_1_378' title='bbox 1493 3680 1752 3736; x_wconf 87' lang='lat' dir='ltr'><strong>invenire.</strong></span> <span class='ocrx_word' id='word_1_379' title='bbox 1807 3684 1872 3737; x_wconf 82' lang='lat' dir='ltr'><strong>Et</strong></span> <span class='ocrx_word' id='word_1_380' title='bbox 1927 3685 2052 3753; x_wconf 87' lang='lat' dir='ltr'><strong>quia</strong></span> <span class='ocrx_word' id='word_1_381' title='bbox 2114 3687 2202 3741; x_wconf 87' lang='lat' dir='ltr'><strong>bis</strong></span> 
     </span>
    </p>
   </div>
   <div class='ocr_carea' id='block_1_54' title="bbox 617 3756 2199 3846">
    <p class='ocr_par' dir='ltr' id='par_1_54' title="bbox 617 3756 2199 3846">
     <span class='ocr_line' id='line_1_54' title="bbox 617 3756 2199 3846; baseline 0.013 -35"><span class='ocrx_word' id='word_1_382' title='bbox 617 3756 946 3816; x_wconf 87' lang='lat' dir='ltr'><strong>Christianis</strong></span> <span class='ocrx_word' id='word_1_383' title='bbox 974 3763 1402 3822; x_wconf 85' lang='lat' dir='ltr'><strong>Christianorum</strong></span> <span class='ocrx_word' id='word_1_384' title='bbox 1450 3772 1834 3841; x_wconf 84' lang='lat' dir='ltr'><strong>imperatorum</strong></span> <span class='ocrx_word' id='word_1_385' title='bbox 1872 3775 2079 3846; x_wconf 78' lang='lat' dir='ltr'><strong>legibus</strong></span> <span class='ocrx_word' id='word_1_386' title='bbox 2108 3794 2199 3831; x_wconf 88' lang='lat' dir='ltr'><strong>ca-</strong></span> 
     </span>
    </p>
   </div>
   <div class='ocr_carea' id='block_1_55' title="bbox 615 3849 2199 3927">
    <p class='ocr_par' dir='ltr' id='par_1_55' title="bbox 615 3849 2199 3927">
     <span class='ocr_line' id='line_1_55' title="bbox 615 3849 2199 3927; baseline 0.013 -25"><span class='ocrx_word' id='word_1_387' title='bbox 615 3849 821 3907; x_wconf 83' lang='lat' dir='ltr'><strong>tholica</strong></span> <span class='ocrx_word' id='word_1_388' title='bbox 844 3854 1022 3909; x_wconf 82' lang='lat' dir='ltr'><strong>faveat</strong></span> <span class='ocrx_word' id='word_1_389' title='bbox 1045 3867 1218 3912; x_wconf 87' lang='lat' dir='ltr'><strong>mater</strong></span> <span class='ocrx_word' id='word_1_390' title='bbox 1237 3860 1477 3915; x_wconf 88' lang='lat' dir='ltr'><strong>Ecclesia</strong></span> <span class='ocrx_word' id='word_1_391' title='bbox 1500 3903 1514 3927; x_wconf 90' lang='lat'><strong>,</strong></span> <span class='ocrx_word' id='word_1_392' title='bbox 1539 3873 1592 3918; x_wconf 91' lang='lat' dir='ltr'><strong>et</strong></span> <span class='ocrx_word' id='word_1_393' title='bbox 1616 3874 1835 3920; x_wconf 82' lang='lat' dir='ltr'><strong>sanctus</strong></span> <span class='ocrx_word' id='word_1_394' title='bbox 1861 3867 2199 3923; x_wconf 85' lang='lat' dir='ltr'><strong>demonstrat</strong></span> 
     </span>
    </p>
   </div>
   <div class='ocr_carea' id='block_1_56' title="bbox 617 3942 2201 4029">
    <p class='ocr_par' dir='ltr' id='par_1_56' title="bbox 617 3942 2201 4029">
     <span class='ocr_line' id='line_1_56' title="bbox 617 3942 2201 4029; baseline 0.012 -32"><span class='ocrx_word' id='word_1_395' title='bbox 617 3942 867 4000; x_wconf 84' lang='lat' dir='ltr'><strong>Celasius</strong></span> <span class='ocrx_word' id='word_1_396' title='bbox 912 3948 965 4000; x_wconf 90' lang='lat' dir='ltr'><strong>in</strong></span> <span class='ocrx_word' id='word_1_397' title='bbox 1004 3949 1222 4006; x_wconf 86' lang='lat' dir='ltr'><strong>decreto</strong></span> <span class='ocrx_word' id='word_1_398' title='bbox 1247 3954 1314 4008; x_wconf 89' lang='lat' dir='ltr'><strong>ad</strong></span> <span class='ocrx_word' id='word_1_399' title='bbox 1344 3954 1655 4011; x_wconf 82' lang='lat' dir='ltr'><strong>Sicilienses</strong></span> <span class='ocrx_word' id='word_1_400' title='bbox 1693 3958 1977 4028; x_wconf 83' lang='lat' dir='ltr'><strong>episcOpos</strong></span> <span class='ocrx_word' id='word_1_401' title='bbox 2021 3958 2201 4029; x_wconf 82' lang='lat' dir='ltr'><strong>(Gela-</strong></span> 
     </span>
    </p>
   </div>
   <div class='ocr_carea' id='block_1_57' title="bbox 615 4032 2197 4119">
    <p class='ocr_par' dir='ltr' id='par_1_57' title="bbox 615 4032 2197 4119">
     <span class='ocr_line' id='line_1_57' title="bbox 615 4032 2197 4119; baseline 0.011 -31"><span class='ocrx_word' id='word_1_402' title='bbox 615 4032 759 4102; x_wconf 66' lang='lat' dir='ltr'><strong>siua,</strong></span> <span class='ocrx_word' id='word_1_403' title='bbox 782 4053 863 4105; x_wconf 87' lang='lat' dir='ltr'><strong>ep.</strong></span> <span class='ocrx_word' id='word_1_404' title='bbox 889 4038 975 4108; x_wconf 84' lang='lat'><strong>7),</strong></span> <span class='ocrx_word' id='word_1_405' title='bbox 1001 4039 1076 4094; x_wconf 89' lang='lat' dir='ltr'><strong>ita</strong></span> <span class='ocrx_word' id='word_1_406' title='bbox 1103 4042 1172 4096; x_wconf 90' lang='lat' dir='ltr'><strong>ad</strong></span> <span class='ocrx_word' id='word_1_407' title='bbox 1198 4041 1374 4099; x_wconf 92' lang='lat' dir='ltr'><strong>locum</strong></span> <span class='ocrx_word' id='word_1_408' title='bbox 1401 4045 1588 4101; x_wconf 90' lang='lat' dir='ltr'><strong>dicens</strong></span> <span class='ocrx_word' id='word_1_409' title='bbox 1614 4064 1628 4103; x_wconf 83' lang='lat'><strong>:</strong></span> <span class='ocrx_word' id='word_1_410' title='bbox 1664 4066 1682 4098; x_wconf 74' lang='grc' dir='ltr'>ι</span> <span class='ocrx_word' id='word_1_411' title='bbox 1713 4049 1848 4117; x_wconf 73' lang='lat' dir='ltr'><strong>Quia</strong></span> <span class='ocrx_word' id='word_1_412' title='bbox 1878 4060 1934 4104; x_wconf 91' lang='lat' dir='ltr'><strong>et</strong></span> <span class='ocrx_word' id='word_1_413' title='bbox 1963 4050 2197 4119; x_wconf 81' lang='lat' dir='ltr'><strong>ﬁliorum</strong></span> 
     </span>
    </p>
   </div>
   <div class='ocr_carea' id='block_1_58' title="bbox 616 4121 2203 4205">
    <p class='ocr_par' dir='ltr' id='par_1_58' title="bbox 616 4121 2203 4205">
     <span class='ocr_line' id='line_1_58' title="bbox 616 4121 2203 4205; baseline 0.008 -20"><span class='ocrx_word' id='word_1_414' title='bbox 616 4138 929 4186; x_wconf 87' lang='lat' dir='ltr'><strong>nostrorum</strong></span> <span class='ocrx_word' id='word_1_415' title='bbox 964 4121 1266 4205; x_wconf 86' lang='lat' dir='ltr'><strong>principum</strong></span> <span class='ocrx_word' id='word_1_416' title='bbox 1306 4136 1381 4191; x_wconf 89' lang='lat' dir='ltr'><strong>ita</strong></span> <span class='ocrx_word' id='word_1_417' title='bbox 1425 4141 1698 4194; x_wconf 87' lang='lat' dir='ltr'><strong>emanavit</strong></span> <span class='ocrx_word' id='word_1_418' title='bbox 1731 4142 2048 4197; x_wconf 87' lang='lat' dir='ltr'><strong>auctoritas.</strong></span> <span class='ocrx_word' id='word_1_419' title='bbox 2086 4162 2104 4194; x_wconf 72' lang='grc' dir='ltr'><strong><em>ι</em></strong></span> <span class='ocrx_word' id='word_1_420' title='bbox 2135 4144 2203 4197; x_wconf 89' lang='lat' dir='ltr'><strong>Et</strong></span> 
     </span>
    </p>
   </div>
   <div class='ocr_carea' id='block_1_59' title="bbox 616 4222 2197 4303">
    <p class='ocr_par' dir='ltr' id='par_1_59' title="bbox 616 4222 2197 4303">
     <span class='ocr_line' id='line_1_59' title="bbox 616 4222 2197 4303; baseline 0.007 -28"><span class='ocrx_word' id='word_1_421' title='bbox 616 4230 842 4277; x_wconf 81' lang='lat' dir='ltr'><strong>sanctus</strong></span> <span class='ocrx_word' id='word_1_422' title='bbox 874 4222 1168 4293; x_wconf 82' lang='lat' dir='ltr'><strong>Gregorius</strong></span> <span class='ocrx_word' id='word_1_423' title='bbox 1196 4227 1470 4283; x_wconf 87' lang='lat' dir='ltr'><strong>nmltoties</strong></span> <span class='ocrx_word' id='word_1_424' title='bbox 1517 4231 1571 4283; x_wconf 92' lang='lat' dir='ltr'><strong>in</strong></span> <span class='ocrx_word' id='word_1_425' title='bbox 1618 4229 2058 4287; x_wconf 88' lang='lat' dir='ltr'><strong>Commonitoriis</strong></span> <span class='ocrx_word' id='word_1_426' title='bbox 2085 4231 2197 4303; x_wconf 81' lang='lat' dir='ltr'><strong>(lib.</strong></span> 
     </span>
    </p>
   </div>
   <div class='ocr_carea' id='block_1_60' title="bbox 615 4312 2200 4385">
    <p class='ocr_par' dir='ltr' id='par_1_60' title="bbox 615 4312 2200 4385">
     <span class='ocr_line' id='line_1_60' title="bbox 615 4312 2200 4385; baseline 0.007 -18"><span class='ocrx_word' id='word_1_427' title='bbox 615 4324 706 4377; x_wconf 71' lang='lat' dir='ltr'><strong>xi,</strong></span> <span class='ocrx_word' id='word_1_428' title='bbox 748 4312 901 4384; x_wconf 78' lang='lat' dir='ltr'><strong>epist.</strong></span> <span class='ocrx_word' id='word_1_429' title='bbox 950 4313 1040 4385; x_wconf 70' lang='grc'><strong>54)</strong></span> <span class='ocrx_word' id='word_1_430' title='bbox 1086 4316 1154 4371; x_wconf 89' lang='lat' dir='ltr'><strong>ad</strong></span> <span class='ocrx_word' id='word_1_431' title='bbox 1203 4316 1464 4373; x_wconf 73' lang='lat' dir='ltr'><strong>Joannem</strong></span> <span class='ocrx_word' id='word_1_432' title='bbox 1511 4320 1848 4376; x_wconf 89' lang='lat' dir='ltr'><strong>defensorem</strong></span> <span class='ocrx_word' id='word_1_433' title='bbox 1897 4331 2112 4377; x_wconf 89' lang='lat' dir='ltr'><strong>euntem</strong></span> <span class='ocrx_word' id='word_1_434' title='bbox 2147 4324 2200 4378; x_wconf 90' lang='lat' dir='ltr'><strong>in</strong></span> 
     </span>
    </p>
   </div>
   <div class='ocr_carea' id='block_1_61' title="bbox 614 4400 2203 4484">
    <p class='ocr_par' dir='ltr' id='par_1_61' title="bbox 614 4400 2203 4484">
     <span class='ocr_line' id='line_1_61' title="bbox 614 4400 2203 4484; baseline 0.008 -28"><span class='ocrx_word' id='word_1_435' title='bbox 614 4400 935 4471; x_wconf 80' lang='lat' dir='ltr'><strong>Hispaniam</strong></span> <span class='ocrx_word' id='word_1_436' title='bbox 961 4445 976 4469; x_wconf 94' lang='lat'><strong>,</strong></span> <span class='ocrx_word' id='word_1_437' title='bbox 1002 4418 1126 4475; x_wconf 64' lang='lat' dir='ltr'><strong>qua}</strong></span> <span class='ocrx_word' id='word_1_438' title='bbox 1151 4410 1563 4464; x_wconf 88' lang='lat' dir='ltr'><strong>commonitoria</strong></span> <span class='ocrx_word' id='word_1_439' title='bbox 1592 4427 1658 4466; x_wconf 82' lang='lat' dir='ltr'><strong>ex</strong></span> <span class='ocrx_word' id='word_1_440' title='bbox 1689 4413 1901 4483; x_wconf 83' lang='lat' dir='ltr'><strong>integro</strong></span> <span class='ocrx_word' id='word_1_441' title='bbox 1932 4414 1997 4469; x_wconf 91' lang='lat' dir='ltr'><strong>de</strong></span> <span class='ocrx_word' id='word_1_442' title='bbox 2031 4415 2203 4484; x_wconf 88' lang='lat' dir='ltr'><strong>impe-</strong></span> 
     </span>
    </p>
   </div>
   <div class='ocr_carea' id='block_1_62' title="bbox 616 4489 2203 4569">
    <p class='ocr_par' dir='ltr' id='par_1_62' title="bbox 616 4489 2203 4569">
     <span class='ocr_line' id='line_1_62' title="bbox 616 4489 2203 4569; baseline 0.009 -27"><span class='ocrx_word' id='word_1_443' title='bbox 616 4489 845 4545; x_wconf 84' lang='lat' dir='ltr'><strong>rialibns</strong></span> <span class='ocrx_word' id='word_1_444' title='bbox 872 4494 1150 4547; x_wconf 82' lang='lat' dir='ltr'><strong>contexuit</strong></span> <span class='ocrx_word' id='word_1_445' title='bbox 1176 4494 1416 4564; x_wconf 82' lang='lat' dir='ltr'><strong>legibus,</strong></span> <span class='ocrx_word' id='word_1_446' title='bbox 1457 4514 1595 4568; x_wconf 80' lang='lat' dir='ltr'><strong>quas</strong></span> <span class='ocrx_word' id='word_1_447' title='bbox 1641 4500 2203 4569; x_wconf 52' lang='lat' dir='ltr'><strong>ccclesiasticasjudic</strong></span> 
     </span>
    </p>
   </div>
   <div class='ocr_carea' id='block_1_63' title="bbox 619 4579 2205 4660">
    <p class='ocr_par' dir='ltr' id='par_1_63' title="bbox 619 4579 2205 4660">
     <span class='ocr_line' id='line_1_63' title="bbox 619 4579 2205 4660; baseline 0.01 -28"><span class='ocrx_word' id='word_1_448' title='bbox 619 4579 786 4633; x_wconf 87' lang='lat' dir='ltr'><strong>cavit.</strong></span> <span class='ocrx_word' id='word_1_449' title='bbox 812 4598 830 4632; x_wconf 72' lang='grc' dir='ltr'><strong><em>ι</em></strong></span> <span class='ocrx_word' id='word_1_450' title='bbox 866 4580 931 4635; x_wconf 83' lang='grc' dir='ltr'>Ει</span> <span class='ocrx_word' id='word_1_451' title='bbox 955 4597 1184 4653; x_wconf 86' lang='lat' dir='ltr'><strong>magnus</strong></span> <span class='ocrx_word' id='word_1_452' title='bbox 1207 4584 1314 4640; x_wconf 88' lang='lat' dir='ltr'><strong>Leo</strong></span> <span class='ocrx_word' id='word_1_453' title='bbox 1340 4602 1472 4656; x_wconf 83' lang='lat' dir='ltr'><strong>papa</strong></span> <span class='ocrx_word' id='word_1_454' title='bbox 1492 4589 1546 4642; x_wconf 93' lang='lat' dir='ltr'><strong>in</strong></span> <span class='ocrx_word' id='word_1_455' title='bbox 1570 4590 1796 4660; x_wconf 83' lang='lat' dir='ltr'><strong>epistola</strong></span> <span class='ocrx_word' id='word_1_456' title='bbox 1827 4592 1894 4645; x_wconf 88' lang='lat' dir='ltr'><strong>ad</strong></span> <span class='ocrx_word' id='word_1_457' title='bbox 1922 4593 2205 4648; x_wconf 86' lang='lat' dir='ltr'><strong>universos</strong></span> 
     </span>
    </p>
   </div>
   <div class='ocr_carea' id='block_1_64' title="bbox 618 4667 2207 4746">
    <p class='ocr_par' dir='ltr' id='par_1_64' title="bbox 618 4667 2207 4746">
     <span class='ocr_line' id='line_1_64' title="bbox 618 4667 2207 4746; baseline 0.014 -26"><span class='ocrx_word' id='word_1_458' title='bbox 618 4667 904 4739; x_wconf 80' lang='lat' dir='ltr'><strong>episeopos</strong></span> <span class='ocrx_word' id='word_1_459' title='bbox 928 4687 1025 4741; x_wconf 89' lang='lat' dir='ltr'><strong>per</strong></span> <span class='ocrx_word' id='word_1_460' title='bbox 1048 4674 1292 4731; x_wconf 86' lang='lat' dir='ltr'><strong>diversas</strong></span> <span class='ocrx_word' id='word_1_461' title='bbox 1317 4679 1619 4746; x_wconf 89' lang='lat' dir='ltr'><strong>provincias</strong></span> <span class='ocrx_word' id='word_1_462' title='bbox 1642 4685 1964 4739; x_wconf 90' lang='lat' dir='ltr'><strong>constitutos</strong></span> <span class='ocrx_word' id='word_1_463' title='bbox 1995 4704 2007 4738; x_wconf 91' lang='lat'>:</span> <span class='ocrx_word' id='word_1_464' title='bbox 2040 4703 2059 4736; x_wconf 71' lang='grc' dir='ltr'><strong><em>ι</em></strong></span> <span class='ocrx_word' id='word_1_465' title='bbox 2095 4686 2207 4741; x_wconf 81' lang='lat' dir='ltr'><strong>Ali-</strong></span> 
     </span>
    </p>
   </div>
   <div class='ocr_carea' id='block_1_65' title="bbox 622 4763 2215 4840">
    <p class='ocr_par' dir='ltr' id='par_1_65' title="bbox 622 4763 2215 4840">
     <span class='ocr_line' id='line_1_65' title="bbox 622 4763 2215 4840; baseline 0.013 -28"><span class='ocrx_word' id='word_1_466' title='bbox 622 4763 847 4829; x_wconf 86' lang='lat' dir='ltr'><strong>quanti,</strong></span> <span class='ocrx_word' id='word_1_467' title='bbox 881 4763 1152 4836; x_wconf 88' lang='lat' dir='ltr'><strong>inquiens,</strong></span> <span class='ocrx_word' id='word_1_468' title='bbox 1178 4770 1268 4839; x_wconf 88' lang='lat' dir='ltr'><strong>qui</strong></span> <span class='ocrx_word' id='word_1_469' title='bbox 1294 4771 1366 4825; x_wconf 91' lang='lat' dir='ltr'><strong>ita</strong></span> <span class='ocrx_word' id='word_1_470' title='bbox 1395 4785 1454 4827; x_wconf 89' lang='lat' dir='ltr'><strong>se</strong></span> <span class='ocrx_word' id='word_1_471' title='bbox 1483 4774 1887 4840; x_wconf 83' lang='lat' dir='ltr'><strong>demerscruut,</strong></span> <span class='ocrx_word' id='word_1_472' title='bbox 1914 4786 1969 4831; x_wconf 92' lang='lat' dir='ltr'><strong>ut</strong></span> <span class='ocrx_word' id='word_1_473' title='bbox 2002 4778 2215 4832; x_wconf 86' lang='lat' dir='ltr'><strong>nullum</strong></span> 
     </span>
    </p>
   </div>
   <div class='ocr_carea' id='block_1_66' title="bbox 621 4849 2210 4930">
    <p class='ocr_par' dir='ltr' id='par_1_66' title="bbox 621 4849 2210 4930">
     <span class='ocr_line' id='line_1_66' title="bbox 621 4849 2210 4930; baseline 0.011 -25"><span class='ocrx_word' id='word_1_474' title='bbox 621 4849 711 4907; x_wconf 83' lang='lat' dir='ltr'><strong>his</strong></span> <span class='ocrx_word' id='word_1_475' title='bbox 736 4854 1046 4913; x_wconf 85' lang='lat' dir='ltr'><strong>auxiliantis</strong></span> <span class='ocrx_word' id='word_1_476' title='bbox 1070 4861 1551 4930; x_wconf 85' lang='lat' dir='ltr'><strong>possitremedium</strong></span> <span class='ocrx_word' id='word_1_477' title='bbox 1578 4866 1882 4930; x_wconf 83' lang='lat' dir='ltr'><strong>subvenire,</strong></span> <span class='ocrx_word' id='word_1_478' title='bbox 1911 4869 2106 4925; x_wconf 89' lang='lat' dir='ltr'><strong>subditi</strong></span> <span class='ocrx_word' id='word_1_479' title='bbox 2133 4869 2210 4922; x_wconf 86' lang='lat' dir='ltr'><strong>le-</strong></span> 
     </span>
    </p>
   </div>
   <div class='ocr_carea' id='block_1_67' title="bbox 621 4944 2206 5029">
    <p class='ocr_par' dir='ltr' id='par_1_67' title="bbox 621 4944 2206 5029">
     <span class='ocr_line' id='line_1_67' title="bbox 621 4944 2206 5029; baseline 0.009 -29"><span class='ocrx_word' id='word_1_480' title='bbox 621 4944 800 5014; x_wconf 74' lang='lat' dir='ltr'><strong>gibus,</strong></span> <span class='ocrx_word' id='word_1_481' title='bbox 816 4951 1112 5006; x_wconf 85' lang='lat' dir='ltr'><strong>secundum</strong></span> <span class='ocrx_word' id='word_1_482' title='bbox 1130 4953 1559 5011; x_wconf 88' lang='lat' dir='ltr'><strong>Christianorum</strong></span> <span class='ocrx_word' id='word_1_483' title='bbox 1574 4959 1876 5029; x_wconf 89' lang='lat' dir='ltr'><strong>principum</strong></span> <span class='ocrx_word' id='word_1_484' title='bbox 1890 4963 2206 5026; x_wconf 89' lang='lat' dir='ltr'><strong>constituta,</strong></span> 
     </span>
    </p>
   </div>
   <div class='ocr_carea' id='block_1_68' title="bbox 624 5050 2206 5124">
    <p class='ocr_par' dir='ltr' id='par_1_68' title="bbox 624 5050 2206 5124">
     <span class='ocr_line' id='line_1_68' title="bbox 624 5050 2206 5124; baseline 0.008 -30"><span class='ocrx_word' id='word_1_485' title='bbox 624 5051 694 5094; x_wconf 88' lang='lat' dir='ltr'><strong>ne</strong></span> <span class='ocrx_word' id='word_1_486' title='bbox 724 5050 972 5098; x_wconf 89' lang='lat' dir='ltr'><strong>sanctum</strong></span> <span class='ocrx_word' id='word_1_487' title='bbox 1002 5059 1218 5116; x_wconf 79' lang='lat' dir='ltr'><strong>gregem</strong></span> <span class='ocrx_word' id='word_1_488' title='bbox 1266 5064 1361 5103; x_wconf 91' lang='lat' dir='ltr'><strong>sua</strong></span> <span class='ocrx_word' id='word_1_489' title='bbox 1395 5051 1715 5121; x_wconf 83' lang='lat' dir='ltr'><strong>contagione</strong></span> <span class='ocrx_word' id='word_1_490' title='bbox 1740 5052 2077 5121; x_wconf 88' lang='lat' dir='ltr'><strong>polluerent,</strong></span> <span class='ocrx_word' id='word_1_491' title='bbox 2109 5068 2206 5124; x_wconf 80' lang='lat' dir='ltr'><strong>per</strong></span> 
     </span>
    </p>
   </div>
   <div class='ocr_carea' id='block_1_69' title="bbox 617 5133 2199 5217">
    <p class='ocr_par' dir='ltr' id='par_1_69' title="bbox 617 5133 2199 5217">
     <span class='ocr_line' id='line_1_69' title="bbox 617 5133 2199 5217; baseline 0.008 -31"><span class='ocrx_word' id='word_1_492' title='bbox 617 5133 867 5203; x_wconf 88' lang='lat' dir='ltr'><strong>publicos</strong></span> <span class='ocrx_word' id='word_1_493' title='bbox 921 5135 1132 5205; x_wconf 87' lang='lat' dir='ltr'><strong>judices</strong></span> <span class='ocrx_word' id='word_1_494' title='bbox 1178 5151 1437 5211; x_wconf 87' lang='lat' dir='ltr'><strong>perpetuo</strong></span> <span class='ocrx_word' id='word_1_495' title='bbox 1480 5154 1603 5197; x_wconf 90' lang='lat' dir='ltr'><strong>sunt</strong></span> <span class='ocrx_word' id='word_1_496' title='bbox 1659 5146 1851 5200; x_wconf 76' lang='lat' dir='ltr'><strong>exsilio</strong></span> <span class='ocrx_word' id='word_1_497' title='bbox 1900 5147 2141 5217; x_wconf 81' lang='lat' dir='ltr'><strong>relegati.</strong></span> <span class='ocrx_word' id='word_1_498' title='bbox 2182 5167 2199 5198; x_wconf 71' lang='grc' dir='ltr'><strong><em>ι</em></strong></span> 
     </span>
    </p>
   </div>
   <div class='ocr_carea' id='block_1_70' title="bbox 618 5224 2236 5307">
    <p class='ocr_par' dir='ltr' id='par_1_70' title="bbox 618 5224 2236 5307">
     <span class='ocr_line' id='line_1_70' title="bbox 618 5224 2236 5307; baseline 0.007 -25"><span class='ocrx_word' id='word_1_499' title='bbox 618 5224 688 5282; x_wconf 82' lang='lat' dir='ltr'><strong>Et</strong></span> <span class='ocrx_word' id='word_1_500' title='bbox 734 5227 862 5282; x_wconf 85' lang='lat' dir='ltr'><strong>item</strong></span> <span class='ocrx_word' id='word_1_501' title='bbox 891 5228 1029 5285; x_wconf 88' lang='lat' dir='ltr'><strong>idem</strong></span> <span class='ocrx_word' id='word_1_502' title='bbox 1076 5230 1130 5284; x_wconf 91' lang='lat' dir='ltr'><strong>in</strong></span> <span class='ocrx_word' id='word_1_503' title='bbox 1169 5233 1394 5302; x_wconf 88' lang='lat' dir='ltr'><strong>epistola</strong></span> <span class='ocrx_word' id='word_1_504' title='bbox 1436 5235 1503 5287; x_wconf 89' lang='lat' dir='ltr'><strong>ad</strong></span> <span class='ocrx_word' id='word_1_505' title='bbox 1536 5235 1877 5290; x_wconf 85' lang='lat' dir='ltr'><strong>Pulcheriam</strong></span> <span class='ocrx_word' id='word_1_506' title='bbox 1908 5238 2236 5307; x_wconf 80' lang='lat' dir='ltr'><strong>Augustam.</strong></span> 
     </span>
    </p>
   </div>
   <div class='ocr_carea' id='block_1_71' title="bbox 616 5317 2210 5396">
    <p class='ocr_par' dir='ltr' id='par_1_71' title="bbox 616 5317 2210 5396">
     <span class='ocr_line' id='line_1_71' title="bbox 616 5317 2210 5396; baseline 0.008 -24"><span class='ocrx_word' id='word_1_507' title='bbox 616 5317 726 5390; x_wconf 76' lang='lat' dir='ltr'><strong>(ep.</strong></span> <span class='ocrx_word' id='word_1_508' title='bbox 773 5320 911 5392; x_wconf 66' lang='lat'><strong>47):</strong></span> <span class='ocrx_word' id='word_1_509' title='bbox 950 5341 969 5374; x_wconf 74' lang='grc' dir='ltr'>σ</span> <span class='ocrx_word' id='word_1_510' title='bbox 1004 5322 1081 5378; x_wconf 89' lang='lat' dir='ltr'><strong>De</strong></span> <span class='ocrx_word' id='word_1_511' title='bbox 1122 5323 1366 5396; x_wconf 82' lang='lat' dir='ltr'><strong>Eutyche</strong></span> <span class='ocrx_word' id='word_1_512' title='bbox 1408 5334 1587 5382; x_wconf 87' lang='lat' dir='ltr'><strong>autem</strong></span> <span class='ocrx_word' id='word_1_513' title='bbox 1649 5330 1813 5384; x_wconf 88' lang='lat' dir='ltr'><strong>totius</strong></span> <span class='ocrx_word' id='word_1_514' title='bbox 1860 5331 2097 5385; x_wconf 86' lang='lat' dir='ltr'><strong>scandali</strong></span> <span class='ocrx_word' id='word_1_515' title='bbox 2154 5338 2210 5385; x_wconf 88' lang='lat' dir='ltr'><strong>et</strong></span> 
     </span>
    </p>
   </div>
   <div class='ocr_carea' id='block_1_72' title="bbox 616 5412 2206 5492">
    <p class='ocr_par' dir='ltr' id='par_1_72' title="bbox 616 5412 2206 5492">
     <span class='ocr_line' id='line_1_72' title="bbox 616 5412 2206 5492; baseline 0.008 -27"><span class='ocrx_word' id='word_1_516' title='bbox 616 5412 906 5484; x_wconf 83' lang='lat' dir='ltr'><strong>pravitatis</strong></span> <span class='ocrx_word' id='word_1_517' title='bbox 953 5422 1208 5484; x_wconf 87' lang='lat' dir='ltr'><strong>auctore,</strong></span> <span class='ocrx_word' id='word_1_518' title='bbox 1268 5419 1372 5475; x_wconf 88' lang='lat' dir='ltr'><strong>hoc</strong></span> <span class='ocrx_word' id='word_1_519' title='bbox 1411 5420 1699 5476; x_wconf 86' lang='lat' dir='ltr'><strong>clementia</strong></span> <span class='ocrx_word' id='word_1_520' title='bbox 1760 5431 1940 5477; x_wconf 85' lang='lat' dir='ltr'><strong>vestra</strong></span> <span class='ocrx_word' id='word_1_521' title='bbox 2010 5424 2206 5492; x_wconf 54' lang='lat' dir='ltr'><strong>pracci-</strong></span> 
     </span>
    </p>
   </div>
   <div class='ocr_carea' id='block_1_73' title="bbox 620 5502 2206 5585">
    <p class='ocr_par' dir='ltr' id='par_1_73' title="bbox 620 5502 2206 5585">
     <span class='ocr_line' id='line_1_73' title="bbox 620 5502 2206 5585; baseline 0.008 -28"><span class='ocrx_word' id='word_1_522' title='bbox 620 5502 768 5577; x_wconf 80' lang='lat' dir='ltr'><strong>piat,</strong></span> <span class='ocrx_word' id='word_1_523' title='bbox 800 5516 861 5561; x_wconf 85' lang='grc' dir='ltr'><strong>ιιι</strong></span> <span class='ocrx_word' id='word_1_524' title='bbox 906 5506 974 5562; x_wconf 86' lang='lat' dir='ltr'><strong>ab</strong></span> <span class='ocrx_word' id='word_1_525' title='bbox 1014 5524 1080 5566; x_wconf 91' lang='lat' dir='ltr'><strong>eo</strong></span> <span class='ocrx_word' id='word_1_526' title='bbox 1125 5509 1246 5568; x_wconf 90' lang='lat' dir='ltr'><strong>loco</strong></span> <span class='ocrx_word' id='word_1_527' title='bbox 1290 5528 1397 5582; x_wconf 91' lang='lat' dir='ltr'><strong>quo</strong></span> <span class='ocrx_word' id='word_1_528' title='bbox 1440 5513 2055 5585; x_wconf 67' lang='lat' dir='ltr'><strong>Constantinopolitanae</strong></span> <span class='ocrx_word' id='word_1_529' title='bbox 2085 5516 2206 5571; x_wconf 86' lang='lat' dir='ltr'><strong>urbi</strong></span> 
     </span>
    </p>
   </div>
   <div class='ocr_carea' id='block_1_74' title="bbox 623 5588 2206 5677">
    <p class='ocr_par' dir='ltr' id='par_1_74' title="bbox 623 5588 2206 5677">
     <span class='ocr_line' id='line_1_74' title="bbox 623 5588 2206 5677; baseline 0.005 -24"><span class='ocrx_word' id='word_1_530' title='bbox 623 5595 791 5653; x_wconf 78' lang='lat' dir='ltr'><strong>nimis</strong></span> <span class='ocrx_word' id='word_1_531' title='bbox 818 5599 1027 5658; x_wconf 88' lang='lat' dir='ltr'><strong>vicinus</strong></span> <span class='ocrx_word' id='word_1_532' title='bbox 1053 5612 1170 5671; x_wconf 89' lang='lat' dir='ltr'><strong>est,</strong></span> <span class='ocrx_word' id='word_1_533' title='bbox 1198 5588 1409 5673; x_wconf 75' lang='lat' dir='ltr'><strong>longius</strong></span> <span class='ocrx_word' id='word_1_534' title='bbox 1442 5607 1821 5669; x_wconf 82' lang='lat' dir='ltr'><strong>transferatur,</strong></span> <span class='ocrx_word' id='word_1_535' title='bbox 1857 5624 1922 5661; x_wconf 83' lang='lat' dir='ltr'><strong>ne</strong></span> <span class='ocrx_word' id='word_1_536' title='bbox 1952 5607 2206 5677; x_wconf 74' lang='lat' dir='ltr'><strong>frequen-</strong></span> 
     </span>
    </p>
   </div>
   <div class='ocr_carea' id='block_1_75' title="bbox 624 5685 2205 5767">
    <p class='ocr_par' dir='ltr' id='par_1_75' title="bbox 624 5685 2205 5767">
     <span class='ocr_line' id='line_1_75' title="bbox 624 5685 2205 5767; baseline 0.003 -22"><span class='ocrx_word' id='word_1_537' title='bbox 624 5685 859 5745; x_wconf 73' lang='lat' dir='ltr'><strong>tioribus</strong></span> <span class='ocrx_word' id='word_1_538' title='bbox 896 5690 1103 5749; x_wconf 89' lang='lat' dir='ltr'><strong>solatiis</strong></span> <span class='ocrx_word' id='word_1_539' title='bbox 1148 5709 1334 5750; x_wconf 87' lang='lat' dir='ltr'><strong>eorum</strong></span> <span class='ocrx_word' id='word_1_540' title='bbox 1379 5711 1517 5766; x_wconf 88' lang='lat' dir='ltr'><strong>quos</strong></span> <span class='ocrx_word' id='word_1_541' title='bbox 1565 5698 1632 5752; x_wconf 89' lang='lat' dir='ltr'><strong>ad</strong></span> <span class='ocrx_word' id='word_1_542' title='bbox 1685 5697 2019 5767; x_wconf 86' lang='lat' dir='ltr'><strong>impietatem</strong></span> <span class='ocrx_word' id='word_1_543' title='bbox 2053 5710 2205 5750; x_wconf 88' lang='lat' dir='ltr'><strong>suam</strong></span> 
     </span>
    </p>
   </div>
   <div class='ocr_carea' id='block_1_76' title="bbox 629 5777 2202 5860">
    <p class='ocr_par' dir='ltr' id='par_1_76' title="bbox 629 5777 2202 5860">
     <span class='ocr_line' id='line_1_76' title="bbox 629 5777 2202 5860; baseline 0.003 -24"><span class='ocrx_word' id='word_1_544' title='bbox 629 5777 800 5836; x_wconf 69' lang='lat' dir='ltr'><strong>traxit</strong></span> <span class='ocrx_word' id='word_1_545' title='bbox 829 5789 1026 5838; x_wconf 85' lang='lat' dir='ltr'><strong>utatur.</strong></span> <span class='ocrx_word' id='word_1_546' title='bbox 1071 5785 1396 5843; x_wconf 82' lang='lat' dir='ltr'><strong>Mouasterio</strong></span> <span class='ocrx_word' id='word_1_547' title='bbox 1438 5803 1654 5860; x_wconf 90' lang='lat' dir='ltr'><strong>quoque</strong></span> <span class='ocrx_word' id='word_1_548' title='bbox 1683 5789 1849 5860; x_wconf 85' lang='lat' dir='ltr'><strong>ipsius</strong></span> <span class='ocrx_word' id='word_1_549' title='bbox 1872 5830 1884 5855; x_wconf 91' lang='lat'><strong>,</strong></span> <span class='ocrx_word' id='word_1_550' title='bbox 1907 5787 1991 5844; x_wconf 81' lang='lat' dir='ltr'><strong>cui</strong></span> <span class='ocrx_word' id='word_1_551' title='bbox 2019 5786 2202 5859; x_wconf 78' lang='lat' dir='ltr'><strong>perni-</strong></span> 
     </span>
    </p>
   </div>
   <div class='ocr_carea' id='block_1_77' title="bbox 2233 4539 2282 4597">
    <p class='ocr_par' dir='ltr' id='par_1_77' title="bbox 2233 4539 2282 4597">
     <span class='ocr_line' id='line_1_77' title="bbox 2233 4539 2282 4597; baseline 0 0"><span class='ocrx_word' id='word_1_552' title='bbox 2233 4539 2282 4597; x_wconf 90' lang='lat' dir='ltr'>D</span> 
     </span>
    </p>
   </div>
   <div class='ocr_carea' id='block_1_78' title="bbox 2300 1944 3829 2017">
    <p class='ocr_par' dir='ltr' id='par_1_78' title="bbox 2300 1944 3829 2017">
     <span class='ocr_line' id='line_1_78' title="bbox 2300 1944 3829 2017; baseline 0.001 -19"><span class='ocrx_word' id='word_1_553' title='bbox 2300 1944 2463 1998; x_wconf 87' lang='lat' dir='ltr'><strong>etiam</strong></span> <span class='ocrx_word' id='word_1_554' title='bbox 2512 1944 2581 1999; x_wconf 91' lang='lat' dir='ltr'><strong>ab</strong></span> <span class='ocrx_word' id='word_1_555' title='bbox 2628 1944 2774 1999; x_wconf 89' lang='lat' dir='ltr'><strong>urbis</strong></span> <span class='ocrx_word' id='word_1_556' title='bbox 2820 1945 3158 2000; x_wconf 86' lang='lat' dir='ltr'><strong>habitatione</strong></span> <span class='ocrx_word' id='word_1_557' title='bbox 3189 1946 3490 2017; x_wconf 86' lang='lat' dir='ltr'><strong>pellantur,</strong></span> <span class='ocrx_word' id='word_1_558' title='bbox 3536 1963 3603 2001; x_wconf 92' lang='lat' dir='ltr'><strong>ne</strong></span> <span class='ocrx_word' id='word_1_559' title='bbox 3648 1946 3829 2000; x_wconf 87' lang='lat' dir='ltr'><strong>ulterius</strong></span> 
     </span>
    </p>
   </div>
   <div class='ocr_carea' id='block_1_79' title="bbox 2300 2034 3828 2107">
    <p class='ocr_par' dir='ltr' id='par_1_79' title="bbox 2300 2034 3828 2107">
     <span class='ocr_line' id='line_1_79' title="bbox 2300 2034 3828 2107; baseline 0.003 -19"><span class='ocrx_word' id='word_1_560' title='bbox 2300 2035 2474 2089; x_wconf 85' lang='lat' dir='ltr'><strong>sancti</strong></span> <span class='ocrx_word' id='word_1_561' title='bbox 2521 2034 2616 2089; x_wconf 88' lang='lat' dir='ltr'><strong>Dei</strong></span> <span class='ocrx_word' id='word_1_562' title='bbox 2662 2035 2843 2105; x_wconf 89' lang='lat' dir='ltr'><strong>populi</strong></span> <span class='ocrx_word' id='word_1_563' title='bbox 2874 2049 3253 2106; x_wconf 86' lang='lat' dir='ltr'><strong>perversorum</strong></span> <span class='ocrx_word' id='word_1_564' title='bbox 3302 2038 3583 2093; x_wconf 83' lang='lat' dir='ltr'><strong>hominum</strong></span> <span class='ocrx_word' id='word_1_565' title='bbox 3630 2047 3828 2107; x_wconf 69' lang='lat' dir='ltr'><strong>contage</strong></span> 
     </span>
    </p>
   </div>
   <div class='ocr_carea' id='block_1_80' title="bbox 2297 2124 3827 2198">
    <p class='ocr_par' dir='ltr' id='par_1_80' title="bbox 2297 2124 3827 2198">
     <span class='ocr_line' id='line_1_80' title="bbox 2297 2124 3827 2198; baseline 0.002 -20"><span class='ocrx_word' id='word_1_566' title='bbox 2297 2124 2625 2196; x_wconf 87' lang='lat' dir='ltr'><strong>polluantur.</strong></span> <span class='ocrx_word' id='word_1_567' title='bbox 2664 2145 2685 2176; x_wconf 83' lang='grc'><strong>›</strong></span> <span class='ocrx_word' id='word_1_568' title='bbox 2716 2125 2780 2181; x_wconf 84' lang='lat' dir='ltr'><strong>Et</strong></span> <span class='ocrx_word' id='word_1_569' title='bbox 2810 2128 2938 2181; x_wconf 86' lang='lat' dir='ltr'><strong>item</strong></span> <span class='ocrx_word' id='word_1_570' title='bbox 2990 2128 3044 2182; x_wconf 88' lang='lat' dir='ltr'><strong>in</strong></span> <span class='ocrx_word' id='word_1_571' title='bbox 3092 2129 3323 2198; x_wconf 84' lang='lat' dir='ltr'><strong>epistola</strong></span> <span class='ocrx_word' id='word_1_572' title='bbox 3371 2129 3439 2183; x_wconf 89' lang='lat' dir='ltr'><strong>ad</strong></span> <span class='ocrx_word' id='word_1_573' title='bbox 3485 2128 3827 2198; x_wconf 70' lang='lat' dir='ltr'><strong>Aquileiensem</strong></span> 
     </span>
    </p>
   </div>
   <div class='ocr_carea' id='block_1_81' title="bbox 2298 2217 3826 2288">
    <p class='ocr_par' dir='ltr' id='par_1_81' title="bbox 2298 2217 3826 2288">
     <span class='ocr_line' id='line_1_81' title="bbox 2298 2217 3826 2288; baseline 0.002 -17"><span class='ocrx_word' id='word_1_574' title='bbox 2298 2217 2607 2287; x_wconf 84' lang='lat' dir='ltr'><strong>episcopum</strong></span> <span class='ocrx_word' id='word_1_575' title='bbox 2640 2219 2821 2288; x_wconf 55' lang='lat'><strong>(912.5)</strong></span> <span class='ocrx_word' id='word_1_576' title='bbox 2856 2236 2869 2272; x_wconf 88' lang='lat'><strong>:</strong></span> <span class='ocrx_word' id='word_1_577' title='bbox 2902 2239 2919 2270; x_wconf 82' lang='grc' dir='ltr'>ι</span> <span class='ocrx_word' id='word_1_578' title='bbox 2951 2218 3067 2273; x_wconf 88' lang='lat' dir='ltr'><strong>Non</strong></span> <span class='ocrx_word' id='word_1_579' title='bbox 3100 2230 3277 2274; x_wconf 90' lang='lat' dir='ltr'><strong>autem</strong></span> <span class='ocrx_word' id='word_1_580' title='bbox 3311 2220 3519 2275; x_wconf 84' lang='lat' dir='ltr'><strong>dubitet</strong></span> <span class='ocrx_word' id='word_1_581' title='bbox 3547 2220 3738 2274; x_wconf 87' lang='lat' dir='ltr'><strong>dilectio</strong></span> <span class='ocrx_word' id='word_1_582' title='bbox 3761 2230 3826 2274; x_wconf 81' lang='lat' dir='ltr'><strong>tua</strong></span> 
     </span>
    </p>
   </div>
   <div class='ocr_carea' id='block_1_82' title="bbox 2300 2309 3826 2382">
    <p class='ocr_par' dir='ltr' id='par_1_82' title="bbox 2300 2309 3826 2382">
     <span class='ocr_line' id='line_1_82' title="bbox 2300 2309 3826 2382; baseline 0.002 -21"><span class='ocrx_word' id='word_1_583' title='bbox 2300 2322 2434 2371; x_wconf 88' lang='lat' dir='ltr'><strong>nos,</strong></span> <span class='ocrx_word' id='word_1_584' title='bbox 2464 2309 2508 2361; x_wconf 94' lang='lat' dir='ltr'><strong>si</strong></span> <span class='ocrx_word' id='word_1_585' title='bbox 2536 2310 2678 2377; x_wconf 89' lang='lat' dir='ltr'><strong>quod</strong></span> <span class='ocrx_word' id='word_1_586' title='bbox 2714 2325 2817 2363; x_wconf 90' lang='lat' dir='ltr'><strong>non</strong></span> <span class='ocrx_word' id='word_1_587' title='bbox 2863 2311 3194 2365; x_wconf 84' lang='lat' dir='ltr'><strong>arbitramur</strong></span> <span class='ocrx_word' id='word_1_588' title='bbox 3237 2312 3489 2382; x_wconf 84' lang='lat' dir='ltr'><strong>neglecta</strong></span> <span class='ocrx_word' id='word_1_589' title='bbox 3537 2310 3713 2365; x_wconf 84' lang='lat' dir='ltr'><strong>fuerint</strong></span> <span class='ocrx_word' id='word_1_590' title='bbox 3737 2326 3826 2379; x_wconf 68' lang='lat' dir='ltr'><strong>qua:</strong></span> 
     </span>
    </p>
   </div>
   <div class='ocr_carea' id='block_1_83' title="bbox 2298 2398 3827 2471">
    <p class='ocr_par' dir='ltr' id='par_1_83' title="bbox 2298 2398 3827 2471">
     <span class='ocr_line' id='line_1_83' title="bbox 2298 2398 3827 2471; baseline 0.003 -23"><span class='ocrx_word' id='word_1_591' title='bbox 2298 2411 2398 2465; x_wconf 88' lang='lat' dir='ltr'><strong>pro</strong></span> <span class='ocrx_word' id='word_1_592' title='bbox 2425 2398 2668 2451; x_wconf 82' lang='lat' dir='ltr'><strong>custodia</strong></span> <span class='ocrx_word' id='word_1_593' title='bbox 2708 2412 2976 2452; x_wconf 88' lang='lat' dir='ltr'><strong>eanouum</strong></span> <span class='ocrx_word' id='word_1_594' title='bbox 3004 2407 3059 2453; x_wconf 90' lang='lat' dir='ltr'><strong>et</strong></span> <span class='ocrx_word' id='word_1_595' title='bbox 3085 2414 3185 2468; x_wconf 87' lang='lat' dir='ltr'><strong>pro</strong></span> <span class='ocrx_word' id='word_1_596' title='bbox 3209 2400 3338 2455; x_wconf 83' lang='lat' dir='ltr'><strong>fidei</strong></span> <span class='ocrx_word' id='word_1_597' title='bbox 3364 2400 3660 2471; x_wconf 80' lang='lat' dir='ltr'><strong>integritate</strong></span> <span class='ocrx_word' id='word_1_598' title='bbox 3681 2398 3827 2453; x_wconf 77' lang='lat' dir='ltr'><strong>decer-</strong></span> 
     </span>
    </p>
   </div>
   <div class='ocr_carea' id='block_1_84' title="bbox 2299 2491 3823 2562">
    <p class='ocr_par' dir='ltr' id='par_1_84' title="bbox 2299 2491 3823 2562">
     <span class='ocr_line' id='line_1_84' title="bbox 2299 2491 3823 2562; baseline -0.001 -18"><span class='ocrx_word' id='word_1_599' title='bbox 2299 2491 2509 2554; x_wconf 89' lang='lat' dir='ltr'><strong>nimus,</strong></span> <span class='ocrx_word' id='word_1_600' title='bbox 2543 2493 2916 2547; x_wconf 88' lang='lat' dir='ltr'><strong>vehementius</strong></span> <span class='ocrx_word' id='word_1_601' title='bbox 2939 2494 3388 2556; x_wconf 81' lang='lat' dir='ltr'><strong>commovendos,</strong></span> <span class='ocrx_word' id='word_1_602' title='bbox 3419 2494 3543 2562; x_wconf 86' lang='lat' dir='ltr'><strong>quia</strong></span> <span class='ocrx_word' id='word_1_603' title='bbox 3565 2492 3823 2547; x_wconf 82' lang='lat' dir='ltr'><strong>inferiorum</strong></span> 
     </span>
    </p>
   </div>
   <div class='ocr_carea' id='block_1_85' title="bbox 2300 2569 3825 2655">
    <p class='ocr_par' dir='ltr' id='par_1_85' title="bbox 2300 2569 3825 2655">
     <span class='ocr_line' id='line_1_85' title="bbox 2300 2569 3825 2655; baseline -0.001 -20"><span class='ocrx_word' id='word_1_604' title='bbox 2300 2582 2548 2635; x_wconf 88' lang='lat' dir='ltr'><strong>ordinum</strong></span> <span class='ocrx_word' id='word_1_605' title='bbox 2603 2583 2774 2653; x_wconf 61' lang='lat' dir='ltr'><strong>culmo</strong></span> <span class='ocrx_word' id='word_1_606' title='bbox 2819 2585 2885 2638; x_wconf 92' lang='lat' dir='ltr'><strong>ad</strong></span> <span class='ocrx_word' id='word_1_607' title='bbox 2937 2585 3112 2639; x_wconf 89' lang='lat' dir='ltr'><strong>nullos</strong></span> <span class='ocrx_word' id='word_1_608' title='bbox 3158 2569 3336 2655; x_wconf 73' lang='lat' dir='ltr'><strong>magis</strong></span> <span class='ocrx_word' id='word_1_609' title='bbox 3387 2584 3665 2639; x_wconf 73' lang='lat' dir='ltr'><strong>referendze</strong></span> <span class='ocrx_word' id='word_1_610' title='bbox 3705 2591 3825 2644; x_wconf 88' lang='lat' dir='ltr'><strong>sunt,</strong></span> 
     </span>
    </p>
   </div>
   <div class='ocr_carea' id='block_1_86' title="bbox 2300 2670 3826 2746">
    <p class='ocr_par' dir='ltr' id='par_1_86' title="bbox 2300 2670 3826 2746">
     <span class='ocr_line' id='line_1_86' title="bbox 2300 2670 3826 2746; baseline -0.003 -20"><span class='ocrx_word' id='word_1_611' title='bbox 2300 2688 2459 2742; x_wconf 89' lang='lat' dir='ltr'><strong>quam</strong></span> <span class='ocrx_word' id='word_1_612' title='bbox 2492 2674 2556 2727; x_wconf 87' lang='lat' dir='ltr'><strong>ad</strong></span> <span class='ocrx_word' id='word_1_613' title='bbox 2584 2675 2797 2729; x_wconf 76' lang='lat' dir='ltr'><strong>desides</strong></span> <span class='ocrx_word' id='word_1_614' title='bbox 2839 2676 3278 2746; x_wconf 81' lang='lat' dir='ltr'><strong>negligentesque</strong></span> <span class='ocrx_word' id='word_1_615' title='bbox 3329 2684 3599 2736; x_wconf 86' lang='lat' dir='ltr'><strong>rectores,</strong></span> <span class='ocrx_word' id='word_1_616' title='bbox 3622 2672 3699 2743; x_wconf 90' lang='lat' dir='ltr'><strong>qui</strong></span> <span class='ocrx_word' id='word_1_617' title='bbox 3727 2670 3826 2725; x_wconf 87' lang='lat' dir='ltr'><strong>mul-</strong></span> 
     </span>
    </p>
   </div>
   <div class='ocr_carea' id='block_1_87' title="bbox 2303 2766 3824 2837">
    <p class='ocr_par' dir='ltr' id='par_1_87' title="bbox 2303 2766 3824 2837">
     <span class='ocr_line' id='line_1_87' title="bbox 2303 2766 3824 2837; baseline -0.003 -17"><span class='ocrx_word' id='word_1_618' title='bbox 2303 2774 2410 2820; x_wconf 87' lang='lat' dir='ltr'><strong>tam</strong></span> <span class='ocrx_word' id='word_1_619' title='bbox 2452 2783 2593 2837; x_wconf 66' lang='lat' dir='ltr'><strong>smpe</strong></span> <span class='ocrx_word' id='word_1_620' title='bbox 2639 2770 2887 2823; x_wconf 87' lang='lat' dir='ltr'><strong>nutriunt</strong></span> <span class='ocrx_word' id='word_1_621' title='bbox 2928 2769 3293 2837; x_wconf 80' lang='lat' dir='ltr'><strong>pestilentiam</strong></span> <span class='ocrx_word' id='word_1_622' title='bbox 3321 2810 3336 2833; x_wconf 94' lang='lat'><strong>,</strong></span> <span class='ocrx_word' id='word_1_623' title='bbox 3369 2769 3494 2823; x_wconf 84' lang='lat' dir='ltr'><strong>dum</strong></span> <span class='ocrx_word' id='word_1_624' title='bbox 3532 2766 3824 2822; x_wconf 85' lang='lat' dir='ltr'><strong>austeriorem</strong></span> 
     </span>
    </p>
   </div>
   <div class='ocr_carea' id='block_1_88' title="bbox 2301 2853 3823 2928">
    <p class='ocr_par' dir='ltr' id='par_1_88' title="bbox 2301 2853 3823 2928">
     <span class='ocr_line' id='line_1_88' title="bbox 2301 2853 3823 2928; baseline -0.004 -16"><span class='ocrx_word' id='word_1_625' title='bbox 2301 2860 2646 2914; x_wconf 83' lang='lat' dir='ltr'><strong>dissimulant</strong></span> <span class='ocrx_word' id='word_1_626' title='bbox 2674 2853 2932 2915; x_wconf 87' lang='lat' dir='ltr'><strong>adhibere</strong></span> <span class='ocrx_word' id='word_1_627' title='bbox 2957 2861 3304 2915; x_wconf 88' lang='lat' dir='ltr'><strong>medicinam.</strong></span> <span class='ocrx_word' id='word_1_628' title='bbox 3344 2880 3364 2912; x_wconf 73' lang='grc' dir='ltr'><strong><em>ι</em></strong></span> <span class='ocrx_word' id='word_1_629' title='bbox 3397 2860 3462 2915; x_wconf 84' lang='grc' dir='ltr'><strong>Ει</strong></span> <span class='ocrx_word' id='word_1_630' title='bbox 3486 2860 3535 2913; x_wconf 90' lang='lat' dir='ltr'><strong>in</strong></span> <span class='ocrx_word' id='word_1_631' title='bbox 3565 2856 3755 2928; x_wconf 85' lang='lat' dir='ltr'><strong>epistola</strong></span> <span class='ocrx_word' id='word_1_632' title='bbox 3776 2854 3823 2907; x_wconf 84' lang='lat' dir='ltr'><strong>ad</strong></span> 
     </span>
    </p>
   </div>
   <div class='ocr_carea' id='block_1_89' title="bbox 2302 2943 3823 3021">
    <p class='ocr_par' dir='ltr' id='par_1_89' title="bbox 2302 2943 3823 3021">
     <span class='ocr_line' id='line_1_89' title="bbox 2302 2943 3823 3021; baseline -0.003 -16"><span class='ocrx_word' id='word_1_633' title='bbox 2302 2951 2582 3005; x_wconf 86' lang='lat' dir='ltr'><strong>Turibium</strong></span> <span class='ocrx_word' id='word_1_634' title='bbox 2610 2952 3016 3006; x_wconf 85' lang='lat' dir='ltr'><strong>Asturicensem</strong></span> <span class='ocrx_word' id='word_1_635' title='bbox 3046 2951 3361 3021; x_wconf 67' lang='lat' dir='ltr'><strong>epistpum</strong></span> <span class='ocrx_word' id='word_1_636' title='bbox 3396 2969 3410 3005; x_wconf 85' lang='lat'><strong>:</strong></span> <span class='ocrx_word' id='word_1_637' title='bbox 3446 2971 3465 3003; x_wconf 76' lang='grc' dir='ltr'>σ</span> <span class='ocrx_word' id='word_1_638' title='bbox 3497 2947 3733 3018; x_wconf 82' lang='lat' dir='ltr'><strong>Quoniam</strong></span> <span class='ocrx_word' id='word_1_639' title='bbox 3757 2943 3823 3015; x_wconf 83' lang='lat' dir='ltr'><strong>qui</strong></span> 
     </span>
    </p>
   </div>
   <div class='ocr_carea' id='block_1_90' title="bbox 2304 3038 3824 3112">
    <p class='ocr_par' dir='ltr' id='par_1_90' title="bbox 2304 3038 3824 3112">
     <span class='ocr_line' id='line_1_90' title="bbox 2304 3038 3824 3112; baseline -0.005 -18"><span class='ocrx_word' id='word_1_640' title='bbox 2304 3042 2438 3096; x_wconf 87' lang='lat' dir='ltr'><strong>alios</strong></span> <span class='ocrx_word' id='word_1_641' title='bbox 2464 3042 2532 3095; x_wconf 88' lang='lat' dir='ltr'><strong>ab</strong></span> <span class='ocrx_word' id='word_1_642' title='bbox 2560 3057 2747 3096; x_wconf 89' lang='lat' dir='ltr'><strong>errore</strong></span> <span class='ocrx_word' id='word_1_643' title='bbox 2770 3058 2878 3097; x_wconf 91' lang='lat' dir='ltr'><strong>non</strong></span> <span class='ocrx_word' id='word_1_644' title='bbox 2905 3051 3121 3097; x_wconf 84' lang='lat' dir='ltr'><strong>revocat</strong></span> <span class='ocrx_word' id='word_1_645' title='bbox 3144 3082 3159 3105; x_wconf 96' lang='lat'><strong>,</strong></span> <span class='ocrx_word' id='word_1_646' title='bbox 3187 3041 3430 3112; x_wconf 86' lang='lat' dir='ltr'><strong>seipsum</strong></span> <span class='ocrx_word' id='word_1_647' title='bbox 3458 3054 3630 3094; x_wconf 85' lang='lat' dir='ltr'><strong>errare</strong></span> <span class='ocrx_word' id='word_1_648' title='bbox 3653 3038 3824 3091; x_wconf 85' lang='lat' dir='ltr'><strong>demon-</strong></span> 
     </span>
    </p>
   </div>
   <div class='ocr_carea' id='block_1_91' title="bbox 2306 3122 3823 3202">
    <p class='ocr_par' dir='ltr' id='par_1_91' title="bbox 2306 3122 3823 3202">
     <span class='ocr_line' id='line_1_91' title="bbox 2306 3122 3823 3202; baseline -0.006 -18"><span class='ocrx_word' id='word_1_649' title='bbox 2306 3140 2444 3184; x_wconf 89' lang='lat' dir='ltr'><strong>strat</strong></span> <span class='ocrx_word' id='word_1_650' title='bbox 2471 3133 2573 3201; x_wconf 79' lang='lat' dir='ltr'><strong>(cp.</strong></span> <span class='ocrx_word' id='word_1_651' title='bbox 2605 3131 2715 3202; x_wconf 78' lang='lat'><strong>95).</strong></span> <span class='ocrx_word' id='word_1_652' title='bbox 2772 3152 2790 3182; x_wconf 70' lang='grc' dir='ltr'>ι</span> <span class='ocrx_word' id='word_1_653' title='bbox 2824 3132 2889 3185; x_wconf 85' lang='lat' dir='ltr'><strong>Et</strong></span> <span class='ocrx_word' id='word_1_654' title='bbox 2929 3140 3150 3188; x_wconf 89' lang='lat' dir='ltr'><strong>sanctus</strong></span> <span class='ocrx_word' id='word_1_655' title='bbox 3192 3131 3539 3186; x_wconf 84' lang='lat' dir='ltr'><strong>Innocentius</strong></span> <span class='ocrx_word' id='word_1_656' title='bbox 3567 3130 3615 3183; x_wconf 90' lang='lat' dir='ltr'><strong>iu</strong></span> <span class='ocrx_word' id='word_1_657' title='bbox 3649 3122 3823 3197; x_wconf 82' lang='lat' dir='ltr'><strong>epistola</strong></span> 
     </span>
    </p>
   </div>
   <div class='ocr_carea' id='block_1_92' title="bbox 2304 3216 3821 3294">
    <p class='ocr_par' dir='ltr' id='par_1_92' title="bbox 2304 3216 3821 3294">
     <span class='ocr_line' id='line_1_92' title="bbox 2304 3216 3821 3294; baseline 0 -17"><span class='ocrx_word' id='word_1_658' title='bbox 2304 3224 2371 3277; x_wconf 89' lang='lat' dir='ltr'><strong>ad</strong></span> <span class='ocrx_word' id='word_1_659' title='bbox 2402 3225 2665 3294; x_wconf 83' lang='lat' dir='ltr'><strong>synodum</strong></span> <span class='ocrx_word' id='word_1_660' title='bbox 2692 3224 3049 3278; x_wconf 86' lang='lat' dir='ltr'><strong>Milevitauam</strong></span> <span class='ocrx_word' id='word_1_661' title='bbox 3077 3223 3178 3294; x_wconf 81' lang='lat' dir='ltr'><strong>(ep.</strong></span> <span class='ocrx_word' id='word_1_662' title='bbox 3202 3222 3272 3281; x_wconf 72' lang='lat'><strong>52</strong></span> <span class='ocrx_word' id='word_1_663' title='bbox 3297 3265 3313 3288; x_wconf 91' lang='lat'><strong>,</strong></span> <span class='ocrx_word' id='word_1_664' title='bbox 3341 3224 3435 3278; x_wconf 82' lang='lat' dir='ltr'><strong>sub</strong></span> <span class='ocrx_word' id='word_1_665' title='bbox 3457 3220 3623 3291; x_wconf 79' lang='lat' dir='ltr'><strong>ﬁnem)</strong></span> <span class='ocrx_word' id='word_1_666' title='bbox 3651 3237 3663 3273; x_wconf 86' lang='lat'><strong>:</strong></span> <span class='ocrx_word' id='word_1_667' title='bbox 3698 3238 3713 3269; x_wconf 83' lang='lat' dir='ltr'><strong>t</strong></span> <span class='ocrx_word' id='word_1_668' title='bbox 3738 3216 3821 3277; x_wconf 72' lang='grc' dir='ltr'><strong>ΑΙ)-</strong></span> 
     </span>
    </p>
   </div>
   <div class='ocr_carea' id='block_1_93' title="bbox 2302 3310 3827 3387">
    <p class='ocr_par' dir='ltr' id='par_1_93' title="bbox 2302 3310 3827 3387">
     <span class='ocr_line' id='line_1_93' title="bbox 2302 3310 3827 3387; baseline -0.007 -17"><span class='ocrx_word' id='word_1_669' title='bbox 2302 3315 2543 3370; x_wconf 88' lang='lat' dir='ltr'><strong>scidendi</strong></span> <span class='ocrx_word' id='word_1_670' title='bbox 2591 3315 2733 3368; x_wconf 91' lang='lat' dir='ltr'><strong>enim</strong></span> <span class='ocrx_word' id='word_1_671' title='bbox 2779 3324 2905 3369; x_wconf 89' lang='lat' dir='ltr'><strong>sunt</strong></span> <span class='ocrx_word' id='word_1_672' title='bbox 2949 3314 3113 3387; x_wconf 49' lang='grc' dir='ltr'><strong>εἰμί)</strong></span> <span class='ocrx_word' id='word_1_673' title='bbox 3156 3314 3246 3383; x_wconf 87' lang='lat' dir='ltr'><strong>qui</strong></span> <span class='ocrx_word' id='word_1_674' title='bbox 3282 3330 3386 3369; x_wconf 89' lang='lat' dir='ltr'><strong>nos</strong></span> <span class='ocrx_word' id='word_1_675' title='bbox 3428 3310 3749 3371; x_wconf 84' lang='lat' dir='ltr'><strong>conturbant,</strong></span> <span class='ocrx_word' id='word_1_676' title='bbox 3782 3312 3827 3358; x_wconf 82' lang='lat' dir='ltr'><strong>et</strong></span> 
     </span>
    </p>
   </div>
   <div class='ocr_carea' id='block_1_94' title="bbox 2303 3401 3821 3475">
    <p class='ocr_par' dir='ltr' id='par_1_94' title="bbox 2303 3401 3821 3475">
     <span class='ocr_line' id='line_1_94' title="bbox 2303 3401 3821 3475; baseline -0.009 -15"><span class='ocrx_word' id='word_1_677' title='bbox 2303 3407 2491 3462; x_wconf 91' lang='lat' dir='ltr'><strong>volunt</strong></span> <span class='ocrx_word' id='word_1_678' title='bbox 2518 3415 2839 3461; x_wconf 87' lang='lat' dir='ltr'><strong>convertere</strong></span> <span class='ocrx_word' id='word_1_679' title='bbox 2867 3406 3217 3475; x_wconf 80' lang='lat' dir='ltr'><strong>Evangelimn</strong></span> <span class='ocrx_word' id='word_1_680' title='bbox 3254 3405 3482 3460; x_wconf 78' lang='lat' dir='ltr'><strong>Clll‘i:ll.</strong></span> <span class='ocrx_word' id='word_1_681' title='bbox 3512 3401 3665 3458; x_wconf 88' lang='lat' dir='ltr'><strong>Simul</strong></span> <span class='ocrx_word' id='word_1_682' title='bbox 3686 3405 3821 3453; x_wconf 85' lang='lat' dir='ltr'><strong>autem</strong></span> 
     </span>
    </p>
   </div>
   <div class='ocr_carea' id='block_1_95' title="bbox 2302 3486 3822 3576">
    <p class='ocr_par' dir='ltr' id='par_1_95' title="bbox 2302 3486 3822 3576">
     <span class='ocr_line' id='line_1_95' title="bbox 2302 3486 3822 3576; baseline -0.005 -25"><span class='ocrx_word' id='word_1_683' title='bbox 2302 3498 2678 3569; x_wconf 53' lang='lat' dir='ltr'><strong>praecipimus,</strong></span> <span class='ocrx_word' id='word_1_684' title='bbox 2708 3504 2767 3549; x_wconf 90' lang='lat' dir='ltr'><strong>ut</strong></span> <span class='ocrx_word' id='word_1_685' title='bbox 2800 3496 3109 3565; x_wconf 87' lang='lat' dir='ltr'><strong>quicunque</strong></span> <span class='ocrx_word' id='word_1_686' title='bbox 3162 3497 3212 3549; x_wconf 90' lang='lat' dir='ltr'><strong>id</strong></span> <span class='ocrx_word' id='word_1_687' title='bbox 3269 3495 3566 3565; x_wconf 86' lang='lat' dir='ltr'><strong>pertinacia</strong></span> <span class='ocrx_word' id='word_1_688' title='bbox 3599 3488 3733 3576; x_wconf 74' lang='lat' dir='ltr'><strong>simili</strong></span> <span class='ocrx_word' id='word_1_689' title='bbox 3756 3486 3822 3576; x_wconf 56' lang='lat' dir='ltr'><strong>de</strong></span> 
     </span>
    </p>
   </div>
   <div class='ocr_carea' id='block_1_96' title="bbox 2306 3574 3820 3655">
    <p class='ocr_par' dir='ltr' id='par_1_96' title="bbox 2306 3574 3820 3655">
     <span class='ocr_line' id='line_1_96' title="bbox 2306 3574 3820 3655; baseline -0.01 -14"><span class='ocrx_word' id='word_1_690' title='bbox 2306 3587 2523 3642; x_wconf 85' lang='lat' dir='ltr'><strong>fensare</strong></span> <span class='ocrx_word' id='word_1_691' title='bbox 2549 3588 2814 3649; x_wconf 91' lang='lat' dir='ltr'><strong>nituntur,</strong></span> <span class='ocrx_word' id='word_1_692' title='bbox 2843 3602 2942 3655; x_wconf 89' lang='lat' dir='ltr'><strong>par</strong></span> <span class='ocrx_word' id='word_1_693' title='bbox 2973 3587 3070 3640; x_wconf 91' lang='lat' dir='ltr'><strong>hos</strong></span> <span class='ocrx_word' id='word_1_694' title='bbox 3100 3585 3343 3640; x_wconf 79' lang='lat' dir='ltr'><strong>vindicta</strong></span> <span class='ocrx_word' id='word_1_695' title='bbox 3379 3583 3702 3652; x_wconf 80' lang='lat' dir='ltr'><strong>constringat.</strong></span> <span class='ocrx_word' id='word_1_696' title='bbox 3724 3574 3820 3630; x_wconf 70' lang='lat' dir='ltr'><strong>Non</strong></span> 
     </span>
    </p>
   </div>
   <div class='ocr_carea' id='block_1_97' title="bbox 2303 3669 3821 3747">
    <p class='ocr_par' dir='ltr' id='par_1_97' title="bbox 2303 3669 3821 3747">
     <span class='ocr_line' id='line_1_97' title="bbox 2303 3669 3821 3747; baseline -0.011 -13"><span class='ocrx_word' id='word_1_697' title='bbox 2303 3680 2474 3735; x_wconf 88' lang='lat' dir='ltr'><strong>solum</strong></span> <span class='ocrx_word' id='word_1_698' title='bbox 2506 3687 2689 3732; x_wconf 84' lang='lat' dir='ltr'><strong>autem</strong></span> <span class='ocrx_word' id='word_1_699' title='bbox 2718 3680 2808 3747; x_wconf 87' lang='lat' dir='ltr'><strong>qui</strong></span> <span class='ocrx_word' id='word_1_700' title='bbox 2843 3678 3080 3741; x_wconf 84' lang='lat' dir='ltr'><strong>faciunt,</strong></span> <span class='ocrx_word' id='word_1_701' title='bbox 3109 3677 3203 3732; x_wconf 89' lang='lat' dir='ltr'><strong>sed</strong></span> <span class='ocrx_word' id='word_1_702' title='bbox 3229 3678 3399 3731; x_wconf 88' lang='lat' dir='ltr'><strong>etiam</strong></span> <span class='ocrx_word' id='word_1_703' title='bbox 3426 3676 3514 3746; x_wconf 91' lang='lat' dir='ltr'><strong>qui</strong></span> <span class='ocrx_word' id='word_1_704' title='bbox 3541 3669 3821 3729; x_wconf 87' lang='lat' dir='ltr'><strong>consentiunt</strong></span> 
     </span>
    </p>
   </div>
   <div class='ocr_carea' id='block_1_98' title="bbox 2303 3761 3821 3841">
    <p class='ocr_par' dir='ltr' id='par_1_98' title="bbox 2303 3761 3821 3841">
     <span class='ocr_line' id='line_1_98' title="bbox 2303 3761 3821 3841; baseline -0.007 -17"><span class='ocrx_word' id='word_1_705' title='bbox 2303 3770 2657 3827; x_wconf 79' lang='lat' dir='ltr'><strong>facientibus:</strong></span> <span class='ocrx_word' id='word_1_706' title='bbox 2680 3772 2807 3841; x_wconf 90' lang='lat' dir='ltr'><strong>quia</strong></span> <span class='ocrx_word' id='word_1_707' title='bbox 2835 3789 2937 3827; x_wconf 85' lang='lat' dir='ltr'><strong>non</strong></span> <span class='ocrx_word' id='word_1_708' title='bbox 2955 3771 3182 3825; x_wconf 90' lang='lat' dir='ltr'><strong>multum</strong></span> <span class='ocrx_word' id='word_1_709' title='bbox 3200 3772 3467 3825; x_wconf 87' lang='lat' dir='ltr'><strong>interesse</strong></span> <span class='ocrx_word' id='word_1_710' title='bbox 3488 3766 3699 3822; x_wconf 88' lang='lat' dir='ltr'><strong>arbitror</strong></span> <span class='ocrx_word' id='word_1_711' title='bbox 3715 3761 3821 3815; x_wconf 79' lang='lat' dir='ltr'><strong>inter</strong></span> 
     </span>
    </p>
   </div>
   <div class='ocr_carea' id='block_1_99' title="bbox 2302 3853 3817 3945">
    <p class='ocr_par' dir='ltr' id='par_1_99' title="bbox 2302 3853 3817 3945">
     <span class='ocr_line' id='line_1_99' title="bbox 2302 3853 3817 3945; baseline -0.009 -28"><span class='ocrx_word' id='word_1_712' title='bbox 2302 3862 2694 3917; x_wconf 86' lang='lat' dir='ltr'><strong>committentis</strong></span> <span class='ocrx_word' id='word_1_713' title='bbox 2750 3861 2989 3916; x_wconf 88' lang='lat' dir='ltr'><strong>animum</strong></span> <span class='ocrx_word' id='word_1_714' title='bbox 3057 3872 3112 3916; x_wconf 89' lang='lat' dir='ltr'><strong>et</strong></span> <span class='ocrx_word' id='word_1_715' title='bbox 3171 3859 3558 3916; x_wconf 82' lang='lat' dir='ltr'><strong>consentientis</strong></span> <span class='ocrx_word' id='word_1_716' title='bbox 3614 3853 3817 3945; x_wconf 55' lang='lat' dir='ltr'><strong>favorem:</strong></span> 
     </span>
    </p>
   </div>
   <div class='ocr_carea' id='block_1_100' title="bbox 2300 3952 3817 4023">
    <p class='ocr_par' dir='ltr' id='par_1_100' title="bbox 2300 3952 3817 4023">
     <span class='ocr_line' id='line_1_100' title="bbox 2300 3952 3817 4023; baseline -0.007 -16"><span class='ocrx_word' id='word_1_717' title='bbox 2300 3953 2455 4007; x_wconf 76' lang='lat' dir='ltr'><strong>Addo</strong></span> <span class='ocrx_word' id='word_1_718' title='bbox 2484 3962 2538 4007; x_wconf 93' lang='lat' dir='ltr'><strong>et</strong></span> <span class='ocrx_word' id='word_1_719' title='bbox 2568 3953 2798 4023; x_wconf 89' lang='lat' dir='ltr'><strong>amplius</strong></span> <span class='ocrx_word' id='word_1_720' title='bbox 2831 3967 2846 4006; x_wconf 89' lang='lat'><strong>:</strong></span> <span class='ocrx_word' id='word_1_721' title='bbox 2887 3952 3214 4023; x_wconf 66' lang='lat' dir='ltr'><strong>Plerumque</strong></span> <span class='ocrx_word' id='word_1_722' title='bbox 3267 3952 3495 4008; x_wconf 88' lang='lat' dir='ltr'><strong>dediscit</strong></span> <span class='ocrx_word' id='word_1_723' title='bbox 3541 3959 3724 4005; x_wconf 85' lang='lat' dir='ltr'><strong>errare,</strong></span> <span class='ocrx_word' id='word_1_724' title='bbox 3754 3952 3817 3993; x_wconf 75' lang='lat' dir='ltr'><strong>cui</strong></span> 
     </span>
    </p>
   </div>
   <div class='ocr_carea' id='block_1_101' title="bbox 2303 4040 3816 4118">
    <p class='ocr_par' dir='ltr' id='par_1_101' title="bbox 2303 4040 3816 4118">
     <span class='ocr_line' id='line_1_101' title="bbox 2303 4040 3816 4118; baseline -0.011 -15"><span class='ocrx_word' id='word_1_725' title='bbox 2303 4065 2464 4104; x_wconf 90' lang='lat' dir='ltr'><strong>nemo</strong></span> <span class='ocrx_word' id='word_1_726' title='bbox 2495 4050 2765 4104; x_wconf 89' lang='lat' dir='ltr'><strong>consentit</strong></span> <span class='ocrx_word' id='word_1_727' title='bbox 2799 4066 2812 4103; x_wconf 87' lang='lat'><strong>:</strong></span> <span class='ocrx_word' id='word_1_728' title='bbox 2851 4049 2973 4118; x_wconf 88' lang='lat' dir='ltr'><strong>quia</strong></span> <span class='ocrx_word' id='word_1_729' title='bbox 3008 4058 3064 4102; x_wconf 92' lang='lat' dir='ltr'><strong>ut</strong></span> <span class='ocrx_word' id='word_1_730' title='bbox 3095 4047 3202 4103; x_wconf 84' lang='lat' dir='ltr'><strong>Leo</strong></span> <span class='ocrx_word' id='word_1_731' title='bbox 3235 4049 3287 4102; x_wconf 91' lang='lat' dir='ltr'><strong>in</strong></span> <span class='ocrx_word' id='word_1_732' title='bbox 3332 4044 3549 4117; x_wconf 89' lang='lat' dir='ltr'><strong>cpistola</strong></span> <span class='ocrx_word' id='word_1_733' title='bbox 3575 4043 3635 4097; x_wconf 90' lang='lat' dir='ltr'><strong>ad</strong></span> <span class='ocrx_word' id='word_1_734' title='bbox 3658 4040 3816 4093; x_wconf 76' lang='lat' dir='ltr'><strong>Anato-</strong></span> 
     </span>
    </p>
   </div>
   <div class='ocr_carea' id='block_1_102' title="bbox 2304 4127 3819 4205">
    <p class='ocr_par' dir='ltr' id='par_1_102' title="bbox 2304 4127 3819 4205">
     <span class='ocr_line' id='line_1_102' title="bbox 2304 4127 3819 4205; baseline 0.002 -12"><span class='ocrx_word' id='word_1_735' title='bbox 2304 4139 2434 4193; x_wconf 91' lang='lat' dir='ltr'><strong>lium</strong></span> <span class='ocrx_word' id='word_1_736' title='bbox 2465 4141 2594 4194; x_wconf 89' lang='lat' dir='ltr'><strong>dicit</strong></span> <span class='ocrx_word' id='word_1_737' title='bbox 2624 4159 2635 4193; x_wconf 94' lang='lat'>:</span> <span class='ocrx_word' id='word_1_738' title='bbox 2673 4139 2821 4195; x_wconf 89' lang='lat' dir='ltr'><strong>Sicut</strong></span> <span class='ocrx_word' id='word_1_739' title='bbox 2854 4141 2904 4193; x_wconf 89' lang='lat' dir='ltr'><strong>in</strong></span> <span class='ocrx_word' id='word_1_740' title='bbox 2931 4141 3069 4193; x_wconf 74' lang='lat' dir='ltr'><strong>mala</strong></span> <span class='ocrx_word' id='word_1_741' title='bbox 3092 4139 3345 4194; x_wconf 86' lang='lat' dir='ltr'><strong>suasione</strong></span> <span class='ocrx_word' id='word_1_742' title='bbox 3361 4134 3681 4205; x_wconf 71' lang='lat' dir='ltr'><strong>delinquitur.</strong></span> <span class='ocrx_word' id='word_1_743' title='bbox 3705 4128 3760 4181; x_wconf 68' lang='grc' dir='ltr'><strong>ίιτί</strong></span> <span class='ocrx_word' id='word_1_744' title='bbox 3780 4127 3819 4175; x_wconf 67' lang='grc' dir='ltr'><strong>εί</strong></span> 
     </span>
    </p>
   </div>
   <div class='ocr_carea' id='block_1_103' title="bbox 2307 4230 3265 4299">
    <p class='ocr_par' dir='ltr' id='par_1_103' title="bbox 2307 4230 3265 4299">
     <span class='ocr_line' id='line_1_103' title="bbox 2307 4230 3265 4299; baseline -0.006 -14"><span class='ocrx_word' id='word_1_745' title='bbox 2307 4230 2359 4285; x_wconf 83' lang='grc' dir='ltr'><strong>ἱη</strong></span> <span class='ocrx_word' id='word_1_746' title='bbox 2386 4231 2522 4284; x_wconf 83' lang='lat' dir='ltr'><strong>mala</strong></span> <span class='ocrx_word' id='word_1_747' title='bbox 2546 4231 2901 4286; x_wconf 87' lang='lat' dir='ltr'><strong>consensione</strong></span> <span class='ocrx_word' id='word_1_748' title='bbox 2936 4241 3206 4299; x_wconf 89' lang='lat' dir='ltr'><strong>peccatur.</strong></span> <span class='ocrx_word' id='word_1_749' title='bbox 3246 4249 3265 4279; x_wconf 77' lang='grc' dir='ltr'><strong><em>ι</em></strong></span> 
     </span>
    </p>
   </div>
   <div class='ocr_carea' id='block_1_104' title="bbox 2377 4304 3817 4403">
    <p class='ocr_par' dir='ltr' id='par_1_104' title="bbox 2377 4304 3817 4403">
     <span class='ocr_line' id='line_1_104' title="bbox 2377 4304 3817 4403; baseline -0.008 -27"><span class='ocrx_word' id='word_1_750' title='bbox 2377 4323 2462 4376; x_wconf 72' lang='grc' dir='ltr'><strong>Ἦ.</strong></span> <span class='ocrx_word' id='word_1_751' title='bbox 2489 4323 2800 4376; x_wconf 81' lang='lat' dir='ltr'><strong>Ponendum</strong></span> <span class='ocrx_word' id='word_1_752' title='bbox 2824 4321 2987 4376; x_wconf 89' lang='lat' dir='ltr'><strong>etiam</strong></span> <span class='ocrx_word' id='word_1_753' title='bbox 3013 4321 3231 4383; x_wconf 70' lang='lat' dir='ltr'><strong>dignum</strong></span> <span class='ocrx_word' id='word_1_754' title='bbox 3259 4318 3508 4373; x_wconf 74' lang='lat' dir='ltr'><strong>duximus</strong></span> <span class='ocrx_word' id='word_1_755' title='bbox 3526 4312 3640 4384; x_wconf 87' lang='lat' dir='ltr'><strong>quid</strong></span> <span class='ocrx_word' id='word_1_756' title='bbox 3666 4309 3720 4403; x_wconf 75' lang='lat' dir='ltr'><strong>de</strong></span> <span class='ocrx_word' id='word_1_757' title='bbox 3745 4304 3817 4403; x_wconf 59' lang='lat' dir='ltr'><strong>ltﬂ&#39;</strong></span> 
     </span>
    </p>
   </div>
   <div class='ocr_carea' id='block_1_105' title="bbox 2302 4398 3818 4482">
    <p class='ocr_par' dir='ltr' id='par_1_105' title="bbox 2302 4398 3818 4482">
     <span class='ocr_line' id='line_1_105' title="bbox 2302 4398 3818 4482; baseline -0.011 -21"><span class='ocrx_word' id='word_1_758' title='bbox 2302 4412 2534 4482; x_wconf 72' lang='lat' dir='ltr'><strong>jnsmoii</strong></span> <span class='ocrx_word' id='word_1_759' title='bbox 2574 4427 2738 4481; x_wconf 88' lang='lat' dir='ltr'><strong>prave</strong></span> <span class='ocrx_word' id='word_1_760' title='bbox 2782 4410 3081 4465; x_wconf 85' lang='lat' dir='ltr'><strong>scientibus</strong></span> <span class='ocrx_word' id='word_1_761' title='bbox 3119 4410 3263 4477; x_wconf 76' lang='lat' dir='ltr'><strong>leges</strong></span> <span class='ocrx_word' id='word_1_762' title='bbox 3315 4411 3593 4462; x_wconf 86' lang='lat' dir='ltr'><strong>decernant</strong></span> <span class='ocrx_word' id='word_1_763' title='bbox 3623 4398 3818 4482; x_wconf 69' lang='lat' dir='ltr'><strong>ecclesia-</strong></span> 
     </span>
    </p>
   </div>
   <div class='ocr_carea' id='block_1_106' title="bbox 2310 4476 3817 4569">
    <p class='ocr_par' dir='ltr' id='par_1_106' title="bbox 2310 4476 3817 4569">
     <span class='ocr_line' id='line_1_106' title="bbox 2310 4476 3817 4569; baseline -0.01 -18"><span class='ocrx_word' id='word_1_764' title='bbox 2310 4476 2476 4553; x_wconf 58' lang='lat' dir='ltr'><strong>sticas.</strong></span> <span class='ocrx_word' id='word_1_765' title='bbox 2494 4476 2765 4569; x_wconf 75' lang='lat' dir='ltr'><strong>Scriptum</strong></span> <span class='ocrx_word' id='word_1_766' title='bbox 2786 4509 2866 4552; x_wconf 81' lang='lat' dir='ltr'><strong>est</strong></span> <span class='ocrx_word' id='word_1_767' title='bbox 2882 4499 3023 4551; x_wconf 87' lang='lat' dir='ltr'><strong>enim</strong></span> <span class='ocrx_word' id='word_1_768' title='bbox 3040 4498 3091 4551; x_wconf 89' lang='lat' dir='ltr'><strong>in</strong></span> <span class='ocrx_word' id='word_1_769' title='bbox 3106 4497 3488 4551; x_wconf 89' lang='lat' dir='ltr'><strong>constitutione</strong></span> <span class='ocrx_word' id='word_1_770' title='bbox 3504 4487 3680 4562; x_wconf 85' lang='lat' dir='ltr'><strong>Synodi</strong></span> <span class='ocrx_word' id='word_1_771' title='bbox 3698 4476 3817 4537; x_wconf 60' lang='lat' dir='ltr'><strong>Chal‘</strong></span> 
     </span>
    </p>
   </div>
   <div class='ocr_carea' id='block_1_107' title="bbox 2313 4578 3811 4670">
    <p class='ocr_par' dir='ltr' id='par_1_107' title="bbox 2313 4578 3811 4670">
     <span class='ocr_line' id='line_1_107' title="bbox 2313 4578 3811 4670; baseline -0.014 -25"><span class='ocrx_word' id='word_1_772' title='bbox 2313 4591 2634 4645; x_wconf 81' lang='lat' dir='ltr'><strong>cedoncnsis</strong></span> <span class='ocrx_word' id='word_1_773' title='bbox 2684 4589 2924 4660; x_wconf 74' lang='lat' dir='ltr'><strong>(Actione</strong></span> <span class='ocrx_word' id='word_1_774' title='bbox 2970 4604 3023 4653; x_wconf 75' lang='grc' dir='ltr'><strong>ν,</strong></span> <span class='ocrx_word' id='word_1_775' title='bbox 3072 4585 3344 4653; x_wconf 76' lang='lat' dir='ltr'><strong>Cluzlced.)</strong></span> <span class='ocrx_word' id='word_1_776' title='bbox 3375 4587 3446 4639; x_wconf 90' lang='lat' dir='ltr'><strong>ita</strong></span> <span class='ocrx_word' id='word_1_777' title='bbox 3478 4598 3492 4637; x_wconf 88' lang='lat'><strong>:</strong></span> <span class='ocrx_word' id='word_1_778' title='bbox 3523 4601 3539 4631; x_wconf 76' lang='grc' dir='ltr'>ι</span> <span class='ocrx_word' id='word_1_779' title='bbox 3570 4578 3726 4634; x_wconf 82' lang='lat' dir='ltr'><strong>Aetius</strong></span> <span class='ocrx_word' id='word_1_780' title='bbox 3748 4585 3811 4670; x_wconf 42' lang='lat' dir='ltr'><strong>ar.</strong></span> 
     </span>
    </p>
   </div>
   <div class='ocr_carea' id='block_1_108' title="bbox 2313 4672 3814 4750">
    <p class='ocr_par' dir='ltr' id='par_1_108' title="bbox 2313 4672 3814 4750">
     <span class='ocr_line' id='line_1_108' title="bbox 2313 4672 3814 4750; baseline -0.01 -13"><span class='ocrx_word' id='word_1_781' title='bbox 2313 4684 2665 4737; x_wconf 82' lang='lat' dir='ltr'><strong>chidiaconus</strong></span> <span class='ocrx_word' id='word_1_782' title='bbox 2692 4681 3321 4750; x_wconf 87' lang='lat' dir='ltr'><strong>Constantinopolitanus</strong></span> <span class='ocrx_word' id='word_1_783' title='bbox 3347 4692 3490 4731; x_wconf 69' lang='lat' dir='ltr'><strong>novae</strong></span> <span class='ocrx_word' id='word_1_784' title='bbox 3528 4672 3687 4729; x_wconf 67' lang='lat' dir='ltr'><strong>Rom-.9</strong></span> <span class='ocrx_word' id='word_1_785' title='bbox 3714 4676 3814 4717; x_wconf 68' lang='grc' dir='ltr'><strong>τεεί·</strong></span> 
     </span>
    </p>
   </div>
   <div class='ocr_carea' id='block_1_109' title="bbox 2318 4763 3815 4841">
    <p class='ocr_par' dir='ltr' id='par_1_109' title="bbox 2318 4763 3815 4841">
     <span class='ocr_line' id='line_1_109' title="bbox 2318 4763 3815 4841; baseline -0.003 -15"><span class='ocrx_word' id='word_1_786' title='bbox 2318 4775 2451 4828; x_wconf 84' lang='lat' dir='ltr'><strong>tavit</strong></span> <span class='ocrx_word' id='word_1_787' title='bbox 2481 4791 2493 4827; x_wconf 89' lang='lat'><strong>:</strong></span> <span class='ocrx_word' id='word_1_788' title='bbox 2527 4773 2725 4827; x_wconf 75' lang='lat' dir='ltr'><strong>Sancta</strong></span> <span class='ocrx_word' id='word_1_789' title='bbox 2773 4780 2827 4826; x_wconf 88' lang='lat' dir='ltr'><strong>et</strong></span> <span class='ocrx_word' id='word_1_790' title='bbox 2874 4788 3066 4841; x_wconf 78' lang='lat' dir='ltr'><strong>magna</strong></span> <span class='ocrx_word' id='word_1_791' title='bbox 3117 4770 3432 4824; x_wconf 81' lang='lat' dir='ltr'><strong>universalis</strong></span> <span class='ocrx_word' id='word_1_792' title='bbox 3461 4763 3693 4837; x_wconf 80' lang='lat' dir='ltr'><strong>synodus.</strong></span> <span class='ocrx_word' id='word_1_793' title='bbox 3729 4763 3815 4821; x_wconf 61' lang='lat' dir='ltr'><strong>llum</strong></span> 
     </span>
    </p>
   </div>
   <div class='ocr_carea' id='block_1_110' title="bbox 2316 4847 3815 4948">
    <p class='ocr_par' dir='ltr' id='par_1_110' title="bbox 2316 4847 3815 4948">
     <span class='ocr_line' id='line_1_110' title="bbox 2316 4847 3815 4948; baseline -0.012 -29"><span class='ocrx_word' id='word_1_794' title='bbox 2316 4864 2612 4919; x_wconf 88' lang='lat' dir='ltr'><strong>secundum</strong></span> <span class='ocrx_word' id='word_1_795' title='bbox 2644 4864 2872 4934; x_wconf 89' lang='lat' dir='ltr'><strong>gratiam</strong></span> <span class='ocrx_word' id='word_1_796' title='bbox 2905 4874 2961 4918; x_wconf 89' lang='lat' dir='ltr'><strong>et</strong></span> <span class='ocrx_word' id='word_1_797' title='bbox 2989 4864 3297 4917; x_wconf 87' lang='lat' dir='ltr'><strong>sanctiones</strong></span> <span class='ocrx_word' id='word_1_798' title='bbox 3319 4863 3520 4931; x_wconf 87' lang='lat' dir='ltr'><strong>piorum</strong></span> <span class='ocrx_word' id='word_1_799' title='bbox 3545 4847 3815 4948; x_wconf 55' lang='lat' dir='ltr'><strong>Christiano-</strong></span> 
     </span>
    </p>
   </div>
   <div class='ocr_carea' id='block_1_111' title="bbox 2316 4932 3813 5025">
    <p class='ocr_par' dir='ltr' id='par_1_111' title="bbox 2316 4932 3813 5025">
     <span class='ocr_line' id='line_1_111' title="bbox 2316 4932 3813 5025; baseline -0.015 -15"><span class='ocrx_word' id='word_1_800' title='bbox 2316 4966 2547 5025; x_wconf 85' lang='lat' dir='ltr'><strong>rumque</strong></span> <span class='ocrx_word' id='word_1_801' title='bbox 2575 4932 2963 5024; x_wconf 77' lang='lat' dir='ltr'><strong>imperatorum</strong></span> <span class='ocrx_word' id='word_1_802' title='bbox 3008 4952 3369 5007; x_wconf 80' lang='lat' dir='ltr'><strong>Valentiniani</strong></span> <span class='ocrx_word' id='word_1_803' title='bbox 3413 4932 3813 5005; x_wconf 78' lang='lat' dir='ltr'><strong>ctMarciauiAu-</strong></span> 
     </span>
    </p>
   </div>
   <div class='ocr_carea' id='block_1_112' title="bbox 2313 5036 3815 5118">
    <p class='ocr_par' dir='ltr' id='par_1_112' title="bbox 2313 5036 3815 5118">
     <span class='ocr_line' id='line_1_112' title="bbox 2313 5036 3815 5118; baseline -0.007 -18"><span class='ocrx_word' id='word_1_804' title='bbox 2313 5036 2593 5118; x_wconf 85' lang='lat' dir='ltr'><strong>gustoruut</strong></span> <span class='ocrx_word' id='word_1_805' title='bbox 2617 5088 2632 5112; x_wconf 90' lang='lat'><strong>,</strong></span> <span class='ocrx_word' id='word_1_806' title='bbox 2660 5056 2983 5118; x_wconf 79' lang='lat' dir='ltr'><strong>congregata</strong></span> <span class='ocrx_word' id='word_1_807' title='bbox 3007 5054 3089 5101; x_wconf 85' lang='lat' dir='ltr'><strong>est</strong></span> <span class='ocrx_word' id='word_1_808' title='bbox 3112 5046 3251 5114; x_wconf 87' lang='lat' dir='ltr'><strong>apud</strong></span> <span class='ocrx_word' id='word_1_809' title='bbox 3274 5041 3643 5100; x_wconf 82' lang='lat' dir='ltr'><strong>Chalcedonem</strong></span> <span class='ocrx_word' id='word_1_810' title='bbox 3664 5036 3815 5086; x_wconf 70' lang='grc' dir='ltr'><strong>ηιεινο·</strong></span> 
     </span>
    </p>
   </div>
   <div class='ocr_carea' id='block_1_113' title="bbox 2314 5128 3812 5209">
    <p class='ocr_par' dir='ltr' id='par_1_113' title="bbox 2314 5128 3812 5209">
     <span class='ocr_line' id='line_1_113' title="bbox 2314 5128 3812 5209; baseline -0.015 -20"><span class='ocrx_word' id='word_1_811' title='bbox 2314 5137 2476 5208; x_wconf 87' lang='lat' dir='ltr'><strong>polim</strong></span> <span class='ocrx_word' id='word_1_812' title='bbox 2515 5138 2779 5209; x_wconf 74' lang='lat' dir='ltr'><strong>Bithynia}</strong></span> <span class='ocrx_word' id='word_1_813' title='bbox 2808 5137 3100 5208; x_wconf 66' lang='lat' dir='ltr'><strong>provincia:</strong></span> <span class='ocrx_word' id='word_1_814' title='bbox 3132 5138 3184 5191; x_wconf 93' lang='lat' dir='ltr'><strong>in</strong></span> <span class='ocrx_word' id='word_1_815' title='bbox 3214 5135 3467 5205; x_wconf 86' lang='lat' dir='ltr'><strong>martyrio</strong></span> <span class='ocrx_word' id='word_1_816' title='bbox 3508 5135 3684 5185; x_wconf 68' lang='lat' dir='ltr'><strong>sanctae</strong></span> <span class='ocrx_word' id='word_1_817' title='bbox 3708 5128 3812 5209; x_wconf 30' lang='lat' dir='ltr'><strong>mare</strong></span> 
     </span>
    </p>
   </div>
   <div class='ocr_carea' id='block_1_114' title="bbox 2314 5206 3814 5299">
    <p class='ocr_par' dir='ltr' id='par_1_114' title="bbox 2314 5206 3814 5299">
     <span class='ocr_line' id='line_1_114' title="bbox 2314 5206 3814 5299; baseline -0.015 -17"><span class='ocrx_word' id='word_1_818' title='bbox 2314 5206 2449 5299; x_wconf 78' lang='lat' dir='ltr'><strong>tyris</strong></span> <span class='ocrx_word' id='word_1_819' title='bbox 2475 5206 2824 5298; x_wconf 65' lang='lat' dir='ltr'><strong>Euphemiat,</strong></span> <span class='ocrx_word' id='word_1_820' title='bbox 2850 5228 3040 5283; x_wconf 85' lang='lat' dir='ltr'><strong>statuit</strong></span> <span class='ocrx_word' id='word_1_821' title='bbox 3065 5229 3254 5282; x_wconf 82' lang='lat' dir='ltr'><strong>subter</strong></span> <span class='ocrx_word' id='word_1_822' title='bbox 3284 5228 3504 5281; x_wconf 78' lang='lat' dir='ltr'><strong>adnexa.</strong></span> <span class='ocrx_word' id='word_1_823' title='bbox 3540 5214 3755 5273; x_wconf 86' lang='lat' dir='ltr'><strong>Dominus</strong></span> <span class='ocrx_word' id='word_1_824' title='bbox 3773 5206 3814 5256; x_wconf 72' lang='lat' dir='ltr'><strong>cl</strong></span> 
     </span>
    </p>
   </div>
   <div class='ocr_carea' id='block_1_115' title="bbox 2314 5308 3811 5378">
    <p class='ocr_par' dir='ltr' id='par_1_115' title="bbox 2314 5308 3811 5378">
     <span class='ocr_line' id='line_1_115' title="bbox 2314 5308 3811 5378; baseline -0.013 -1"><span class='ocrx_word' id='word_1_825' title='bbox 2314 5322 2566 5378; x_wconf 83' lang='lat' dir='ltr'><strong>Salvator</strong></span> <span class='ocrx_word' id='word_1_826' title='bbox 2595 5333 2777 5378; x_wconf 89' lang='lat' dir='ltr'><strong>noster</strong></span> <span class='ocrx_word' id='word_1_827' title='bbox 2821 5323 3070 5378; x_wconf 82' lang='lat' dir='ltr'><strong>Christus</strong></span> <span class='ocrx_word' id='word_1_828' title='bbox 3105 5322 3348 5375; x_wconf 83' lang='lat' dir='ltr'><strong>notitiam</strong></span> <span class='ocrx_word' id='word_1_829' title='bbox 3396 5317 3510 5372; x_wconf 86' lang='lat' dir='ltr'><strong>fidei</strong></span> <span class='ocrx_word' id='word_1_830' title='bbox 3549 5308 3811 5366; x_wconf 72' lang='lat' dir='ltr'><strong>confirmans</strong></span> 
     </span>
    </p>
   </div>
   <div class='ocr_carea' id='block_1_116' title="bbox 2316 5398 3809 5492">
    <p class='ocr_par' dir='ltr' id='par_1_116' title="bbox 2316 5398 3809 5492">
     <span class='ocr_line' id='line_1_116' title="bbox 2316 5398 3809 5492; baseline -0.013 -22"><span class='ocrx_word' id='word_1_831' title='bbox 2316 5415 2592 5485; x_wconf 85' lang='lat' dir='ltr'><strong>discipulis</strong></span> <span class='ocrx_word' id='word_1_832' title='bbox 2623 5417 2736 5470; x_wconf 89' lang='lat' dir='ltr'><strong>suis</strong></span> <span class='ocrx_word' id='word_1_833' title='bbox 2789 5416 2864 5470; x_wconf 89' lang='lat' dir='ltr'><strong>ait</strong></span> <span class='ocrx_word' id='word_1_834' title='bbox 2897 5434 2909 5468; x_wconf 95' lang='lat'>:</span> <span class='ocrx_word' id='word_1_835' title='bbox 2946 5413 3137 5469; x_wconf 80' lang='lat' dir='ltr'><strong>Parem</strong></span> <span class='ocrx_word' id='word_1_836' title='bbox 3188 5429 3355 5466; x_wconf 80' lang='lat' dir='ltr'><strong>nteant</strong></span> <span class='ocrx_word' id='word_1_837' title='bbox 3395 5410 3458 5462; x_wconf 75' lang='lat' dir='ltr'><strong>(lo</strong></span> <span class='ocrx_word' id='word_1_838' title='bbox 3498 5402 3652 5462; x_wconf 70' lang='lat' dir='ltr'><strong>vobis,</strong></span> <span class='ocrx_word' id='word_1_839' title='bbox 3676 5398 3809 5492; x_wconf 50' lang='grc' dir='ltr'><strong>ραςεξξ</strong></span> 
     </span>
    </p>
   </div>
   <div class='ocr_carea' id='block_1_117' title="bbox 2316 5487 3811 5585">
    <p class='ocr_par' dir='ltr' id='par_1_117' title="bbox 2316 5487 3811 5585">
     <span class='ocr_line' id='line_1_117' title="bbox 2316 5487 3811 5585; baseline -0.011 -28"><span class='ocrx_word' id='word_1_840' title='bbox 2316 5506 2551 5573; x_wconf 83' lang='lat' dir='ltr'><strong>relinquo</strong></span> <span class='ocrx_word' id='word_1_841' title='bbox 2600 5507 2740 5560; x_wconf 80' lang='lat' dir='ltr'><strong>vobis</strong></span> <span class='ocrx_word' id='word_1_842' title='bbox 2788 5507 2968 5577; x_wconf 80' lang='lat' dir='ltr'><strong>(Joan.</strong></span> <span class='ocrx_word' id='word_1_843' title='bbox 3003 5521 3115 5569; x_wconf 77' lang='lat' dir='ltr'><strong>xw,</strong></span> <span class='ocrx_word' id='word_1_844' title='bbox 3160 5501 3253 5569; x_wconf 75' lang='lat'><strong>‘27)</strong></span> <span class='ocrx_word' id='word_1_845' title='bbox 3274 5544 3287 5567; x_wconf 93' lang='lat'><strong>,</strong></span> <span class='ocrx_word' id='word_1_846' title='bbox 3318 5516 3384 5556; x_wconf 90' lang='lat' dir='ltr'><strong>ne</strong></span> <span class='ocrx_word' id='word_1_847' title='bbox 3410 5497 3540 5552; x_wconf 87' lang='lat' dir='ltr'><strong>ullus</strong></span> <span class='ocrx_word' id='word_1_848' title='bbox 3565 5507 3591 5544; x_wconf 89' lang='lat' dir='ltr'><strong>a</strong></span> <span class='ocrx_word' id='word_1_849' title='bbox 3620 5487 3811 5585; x_wconf 34' lang='lat' dir='ltr'><strong>pro-tl&quot;?</strong></span> 
     </span>
    </p>
   </div>
   <div class='ocr_carea' id='block_1_118' title="bbox 2313 5574 3809 5678">
    <p class='ocr_par' dir='ltr' id='par_1_118' title="bbox 2313 5574 3809 5678">
     <span class='ocr_line' id='line_1_118' title="bbox 2313 5574 3809 5678; baseline -0.019 -26"><span class='ocrx_word' id='word_1_850' title='bbox 2313 5613 2410 5653; x_wconf 89' lang='lat' dir='ltr'><strong>suo</strong></span> <span class='ocrx_word' id='word_1_851' title='bbox 2455 5600 2693 5653; x_wconf 86' lang='lat' dir='ltr'><strong>dissouet</strong></span> <span class='ocrx_word' id='word_1_852' title='bbox 2740 5574 2805 5651; x_wconf 24' lang='lat' dir='ltr'><strong>in.</strong></span> <span class='ocrx_word' id='word_1_853' title='bbox 2846 5598 3089 5653; x_wconf 89' lang='lat' dir='ltr'><strong>doctrina</strong></span> <span class='ocrx_word' id='word_1_854' title='bbox 3141 5595 3392 5667; x_wconf 86' lang='lat' dir='ltr'><strong>pictatis,</strong></span> <span class='ocrx_word' id='word_1_855' title='bbox 3441 5574 3809 5678; x_wconf 3' lang='lat' dir='ltr'><strong>sedqzequﬁduate.</strong></span> 
     </span>
    </p>
   </div>
   <div class='ocr_carea' id='block_1_119' title="bbox 2313 5664 3801 5775">
    <p class='ocr_par' dir='ltr' id='par_1_119' title="bbox 2313 5664 3801 5775">
     <span class='ocr_line' id='line_1_119' title="bbox 2313 5664 3801 5775; baseline -0.001 -33"><span class='ocrx_word' id='word_1_856' title='bbox 2313 5690 2710 5759; x_wconf 59' lang='lat' dir='ltr'><strong>praedicationis</strong></span> <span class='ocrx_word' id='word_1_857' title='bbox 2759 5674 3041 5743; x_wconf 72' lang='lat' dir='ltr'><strong>veritatem</strong></span> <span class='ocrx_word' id='word_1_858' title='bbox 3074 5688 3341 5743; x_wconf 86' lang='lat' dir='ltr'><strong>ostendat.</strong></span> <span class='ocrx_word' id='word_1_859' title='bbox 3370 5703 3387 5735; x_wconf 72' lang='grc' dir='ltr'><strong><em>ι</em></strong></span> <span class='ocrx_word' id='word_1_860' title='bbox 3426 5680 3485 5734; x_wconf 82' lang='lat' dir='ltr'><strong>Et</strong></span> 
     </span>
    </p>
   </div>
   <div class='ocr_carea' id='block_1_120' title="bbox 2318 5759 3777 5856">
    <p class='ocr_par' dir='ltr' id='par_1_120' title="bbox 2318 5759 3777 5856">
     <span class='ocr_line' id='line_1_120' title="bbox 2318 5759 3777 5856; baseline -0.018 -20"><span class='ocrx_word' id='word_1_861' title='bbox 2318 5802 2335 5836; x_wconf 71' lang='grc' dir='ltr'>ι</span> <span class='ocrx_word' id='word_1_862' title='bbox 2367 5783 2462 5839; x_wconf 89' lang='lat' dir='ltr'><strong>llis</strong></span> <span class='ocrx_word' id='word_1_863' title='bbox 2505 5784 2667 5856; x_wconf 78' lang='lat' dir='ltr'><strong>igitur</strong></span> <span class='ocrx_word' id='word_1_864' title='bbox 2694 5799 2817 5839; x_wconf 90' lang='lat' dir='ltr'><strong>cum</strong></span> <span class='ocrx_word' id='word_1_865' title='bbox 2858 5783 3005 5838; x_wconf 87' lang='lat' dir='ltr'><strong>omni</strong></span> <span class='ocrx_word' id='word_1_866' title='bbox 3037 5783 3271 5852; x_wconf 86' lang='lat' dir='ltr'><strong>undique</strong></span> <span class='ocrx_word' id='word_1_867' title='bbox 3302 5777 3529 5834; x_wconf 83' lang='lat' dir='ltr'><strong>veritate,</strong></span> <span class='ocrx_word' id='word_1_868' title='bbox 3558 5759 3777 5827; x_wconf 68' lang='lat' dir='ltr'><strong>diligentta</strong></span> 
     </span>
    </p>
   </div>
  </div>
