3998 6336
201 318 302 377 105

950 320 1044 383 in:
1081 302 1750 389 ramossrmrtoas
1789 327 2248 387 DlSSERTATlO
2286 328 2701 389 posrsmon.

3353 334 3460 395 406

198 431 639 490 ctsollicitudinc
687 450 717 488 a
770 439 930 495 nobis
959 442 1230 506 dilliuitis,
1262 443 1453 527 statuit
1498 452 1682 501 sancta
1730 453 1786 497 et
1812 445 1861 504 Α
1888 440 1955 497 ad
1986 441 2320 498 Puleheriam
2371 436 2675 517 Augustam
2718 439 2783 507 ("e
2835 445 3078 515 Eutyche
3119 446 3461 507 heresisau-

198 526 521 582 universalis
548 530 819 598 synodus,
848 533 1075 589 alterum
1110 536 1267 590 tidem
1300 526 1430 591 nulli
1460 535 1630 593 licere
1660 549 1783 603 pro-

192 617 376 682 ferre,
412 626 506 671 aut
533 623 920 689 conscribere,
951 635 1043 679 aut
1081 640 1439 697 componere,
1471 634 1564 679 aut
1591 624 1785 679 docere

194 705 377 760 aliter.
407 705 511 762 Eos
544 721 730 767 autem
761 714 852 782 qui
882 715 997 768 ausi
1026 722 1147 769 sunt
1173 731 1496 787 componere
1524 716 1681 770 fidem
1704 715 1783 769 al-

194 806 511 859 lemmﬂut
541 801 787 872 proferre
818 813 912 858 aut
938 805 1153 872 docere,
1187 814 1279 862 aut
1314 807 1530 862 tradere
1556 807 1784 862 alterum

193 888 511 959 symbolum
537 894 837 951 volentibus
863 897 946 951 vel
965 899 1210 954 converti
1230 939 1245 962 ,
1285 899 1368 953 vel
1400 913 1466 953 ex
1495 899 1786 968 gentilibus

192 980 261 1033 ad
288 984 664 1054 cognitionem
695 987 943 1044 veritatis
971 990 1186 1057 venire,
1227 990 1311 1043 vel
1335 1006 1402 1045 ex
1445 989 1667 1055 Judmis,
1700 991 1784 1047 vel

192 1070 401 1130 lizcresi
442 1091 806 1147 quacunque,
853 1080 899 1135 si
940 1080 1158 1150 quidem
1198 1082 1434 1153 episcopi
1463 1081 1666 1138 fuerint
1692 1089 1787 1138 aut

191 1166 418 1235 clerici.
464 1168 669 1224 alienos
712 1186 832 1227 esse
876 1171 1161 1244 episcopos
1217 1174 1287 1247 ab
1334 1173 1684 1245 episcopatu,
1733 1181 1790 1230 ct

192 1257 438 1314 clericos
462 1274 492 1313 a
525 1259 670 1316 clero
700 1279 717 1316 :
744 1261 790 1316 si
834 1278 962 1317 vero
989 1264 1240 1321 monachi
1274 1272 1364 1320 aut
1393 1264 1517 1320 laici
1549 1262 1784 1330 fuerint,

198 1349 685 1404 auatbematizari.
732 1349 843 1421 Nec
888 1366 946 1408 se
993 1362 1181 1422 putent
1205 1354 1412 1409 alienos
1440 1352 1635 1411 abhac
1665 1368 1786 1410 esse

198 1440 504 1506 sententia,
560 1442 652 1513 qui
701 1444 985 1515 symbolo,
1031 1446 1083 1500 id
1119 1453 1203 1501 est
1257 1446 1532 1502 collatioui
1586 1457 1787 1503 salth

197 1531 489 1590 catholica:
547 1543 604 1590 et
650 1537 960 1606 apostolica:
1012 1539 1301 1607 Ecclesiae,
1351 1556 1419 1597 cx
1474 1550 1785 1596 sarctarum

200 1620 617 1694 Scripturarum
648 1630 1009 1698 auctoritate,
1040 1633 1104 1704 ζει
1141 1634 1569 1690 orthodoxorum
1616 1634 1786 1705 magi.

197 1724 445 1771 atrorum
468 1718 739 1785 doctrina,
768 1723 836 1777 ad
874 1722 1201 1780 credendum
1228 1734 1284 1781 et
1312 1726 1600 1783 tenendum
1623 1735 1787 1795 atque

1888 544 2039 589 ctare
2088 535 2261 604 (epist.
2317 535 2382 589 15
2424 538 2477 590 in
2528 536 2651 605 ﬁne)
2683 556 2707 603 ι
2732 540 2760 587 t:
2782 536 2840 593 Si
2892 536 3023 613 ipse,
3054 538 3249 608 inquit,
3280 540 3371 608 qui
3405 538 3457 593 in

1888 622 2029 680 hanc
2081 625 2429 681 tentationetn
2484 627 2673 682 incidit
2726 625 3016 698 resipiscit,
3075 627 3146 682 ita
3205 634 3264 682 ut
3315 627 3463 697 quod

1887 725 2030 783 male
2056 734 2307 783 senserat
2323 724 2537 796 propria
2555 740 2685 781 voce
2711 734 2767 780 et
2790 724 3188 797 subscriptione
3207 723 3462 781 condem-

1888 826 2000 881 net,
2046 818 2354 875 communio
2398 818 2472 872 illi
2524 817 2606 873 sui
2650 817 2855 872 ordinis
2903 815 3249 875 reformetur.
3306 814 3465 882 Quod

1886 907 2051 964 etiam
2088 907 2243 964 fratri
2291 918 2345 963 et
2399 908 2715 978 coepiscopo
2765 922 2884 962 meo
2926 907 3181 961 Flaviano
3219 921 3305 961 me
3356 905 3466 961 cies

1888 1001 2093 1056 mentia
2112 1010 2298 1075 vestra
2326 1001 2609 1072 scripsisse
2630 1008 2943 1071 cognoscat,
2965 1010 3017 1054 et
3046 999 3130 1054 his
3160 1014 3296 1067 quos
3319 997 3464 1051 misi-

1888 1106 2010 1147 mus
2039 1091 2335 1162 delegasse,
2368 1102 2430 1148 ut
2453 1093 2608 1148 venia
2634 1091 2960 1148 concedatur
3000 1092 3044 1145 si
3094 1106 3251 1145 error
3284 1090 3452 1145 abole»

1891 1189 1995 1237 tur.
2027 1202 2047 1234 ι
2083 1182 2150 1237 Et
2191 1183 2243 1237 in
2270 1183 2490 1254 epistola
2524 1184 2592 1238 ad
2637 1180 3261 1252 Coustantinopolitanas
3290 1182 3463 1250 (epist.

1886 1268 1978 1339 25)
2027 1288 2041 1325 :
2084 1290 2102 1323 ‹
2161 1270 2270 1327 Nec
2317 1273 2599 1342 quisquam
2644 1272 2749 1326 sibi
2790 1271 2984 1325 amicat
3028 1271 3094 1325 de
3143 1270 3447 1324 sacerdotal

1886 1362 2076 1418 ordine
2131 1363 2380 1431 blandiri,
2436 1363 2524 1432 qui
2565 1362 2800 1432 potuerit
2839 1360 3234 1416 iuexsecrandi
3279 1375 3472 1416 sensus

1888 1454 2165 1523 impietate
2207 1454 2472 1510 convinci.
2526 1452 2658 1507 Nam
2694 1452 2735 1508 si
2767 1453 2852 1505 vix
2895 1453 2948 1505 in
2987 1451 3140 1506 laicis
3175 1449 3472 1505 tolerabilis

1888 1547 2106 1601 videtur
2155 1545 2394 1610 inscitia,
2444 1553 2645 1615 quanto
2680 1544 2850 1617 magis
2896 1543 2950 1597 in
2980 1543 3059 1597 eis
3103 1542 3192 1611 qui
3227 1548 3466 1612 prresunt

1890 1652 1990 1693 nec
2025 1635 2375 1692 excusatione
2399 1643 2486 1691 cst
2511 1635 2690 1706 digna,
2735 1649 2832 1689 nec
2873 1632 3049 1696 venia,
3081 1633 3317 1685 maxime
3347 1647 3469 1683 cunt

1891 1728 2052 1783 etiam
2099 1726 2388 1783 defendere
2416 1741 2790 1797 perversarum
2822 1706 3129 1801 Opinionum
3160 1732 3465 1776 connneata

197 1805 510 1863 docendum
561 1812 811 1881 prolata},
862 1817 1237 1874 contradicere
1284 1833 1392 1873 non
1446 1828 1724 1876 verentur.
1762 1839 1781 1871 ι
1818 1804 1863 1865 Β
1892 1829 2242 1892 praesumunt,
2281 1829 2335 1875 et
2374 1819 2428 1874 in
2465 1834 2782 1875 consensum
2826 1833 2981 1872 suum
3029 1812 3121 1869 aut
3169 1830 3355 1891 errore
3379 1822 3511 1865 aut]

194 1897 333 1955 Item
378 1900 434 1954 in
479 1902 705 1971 prmfato
754 1906 983 1964 concilio
1027 1908 1456 1969 Cbalcedonensi
1487 1912 1718 1985 (canone
1753 1913 1787 1968 4

197 1993 413 2065 synodi)
441 1996 617 2065 capite
639 1998 819 2065 tertio,
842 2004 1103 2072 scriptum
1132 2012 1247 2059 est:
1269 2024 1289 2056 ι
1317 2002 1419 2072 Qui
1441 2020 1568 2061 vere
1592 2014 1645 2059 et
1671 2006 1784 2060 sin-

196 2096 325 2136 cere
352 2083 683 2155 singularem
711 2096 992 2145 sectantur
1020 2092 1183 2147 vitam
1221 2100 1592 2162 competenter
1621 2094 1789 2149 hono-

199 2179 411 2225 rentur.
448 2171 712 2240 Quoniam
737 2193 866 2234 vero
891 2181 1111 2249 quidam
1142 2190 1357 2237 utentes
1384 2182 1568 2238 habitu
1597 2197 1787 2238 mona-

197 2263 287 2317 chi
316 2263 691 2323 ecclesiastica
721 2272 933 2340 negotia
963 2272 1253 2343 civiliaque
1280 2274 1629 2330 conturbant.
1670 2296 1688 2328 ι
1723 2275 1790 2331 Et

198 2362 323 2453 ppst
356 2368 578 2423 pauca:
628 2376 648 2409 ι
698 2358 991 2416 Monachos
1040 2358 1169 2418 vero
1208 2380 1305 2435 per
1352 2382 1790 2437 unamquamque

198 2444 484 2511 civitatem
518 2456 611 2503 aut
639 2449 913 2521 regionem
964 2454 1236 2524 subjectos
1263 2472 1385 2512 esse
1412 2458 1697 2530 episcopo,
1735 2468 1790 2519 ct

197 2536 444 2638 quietem
472 2537 727 2611 diligere,
770 2552 825 2598 et
880 2544 1115 2601 intentos
1148 2564 1269 2604 esse
1314 2551 1686 2606 tantummodo
1708 2550 1792 2620 Ξε-

188 2629 351 2698 junio
377 2637 432 2685 et
454 2631 722 2700 orationi,
752 2634 804 2689 in
837 2634 970 2691 locis
999 2637 1194 2706 quibus
1218 2641 1665 2697 renuntiaverunt
1690 2658 1790 2698 saa—

193 2719 322 2774 culo
348 2733 749 2792 permanentes.
781 2724 892 2781 Nec
913 2726 1298 2785 ecclesiasticis
1325 2746 1457 2786 vero
1482 2747 1582 2788 nec
1618 2748 1789 2788 sarcu-

192 2812 411 2870 larihus
438 2817 668 2886 negotiis
695 2821 1098 2878 communicent
1114 2862 1130 2886 ,
1155 2822 1237 2881 vel
1265 2825 1317 2878 iu
1343 2824 1524 2896 aliqua
1545 2826 1656 2883 sint
1676 2842 1789 2883 mo-

195 2903 323 2959 lesti
346 2945 361 2969 ,
394 2908 616 2978 propria
651 2913 979 2967 monasteria
1018 2914 1361 2981 deserentes,
1393 2916 1496 2970 nisi
1528 2915 1669 2981 forte
1704 2918 1789 2973 his

187 2998 553 3067 praecipiatur
580 3011 972 3073 propteropus
1015 3007 1384 3062 necessarium
1429 3010 1495 3062 ah
1538 3010 1789 3079 episcopo

196 3088 468 3144 civitatis.
507 3088 1017 3164 Transgredieutem
1055 3111 1183 3150 vero
1220 3098 1363 3153 hanc
1412 3097 1785 3154 dillinitionem

1888 1912 2061 1984 gratia
2105 1911 2429 1967 insanabiles
2480 1900 2733 1982 quosque
2766 1907 3090 1964 traducunt?
3137 1896 3472 1974 Separentur

1890 2001 2196 2072 huiusmodi
2227 2019 2257 2058 a
2278 2002 2425 2057 sanis
2470 2001 2728 2056 membris
2771 1999 3016 2070 corporis
3044 1997 3271 2063 Christi,
3299 2010 3472 2065 neque

1891 2094 1992 2151 sibi
2024 2093 2288 2150 catholica
2310 2093 2530 2149 libertas
2557 2091 2851 2145 infidelium
2874 2089 3061 2160 jugmn
3104 2089 3341 2158 patiatur
3371 2085 3471 2139 im~

1889 2185 2035 2256 poni.
2073 2204 2091 2238 ι
2127 2184 2193 2240 Et
2231 2184 2283 2238 iu
2330 2182 2556 2254 epistola
2607 2182 2674 2236 ad
2723 2180 3082 2237 'l‘heodusium
3123 2179 3295 2249 (epist.
3334 2174 3421 2248 ll)
3455 2193 3468 2230 :

1896 2294 1916 2326 ί
1952 2274 2023 2331 Ut
2066 2275 2189 2345 quia
2222 2272 2454 2329 dubitari
2500 2288 2605 2325 non
2640 2280 2818 2344 potest
2861 2288 2982 2342 qua:
3031 2269 3123 2325 sit'
3146 2267 3468 2325 Christianae

1889 2364 2247 2421 confessionis
2294 2363 2601 2433 integritas,
2654 2370 2710 2417 et
2758 2362 2924 2416 totius
2989 2359 3190 2416 erroris
3236 2358 3474 2430 pravitas

1891 2457 2195 2519 damnetur,
2223 2463 2279 2510 et
2307 2454 2353 2509 si
2388 2453 2711 2523 resipiscens
2736 2452 2828 2522 qui
2860 2450 3172 2507 deviaverat
3191 2465 3290 2520 pro
3312 2450 3469 2503 venia

1890 2546 2175 2617 supplicet,
2227 2543 2575 2600 sacerdotalis
2605 2543 2652 2598 ei
2687 2541 3055 2598 benevolentia
3099 2540 3404 2597 subveniat.
3445 2540 3469 2590 ι’

1892 2636 1959 2692 Et
1982 2638 2034 2690 in
2063 2633 2286 2705 epistola
2314 2635 2382 2688 ad
2418 2633 2686 2688 lulianum
2723 2632 2891 2703 (epist.
2931 2631 3016 2702 ~19)
3053 2649 3066 2684 :
3105 2649 3123 2681 ι
3163 2628 3233 2685 Ut
3262 2629 3306 2683 si
3337 2644 3468 2682 con-

1890 2728 2173 2784 demnatus
2201 2728 2484 2797 presbyter
2526 2724 2679 2795 plena
2729 2721 3099 2778 satisfactione
3148 2720 3466 2791 corrigitur,

1889 2817 2153 2873 sententia
2181 2831 2287 2885 qua
2341 2812 2635 2870 obstrictus
2686 2823 2773 2867 est
2818 2811 3107 2868 relaxetur.
3141 2809 3197 2866 Si
3238 2824 3368 2864 vero
3414 2808 3471 2863 in

1890 2905 2078 2966 eodem
2102 2904 2424 2975 insipientia:
2452 2918 2562 2958 suae
2590 2902 2702 2957 luto
2738 2902 2923 2971 jacere
2951 2899 3230 2968 delegerit,
3264 2907 3465 2954 statuta

1890 3003 2261 3068 permaneant,
2309 3001 2364 3048 et
2411 3009 2532 3048 cum
2585 2992 2665 3048 eis
2718 2992 2913 3046 habeat
2964 2997 3185 3052 sortem,
3234 3004 3468 3058 quorum

1894 3097 1978 3144 est
2005 3097 2223 3144 secutus
2250 3103 2513 3142 errorem.
2550 3106 2567 3138 ι
2622 3085 2685 3139 Et
2730 3086 2780 3140 in
2807 3084 3030 3156 epistola
3061 3084 3129 3139 ad
3153 3082 3466 3138 Flavianum

196 3188 452 3233 nosu‘am
479 3185 1009 3239 excmnmunicatum
1039 3200 1159 3240 esse
1195 3188 1551 3244 decrevimus.
1594 3209 1612 3240 ι
1656 3190 1784 3244 Item

1892 3180 2063 3253 (epist.
2090 3180 2181 3247 ἑνὶ)
2212 3194 2226 3233 :
2264 3199 2280 3232 ι
2311 3179 2379 3233 At
2402 3179 2444 3231 si
2474 3178 2714 3248 deposita
2764 3177 3045 3248 imperitia:
3080 3191 3191 3231 suae
3229 3176 3471 3229 vanitate

196 3271 253 3327 in
280 3273 522 3328 concilio
540 3274 832 3347 Agathensi
861 3281 1002 3347 (can.
1029 3280 1119 3353 58)
1145 3270 1319 3352 capite
1343 3282 1412 3339 58
1443 3280 1638 3354 :35],
1676 3302 1694 3333 ε
1727 3281 1785 3337 lu

197 3364 491 3420 monachis
520 3381 737 3438 quoque
770 3373 1050 3439 praesentis
1092 3375 1375 3428 sententia:
1406 3373 1575 3431 forma
1605 3389 1789 3430 serve-

199 3462 313 3510 tur.
343 3455 497 3524 Quos
522 3458 569 3514 si
596 3461 883 3516 verborum
914 3465 1208 3533 increpatio
1249 3482 1353 3520 non
1383 3467 1784 3534 cmemlaverit,

197 3546 372 3602 etiam
397 3549 717 3606 verberibus
746 3553 1031 3608 statuimus
1057 3556 1319 3611 coerceri.
1356 3577 1375 3609 ι

272 3632 389 3690 Ἧι.
420 3635 576 3693 Nunc
601 3640 834 3710 qualiter
866 3643 1245 3713 resipiscentcs
1293 3647 1690 3717 suscipiantur,
1718 3665 1786 3705 ex

196 3729 596 3789 ecclesiasticis
617 3736 819 3804 regulis
843 3737 1148 3806 ponendum
1178 3740 1509 3796 censuimus.
1539 3741 1786 3797 Aitcuim

197 3836 439 3892 magnus
467 3821 577 3878 Leo
605 3842 741 3895 papa
783 3827 835 3881 in
860 3828 1091 3897 epistola
1137 3831 1203 3885 ad
1236 3832 1544 3888 Anatolium
1572 3849 1667 3902 per
1690 3834 1789 3890 Pa?

196 3914 425 3970 trieium
454 3916 739 3974 diaconum
770 3919 973 3975 directa
1025 3921 1196 3991 (epist.
1237 3922 1328 3994 83)
1368 3939 1383 3978 ι
1423 3942 1440 3973 ι
1473 3923 1788 3983 Dilectionis

197 4014 310 4061 tua:
350 4006 730 4078 inquirendum
759 4010 963 4080 judicio
985 4012 1244 4082 delegavi,
1262 4022 1320 4066 ut
1344 4012 1552 4069 scilicet
1578 4015 1789 4072 Atticus

194 4098 514 4168 presbyter,
570 4115 730 4168 quem
801 4102 926 4156 talia
989 4104 1199 4158 audere
1240 4118 1619 4175 cognoveram,
1683 4106 1787 4161 nisi

193 4188 447 4259 perfecta
493 4204 552 4245 se
582 4190 954 4247 Satisfactione
986 4201 1290 4265 purgassct,
1340 4201 1396 4248 et
1444 4209 1552 4248 non
1608 4196 1783 4249 solum

196 4294 336 4336 voce
385 4281 689 4346 lucreticos,
737 4283 830 4338 sed
857 4284 1020 4339 etiam
1057 4284 1288 4355 propria:
1325 4301 1516 4341 manus
1552 4286 1787 4342 subseri-

194 4371 393 4440 ptione
460 4370 793 4438 damnasset,
846 4390 876 4429 a
922 4376 1323 4432 communionis
1388 4378 1565 4449 gratia
1639 4387 1786 4439 esset

196 4464 434 4521 alienus.
471 4485 487 4517 ι
528 4467 597 4522 Et
624 4478 749 4537 post
774 4485 943 4540 pauca
994 4488 1009 4524 :

194 4558 267 4611 ab
296 4557 451 4611 omni
489 4560 793 4630 suspicione
825 4562 1099 4618 contraria
1149 4562 1286 4619 liber
1330 4573 1609 4634 appareat,
1657 4566 1787 4636 quid

196 4646 252 4701 in
330 4647 580 4718 Eutyche
646 4653 1070 4707 anathematizet
1121 4669 1187 4709 ac
1234 4655 1453 4710 damnet
1504 4656 1791 4715 evidenter

196 4740 476 4802 ostendat,
527 4750 580 4820 et
622 4743 675 4797 in
737 4743 1084 4799 damnatione
1144 4746 1349 4800 erroris
1401 4747 1646 4818 expressi
1697 4763 1787 4805 re-

196 4841 353 4885 mota
378 4832 526 4887 omni
569 4833 904 4891 dubitatione
944 4836 1270 4900 subscribat,
1304 4836 1375 4892 ita
1405 4846 1463 4891 ut
1490 4837 1787 4896 Chalcedo-

196 4922 394 4976 nensis
442 4925 644 4993 synodi"
693 4925 1067 4991 dillinitionem
1101 4928 1170 4983 dc
1200 4927 1323 4994 fide,
1351 4928 1439 4983 cui
1488 4929 1654 4987 etiam
1703 4930 1783 4986 di-

198 5011 371 5070 lectio
419 5025 506 5070 tua
537 5018 928 5074 subscribendo
958 5020 1252 5085 consensit,
1286 5028 1343 5074 et
1375 5034 1539 5089 quam
1567 5031 1789 5091 aposto-

197 5105 323 5161 lica:
364 5107 510 5162 sedis
566 5110 803 5165 firmavit
857 5112 1177 5177 auctoritas,
1213 5111 1534 5181 proﬁteatur
1584 5128 1643 5168 se
1694 5129 1790 5183 per

197 5197 389 5251 omnia
439 5211 803 5263 servaturum,
852 5201 1061 5269 aafjecta
1115 5202 1509 5273 subscriptione
1556 5204 1790 5275 propria:

200 5300 399 5340 manus
438 5329 453 5351 ,
490 5304 610 5356 qum
665 5290 717 5344 in
773 5290 1011 5348 Ecclesia
1058 5293 1367 5348 Christiano
1405 5293 1601 5363 populo
1652 5309 1788 5363 pra}.

197 5386 360 5431 sente
390 5380 667 5445 rccitetur,
699 5390 751 5435 ul
779 5397 878 5452 pro
906 5383 1169 5439 catholica
1202 5384 1327 5446 lide,
1359 5399 1533 5452 neque
1555 5400 1655 5443 nos
1689 5402 1786 5441 ne-

199 5469 485 5542 gligentes.
520 5489 695 5543 neque
726 5474 837 5543 ipse
883 5474 1021 5530 ultra
1052 5483 1334 5544 suspectus
1373 5474 1647 5530 habeatur.
1681 5475 1784 5542 Qui

200 5562 245 5615 εἰ
273 5563 327 5614 in
366 5562 554 5618 eadem
598 5565 862 5632 pravitate
911 5564 1207 5633 pertint-aus
1262 5574 1528 5633 prtcccpto
1584 5563 1785 5627 salubri

200 5663 395 5720 parere
427 5652 679 5718 uoluerit,
717 5654 1045 5709 sententiam
1094 5653 1283 5725 synodi
1331 5652 1784 5709 Chalcedonensis

204 5740 357 5811 cuius
382 5742 786 5800 ἀςιιὶιιίιίοιιίὶιιιε
808 5744 1029 5800 resultat
1050 5745 1298 5816 excipiat.
1342 5764 1356 5795 ι
1396 5743 1458 5797 Et
1485 5743 1535 5797 in
1556 5743 1781 5813 epistola

1068 4489 1086 4522 ι
1148 4471 1443 4529 Prmdictus
1495 4482 1675 4530 autem
1729 4482 1788 4529 ut
1816 4513 1868 4573 υ

1890 3271 2235 3342 resipiscam,
2269 3270 2521 3338 omnique.
2561 3284 2745 3324 errore
2776 3269 3029 3323 damnato
3078 3265 3235 3321 fidem
3282 3279 3470 3319 veram

1886 3362 2323 3432 singttlarennpte
2361 3361 2683 3430 suscipiunt,
2712 3358 3079 3413 misericordia
3127 3357 3329 3412 eisdem
3360 3352 3473 3425 epi-

1890 3455 2119 3525 scopalis
2139 3453 2300 3527 35,2
2326 3451 2691 3507 benevolentia
2720 3467 2823 3505 non
2849 3456 3095 3522 negetur,
3112 3463 3368 3502 mansuro
3383 3445 3471 3514 ju-

1889 3547 2030 3602 dicio
2061 3547 2200 3615 quod
2225 3544 2530 3615 praecessit,
2554 3544 2598 3598 si
2624 3543 2871 3612 impietas
2894 3541 3086 3596 merito
3108 3538 3467 3595 condemnata

1891 3635 1944 3692 in
1974 3653 2070 3692 sua
2108 3635 2371 3706 pravitate
2394 3633 2713 3705 perstiterit.
2751 3652 2768 3685 ι
2810 3632 3020 3687 Etenim
3057 3632 3109 3686 in
3137 3628 3363 3700 epistula
3396 3628 3465 3681 ad

1889 3726 2514 3797 Coastanthmpolitanos
2561 3725 2734 3797 (epist.
2799 3723 2862 3777 Μ
2922 3723 2991 3777 ad
3055 3719 3465 3790 I‘ulcheriam):

1895 3837 1915 3871 ι
1948 3817 2256 3876 Devotiouis
2284 3824 2568 3885 utrumque
2592 3825 2674 3869 cst
2699 3815 3039 3878 Christianze,
3072 3814 3202 3868 ut'et
3232 3812 3471 3881 pertina-
3530 3870 3545 3881 .

1889 3926 1981 3966 ces
2009 3904 2372 3977 veritasjusta
2397 3915 2664 3970 coerceat,
2696 3914 2749 3959 et
2773 3919 3065 3959 conversos
3093 3903 3331 3958 eharitas
3363 3916 3470 3956 non

1890 4000 2132 4071 repellat.
2164 4019 2183 4052 ι
2224 3998 2288 4053 Et
2317 3999 2368 4052 in
2417 3996 2640 4067 epistola
2677 3996 2742 4050 ad
2772 3995 3077 4049 Anatolium
3112 3995 3284 4066 (epist.
3327 3992 3420 4060 4?.)
3452 4008 3466 4043 :

1896 4111 1913 4142 ι
1945 4088 2007 4143 lli
2050 4086 2140 4160 qui
2170 4087 2340 4158 plenis
2366 4083 2823 4141 satisfactionibus
2857 4084 2996 4137 male
3034 4092 3187 4153 gesta
3218 4081 3473 4136 cond-em-

1891 4187 2041 4246 nant,
2073 4187 2129 4233 et
2150 4190 2406 4230 accusare
2427 4190 2485 4230 se
2513 4173 2685 4243 magis
2707 4172 2912 4240 eligunt
2939 4186 3100 4240 quam
3128 4170 3289 4233 tueri,
3324 4169 3472 4238 pacis

1889 4279 1946 4325 ct
1973 4265 2371 4324 communionis
2398 4273 2597 4320 nostra)
2626 4263 2829 4318 unitate
2853 4262 3119 4324 hetcntur,
3165 4261 3238 4315 ita
3283 4270 3343 4314 ut
3388 4260 3469 4313 di-

1890 4374 1996 4431 guo
2020 4358 2170 4429 prius
2198 4357 2541 4412 anathemate
2564 4369 2683 4424 qum
2703 4362 2892 4408 contra
2944 4351 3102 4406 tidem
3148 4347 3469 4405 catholicam

1893 4459 2017 4507 sunt
2035 4457 2250 4520 recepta
2272 4448 2612 4503 damnentur.
2646 4467 2665 4497 ι
2697 4444 2763 4500 Ει
2788 4454 2909 4515 post
2959 4442 3232 4514 paululum
3266 4459 3278 4495 :
3318 4459 3337 4492 ε
3366 4440 3470 4496 Ne-

1896 4558 2000 4614 que
2022 4542 2165 4598 enim
2197 4548 2375 4613 potest
2404 4539 2456 4593 in
2497 4538 2676 4608 aliquo
2704 4537 3008 4609 benignitas
3065 4544 3248 4591 nostra
3282 4550 3469 4606 repre-

1897 4634 2081 4700 hendi,
2103 4651 2223 4690 cum
2253 4631 2649 4688 satisfacientes
2677 4630 2986 4701 recipimus,
3018 4642 3154 4699 quos
3180 4623 3471 4683 ‘doluimus

1894 4746 2014 4786 esse
2066 4730 2335 4798 deceptos.
2389 4725 2499 4781 Nec
2526 4740 2717 4795 aspere
2742 4722 2903 4794 igitur
2939 4721 3332 4778 communionis
3369 4724 3483 4776 υθέ

1893 4832 2019 4879 strm
2046 4822 2217 4893 gratia
2245 4819 2692 4893 denegaudapst,
2748 4831 2849 4873 nec
2896 4820 3097 4871 temere
3141 4813 3416 4885 largienda
3453 4813 3487 4867 :‘

1892 4916 2019 4986 quia
2041 4916 2182 4969 sicut
2210 4913 2425 4984 plenum
2453 4911 2671 4983 pictatis
2694 4917 2779 4965 est
2829 4907 3103 4980 oppressis
3149 4905 3471 4960 charitatem

1891 5006 2225 5063 Dominicatn
2257 5003 2556 5069 redhiberi,
2589 5003 2663 5057 ita
2693 5000 2899 5071 justum
2937 5007 3021 5054 est
3045 4997 3223 5051 omnia
3254 5004 3470 5063 pertur-

1890 5098 2124 5155 bationis
2163 5095 2474 5152 auctoribus
2520 5094 2793 5165 imputari.
2832 5112 2848 5143 ι
2890 5088 2954 5145 Et
2981 5095 3100 5160 post
3139 5085 3411 5158 paululum
3449 5102 3461 5137 :

1897 5175 1917 5240 ι
1956 5187 2101 5256 Quos
2121 5186 2389 5249 convenit,
2427 5193 2519 5240 aut
2545 5183 2759 5255 percelli
2792 5196 2890 5251 pro
2920 5177 3167 5248 perfidia.
3200 5178 3293 5230 aut
3319 5173 3468 5229 labo—

1894 5296 2015 5335 rare
2042 5295 2140 5350 pro
2162 5280 2336 5333 venia.
2374 5298 2391 5328 ι
3430 5286 3435 5289 -
3478 5268 3483 5279 ³

1964 5371 2099 5426 Hinc
2124 5379 2179 5426 ct
2207 5378 2425 5425 sanctus
2454 5350 2793 5422 Innocentius
2815 5364 2866 5418 in
2893 5362 3117 5432 cpistola
3141 5358 3347 5430 synodo
3374 5357 3473 5412 Mi-

1893 5462 2137 5519 levitana!
2160 5462 2362 5517 directa
2393 5460 2688 5531 (lunocent.
2713 5458 2859 5527 epist.
2886 5454 2971 5517 32,
2997 5455 3091 5508 sub
3119 5453 3325 5522 finem):
3348 5474 3363 5503 ι
3390 5450 3483 5506 Ι.ι-’

1891 5567 2143 5612 ventorcs
2169 5569 2358 5610 vocum
2386 5566 2666 5615 novarum,
2695 5564 2833 5620 qum,
2851 5548 2990 5603 sicut
3010 5544 3141 5601 dixit
3163 5534 3481 5615 Apostolus,

1893 5647 2261 5703 aedificationis
2293 5643 2444 5708 nihil,
2471 5641 2565 5697 sed
2592 5640 2764 5712 magis
2796 5637 3113 5693 vanissimas
3142 5626 3473 5692 consuerunt

1893 5757 2084 5807 parare
2128 5738 2469 5808 qita‘stiones,
2525 5734 2892 5793 ecclesiastica
2940 5734 3314 5790 communione
3363 5722 3477 5799 pii4
