3998 6336
591 342 703 421 lor

1587 336 2350 416 nthnA'm‘niicneNsis
2384 354 2904 414 ARCHIEPISCOPI
3739 353 3826 414 tot

590 475 711 531 vari
754 470 1036 546 apostolici
1069 446 1271 544 vigoris
1298 472 1619 528 auctoritate
1676 463 1976 528 censemus.
2034 489 2056 524 ι
2106 471 2176 528 Et
2203 470 2255 532 A
2277 475 2443 540 atque
2474 469 2545 526 ad
2571 464 2897 525 catholicam
2927 466 3114 534 fidem,
3157 479 3318 537 quam
3343 462 3460 537 jam
3495 463 3695 536 pridem
3718 467 3827 525 ami-

591 572 714 636 post
735 564 1013 636 aliquanta
1049 579 1065 617 :
1103 580 1123 615 ι
1156 558 1413 619 Jubemus
1441 576 1593 628 sane,
1633 562 1891 633 quoniam
1927 559 2178 620 Christus

593 658 855 713 Dominus
902 662 1088 712 noster
1155 652 1377 726 propria
1452 666 1585 711 voce
1635 654 1869 726 signavit
1921 653 2066 710 nolle
2117 669 2178 710 se

590 758 825 805 mortem
866 745 1172 812 morientis,
1215 752 1424 800 tantum
1447 753 1507 799 ut
1530 752 1841 800 revertatur
1862 753 1918 800 et
1938 744 2103 808 vivat,
2128 741 2177 797 si

593 850 836 906 unquam
869 834 938 890 ad
984 849 1175 891 sanum
1228 833 1472 904 deposito
1509 833 1661 904 pravi
1696 832 1964 904 dogmatis
1990 844 2179 888 errore

593 931 945 1002 resipuerint,
969 930 1390 999 damnarintque
1417 943 1480 983 ea
1503 944 1733 998 quorum
1765 942 1826 983 se
1846 926 1949 997 ipsi
1972 941 2179 998 praevae

598 1023 864 1080 rica‘tione
888 1023 1238 1087 damnarunt,
1266 1021 1346 1075 eis
1366 1019 1690 1075 medicinam
1721 1018 1960 1085 solitam,
1991 1018 2044 1074 id
2069 1027 2175 1085 est,

598 1113 999 1185 receptaculum
1025 1127 1184 1168 suum
1213 1112 1282 1168 ab
1311 1110 1553 1167 Ecclesia
1580 1124 1685 1165 non
1713 1110 1920 1182 negari,
1951 1125 2021 1166 ne
2049 1111 2176 1165 dum

596 1220 693 1263 eos
715 1205 1001 1261 redeuntes
1034 1201 1258 1259 forsitan
1299 1201 1667 1273 prohibemus,
1691 1215 1819 1256 vere
1856 1207 2008 1257 extra
2034 1199 2179 1255 ovile

597 1307 945 1356 remanentes
965 1297 1330 1368 exspectantis
1362 1295 1534 1352 hostis
1578 1295 1749 1350 rabidi
1790 1294 2036 1349 faucibus
2061 1293 2178 1362 glu-

594 1392 823 1459 tiantur,
872 1405 1009 1462 quos
1053 1390 1109 1446 in
1137 1389 1445 1460 semetipdis
1483 1387 1705 1459 spiculis
1732 1386 1887 1442 malae
1926 1372 2174 1456 disputa-

594 1482 760 1539 tionis
808 1488 1108 1537 armarunt.
1153 1499 1172 1533 ι
1218 1480 1286 1535 Et
1337 1487 1559 1535 sanctus
1604 1477 1901 1549 Gregorius
1954 1476 2176 1542 Quirico

593 1584 650 1632 et
693 1575 909 1632 caeteris
958 1572 1228 1645 episcopis
1275 1569 1558 1628 catholicis
1596 1570 1652 1625 in
1689 1568 1943 1625 Hibernia
1976 1567 2088 1640 (lib.
2116 1584 2173 1633 ς,

592 1666 746 1740 epist.
779 1665 910 1739 6i):
949 1682 970 1718 α
1019 1661 1340 1734 Quicunque
1375 1676 1406 1716 a
1432 1674 1690 1733 perverso
1725 1672 1912 1714 errore
1940 1657 2174 1713 Nestorii

593 1765 962 1822 revertuntur,
1044 1768 1230 1812 coram
1293 1761 1483 1809 sancta
1550 1750 1910 1806 fraternitatis
1980 1757 2176 1804 vestrae

2277 568 2496 630 serant,
2545 575 2762 618 rursum
2822 559 3023 632 reverti
3088 558 3365 625 ambiunt,
3415 557 3571 631 prius
3616 573 3826 616 errorem

2278 669 2437 711 suum
2480 661 2536 711 et
2569 653 2716 725 ipsos
2756 653 2965 709 erroris
3002 659 3257 708 auctores
3302 650 3552 707 damnari
3597 665 3628 706 a
3653 665 3707 708 se
3730 653 3828 712 sine

2278 745 2630 818 ambiguitate
2675 741 2966 810 fateantur,
3012 752 3068 798 et
3127 741 3376 798 sensibus
3424 740 3607 812 pravis
3657 742 3829 801 dudum

2277 833 2593 905 peremptis,
2618 831 2761 887 nulla
2786 831 3061 901 aspirandi
3086 831 3320 901 supersit
3342 829 3578 895 occasio,
3605 843 3669 886 ne
3688 829 3827 887 ullum
3932 818 3933 827 “

2277 923 2582 978 membrum
2628 921 2814 977 talium
2858 929 3042 991 posset
3069 913 3331 975 societate
3358 917 3574 982 violari,
3614 934 3725 973 cum
3750 934 3830 989 per

2277 1016 2460 1073 omnia
2490 1014 2595 1070 illis
2628 1013 2893 1085 professio
2920 1012 3139 1084 propria
3171 1009 3403 1081 coeperit
3430 1009 3666 1064 obviare.
3694 1008 3825 1066 Circa

2278 1120 2416 1179 quos
2442 1105 2587 1161 illam
2616 1119 2882 1160 canonum
2909 1100 3354 1159 constitutionem
3393 1099 3723 1170 praecipimus
3752 1116 3829 1157 cu-

2278 1197 2495 1262 stodiri,
2521 1203 2582 1251 ut
2609 1195 2665 1250 in
2707 1208 2904 1264 magno
2932 1192 3169 1248 habeant
3200 1188 3492 1254 beneficio,
3523 1189 3589 1255 si,
3615 1188 3829 1260 aderupta

2278 1287 2381 1343 sibi
2409 1285 2557 1342 omni
2600 1299 2699 1356 spe
2732 1283 3110 1356 promotiouis,
3150 1282 3204 1337 in
3249 1295 3360 1352 quo
3406 1279 3735 1335 inveniuntur
3757 1296 3827 1337 or-

2279 1378 2404 1434 dine
2432 1385 2692 1448 perpetua
2722 1375 3018 1431 stabilitate
3056 1378 3437 1443 permaneant,
3467 1368 3514 1424 si
3542 1378 3708 1424 tamen
3749 1369 3828 1425 ite-

2279 1480 2414 1527 rata:
2443 1469 2718 1525 tinctionis
2745 1467 3029 1539 sacrilegio
3055 1481 3163 1520 non
3209 1463 3421 1519 fuerint
3443 1460 3703 1517 maculati.
3731 1460 3823 1516 Non

2279 1559 2452 1616 levem
2477 1559 2622 1614 enim
2653 1559 2793 1627 apud
2822 1557 3111 1614 Dominum
3161 1568 3363 1610 noxam
3398 1551 3645 1615 incurrit,
3671 1550 3750 1620 qui
3774 1551 3829 1606 de

2279 1649 2478 1704 talibus
2503 1649 2573 1703 ad
2610 1662 2798 1703 sacros
2820 1646 3039 1701 ordines
3064 1642 3494 1715 promovendum
3525 1640 3739 1710 aliquem
3756 1640 3826 1710 ju~
3906 1702 3919 1719 υ

2279 1740 2497 1797 dicarit.
2529 1738 2684 1807 Quod
2725 1738 2770 1793 si
2801 1751 2928 1793 cum
2975 1734 3166 1805 grandi
3218 1730 3622 1789 examinatione
3663 1742 3827 1823 conos;

592 1816 1012 1922 congregatione
1043 1844 1343 1909 fateantur,
1391 1842 1642 1898 eumdem
1688 1839 1995 1897 Nestorium
2050 1855 2172 1895 cum
2205 1838 2251 1899 B
2278 1828 2424 1884 ditur
2460 1826 2771 1897 inculpatis,
2800 1825 2971 1881 multo
2997 1823 3170 1895 magis
3197 1837 3305 1878 non
3345 1820 3545 1876 debeat
3584 1816 3733 1874 licere
3755 1816 3825 1871 sui

592 1941 849 1997 omnibus
878 1938 994 1995 suis
1024 1936 1370 2006 sequacibus,
1400 1948 1466 1990 ac
1488 1932 1736 2004 reliquas
1760 1932 1994 1987 haereses
2041 1944 2176 1985 ana-

592 2031 1011 2088 thematizantes
1043 2044 1056 2083 :
1103 2028 1441 2084 venerandas
1476 2041 1694 2099 quoque
1729 2023 1989 2096 synodos,
2041 2036 2177 2092 quas

590 2119 922 2178 universalis
966 2117 1207 2174 Ecclesia
1260 2116 1475 2186 recipit,
1524 2115 1766 2185 recipere
1814 2120 1870 2168 et
1925 2109 2176 2167 venerari

593 2213 957 2286 promittant,,
982 2218 1036 2267 et
1056 2210 1263 2281 absque
1295 2208 1402 2263 ulla
1434 2207 1770 2265 dubitatione
1794 2205 2058 2263 sanctitas
2080 2218 2177 2260 eos

532 2289 549 2299 ’
590 2313 800 2370 vestra,
844 2301 1076 2359 servatis
1102 2299 1183 2356 eis
1202 2299 1436 2371 propriis
1463 2298 1764 2362 ordinibus,
1789 2297 1846 2353 in
1893 2310 1991 2352 suo
2029 2302 2176 2351 cmtu

587 2397 833 2468 recipiat.
870 2414 890 2449 ι
945 2395 1011 2450 Et
1033 2392 1088 2449 in
1126 2392 1425 2449 canonihus
1471 2406 1503 2446 a
1541 2388 1723 2447 beato‘
1745 2388 1979 2444 Martino
2004 2386 2173 2442 colle-

592 2491 721 2556 etis,
748 2489 927 2561 capite
956 2488 1232 2560 trigesimo
1279 2495 1433 2542 sexto
1488 2484 1566 2540 De
1607 2483 1885 2555 purganda
1933 2481 2177 2553 opinione

591 2584 806 2641 hwresis
830 2600 850 2638 .'
884 2602 903 2636 ι
947 2581 1005 2638 Si
1042 2581 1162 2652 quis
1195 2578 1501 2650 episcopus,
1534 2576 1650 2632 sive
1688 2573 1916 2644 alicuius
1938 2570 2175 2642 episcopi

589 2676 895 2749 presbyter,
923 2683 1017 2730 aut
1041 2674 1324 2737 diaconus,
1353 2671 1409 2727 in
1430 2668 1666 2738 alicujus
1678 2667 1902 2723 haeresis
1922 2666 2177 2736 opinione

589 2766 900 2833 oil‘endcrit,
924 2775 980 2820 et
1007 2765 1077 2821 ob
1104 2764 1247 2818 hanc
1267 2776 1487 2818 causam
1528 2759 1692 2815 fuerit
1733 2756 2175 2815 excommunica-

591 2868 704 2923 tus,
734 2857 913 2913 nullus
937 2856 1224 2928 episcopus
1243 2868 1365 2909 eum
1394 2852 1446 2906 in
1474 2849 1908 2907 communionem
1925 2844 2173 2916 recipiat,

593 2949 700 3005 nisi
753 2949 909 3019 prius
942 2947 997 3001 in
1027 2945 1302 3002 communi
1324 2943 1572 3007 cencilio,
1595 2949 1845 3012 porrecto
1892 2936 2017 2994 ﬁdei
2063 2952 2177 2993 suae

591 3039 795 3105 libello,
838 3038 1141 3095 satisfaciat
1191 3037 1462 3101 omnibus,
1520 3043 1576 3090 et
1626 3034 1700 3090 ita
1745 3033 1969 3088 liberam
1997 3037 2178 3087 teneat

591 3146 745 3185 suam
766 3128 1164 3201 purgationem.
1189 3125 1304 3182 Hoc
1323 3127 1466 3181 idem
1493 3126 1635 3181 etde
1656 3123 1903 3179 ﬁdelibus
1925 3122 2076 3177 laicis
2107 3122 2178 3176 sit

2278 1920 2498 1993 spectis.
2543 1918 2777 1974 Proinde
2816 1917 3034 1974 dilectio
3069 1926 3181 1981 tua,
3212 1913 3375 1985 cujus
3404 1912 3684 1969 devotione
3720 1925 3837 1983 μαι--

2277 2014 2488 2078 demus,
2512 2009 2705 2084 jungat
2730 2026 2919 2068 curam
2961 2024 3116 2066 suam
3151 2006 3600 2079 dispositionibus
3634 2004 3825 2070 nostris,

2275 2112 2333 2161 et
2358 2105 2452 2160 det
2476 2118 2696 2174 operam
2722 2111 2781 2158 ut
2804 2103 3198 2172 circumspecte
3223 2116 3287 2156 ac
3315 2099 3582 2156 velociter
3606 2097 3822 2166 implean-

2277 2203 2367 2250 tur
2402 2209 2523 2265 quae
2551 2193 2618 2247 ad
2646 2193 2810 2248 totius
2836 2191 3091 2247 Ecclesim
3130 2188 3561 2244 incolumitatem
3589 2197 3641 2243 et
3666 2185 3821 2239 lauda-

2276 2286 2459 2342 biliter
2499 2292 2752 2358 suggesta
2798 2294 2953 2347 sunt,
2993 2292 3049 2358 et
3087 2282 3387 2339 Salubriter
3427 2280 3683 2337 ordinata.
3724 2275 3816 2330 Non

2276 2373 2456 2435 autem
2486 2354 2697 2434 dubitet
2724 2377 2943 2432 dilectio
2970 2354 3059 2430 tria
3092 2389 3211 2440 nos,
3247 2374 3290 2428 si
3326 2372 3472 2442 quod
3505 2385 3607 2425 non
3634 2366 3822 2423 arbitra-

2275 2484 2399 2525 mur
2427 2468 2669 2540 neglecta
2701 2466 2905 2524 fuerint
2945 2481 3067 2537 quae
3095 2481 3194 2536 pro
3221 2463 3472 2521 custodia
3516 2474 3752 2517 canonum
3775 2462 3817 2509 et
3932 2468 3933 2531 γ

2274 2573 2375 2631 pro
2403 2538 2527 2616 ﬁdei
2567 2559 2886 2630 integritate
2922 2557 3286 2622 decernimus,
3315 2538 3680 2610 vehementius
3701 2567 3821 2607 com-
3932 2556 3933 2623 ξ

2277 2649 2597 2715 movendos,
2620 2651 2749 2720 quia
2776 2647 3095 2704 inferiorum
3122 2646 3381 2703 ordinum
3411 2643 3579 2714 culpa:
3601 2643 3660 2697 ad
3680 2641 3820 2696 nullos

2277 2741 2449 2813 magis
2479 2739 2781 2797 referendae
2820 2748 2974 2805 sunt,
3021 2752 3182 2809 quam
3232 2736 3302 2792 ad
3347 2735 3559 2791 desides
3588 2731 3817 2802 negligen-

2280 2842 2469 2903 tesque
2496 2839 2760 2895 rectores,
2785 2830 2876 2899 qui
2905 2827 3130 2883 multam
3162 2840 3308 2896 saepe
3336 2823 3579 2879 nutriunt
3602 2819 3815 2892 pestilen-

2280 2926 2432 2992 tiam,
2459 2924 2586 2980 dum
2632 2920 2996 2978 necessariam
3040 2917 3390 2974 dissimulant
3417 2914 3663 2970 adbibere
3684 2908 3819 2965 medi-

2278 3016 2479 3073 cinam.
2498 3033 2519 3069 ι
2546 3013 2678 3069 Item
2716 3014 2768 3067 in
2797 3010 3025 3082 epistola
3054 3009 3123 3064 ad
3157 3006 3496 3063 Marcianum
3522 3004 3587 3059 de
3612 3001 3816 3072 episcopo

2277 3103 2881 3175 Constantinopolitano
2912 3099 3084 3174 (epist.
3116 3099 3170 3165 i,
3212 3096 3301 3169 li)
3330 3114 3345 3151 :
3385 3116 3403 3147 ι
3434 3094 3725 3150 Fraternarn
3758 3086 3815 3141 illi

595 3186 902 3287 decretum:
926 3220 971 3276 si
1010 3221 1063 3275 in
1092 3219 1328 3290 aliquam
1355 3218 1579 3273 haeresis
1623 3216 1931 3287 Opinionem
1979 3213 2181 3268 fuerint
2209 3191 2253 3257 Ο
2284 3198 2621 3290 οιιθτὶιθῑεηὶγ
2648 3210 2755 3251 non
2796 3194 2965 3290 alite:
2995 3190 3294 3290 Ροιῗῷιξυε
3344 3186 3661 3290 impendere.
3688 3192 3814 3280 qui“?

590 3311 874 3368 nominati.
932 3332 951 3366 ι
984 3309 1291 3369 Ostendunt
1338 3308 1502 3363 etiam
1551 3306 1696 3361 hunc
1746 3312 1987 3360 tenorem
2029 3303 2178 3359 rece-

590 3403 795 3474 ptionis
821 3404 1008 3460 forma:
1035 3399 1365 3465 libellorum,
1393 3397 1601 3455 scilicet
1622 3397 1787 3452 unius
1800 3412 1958 3467 quem
1981 3395 2181 3451 direxit

590 3495 738 3566 Papa
779 3494 1043 3550 Damasus
1064 3493 1131 3548 ad
1152 3490 1438 3547 Paulinum
1464 3490 1863 3545 Autiochenum
1894 3488 2066 3559 (epist.
2094 3487 2176 3558 4),

590 3585 678 3641 cui
724 3583 887 3656 343
934 3582 1338 3650 subscribentes
1363 3581 1741 3651 reciperentur
1783 3577 2177 3643 Macedoniani,

589 3682 646 3730 et
674 3672 1020 3738 Ennomiani,
1066 3680 1121 3729 et
1149 3670 1568 3743 Apollinaristae.
1615 3668 1854 3725 Alterius
1897 3684 2058 3739 quem
2090 3669 2177 3723 di-

588 3763 731 3821 rexit
754 3762 863 3819 Leo
892 3762 1066 3835 (epist.
1108 3761 1202 3834 49)
1257 3762 1322 3817 ad
1370 3761 1635 3834 synodum
1679 3759 2176 3817 Cbalc’edoncnsem

591 3856 679 3912 cui
703 3855 1110 3912 subscribentes
1154 3853 1525 3924 reciperentur
1565 3851 1871 3907 Nestoriani
1922 3861 1977 3905 et
2010 3852 2179 3922 Euty-

588 3947 793 4003 cbiani.
825 3945 1016 4011 Tertii,
1065 3944 1153 4001 cui
1198 3953 1436 4015 tempore
1461 3942 1739 3999 leeslini
1775 3942 2179 3997 subscribentes

584 4041 958 4112 reciperentur
1007 4036 1501 4102 Prxedestinatiani,
1565 4037 1829 4107 cujusque
1909 4045 2177 4100 tenorem,

585 4133 729 4190 sicut
775 4131 1012 4188 Lucidus
1067 4132 1351 4202 presbyter
1393 4145 1516 4185 eum
1573 4128 1818 4199 porrexit
1867 4128 1920 4182 in
1967 4126 2177 4198 synodo

582 4223 884 4287 Gallicana,
938 4236 1104 4293 supra
1147 4221 1448 4292 posuimus.
1505 4218 1716 4287 Quarti,
1773 4232 1933 4287 quem
2006 4215 2179 4272 edidit

580 4324 805 4374 sanctus
845 4313 1142 4385 Gregorius
1194 4311 1309 4383 (tib.
1342 4327 1399 4377 ι,
1429 4311 1582 4382 epist.
1632 4308 1751 4380 50),
1795 4309 1882 4365 cui
1931 4306 2173 4365 subscri-

581 4409 778 4466 bentcs
802 4407 1180 4476 reciperentur
1200 4402 1555 4460 schismatici.

654 4496 788 4553 Vlll.
845 4495 964 4563 Qua
1010 4494 1322 4551 conditione
1376 4493 1793 4564 resipisccntes,
1837 4500 1893 4548 et
1938 4490 2171 4547 libellari

581 4587 956 4646 satisfactione
1002 4601 1061 4641 se
1102 4585 1361 4642 Ecclesia:
1402 4584 1597 4639 unitati
1649 4585 1959 4647 reddentes,
2001 4582 2169 4653 recipi

579 4682 833 4748 debeant,
868 4681 998 4736 item
1026 4680 1218 4736 beatus
1242 4678 1352 4735 Leo
1390 4678 1445 4734 in
1487 4677 1715 4747 cpistola
1758 4677 1827 4732 ad
1853 4675 2172 4733 Ianuarium

581 4773 901 4845 episcopum
946 4773 1118 4846 (epist.
1142 4770 1179 4826 5
1206 4771 1277 4825 ad
1301 4770 1461 4841 episc.
1487 4767 1833 4841 Aquileiam.)
1850 4808 1865 4832 ,
1910 4768 1977 4822 de
2009 4768 2178 4822 haere-

582 4864 708 4921 ticis
745 4871 801 4919 et
830 4861 1194 4919 scbismaticis
1232 4860 1305 4916 ita
1333 4859 1582 4916 decernit
1606 4859 1831 4914 dicens:
1870 4877 1888 4909 ι
1918 4856 2175 4912 Dilectio-

498 5014 503 5017 ι
579 4971 730 5023 nem,
780 4955 986 5028 inquit,
1037 4963 1182 5009 tuam
1233 4953 1489 5008 «iunximus
1533 4950 2007 5013 commonendam,
2041 4949 2173 5004 insi-

578 5054 811 5101 nuantes
835 5045 903 5100 ad
933 5044 1130 5099 anima:
1158 5043 1456 5114 periculum
1482 5042 1780 5114 pertinere,
1807 5039 1852 5095 si
1883 5040 2169 5111 quisquam

579 5139 649 5195 de
674 5139 761 5194 his
797 5138 889 5209 qui
922 5153 953 5192 a
982 5137 1139 5193 nobis
1167 5136 1219 5190 in
1261 5135 1644 5191 haereticorum
1674 5142 1837 5203 atque
1865 5133 2173 5189 schismati-

579 5248 766 5287 cnrum
792 5239 997 5297 sectam
1029 5229 1281 5299 delapsus
1308 5239 1414 5294 est,
1436 5236 1493 5283 et
1514 5240 1574 5283 se
1599 5237 1875 5297 utcunque
1904 5226 2173 5283 haeretica:

577 5320 980 5381 communionis
1003 5319 1339 5391 contagione
1387 5315 1700 5383 macularit,
1748 5316 2073 5386 resipiscens
2117 5316 2209 5371 in,

577 5413 965 5470 communione
1018 5410 1283 5477 catholica
1335 5408 1453 5465 sine
1512 5407 1853 5477 professione
1916 5408 2169 5479 legitimae

578 5505 969 5561 satisfactionis
1003 5504 1287 5558 habeatur.
1327 5497 1756 5555 Saluberrimum
1789 5498 1934 5553 enim
1968 5507 2070 5564 est,
2112 5505 2169 5553 et

580 5598 844 5669 spiritalis
892 5596 1177 5654 medicinae
1225 5590 1472 5649 utilitate
1510 5590 1903 5662 plenissimum,
1949 5597 2007 5644 ut
2054 5590 2170 5645 sive

580 5691 906 5764 presbyteri,
935 5692 1051 5748 sive
1086 5686 1325 5751 diaconi,
1367 5685 1480 5741 sive
1509 5683 1963 5748 subdiaconi,-vel
1993 5682 2170 5751 cujus-

580 5776 719 5839 libet
742 5780 949 5839 ordinis
979 5778 1187 5845 clerici,
1214 5775 1309 5847 qui
1345 5789 1415 5831 se'
1445 5782 1725 5831 correctos
1752 5773 1923 5830 videri
1956 5772 2168 5840 volunt,

2283 3299 2344 3346 ut
2371 3305 2431 3345 se
2476 3289 2726 3344 inimicos
2770 3283 3051 3342 catholicae
3094 3280 3216 3336 ﬁdei
3266 3278 3531 3351 approbet
3570 3268 3812 3333 exsecrari,

2281 3379 2505 3451 ejusque
2535 3394 2567 3434 a
2606 3394 2665 3434 se
2701 3375 3037 3433 consortium
3086 3374 3250 3442 quem
3296 3369 3496 3425 merito
3536 3363 3711 3435 abjecit
3743 3357 3815 3412 ab-

2281 3474 2498 3531 scidat:
2526 3472 2617 3543 qui
2648 3469 2858 3525 etiamsi
2889 3482 3082 3537 magna
3117 3464 3313 3519 fuisset
3341 3457 3692 3518 satisfactione
3713 3465 3811 3522 plr-

2282 3572 2458 3637 gatus,
2487 3560 2652 3634 3M
2689 3567 2811 3630 post
2833 3558 3054 3614 dubium
3100 3564 3278 3610 tamen
3320 3565 3559 3608 errorem
3591 3554 3809 3637 reversus.

2282 3629 2840 3712 catholicis—maceriis
2870 3646 3121 3719 pOStponi
3148 3642 3357 3709 debuit,
3399 3656 3504 3696 non
3546 3629 3766 3710 praeponi.
3791 3646 3806 3677 ι

2282 3746 2350 3801 Et
2376 3745 2428 3800 in
2457 3742 2684 3814 epistola
2715 3741 2784 3795 ad
2811 3738 3155 3794 Pulcberiam
3193 3734 3494 3805 Augustam
3532 3728 3684 3801 (epist.
3704 3719 3806 3790 55}:

2287 3856 2308 3890 ι
2339 3837 2396 3893 Si
2440 3850 2570 3907 ergo
2596 3833 2886 3889 clementia
2928 3836 3109 3884 vestra
3136 3826 3475 3899 propositum
3504 3833 3667 3876 meum
3707 3826 3807 3872 cou-

2282 3929 2527 3984 siderare
2571 3926 2843 3998 dignetur,
2877 3920 3127 3991 probabit
3162 3933 3250 3973 me
3290 3932 3361 3974 eo
3399 3910 3617 3971 consilio
3656 3908 3807 3961 cuncta

2280 4021 2531 4093 gessisse,
2559 3995 2778 4073 ut'sine
2805 4013 3121 4084 cujusquam
3151 4011 3350 4065 animm
3387 4006 3705 4063 detrimento,

2281 4087 2467 4169 reseos
2491 4119 2697 4166 tantum
2719 4106 3058 4163 obtineretur
3080 4101 3395 4165 exstinctio,
3418 4107 3473 4153 et
3494 4096 3563 4152 ob
3583 4094 3674 4148 hoc
3695 4087 3806 4142 cirta

2281 4215 2533 4261 auctores
2577 4200 2994 4258 saevissimorum
3028 4196 3306 4251 turbinum
3352 4189 3596 4264 quiddam
3619 4193 3802 4240 consue-

2279 4295 2484 4350 tudinis
2530 4291 2820 4356 minuisse,
2852 4297 2915 4344 ut
2953 4287 3019 4344 ad
3067 4284 3456 4355 indulgentiam
3487 4270 3802 4352 postulandam

2279 4383 2694 4456 compunctione
2718 4381 2897 4451 aliqua
2941 4379 3113 4451 possit
3135 4392 3327 4433 eorum
3355 4373 3574 4431 tarditas
3599 4357 3799 4422 excitari.

2277 4477 2379 4546 Qui
2406 4478 2511 4533 etsi
2539 4485 2661 4548 post
2686 4475 2813 4531 illud
2834 4474 3098 4544 judicium
3123 4485 3280 4528 suum
3308 4479 3420 4526 tam
3444 4465 3650 4535 impium
3671 4464 3797 4526 illm“

2199 4546 2251 4608 Β
2279 4546 2560 4637 iniustum,
2589 4581 2697 4621 non
2731 4574 2861 4620 sunt
2894 4563 3176 4618 catholicae
3215 4556 3536 4616 fraternitati
3571 4555 3636 4608 ita
3672 4549 3802 4602 bono-

2278 4659 2417 4715 rabil
2451 4674 2481 4714 s
2503 4665 2562 4713 ut
2591 4656 2831 4719 fuerunt,
2859 4668 2986 4711 suas
3016 4661 3195 4707 tamen
3218 4652 3394 4706 adhuc
3416 4646 3564 4704 sedes
3585 4638 3797 4697 obtinent.

2278 4760 2335 4806 et
2362 4750 2706 4820 episcOpatus
2732 4745 2817 4800 sui
2848 4745 3055 4799 honore
3089 4742 3390 4812 potiuntur,
3417 4745 3503 4794 aut
3542 4748 3630 4804 per
3654 4733 3797 4821 veram

2279 4850 2336 4896 et
2363 4816 2726 4896 necessariam
2747 4834 3172 4892 satisfactionem
3197 4846 3385 4907 pacem
3410 4827 3580 4899 potius
3594 4816 3797 4875 Ecclesia

2277 4928 2583 5002 recepturi,
2631 4936 2726 4982 aut
2777 4926 2821 4981 si
2873 4923 3160 4989 haeresim,
3207 4921 3352 4991 quod
3397 4916 3562 4977 absit,
3595 4911 3794 5002 tuemur:

2278 4995 2631 5092 Professionis
2676 5031 2790 5072 suae
2818 5015 2927 5071 sint
2972 5012 3169 5068 merito
3209 5006 3546 5081 judicandi.»
3590 4995 3675 5051 llis

2283 5080 2472 5170 tentiis
2498 5107 2901 5172 attendendum,
2928 5106 3054 5176 quia
3082 5104 3153 5158 ab
3180 5100 3371 5158 haeresi
3417 5095 3732 5152 revertentes,
3754 5080 3796 5129 ei

2281 5219 2380 5275 per
2429 5201 2728 5259 libellarem
2778 5195 3205 5254 satisfactionem
3252 5206 3376 5247 cum
3420 5180 3659 5275 catholica

2280 5263 2517 5351 fessione
2561 5292 2794 5357 debeant
2832 5288 3030 5357 recipi,
3070 5295 3126 5342 et
3168 5283 3237 5339 ab
3280 5281 3465 5337 ordine
3498 5287 3597 5344 quo
3635 5263 3793 5357 illm“

2280 5385 2482 5441 fuerint
2511 5397 2621 5437 non
2661 5381 2892 5436 debeant
2921 5353 3248 5448 promoveri,
3280 5372 3373 5427 sed
3401 5376 3450 5423 et
3482 5362 3640 5418 minus
3652 5353 3793 5448 AbotIO-r

2280 5477 2483 5532 rabiles
2510 5489 2675 5545 quam
2704 5474 2756 5527 in
2794 5446 3062 5527 catholica
3107 5467 3453 5539 persistentes
3494 5446 3792 5512 ostenduntur

2278 5566 2487 5623 haberi.

2352 5679 2447 5734 IX.
2491 5679 2624 5734 item
2670 5678 2738 5733 de
2784 5676 2870 5732 bis
2917 5675 3009 5746 qui
3056 5673 3179 5729 fidei
3237 5667 3507 5729 catholicae
3544 5656 3618 5713 vel
3652 5640 3788 5746 libello

2283 5780 2534 5844 porrecto
2571 5772 2626 5826 in
2689 5769 2894 5843 synodo
2949 5767 3413 5839 subscripserunt,
3454 5765 3505 5814 ei
3544 5756 3703 5826 1105‘“
3724 5730 3785 5789 "d
