3998 6336
220 316 325 375 ιω

974 314 1061 372 DE
1100 309 1783 373 PRJEDESTINATIONE
1820 307 2285 378 DISSERTATIO
2320 279 2735 385 POSTERIOR.

3404 330 3514 387 “0

219 444 418 505 pravos
459 417 700 485 devoluti
730 435 860 485 sunt
890 442 1102 492 sensus,
1130 428 1217 485 vel
1253 426 1663 485 diffinitionibus
1706 441 1805 484 seu
1832 427 1885 487 A
1910 428 2118 486 stolicae
2145 433 2291 489 sedis
2316 450 2592 506 nunquam
2615 428 2814 509 poterit
2839 436 3087 495 obtinere
3109 432 3453 498 consensum.
3478 461 3502 496 ι

216 521 565 594 dogmatibus
611 520 898 576 catholicae
942 527 999 575 et
1050 519 1361 591 apostolica:
1406 520 1666 576 Ecclesize
1709 518 1810 574 do-

214 614 409 669 ctrina
452 611 745 668 contrariis
789 611 1264 682 subscripserunt,
1311 613 1365 668 in
1395 611 1811 683 Carthaginensi

212 701 470 766 concilio,
502 716 624 773 cap.
658 701 723 756 l3
759 702 1023 773 scriptum
1063 711 1149 757 est
1197 702 1383 775 (Cone.
1410 701 1720 774 Carthagin.
1746 719 1808 769 ιι,

210 810 337 850 can.
364 794 499 865 {5):
536 814 556 847 ι
585 795 643 850 Si
687 795 812 867 quis
844 807 1034 851 contra
1083 809 1237 851 suam
1284 796 1678 867 professionem
1723 795 1811 851 vel

209 884 669 955 subscriptionem
713 886 925 940 venerit
968 885 1025 941 in
1070 885 1284 956 aliquo,
1328 885 1446 957 ipse
1491 899 1552 942 se
1596 886 1811 941 honore

207 977 472 1046 privabit.
496 997 516 1028 ι

280 1068 353 1123 Χ.
393 1068 465 1123 Et
492 1070 619 1139 quia
657 1069 797 1145 sicut
847 1068 1083 1126 decretis
1126 1069 1270 1126 beati
1319 1068 1600 1126 Caelestini
1647 1083 1805 1125 mou-

205 1169 456 1227 stratnr,
503 1162 621 1217 lucc
672 1159 1159 1216 Pmdestinatiana
1214 1160 1438 1217 hzeresis
1502 1159 1646 1216 illius
1705 1174 1804 1214 au-

205 1253 468 1308 ctoritate
494 1250 707 1307 devicta
736 1261 822 1307 est
849 1260 1013 1323 atque
1050 1266 1385 1320 compressa,
1426 1251 1474 1307 si
1511 1250 1634 1320 quis
1664 1248 1805 1305 ditii-

203 1342 513 1399 nitionibus
546 1342 689 1398 illius
734 1343 919 1399 sensui
973 1344 1434 1400 concordantibus
1483 1343 1805 1415 subscripsit

200 1432 262 1487 in
296 1432 532 1504 synodo,
577 1440 631 1487 et
677 1442 867 1503 postea
913 1432 1015 1487 fuit
1059 1433 1357 1489 translatus
1399 1432 1470 1488 ad
1513 1432 1686 1496 devia,
1718 1432 1803 1487 vel

200 1526 371 1581 etiam
421 1526 468 1581 si
527 1526 647 1581 sine
693 1526 1097 1595 subscriptione
1145 1534 1351 1582 sanctae
1414 1525 1699 1582 catholicae
1745 1531 1803 1579 et

197 1617 520 1689 apostolica
561 1618 817 1675 Ecclesiae
855 1619 1130 1675 contraria
1175 1618 1444 1686 senserit,
1492 1618 1639 1691 legat
1669 1618 1800 1688 quid

195 1710 401 1766 beatus
429 1709 543 1766 Leo
584 1710 641 1765 in
687 1711 944 1767 decretali
978 1710 1208 1781 epistola
1256 1710 1434 1783 (epist.
1461 1711 1515 1781 l)
1562 1708 1631 1764 ad
1672 1710 1796 1763 uni-

1986 520 2078 576 Xl.
2121 521 2257 590 Quia
2285 526 2449 582 etiam
2484 529 2570 594 hi,
2599 529 2691 599 qui
2718 540 2839 600 post
2863 532 3314 603 subscriptionem
3345 544 3507 591 rectae

1917 609 2039 667 fidei
2065 614 2249 683 pravis
2281 618 2718 688 subscripserunt
2741 623 3051 689 erroribus,
3078 624 3123 679 si
3152 625 3502 696 resipuerint,

1913 709 1969 755 et
1997 713 2250 772 porrecto
2276 706 2455 762 libello
2481 707 2835 779 professionis
2862 722 3024 768 rectae
3050 714 3196 777 fidei,
3231 731 3353 770 cum
3374 718 3503 772 sub-

1913 795 2206 867 scriptione
2232 800 2466 870 propria:
2494 816 2687 857 manus
2708 842 2723 866 ,
2750 805 2818 859 ad
2859 806 3178 862 catholicam
3205 817 3261 862 et
3284 817 3503 879 aposto-

1911 884 2070 940 licam
2116 898 2361 943 sanctam
2397 899 2631 946 matrem
2661 890 2957 948 Ecclesium
2984 896 3498 965 devotc‘redicriut,

1909 977 2082 1048 pietas
2106 980 2476 1038 ecclesiastica
2505 983 2781 1053 impendat
2811 985 3263 1056 miscricordiam,
3292 1007 3498 1062 eosque

1909 1067 1963 1122 in
1996 1070 2251 1141 gradibus
2289 1073 2402 1128 suis
2425 1074 2707 1145 suscipiat,
2734 1076 3070 1132 demonstrat
3095 1089 3315 1136 sanctus
3341 1080 3492 1137 Hila-

1908 1158 2023 1215 rius
2058 1160 2111 1215 in
2141 1161 2279 1218 libro
2323 1162 2391 1219 de
2437 1162 2668 1236 Synodis
2699 1166 2774 1220 ita
2807 1165 2996 1223 dicens
3028 1186 3041 1222 :
3079 1187 3097 1220 α
3130 1169 3271 1224 Nihil
3314 1183 3494 1227 autem

1907 1251 2106 1306 mirum
2152 1254 2323 1309 videri
2355 1256 2508 1312 vobis
2544 1256 2726 1323 debet,
2753 1258 2952 1315 fratres
2995 1260 3325 1329 charissimi,
3352 1265 3497 1333 quod

1908 1348 2016 1395 tam
2046 1340 2357 1413 frequenter
2385 1347 2581 1416 exponi
2613 1347 2748 1404 ﬁdes
2783 1358 2977 1419 coepta:
3002 1361 3127 1405 sunt
3160 1369 3174 1406 :
3204 1354 3498 1408 necessita-

1909 1443 2014 1489 tem
2068 1437 2210 1492 hanc
2257 1437 2411 1494 furor
2461 1440 2749 1496 hatreticus
2796 1442 3039 1511 exponit.
3096 1441 3233 1497 Nam
3286 1452 3494 1499 tantum

1904 1524 2271 1582 Ecclesiarum
2301 1530 2645 1585 orientalium
2680 1532 2982 1602 periculum
3023 1542 3147 1597 est,
3197 1541 3257 1588 ut
3308 1549 3496 1589 rarum

1904 1618 1975 1674 sit
2002 1619 2162 1689 hujus
2190 1617 2333 1685 ﬁdei,
2358 1637 2479 1692 qua:
2495 1622 2674 1693 qualis
2702 1624 2773 1679 sit
2796 1639 2892 1679 vos
2913 1623 3172 1694 judicate,
3197 1634 3291 1681 aut
3317 1640 3498 1682 sacer-
3572 1668 3577 1671 -

1903 1711 2061 1766 dotes
2086 1720 2181 1766 aut
2211 1712 2464 1783 populum
2492 1714 2742 1771 inveniri.
2776 1715 2913 1772 Male
2938 1717 3085 1772 enim
3112 1732 3210 1787 per
3230 1719 3494 1788 quosdam

194 1816 393 1857 versos
447 1802 735 1874 episcopos
766 1816 866 1873 per
908 1801 1295 1872 Campaniam,
1343 1801 1634 1867 Picenum,
1681 1800 1794 1855 Tu-
1823 1790 1875 1852 Β
1901 1801 2167 1873 impietati
2193 1804 2495 1859 auctoritas
2513 1805 2638 1861 data
2662 1815 2766 1862 est.
2791 1807 2847 1861 ln
2868 1808 3073 1863 exsiliis
3094 1812 3492 1878 episcoporum,

195 1893 409 1960 sciam,
446 1901 508 1949 et
550 1907 650 1965 per
672 1893 956 1949 universas
991 1893 1302 1963 provincias
1346 1892 1672 1948 constitutos
1707 1891 1799 1947 de-

194 1987 441 2043 creverit
487 2000 607 2057 cap.
645 1986 681 2043 5
711 2007 727 2042 :
763 2008 783 2041 ι
811 1988 927 2045 Hoc
958 1990 1163 2061 itaque,
1197 1991 1469 2061 inquiens,
1500 1987 1800 2045 admonitio

191 2085 389 2132 nostra
436 2077 744 2145 denuntiat,
778 2079 924 2150 quod
959 2080 1004 2135 si
1039 2082 1163 2150 quis
1201 2079 1433 2135 fratrum
1463 2087 1651 2135 contra
1682 2078 1800 2135 lucc

190 2169 502 2225 constituta
561 2170 751 2226 venire
805 2172 1135 2236 tentaverit,
1193 2179 1246 2225 et
1304 2170 1576 2241 prohibita
1636 2167 1801 2224 fuerit

192 2276 363 2316 ausus
411 2253 736 2327 admittere',
775 2276 806 2317 a
846 2277 946 2318 suo
989 2277 1049 2318 se
1091 2261 1308 2318 noverit
1350 2260 1526 2316 oflicio
1573 2261 1795 2316 submo-

191 2355 430 2409 vendum
453 2392 472 2419 ,
518 2368 619 2410 nec
664 2353 1062 2409 communionis
1114 2361 1314 2407 nostra
1370 2350 1613 2407 futurum
1673 2365 1799 2406 csse

191 2451 548 2508 consortem,
599 2443 691 2513 qui
742 2442 925 2499 socius
967 2457 1089 2498 esse
1138 2440 1314 2497 noluit
1349 2440 1668 2513 disciplima.
1719 2439 1797 2495 Ne

188 2535 320 2604 quid
366 2549 506 2591 vero
566 2535 639 2591 sit
681 2536 825 2607 quod
888 2536 1317 2606 praetermissum
1361 2551 1391 2591 a
1433 2536 1594 2591 nobis
1654 2535 1797 2590 forte

188 2626 474 2692 credatur,
500 2628 682 2683 omnia
710 2621 1006 2684 decretalia
1032 2628 1328 2684 constituta
1356 2637 1469 2682 tam
1499 2628 1672 2683 beata:
1708 2644 1798 2684 re-

186 2720 545 2776 eordationis'
577 2721 900 2789 lnnocentii,
948 2735 1112 2790 quam
1150 2721 1393 2776 omnium
1442 2721 1795 2777 decessorutn

186 2818 546 2876 nostrorum,
586 2825 709 2881 qua:
750 2810 820 2867 de
849 2810 1238 2867 ecclesiasticis
1278 2810 1563 2866 ordinibus
1607 2818 1662 2865 et
1704 2826 1796 2864 ca-

186 2915 399 2956 nonum
462 2902 802 2973 promulgata
849 2911 978 2958 sunt
1029 2901 1362 2972 disciplinis,
1409 2902 1483 2957 ita
1532 2917 1563 2956 a
1611 2913 1794 2958 vestra

186 2993 487 3049 dilectione
534 2994 794 3050 custodiri
845 2994 1042 3050 debere
1090 2995 1443 3059 mandamus,
1483 3003 1541 3049 ut
1579 2994 1624 3049 si
1670 2994 1795 3064 quis

187 3084 244 3138 in
291 3084 387 3139 illa
431 3085 800 3152 commiserit,
843 3087 1058 3142 veniam
1121 3086 1225 3142 sibi
1281 3086 1535 3157 deinceps
1580 3086 1794 3141 noverit

1899 1910 2132 1965 quorum
2154 1912 2377 1953 causam
2412 1913 2518 1953 non
2548 1899 2829 1969 ignoratis,
2854 1900 2999 1971 vires
3023 1909 3195 1956 auctze
3219 1910 3346 1955 sunt
3370 1916 3495 1972 pro-

1898 1986 2174 2044 fanorum.
2230 1987 2347 2044 Non
2404 1989 2689 2060 peregrina
2736 1990 2971 2060 loquor,
3021 2004 3195 2062 neque
3248 1991 3495 2062 ignorata

1898 2079 2098 2135 scribo.
2126 2080 2319 2136 Audivi
2365 2096 2430 2136 ac
2472 2081 2579 2136 vidi
2609 2081 2741 2137 vitia
2774 2084 3146 2154 praesentium,
3188 2099 3295 2139 non
3325 2082 3491 2139 laico-

1900 2185 2020 2225 rum
2043 2211 2059 2238 ,
2112 2172 2207 2228 sed
2253 2172 2654 2244 episcoporum.
2700 2171 2945 2244 Namque
2992 2177 3196 2244 absque
3240 2176 3493 2246 episcopo

1898 2262 2133 2330 Eleusin,
2182 2271 2239 2320 ct
2285 2264 2472 2335 paucis
2514 2279 2637 2320 cum
2666 2279 2755 2330 co,
2783 2278 2851 2319 ex
2878 2264 3066 2334 majori
3097 2274 3249 2335 parte
3278 2266 3495 2321 Asianus

1897 2350 2101 2407 decem.
2130 2353 2452 2423 provinciae,
2500 2354 2641 2408 intra
2682 2369 2818 2424 quas
2847 2355 3119 2421 consisto,
3148 2370 3275 2411 vere
3322 2356 3491 2411 Deum

1897 2447 2169 2513 nesciunt,
2214 2456 2381 2518 atque
2404 2449 2609 2504 utinam
2635 2450 2851 2520 penitus
2878 2448 3171 2504 nescirent.
3204 2449 3337 2504 Cum
3368 2464 3491 2519 pro-

1897 2536 2121 2592 cliviorc
2163 2538 2306 2593 cnim
2336 2539 2495 2594 venia
2542 2540 2859 2610 ignorarent
2899 2554 3061 2609 quam
3100 2540 3489 2594 obtrectarcnt.

1899 2626 2005 2682 Sed
2030 2629 2221 2683 horttm
2250 2628 2628 2699 episcoporum
2652 2630 2807 2683 dolor
2833 2644 2892 2683 sc
2916 2630 3056 2683 intra
3078 2628 3351 2684 silentium
3382 2644 3489 2684 non

1897 2718 2201 2780 continens,
2233 2717 2494 2774 unitatem
2543 2719 2663 2775 fidei
2712 2718 2871 2787 hujus
2914 2719 3139 2789 quaerit,
3173 2734 3335 2788 quam
3374 2717 3488 2789 jam

1897 2806 2106 2876 pridem
2137 2821 2235 2877 per
2261 2807 2398 2862 alios
2440 2808 2643 2862 alnisit.
2677 2807 2807 2862 Nam
2858 2809 2909 2863 in
2956 2809 3043 2863 illa
3077 2808 3253 2879 prima
3282 2808 3487 2866 collaue

1896 2896 2255 2966 expositionis
2276 2898 2484 2969 synodo
2513 2898 2648 2954 fides
2687 2900 2827 2953 hanc
2873 2898 3061 2954 habuit
3086 2902 3487 2966 necessitatem,

1896 3005 2019 3045 cum
2046 2991 2187 3061 apud
2220 2990 2479 3046 Sirmium
2525 3006 2623 3062 per
2662 2992 3035 3047 immemorem
3064 3002 3335 3063 gestorum
3367 3008 3466 3048 suo

1898 3098 2018 3138 rum
2066 3084 2402 3140 dictorumve
2445 3083 2669 3150 Osium,
2716 3101 2868 3139 nova:
2912 3095 2967 3141 et
3011 3095 3187 3141 tamen
3233 3087 3346 3158 jam
3397 3087 3485 3141 diu

185 3176 474 3249 denegari.
502 3166 782 3245 {Quando
811 3179 955 3233 enim
1002 3178 1249 3234 omnium
1283 3177 1633 3234 decessurum
1664 3193 1792 3233 suo-
1820 3166 1865 3201 “
1897 3188 2203 3246 suppuratus
2230 3176 2523 3247 impietatis
2546 3178 2789 3233 doctrina
2819 3187 3160 3248 proruperat.
3193 3177 3298 3232 Sed
3331 3177 3398 3233 de
3422 3191 3484 3232 er

186 3283 311 3322 rum
355 3269 659 3324 constituta
704 3271 917 3339 posuit,
956 3269 1312 3325 Celestinum
1356 3269 1445 3325 cui
1485 3267 1692 3335 Sixtus,
1735 3278 1792 3324 et
1894 3267 1969 3323 nil
2002 3266 2217 3338 loquor,
2257 3268 2348 3339 qui
2398 3270 2601 3324 idcirco
2649 3278 2732 3324 est
2780 3278 3126 3335 reservatus,
3175 3285 3243 3325 ne
3279 3269 3483 3340 judicio

186 3360 409 3416 Sixtum
436 3362 525 3417 cui
553 3362 815 3418 successit
840 3362 973 3426 Leo,
1013 3375 1355 3432 nequaquam
1395 3362 1633 3432 excepit.
1680 3359 1789 3417 Sed
1893 3364 2133 3417 immane
2180 3362 2524 3433 ignoraretur
2570 3361 2745 3433 qualis
2803 3371 2930 3418 ante
2973 3363 3224 3418 vixisset.
3274 3361 3482 3433 Ubique

186 3463 241 3508 et
286 3453 511 3522 quando
551 3451 620 3508 de
666 3453 1050 3509 ecclesiasticis
1093 3453 1378 3509 ordinibus
1418 3460 1475 3508 et
1516 3467 1787 3507 canonum
1891 3463 2071 3509 autem
2108 3455 2392 3517 scandala.
2426 3455 2625 3524 ubique
2664 3455 2981 3522 schismata,
3016 3457 3214 3526 ubique
3258 3456 3481 3526 perfidia

185 3546 495 3617 disciplinis
520 3546 787 3617 apposuit,
815 3546 936 3601 fidei
965 3546 1204 3616 regulam
1234 3560 1339 3600 non
1366 3545 1570 3600 omisit.
1604 3543 1710 3600 Sed
1735 3553 1791 3599 et
1890 3554 1992 3600 est.
2023 3544 2159 3600 Hinc
2190 3546 2318 3600 illud
2349 3554 2454 3612 est,
2482 3556 2541 3600 ut
2561 3545 2626 3600 ad
2659 3546 3052 3618 professionem
3081 3548 3481 3605 subscribendm

183 3637 636 3694 Chalcedonense
661 3637 947 3694 concilium
972 3637 1147 3693 eidem
1179 3637 1321 3708 (can.
1350 3638 1404 3707 l)
1436 3635 1624 3692 favens
1652 3649 1787 3691 con-
1890 3632 2014 3690 fidei
2060 3633 2226 3707 356
2270 3635 2437 3706 aliqui
2466 3650 2687 3701 eormn,
2716 3636 2807 3706 qui
2838 3646 2997 3691 antea
3043 3636 3187 3691 aliud
3235 3637 3476 3693 subscri-

182 3729 355 3804 345
393 3730 615 3801 scripsit
643 3729 869 3786 dicens:
899 3750 918 3782 ι
955 3729 1189 3802 Regulus
1217 3740 1532 3785 sanctorum
1564 3728 1784 3783 Patrum
1889 3734 2134 3795 pscrant,
2179 3735 2521 3796 cogerentur.
2566 3725 2677 3782 Nec
2723 3742 2923 3797 queror
2961 3728 3030 3783 de
3072 3714 3480 3799 patientissimis

183 3840 292 3895 per
332 3822 547 3893 singula
594 3838 741 3879 nunc
788 3838 964 3893 usque
1009 3821 1238 3877 concilia
1285 3823 1612 3878 constitutas
1656 3835 1784 3890 pro-
1892 3817 2021 3872 viris
2080 3816 2436 3873 orientalibus
2494 3818 2806 3890 episcopis,
2861 3820 3059 3889 quibus
3111 3819 3307 3877 suflicit
3361 3829 3479 3891 post

181 3916 372 3988 prium
431 3915 600 3970 robur
649 3914 898 3969 obtinere
958 3911 1317 3968 decrevimus.
1344 3910 1388 3964 ἰ
1442 3910 1643 3966 Beatus
1704 3908 1785 3962 ni-
1889 3905 2241 3975 blasphemia:
2259 3906 2593 3962 voluntatem
2614 3916 2801 3963 coacta
2826 3907 3014 3963 saltem
3038 3907 3322 3978 professio.
3348 3904 3455 3963 (ira

182 4003 489 4060 hilominus
536 4002 782 4060 Gelasius
832 4002 1003 4075 (epist.
1051 4001 1132 4072 6),
1178 4015 1298 4071 qua:
1344 3999 1787 4070 Carthaginiensis
1889 3998 2172 4054 tulandum
2218 3999 2367 4054 enim
2421 3999 2637 4055 videtur
2684 4000 2737 4055 in
2795 4009 2942 4055 tanta
2987 4000 3480 4072 blasphemantium

181 4095 437 4152 decrevit
459 4096 697 4167 synodus
718 4109 840 4151 cum
868 4094 989 4149 aliis
1011 4091 1360 4165 synodalibus
1385 4091 1786 4148 definitionibus
1887 4089 2269 4161 episcOporum
2328 4090 2583 4148 haeretica
2644 4091 2944 4161 pertinacia
2993 4090 3248 4160 aliquem
3276 4106 3339 4146 ex
3394 4091 3482 4146 his

182 4187 458 4242 roborare
482 4186 705 4251 studuit,
729 4186 917 4242 dicens
940 4198 1060 4256 cap.
1082 4186 1116 4243 9
1140 4186 1284 4256 quod
1307 4183 1603 4256 apostolica
1629 4185 1786 4241 sedes
1887 4180 2088 4251 suscipi
2125 4180 2502 4250 pmnitentem.
2534 4179 2639 4236 Sed
2668 4182 2812 4237 inter
2841 4181 2956 4236 haec
2973 4220 2989 4247 ,
3020 4196 3054 4236 ο
3083 4181 3270 4236 beatos
3299 4196 3394 4236 vos
3423 4181 3479 4236 in

182 4289 453 4349 paternos
490 4292 729 4333 canones
774 4277 865 4348 pio
908 4277 1090 4333 studio
1137 4276 1439 4346 devotoque
1486 4275 1781 4331 custodiat.
1887 4271 2120 4329 Domino
2144 4282 2201 4329 et
2229 4272 2513 4345 gloriosos,
2550 4273 2642 4345 qui
2686 4273 2985 4344 perfectam
3033 4280 3197 4342 atque
3226 4270 3479 4343 apostoli-

182 4372 437 4439 Cumquc
485 4369 672 4434 nobis,
704 4368 957 4440 inquiens
983 4409 999 4435 ,
1039 4376 1232 4425 contra
1271 4367 1592 4424 salutarium
1622 4380 1782 4422 reve-
1886 4379 2006 4421 eam
2044 4364 2203 4421 ﬁdem
2239 4364 2588 4421 conscientiae
2614 4363 2950 4436 professione
2996 4363 3315 4428 retinentes,
3346 4376 3478 4416 con-

182 4463 423 4518 rentiam
451 4460 758 4531 regularum
796 4460 1082 4530 cupiamus
1113 4468 1316 4515 temere
1342 4458 1477 4514 nihil
1506 4458 1697 4522 licere,
1725 4464 1783 4513 et
1813 4491 1861 4551 Β
1886 4455 2118 4524 scriptas
2148 4454 2280 4510 fides
2307 4454 2591 4525 hucusque
2627 4453 2868 4509 nescitis.
2911 4448 3033 4507 Non
3070 4452 3213 4507 enim
3253 4450 3477 4518 eguistis

183 4566 308 4606 cum
362 4549 520 4605 sedes
559 4549 860 4621 apostolica
910 4564 1075 4619 super
1116 4547 1217 4604 his'
1242 4548 1528 4612 omnibus,
1562 4546 1779 4603 favente
1810 4542 1853 4551 '
1884 4547 2090 4614 littera,
2112 4548 2204 4619 qui
2249 4548 2445 4619 spiritu
2487 4548 2871 4614 almndabatis,
2899 4562 3076 4613 neque
3098 4547 3331 4602 cilicium
3360 4562 3477 4601 ma-

184 4639 443 4705 Domino,
487 4654 609 4711 qua:
642 4638 889 4709 paternis
931 4636 1230 4693 canonibus
1268 4644 1396 4692 sunt
1440 4638 1661 4706 prmfixa
1689 4635 1779 4706 pio
1885 4655 1989 4695 nus
2017 4640 2083 4694 ad
2112 4639 2460 4696 scribendum
2491 4641 2877 4706 desiderastis,
2923 4640 3014 4710 qui
3063 4640 3223 4709 quod—
3250 4640 3415 4695 corde
3441 4654 3475 4694 a

183 4735 492 4802 devotoque
547 4732 764 4788 studeat
823 4739 1013 4787 tenere
1058 4730 1336 4800 proposito
1360 4769 1377 4796 ,
1443 4731 1577 4785 satis
1639 4728 1778 4784 indi;-

182 4841 352 4897 gnum
405 4831 492 4880 est
538 4838 900 4895 quemquam,
961 4823 1046 4877 vel
1095 4822 1445 4892 pontificum,
1496 4820 1581 4876 vel
1626 4819 1777 4876 ordi-

184 4935 315 4973 num
365 4915 844 4986 subsequentium,
879 4914 1020 4970 hanc
1064 4912 1465 4970 observantiam
1502 4910 1773 4979 refutare,

185 5009 516 5083 quam‘beati
536 5008 684 5064 Petri
712 5008 897 5065 sedem
925 5016 979 5062 et
1006 5006 1158 5077 sequi
1179 5006 1357 5061 videat
1378 5014 1435 5059 et
1458 5006 1675 5070 docere,
1691 5019 1781 5060 sa—

186 5106 366 5175 lisque
394 5102 742 5168 conveniens,
772 5110 833 5156 ut
873 5108 1042 5165 totum
1069 5114 1269 5171 corpus
1300 5098 1556 5154 Ecclesia:
1589 5096 1643 5152 in
1675 5097 1779 5153 hac
1811 5131 1829 5142 -

185 5195 404 5250 sibimet
443 5192 822 5249 observatione
863 5191 1194 5256 concordet,
1231 5204 1395 5260 quam
1438 5188 1552 5245 illic
1594 5189 1780 5260 vigere

186 5284 507 5355 conspiciat,
542 5282 630 5338 ubi
655 5281 918 5338 Dominus
944 5280 1197 5337 Ecclesiae
1223 5280 1390 5335 totius
1419 5278 1599 5349 posuit
1622 5278 1777 5348 prin-

189 5373 448 5445 cipatum.
487 5393 505 5427 ι
541 5373 606 5428 Et
635 5372 745 5428 Leo
774 5373 830 5428 in
870 5372 1097 5444 epistola
1139 5372 1207 5427 ad
1254 5371 1549 5426 Maximum
1588 5369 1778 5426 Antio-

189 5464 421 5519 chenum
475 5464 658 5535 (epist.
707 5463 813 5535 66)
862 5481 875 5517 :
931 5481 953 5515 r
998 5463 1266 5531 Quoniam
1313 5463 1582 5518 universae
1628 5463 1777 5534 pacis

189 5554 553 5623 tranquillitas
599 5569 709 5610 non
754 5554 915 5610 aliter
954 5554 1155 5626 poterit
1199 5552 1486 5620 custodiri,
1533 5555 1637 5611 nisi
1677 5569 1775 5611 sua

189 5645 486 5701 canentibus
506 5646 808 5702 reverentia
831 5646 1151 5703 intemerata
1176 5654 1441 5702 servetur.
1468 5645 1604 5702 Nam
1629 5648 1775 5719 quod

190 5736 258 5792 ab
297 5737 512 5796 illorum
542 5739 745 5809 regulis
772 5746 828 5798 et
856 5740 1242 5801 constitutione
1283 5739 1594 5810 discordat,
1637 5756 1769 5814 apo-

1880 4732 2036 4788 vobis
2062 4734 2387 4788 credebatur
2417 4747 2515 4789 ore
2541 4736 2609 4788 ad
2641 4733 2871 4788 salutem
2913 4732 3334 4804 profitebamiui.
3364 4730 3476 4787 Nec
3566 4776 3573 4783 .
3644 4758 3659 4765 -

1880 4824 2251 4879 necessarium
2283 4823 2552 4879 habuistis
2585 4823 2822 4894 episcopi
2854 4823 3036 4894 legere
3069 4822 3211 4892 quod
3247 4835 3472 4892 regene-

1882 4915 1987 4970 rati
2017 4915 2274 4987 neophyti
2317 4915 2615 4981 tenebatis;
2663 4915 2758 4970 sed
2800 4914 3101 4968 necessitas
3129 4910 3475 4967 consuetudi-

1881 5018 2009 5060 nem
2036 5003 2218 5060 iutulit
2246 5005 2444 5075 exponi
2487 5005 2650 5070 fides,
2680 5011 2736 5059 et
2760 5004 3026 5073 expositis
3049 5001 3337 5057 subscribi.
3369 4998 3472 5055 Ubi

1880 5097 2026 5153 enim
2082 5112 2278 5153 sensus
2324 5095 2674 5152 conscientia:
2719 5094 3084 5166 periclitatur,
3133 5092 3245 5147 illic
3289 5091 3472 5145 littera

1879 5188 2212 5259 postulatur;
2247 5204 2347 5245 nec
2364 5187 2779 5245 sanesubscribi
2814 5185 3037 5257 impedit
3060 5183 3204 5254 quod
3232 5182 3474 5237 salutare

1880 5289 1963 5336 est
1992 5279 2262 5336 confiteri.
2304 5300 2323 5334 ι
2356 5280 2422 5336 Et
2453 5288 2676 5337 sanctus
2721 5277 3050 5334 leestinus
3084 5290 3221 5345 papa
3262 5276 3330 5329 ad
3368 5272 3473 5345 Cy-

1886 5374 2066 5431 rillum
2094 5374 2406 5445 episcopum
2433 5371 2861 5428 Alexandrinum
2889 5370 3060 5443 (epist.
3081 5368 3167 5437 l0)
3195 5384 3209 5420 :
3240 5387 3258 5419 ι
3287 5368 3473 5436 Itaque

1882 5465 2121 5522 breviter
2152 5480 2471 5536 responsum
2501 5472 2607 5519 tua:
2636 5462 2913 5518 reddimus
2932 5459 3227 5523 sanctitati.
3257 5456 3472 5513 Etenim

1883 5552 2087 5626 quatris'
2110 5564 2294 5611 utrum
2320 5563 2511 5619 sancta
2539 5552 2780 5624 synodus
2805 5551 3050 5622 recipere
3075 5549 3270 5604 debeat
3298 5546 3473 5603 homi-

1883 5662 2008 5703 nem
2035 5663 2067 5718 θ
2092 5659 2151 5703 se
2177 5645 2468 5717 praedicata
2493 5644 2863 5708 damnantem,
2886 5657 2955 5697 an
2977 5640 3104 5711 quia
3129 5639 3471 5696 induciarum

1883 5749 2098 5815 tempus
2123 5752 2403 5797 emensum
2434 5744 2516 5796 est
2536 5777 2551 5806 ,
2590 5727 2866 5794 sententia
2890 5733 3091 5790 dudum
3138 5731 3245 5788 lata
3273 5730 3471 5804 perdu-
