3998 6336
550 315 651 371 sit

1519 278 1849 366 HINCMARI
1891 307 2284 365 RllEMEXSlS
2323 305 2841 366 aucutsrtscort
2930 304 2940 315 '

3722 316 3813 371 ΜΞ

552 440 656 484 ret.
686 427 865 498 Super
892 427 995 481 hoc
1015 431 1233 496 utrique
1261 423 1658 481 consultatione
1679 425 1954 483 communi
1986 440 2134 480 coni~
2164 425 2213 485 Α
2239 431 2366 479 sunt
2390 438 2510 493 quae
2536 422 2679 478 nulla
2712 422 2919 493 possint
2950 402 3158 477 ratione
3170 420 3448 489 convelli,
3479 421 3556 478 ita
3583 427 3813 484 nonnulla

555 534 774 572 munem
805 516 1092 571 Dominum
1116 514 1482 572 consulamus.
1513 516 1701 572 Nonne
1730 516 1886 571 nobis
1917 530 2135 586 respon-

554 608 648 661 det
669 607 813 662 illico
837 622 934 676 per
957 607 1300 676 prophetam,
1330 616 1562 663 mortem
1591 622 1652 662 se
1681 607 1823 662 nolle
1857 607 2139 663 morientis

557 694 777 765 (Ezeclt.
800 695 1025 767 xxxnt);
1052 705 1107 751 et
1126 712 1222 766 per
1234 697 1533 767 apostolum
1550 696 1800 763 Paulum,
1813 713 2028 753 omnem
2047 700 2143 755 bo-

556 787 757 841 minem
782 787 916 843 velle
937 788 1145 843 salvum
1169 788 1308 855 ﬁeri,
1334 800 1389 843 et
1410 791 1594 845 venire
1616 790 1682 844 ad
1703 791 1985 845 scientiam
2002 792 2144 845 veri-

560 880 722 934 tatis?
744 879 797 951 (I
819 878 953 935 Tim.
972 880 1064 951 tt.)
1088 880 1371 951 Nunquam
1392 882 2144 953 displicetDcoacceleratain

560 986 883 1041 quocunque
909 973 1213 1029 correctio?
1240 973 1366 1028 Tuae
1393 974 1464 1029 sit
1484 976 1587 1030 hoc
1611 977 1906 1040 sanctitati,
1936 977 2020 1031 vel
2057 991 2146 1030 ve-

561 1064 806 1119 nerando
834 1062 1062 1118 fratrum
1110 1064 1341 1120 concilio
1368 1106 1381 1130 ,
1415 1073 1472 1120 ut
1494 1067 1603 1141 [orti
1638 1066 1690 1120 in
1722 1066 1962 1122 Ecclesia
2008 1076 2148 1121 stre-

560 1155 709 1224 pittts
728 1156 1178 1225 comprimantur,
1192 1166 1247 1212 et
1272 1157 1479 1213 finitum
1500 1159 1612 1214 Deo
1626 1157 1851 1227 juvante
1872 1161 2144 1229 negotium

564 1245 745 1300 votiva
793 1247 1134 1303 correctione
1178 1247 1467 1303 discamus.
1512 1269 1531 1301 ι
1565 1250 1630 1304 Et
1674 1250 1848 1306 item:
1885 1270 1902 1302 ι
1942 1252 2050 1307 Nos
2094 1261 2151 1306 et

565 1337 710 1406 quod
743 1345 934 1393 contra
962 1336 1046 1394 fas
1070 1346 1175 1404 est,
1208 1340 1370 1395 etiam
1401 1343 1715 1397 sacerdotes
1756 1344 2004 1400 volumus
2031 1360 2150 1401 esse

568 1435 865 1490 correctos,
902 1429 1097 1498 quibus
1122 1439 1217 1484 aut
1254 1433 1531 1499 praemissa
1574 1436 1932 1491 conventione
1957 1450 2161 1491 consu-‘

569 1515 764 1583 lemus,
796 1521 968 1573 autin
1001 1521 1103 1576 hos
1129 1536 1353 1577 necesse
1399 1534 1482 1578 est
1527 1527 1889 1582 damnationis
1934 1538 2153 1583 senteno

570 1606 724 1671 tiam,
772 1608 817 1663 si
853 1611 1152 1666 abutuntur
1182 1623 1364 1669 nostra
1394 1615 1596 1677 salubri
1637 1619 2023 1687 admonitione,
2064 1624 2154 1676 fir-

571 1712 799 1753 memus.
851 1698 963 1755 lloc
1006 1700 1194 1757 tamen
1235 1704 1340 1758 erit
1380 1716 1504 1774 post
1550 1707 1953 1766 damnationem
2002 1713 2151 1782 pravi

2238 524 2364 569 sunt
2390 555 2403 577 ,
2449 530 2570 584 qua:
2616 520 2710 568 aut
2748 527 2848 583 pro
2872 513 3308 569 consideratione
3340 521 3595 576 aetatum,
3621 526 3712 569 aut
3736 531 3818 585 pro

2240 607 2563 665 necessitate
2607 621 2792 662 rerum
2817 613 3086 679 .oporteat
3123 606 3423 676 temperari
3456 623 3471 660 :
3506 604 3597 659 illa
3629 620 3819 677 semper

2241 697 2550 775 conditione
2596 705 2845 762 servata,
2878 705 2939 751 ut
2973 697 3027 752 in
3064 697 3150 752 his
3173 712 3301 767 qua:
3332 696 3419 750 vel
3455 696 3615 751 dubia
3647 696 3823 754 fuerint

2242 798 2336 843 aut
2371 789 2635 852 obseura,
2684 790 2738 844 id
2782 788 3094 849 noverimus
3135 788 3517 858 sequendum,
3562 788 3699 856 quod
3739 805 3822 844 nec

2243 883 2529 951 praeceptis
2555 880 2885 955 evangelieis
2907 880 3241 939 contrarium
3259 920 3278 945 ,
3317 895 3424 935 nec
3460 878 3692 933 decretis
3717 895 3823 933 san-

2245 981 2455 1025 ctorum
2495 970 2715 1024 Patrum
2748 971 3055 1025 inveniatur
3083 970 3408 1025 adversum.
3440 988 3459 1020 ι
3495 970 3640 1035 Quas
3669 970 3825 1041 singil.

2249 1060 2398 1115 latim
2427 1061 2665 1132 singulas
2705 1060 2910 1116 formas
2943 1070 2998 1116 et
3029 1071 3252 1117 sanctus
3281 1060 3493 1116 Paulus
3519 1060 3825 1117 demonstrat

2249 1154 2316 1207 ad
2346 1154 2676 1216 Corinthios,
2703 1154 2887 1207 dicens
2912 1172 2927 1206 :
2965 1152 3082 1207 Hoc
3102 1164 3281 1208 autem
3307 1153 3436 1206 dico
3466 1152 3742 1219 secundum
3760 1155 3826 1206 in-

2251 1246 2727 1315 dulgentiam,'uon
2757 1246 3043 1299 secundum
3066 1247 3376 1313 imperium,
3401 1254 3462 1299 et
3488 1244 3709 1315 reliqua.
3742 1245 3824 1300 llis

2252 1350 2425 1391 autem
2468 1339 2558 1408 qui
2598 1338 2934 1397 matrimonio
2955 1339 3127 1407 juncti
3160 1346 3283 1392 sunt
3324 1337 3582 1406 principio
3610 1354 3705 1391 non
3732 1354 3823 1407 ego,

2252 1430 2342 1483 scd
2378 1430 2636 1484 Dominus
2665 1469 2682 1494 ,
2725 1445 2940 1484 uxorem
2984 1448 3015 1483 ιι
3054 1431 3164 1484 tiro
3192 1445 3300 1483 nou
3345 1429 3618 1489 discedere
3651 1427 3695 1497 (1
3721 1430 3821 1485 Cor.

2255 1536 2353 1585 vn,
2382 1522 2462 1591 li),
2490 1530 2544 1574 et
2574 1522 2877 1591 sequentia.
2922 1521 2983 1575 Et
3008 1520 3298 1575 concilium
3321 1519 3645 1575 Africanum
3672 1520 3826 1573 inuno

2259 1615 2497 1685 capitulo
2528 1616 2592 1669 de
2622 1615 2916 1671 Donatistis
2943 1615 3008 1669 ad
3037 1614 3212 1669 locum
3241 1613 3392 1685 (can.
3425 1614 3518 1684 55)
3546 1633 3558 1667 :
3592 1632 3610 1663 ι
3636 1614 3824 1683 l‘r0pter

2259 1705 2515 1760 Ecclesia:
2539 1720 2725 1774 pacem
2755 1717 2811 1759 et
2839 1706 3126 1759 utilitatem
3145 1745 3160 1768 ,
3195 1714 3254 1759 ut
3290 1713 3345 1757 et
3376 1704 3512 1772 ipsis
3548 1703 3825 1763 Donatistis,

574 1786 839 1854 dogmatis
871 1789 1086 1858 plenum
1114 1796 1472 1851 correctionis
1501 1797 1755 1853 indiciunt
1780 1842 1795 1864 ,
1824 1802 1867 1855 si
1902 1812 2157 1859 revocent
2190 1786 2235 1843 θ
2263 1796 2573 1865 quicunque
2616 1795 2803 1850 CICI‘iCi
2848 1806 3093 1851 ϐαιτεριο
3135 1795 3372 1850 ευιιείιὶο
3428 1794 3497 1847 ad
3543 1793 3823 1848 είὶυιθιίεευίὶ

572 1894 763 1934 omnes
788 1883 855 1936 ad
884 1882 1214 1949 Ecclesiain,
1267 1886 1358 1956 qui
1412 1901 1633 1959 propter
1679 1893 1953 1949 Christum
1998 1907 2159 1967 caput

572 1971 692 2042 ejus
737 1975 991 2031 videntur
1018 1978 1221 2034 exclusi
1249 1998 1261 2034 :
1293 1995 1402 2051 quo
1445 1984 1548 2040 nisi
1593 1984 1687 2040 fiat
1718 1987 1859 2056 quod
1899 1989 2155 2051 dicimus,

574 2061 873 2131 ejiciendus
901 2067 1168 2137 ejicietur,
1196 2075 1447 2142 quamvis
1473 2076 1524 2130 in
1561 2087 1743 2132 nostra
1782 2082 2167 2137 communione

577 2154 688 2209 sint
715 2156 828 2221 isti,
860 2173 998 2228 quos
1027 2160 1160 2217 tales
1183 2165 1561 2233 cognoscimus
1583 2168 1875 2224 exstitisse.
1911 2190 1929 2221 ι

648 2244 839 2303 Etho
860 2248 914 2303 in
938 2251 1163 2320 epistola
1186 2255 1255 2309 ad
1277 2254 1638 2311 Theodosium
1660 2259 1961 2329 Augustum
1990 2261 2163 2333 (epist.

578 2332 716 2406 35)’:
752 2355 771 2388 ι
804 2337 1050 2409 Cumque
1075 2357 1103 2395 a
1134 2357 1192 2397 se
1215 2344 1319 2399 hoc
1339 2347 1482 2417 quod
1507 2348 1682 2403 eidem
1711 2350 2048 2419 profuturum
2071 2353 2167 2417 sit,

581 2429 763 2498 expeti
795 2430 1202 2503 desiderarique
1232 2439 1578 2506 cognoverit,
1612 2441 2002 2497 catholicorum
2045 2458 2179 2523 sen-~

581 2519 769 2575 tentiis
796 2529 907 2576 toto
929 2525 1091 2580 corde
1113 2530 1447 2584 consentiat:
1472 2531 1543 2585 ita
1567 2540 1625 2586 ut
1645 2533 1910 2588 sinceram
1933 2551 2173 2591 commu-

582 2610 668 2665 nis
694 2611 819 2668 fidei
851 2615 1243 2685 professionem
1263 2661 1278 2686 ,
1311 2622 1713 2679 absolutissima
1741 2626 2166 2698 subscriptione,

584 2716 769 2758 coram
796 2707 940 2761 omni
966 2707 1111 2764 clero
1133 2720 1188 2765 et
1210 2713 1461 2769 universa
1489 2715 1645 2784 plebe
1673 2718 1934 2786 declaret,
1961 2731 2175 2791 aposto-

582 2791 702 2849 licie
743 2798 893 2862 sedi,
938 2807 994 2853 et
1042 2802 1313 2860 universis
1344 2805 1555 2861 Domini
1602 2812 1974 2867 sacerdotibus
2012 2822 2175 2883 atque

588 2886 846 2945 Ecclesiis
871 2892 1272 2975 publicandum.
1306 2917 1326 2949 ι
1355 2899 1422 2953 Et
1444 2900 1574 2954 item
1602 2902 1741 2957 idem
1775 2905 1827 2959 in
1855 2905 2079 2975 epistola
2106 2909 2173 2963 ad

586 2977 930 3070 l’ulcheriam
960 2972 1255 3056 Augustam
1282 2990 1453 3061 (epist.
1479 2994 1601 3065 55):
1633 3015 1651 3046 ι
1674 2972 1952 3063 Quamvis,
1978 3000 2174 3070 inquit,

589 3068 1105 3161 incommutabiliter
1143 3077 1571 3138 inimicissimam
1610 3085 1933 3143 Christiana:
1958 3068 2175 3161 religio-

2262 1886 2527 1941 unitatem
2568 1886 2802 1941 transire
2838 1887 3139 1945 voluerint.
3186 1886 3495 1941 secundum
3527 1882 3826 1951 uniuscujus-

2261 1992 2368 2047 que
2410 1977 2646 2047 episcopi
2676 1977 2927 2032 catholici
2975 1977 3312 2032 voluntatem
3358 1984 3531 2046 atque
3559 1974 3824 2037 consilium,

2263 2067 2354 2137 qui
2404 2067 2454 2121 in
2497 2069 2688 2121 eodem
2728 2066 2847 2122 loco
2886 2066 3152 2137 gubernat
3188 2066 3526 2129 Ecclesiam,
3549 2066 3593 2119 si
3622 2065 3714 2118 hoc
3730 2063 3823 2133 paci

2264 2161 2592 2219 Christianae
2618 2161 2876 2230 prodesse
2906 2161 3079 2225 visum
3102 2159 3305 2222 fuerit,
3343 2160 3398 2213 in
3428 2158 3544 2213 suis
3575 2156 3825 2211 honoribus

2267 2253 2653 2322 suscipiantur,
2681 2253 2822 2319 sicut
2848 2252 3118 2322 prioribus
3146 2248 3397 2319 ejusdem
3431 2248 3702 2306 divisionis
3724 2257 3825 2301 tem-

2267 2347 2489 2418 poribus
2517 2346 2720 2401 factum
2759 2360 2881 2401 esse
2922 2345 3270 2401 manifestum
3297 2355 3408 2403 est.
3458 2343 3573 2397 Non
3606 2350 3659 2395 ut
3679 2341 3824 2396 conci-

2268 2439 2421 2500 lium,
2438 2438 2582 2508 quod
2611 2439 2665 2493 in
2693 2438 3073 2498 transmarinis
3086 2438 3337 2508 partibus
3368 2437 3437 2492 de
3463 2437 3566 2492 hac
3589 2451 3644 2490 re
3660 2434 3824 2494 factum

2269 2540 2354 2599 est
2384 2530 2749 2585 dissolvatur:
2779 2530 2876 2585 sed
2921 2537 2981 2583 ut
3010 2528 3136 2583 illud
3182 2536 3410 2582 maneat
3452 2528 3597 2582 circa
3623 2540 3725 2590 eos,
3750 2524 3823 2592 qui

2272 2623 2351 2678 sic
2379 2622 2612 2679 transire
2655 2622 2723 2676 ad
2751 2620 3076 2676 catholicam
3122 2620 3351 2687 volunt,
3385 2628 3444 2674 ut
3486 2619 3623 2674 nulla
3649 2629 3823 2687 pereas

2274 2717 2497 2772 unitatis
2537 2716 2910 2785 compensatio
2955 2725 3298 2785 procuretur.
3332 2735 3352 2766 ι
3408 2715 3476 2769 Et
3515 2713 3823 2782 reliquaque

2275 2807 2345 2861 ibi
2372 2807 2737 2876 prosequitur.
2780 2804 3013 2861 Sanctus
3039 2815 3218 2862 autem
3259 2805 3609 2861 Innocentius
3639 2804 3686 2858 in
3713 2802 3818 2856 dua-

2275 2898 2376 2953 bus
2400 2898 2643 2968 epistolis
2665 2939 2680 2963 ,
2726 2898 2794 2952 ad
2818 2896 3166 2951 Marcianum
3203 2896 3424 2952 scilicet
3455 2896 3760 2964 episcopum,
3780 2897 3822 2943 et

2275 2990 2344 3043 ad
2386 2988 2709 3045 Macedones
2751 2988 3037 3056 episcopos
3079 2986 3183 3055 (ep.
3213 2985 3290 3041 28
3320 2994 3380 3040 et
3409 2984 3525 3056 29),
3557 2984 3648 3037 bas
3685 2988 3820 3033 utras-

2278 3096 2384 3148 que
2423 3078 2628 3135 formas
2675 3079 3038 3134 demonstrat.
3087 3076 3318 3133 Scilicet
3355 3084 3416 3132 ut
3454 3088 3589 3145 quos
3622 3072 3819 3126 Bonosus

590 3156 677 3212 nis
705 3158 953 3216 liceresim
984 3162 1340 3235 detestamur,
1383 3171 1527 3241 ipsos
1565 3183 1770 3242 tamen,
1802 3180 1845 3231 si
1881 3194 1987 3233 non
2017 3152 2176 3236 dtihie
2204 3152 2249 3214 Ο
2280 3173 2446 3227 ﬁliam
2478 3172 2533 3226 ill
2562 3171 2755 3226 Ιιὶῐενθεί
2793 3178 2919 3226 an“?
2959 3169 3368 3224 damnationem
3401 3181 3553 3223 suam
3584 3162 3817 3217 οηίίοπθ

591 3249 955 3337 corrigantur,
985 3264 1039 3309 et
1064 3256 1224 3328 digna
1265 3275 1323 3315 se
1366 3263 1735 3322 satisfactione
1767 3270 2075 3337 puriliceut,
2107 3274 2177 3328 ab

591 3336 847 3397 ineffabili
877 3344 1248 3407 misericordia
1273 3350 1365 3406 Dei
1397 3356 1567 3411 nostri
1594 3372 1698 3411 non
1723 3336 2029 3428 iudicemus
2051 3336 2179 3417 alic-

593 3446 695 3486 nos
728 3447 744 3486 :
787 3432 950 3506 347
988 3438 1082 3492 sed
1128 3441 1307 3509 potius
1345 3459 1468 3497 cum
1511 3449 1851 3515 gementibus
1891 3453 2177 3522 gemimus,

594 3535 718 3575 cum
750 3522 1000 3582 ﬂentibus
1031 3528 1242 3589 ﬂemus.
1272 3541 1327 3587 ct
1370 3538 1449 3589 sic
1488 3538 1688 3593 utimur
1709 3539 1919 3609 justitia
1943 3560 2183 3600 commo-

600 3611 796 3679 tionis,
829 3625 887 3669 ttt
927 3633 1031 3674 non
1073 3622 1385 3680 amittamus
1416 3629 1652 3684 remedia
1685 3633 1985 3689 cltaritatis.
2029 3637 2180 3701 Quod

597 3703 740 3796 sicut
764 3709 937 3774 pietas
963 3719 1138 3765 vestra
1162 3718 1460 3785 cognoscit,
1484 3735 1589 3775 non
1619 3723 1796 3778 verbis
1818 3727 1928 3780 suis
1958 3730 2183 3796 promit-

599 3793 752 3858 titur,
771 3796 864 3851 sed
884 3798 1049 3854 etiant
1072 3800 1228 3858 factis
1250 3804 1493 3862 docetur.
1518 3808 1794 3880 Siquidem
1816 3793 2182 3885 pene—onmes,

598 3886 689 3956 qui
722 3887 774 3942 in
804 3904 1124 3947 consensum
1153 3898 1554 3963 praesidentium
1585 3904 1636 3958 in
1667 3904 1754 3960 illo
1783 3906 2054 3976 Epltesino
2078 3927 2182 3965 non

592 3976 800 4047 judicio
825 3982 918 4036 sed
948 3983 1251 4053 latrocinio,
1283 3998 1377 4045 aut
1417 3994 1646 4050 traducti
1692 3997 1907 4053 fuerant
1948 4011 2041 4055 aut
2096 4020 2187 4057 cna

601 4069 730 4133 acti,
763 4073 1119 4131 rescindendo
1151 4082 1291 4149 quod
1334 4091 1665 4154 statuerant,
1695 4098 1745 4144 et
1780 4091 2187 4151 condemnanda

599 4163 743 4231 quod
774 4168 1104 4237 scripserant
1125 4213 1138 4233 .
1187 4185 1501 4246 perpetuam
1534 4182 1705 4251 culpae
1747 4184 2095 4243 abolitionem
2130 4197 2189 4243 et

600 4254 913 4320 apostolicae
939 4259 1088 4328 pacis
1115 4264 1342 4331 gratiam
1382 4277 1509 4321 sunt
1535 4270 1734 4338 adepti.
1777 4271 1835 4327 Si
1874 4283 2054 4329 autem
2081 4276 2189 4332 cle-

598 4346 803 4400 mentia
829 4358 1009 4403 vestra
1036 4354 1370 4422 propositum
1413 4374 1591 4414 meum
1630 4364 1976 4422 considerare
2005 4369 2191 4440 digne-

598 4444 707 4501 tur,
742 4440 991 4507 probabit
1022 4460 1107 4497 me
1139 4461 1203 4499 eo
1229 4449 1453 4505 consilio
1476 4463 1666 4509 cuncta
1691 4459 1922 4527 gessisse
1947 4498 1961 4525 ,
1990 4469 2051 4514 ut
2071 4463 2189 4517 sine

2281 3272 2396 3329 rat,
2427 3262 2473 3317 si
2503 3261 2569 3316 ad
2599 3259 2924 3316 catholicam
2959 3259 3192 3314 transire
3220 3257 3592 3317 decreverint,
3620 3254 3668 3307 in
3689 3246 3819 3320 3‘8

2279 3354 2564 3410 ordinibus
2587 3353 2701 3409 suis
2738 3351 3125 3420 suscipiantur.
3167 3349 3318 3418 Quos
3344 3358 3528 3413 ,autctn
3569 3351 3678 3416 post
3701 3340 3817 3393 dant-

2278 3445 2556 3500 nationem
2583 3458 2739 3499 suam
2779 3443 2944 3497 etiam
2968 3440 3035 3496 de
3056 3440 3324 3509 catholica
3351 3435 3642 3499 ordinavit,
3666 3431 3723 3484 ab
3744 3442 3814 3482 or-

2283 3539 2407 3595 dine
2429 3544 2809 3599 retnoveantur
2833 3534 3219 3590 ecclesiastico.

2357 3629 2463 3684 Sed
2488 3639 2542 3682 et
2570 3627 2679 3682 Leo
2704 3636 2964 3694 utrasque
2986 3625 3082 3677 has
3115 3622 3319 3677 fortnas
3343 3622 3412 3676 de
3443 3633 3550 3699 una
3572 3614 3816 3678 eademque

2285 3738 2345 3776 re
2367 3723 2421 3777 in
2445 3736 2552 3776 uno
2579 3718 2815 3790 capitulo
2842 3715 3081 3783 ostendit
3124 3715 3190 3766 ad
3232 3713 3516 3768 Rusticum
3556 3704 3816 3762 Narbonen-

2285 3827 2399 3867 sem
2423 3809 2732 3879 episcopnm
2768 3807 2953 3862 dicens
2990 3806 3128 3875 (cap.
3159 3804 3211 3875 l)
3238 3820 3252 3856 :
3290 3821 3308 3854 ι
3339 3800 3524 3863 Nulla,
3558 3791 3730 3863 inquit,
3755 3801 3815 3839 ra‘

2287 3906 2362 3959 tio
2407 3903 2538 3957 sinit
2573 3910 2630 3955 ut
2683 3901 2824 3955 inter
2864 3898 3147 3969 episcopos
3191 3896 3516 3956 habeantur,
3560 3886 3643 3957 qui
3680 3894 3760 3936 nec
3790 3890 3813 3928 ει

2284 3997 2500 4052 clericis
2528 4004 2656 4049 sunt
2700 3992 2891 4056 electi,
2934 4005 3035 4045 nec
3084 4004 3114 4042 a
3152 3988 3404 4059 plebibus
3432 3979 3668 4053 expoliti,
3695 3983 3811 4066 ιῖεεξ

2288 4083 2832 4156 comprovincialibus
2858 4079 3127 4150 episc0pis
3151 4094 3275 4133 cum
3316 4065 3688 4144 metrOpolitani
3709 4059 3815 4156 judi-

2289 4181 2374 4236 cio
2414 4175 2739 4234 consecrati.
2801 4172 2955 4229 Unde
3004 4187 3128 4227 cum
3170 4186 3316 4240 smpe
3360 4165 3577 4238 quiestio
3617 4160 3673 4213 de
3708 4148 3811 4208 male

2290 4280 2515 4341 accepto
2560 4270 2767 4325 honore
2803 4272 3081 4330 nascatur,
3115 4264 3236 4333 quis
3268 4260 3504 4326 ambigat
3531 4254 3810 4341 nequaquat'n

2292 4364 2412 4419 istis
2447 4376 2568 4417 esse
2604 4357 2946 4414 tribuendum
2976 4355 3121 4425 quod
3168 4369 3273 4409 non
3305 4353 3523 4437 docetur
3551 4341 3695 4396 fuisse
3724 4327 3807 4434 col-

2294 4457 2501 4517 latum?
2530 4455 2588 4513 Si
2617 4454 2708 4523 qui
2739 4463 2920 4507 autem
2953 4450 3138 4505 clerici
3162 4450 3230 4505 ab
3258 4432 3810 4523 istispseudoepiscolils

600 4528 917 4596 cujusquam
951 4534 1144 4589 anima:
1185 4538 1507 4598 detrimento
1541 4545 1810 4604 ltazreseos
1852 4560 2060 4606 tantum
2093 4554 2187 4607 ob.
2217 4522 2265 4580 D
2294 4553 2350 4606 in
2375 4551 2454 4604 eis
2483 4547 2740 4603 Ecclesiis
2774 4543 3009 4601 ordinati
3038 4550 3163 4597 sunt
3189 4582 3203 4605 ,
3250 4555 3370 4611 quae
3396 4537 3461 4593 ad
3490 4527 3706 4605 proprios
3725 4531 3808 4586 ep"

600 4618 869 4675 tinerctur
892 4626 1200 4682 exstinctio.
1231 4650 1250 4683 ι
1295 4632 1360 4687 Ει
1386 4636 1665 4694 sciendum
1697 4651 1779 4696 est
1808 4645 2064 4712 quoniam
2106 4648 2189 4702 bte

598 4714 883 4769 sententise
914 4715 965 4768 in
996 4719 1278 4777 undecimo
1302 4725 1406 4789 isto
1426 4730 1681 4798 capitulo,
1701 4749 1822 4802 quae
1850 4737 1916 4789 de
1938 4738 2099 4793 toties
2134 4747 2190 4793 et

604 4808 713 4855 tam
773 4806 1051 4873 granditer
1100 4816 1579 4880 pricvaricantibus
1622 4826 2068 4891 conscribuntur,
2118 4831 2188 4885 ad

600 4893 748 4950 illam
791 4915 1057 4956 canonum
1109 4904 1337 4963 formam
1387 4914 1692 4981 pertinent,
1744 4933 1848 4987 qua
1892 4920 2184 4976 secundum

597 4991 830 5050 rationis
857 5004 911 5051 et
939 5001 1194 5069 temporis
1223 5003 1560 5073 qualitatem,
1586 5018 1675 5063 aut
1698 5025 1918 5081 propter
1938 5014 2192 5071 Ecclesiae

604 5084 929 5152 Utilitatem,
962 5100 1052 5146 aut
1072 5104 1291 5162 propter
1310 5097 1462 5164 pacis
1486 5114 1551 5153 ac
1579 5103 1882 5158 concordiae
1906 5105 2188 5173 unitatem,

606 5194 712 5235 non
767 5182 1130 5252 praejudicatis
1179 5190 1443 5268 majorum
1490 5198 1749 5264 statutis,
1795 5202 2040 5269 quaedam
2089 5203 2190 5258 ali-

600 5276 823 5368 quando
868 5278 1227 5351 indulgentur,
1279 5300 1382 5339 non
1433 5289 1501 5343 ad
1548 5289 1728 5356 illam,
1782 5306 1886 5361 qua
1928 5309 2029 5364 pro
2076 5296 2192 5368 lege

536 5414 541 5419 .
606 5366 1056 5439 irrefragabiliter
1083 5378 1308 5432 tenenda
1340 5381 1760 5437 constituuntur.
1804 5384 1957 5441 Unde
1987 5386 2098 5440 Leo
2124 5366 2189 5441 ad

598 5458 888 5517 Rusticum
945 5463 1347 5525 Narbonensem
1401 5473 1710 5543 episcopum
1756 5475 1927 5546 (epist.
1979 5477 2070 5547 95)
2121 5478 2194 5532 ita

604 5552 772 5607 dicit.
808 5574 826 5604 ι
858 5555 991 5612 Nam
1033 5576 1154 5614 cum
1192 5564 1434 5631 quzedam
1480 5567 1930 5637 interrogationes
1977 5569 2194 5622 modum

607 5648 896 5719 diligentia
918 5650 1202 5711 vidcantur
1217 5660 1500 5726 excedere,
1536 5660 1777 5731 intelligo
1798 5676 1893 5718 eas
1913 5661 2195 5731 colloquiis

602 5740 846 5809 aptiores
900 5757 1021 5801 esse
1067 5763 1229 5818 quam
1279 5750 1494 5820 scriptis
1536 5771 1547 5807 :
1602 5754 1725 5824 quia
1770 5753 1908 5810 Sicut
1947 5752 2193 5823 qttzcdatn

2297 4658 2492 4711 SCOpOS
2515 4637 2889 4711 pertinebant,
2926 4644 2981 4691 et
3015 4633 3288 4689 ordinatio
3311 4643 3493 4687 eorum
3522 4615 3810 4711 conseri-fl“?l

2290 4704 2497 4804 judicio
2516 4704 2942 4801 praesidentium
2983 4726 3125 4781 facta
3153 4733 3236 4780 est
3258 4764 3273 4789 ,
3304 4728 3477 4794 potest
3512 4722 3615 4769 mla
3642 4704 3804 4804 habit?

2294 4800 2368 4881 ita
2411 4835 2470 4879 ut
2501 4800 2553 4878 in
2598 4822 2728 4892 ipsis
2765 4818 3024 4875 Ecclesiis
3060 4820 3429 4887 perseverent.
3485 4800 3804 4892 Aliter‘autetu

2294 4934 2430 4974 vana
2464 4881 2710 4971 habet-ida
2738 4920 2823 4968 est
2847 4908 3204 4969 consecratio,
3236 4922 3354 4976 qua:
3382 4915 3477 4957 nec
3502 4898 3609 4950 loco
3633 4881 3802 4976 fundata

2294 5022 2397 5075 est,
2424 5025 2524 5064 nec
2562 5006 2885 5062 auctoritate
2922 5002 3151 5058 munita.
3176 5021 3197 5053 ι
3245 4999 3312 5054 Et
3349 4998 3471 5051 item
3510 4985 3573 5041 ad

2295 5103 2349 5157 iu
2386 5073 2574 5156 eadem
2610 5095 2838 5167 cpistola
2877 5094 3017 5165 (cap.
3048 5091 3175 5171 £01:
3211 5107 3229 5140 ι
3261 5088 3319 5143 In
3360 5073 3802 5171 adolescentiaucitlil'

2294 5194 2539 5257 stitutus,
2572 5192 2617 5247 si
2645 5157 2871 5260 urgente
2899 5193 2993 5241 aut
3020 5164 3169 5239 metu
3205 5180 3428 5241 mortis,
3467 5176 3551 5225 aut
3573 5157 3800 5260 captiti“:

2297 5286 2368 5341 tis
2392 5282 2637 5355 periculo
2656 5322 2670 5347 ,
2701 5250 3079 5350 paenitentiam
3111 5273 3305 5344 gessit,
3346 5250 3801 5381 et'poslca.rli:ﬂ;l:::

2298 5379 2507 5447 lapsutn
2533 5372 2936 5430 incontinentiae
2964 5367 3217 5439 juvenilis
3233 5408 3248 5430 ,
3272 5359 3505 5433 cupidam
3539 5342 3798 5473 uxorii-“>13;

2342 5472 2347 5473 ,
2586 5468 2597 5473 -
2772 5464 2792 5473 -
2890 5463 2902 5473 ι
2980 5461 3010 5473 κ.
3092 5460 3102 5471 ι
3167 5459 3178 5470 ι
3338 5457 3454 5473 7,....1
3518 5452 3615 5473 Μηνὶ
3637 5447 3691 5473 Vl

2301 5427 2381 5539 gilt
2417 5484 2485 5523 ne
2522 5468 2727 5523 crimen
2768 5460 3137 5519 fornicationis
3167 5427 3795 5557 incurreret,‘l‘cll‘jﬂi’g

2302 5524 2499 5616 ἧίείδδθ
2524 5556 2810 5619 venialem.
2837 5555 2880 5610 Si
2907 5561 3102 5622 pncter
3124 5549 3401 5619 coniugem
3427 5524 3768 5625 uallantoutlllg

2303 5649 2635 5721 cognoverit.
2676 5646 2734 5700 In
2756 5660 2866 5713 quo
2888 5652 3066 5697 tamen
3090 5642 3194 5694 non
3217 5608 3792 5741 t‘cgulaﬂl‘co“:‘::t:::?:$

2303 5711 2399 5801 sed
2425 5740 2556 5814 quid
2577 5739 2649 5797 sit
2676 5711 3005 5795 tolerabilius
3031 5732 3376 5789 aestimamus.
3420 5718 3538 5801 Sat"
3564 5711 3709 5764 59w"
