3998 6336
144 386 277 443 ΗΞ

910 384 1000 439 ou
1037 378 1709 440 PBA-ZDESTINATIONE
1748 383 2207 446 DlSSEl‘tTATlO
2249 372 2661 449 rosre'moa.

3331 395 3437 454 ιιι

145 517 348 558 veram
375 499 763 572 cognitionem,
793 497 929 555 nihil
954 500 1127 571 magis
1153 500 1203 554 ei
1232 496 1483 571 congruit
1509 498 1602 569 qui
1633 513 1749 570 ραι·
1779 505 1826 562 Α
1854 499 2027 571 (epist.
2077 500 2167 569 10)
2196 518 2211 556 :
2243 522 2260 554 ι
2290 501 2496 558 Studeo
2529 504 2696 574 quieti
2747 504 3049 572 catholicae,
3094 492 3284 564 studeo
3311 525 3438 580 per-

152 596 457 650 nitentiam
483 594 671 664 gessit,
703 608 867 663 quam
897 595 1119 649 castitas
1143 609 1499 663 perseverans
1522 603 1579 649 et
1604 610 1754 648 men-

146 689 231 743 tis
253 696 312 742 et
335 687 605 757 corporis.
634 705 655 737 ι
697 686 790 741 Sic
831 696 888 740 et
927 687 994 742 de
1031 687 1117 742 his
1140 687 1386 757 utrisque
1409 688 1597 742 formis
1628 688 1757 741 item

144 778 513 833 Innocentius
552 777 621 831 ad
662 775 987 832 Macedones
1029 778 1313 846 episcopos
1361 777 1551 832 scribit
1580 777 1751 847 (epist.

148 868 255 937 50)
285 886 300 921 :
341 885 362 918 ι
390 866 681 921 Pervideat
708 880 836 936 ergo
861 866 1078 921 dilectio
1110 875 1291 920 vestra
1331 867 1591 921 hactenus
1630 865 1755 919 talia

147 959 464 1023 transisse,
494 965 552 1012 et
581 956 849 1013 advertite
891 959 1034 1027 quod
1075 958 1264 1027 utique
1291 966 1351 1011 ιιι
1374 958 1555 1011 dicitis
1576 973 1758 1012 ncces-

148 1051 298 1104 sitas
327 1050 651 1118 imperavit,
702 1050 755 1103 in
797 1064 930 1118 pace
970 1049 1082 1119 jam
1128 1050 1453 1104 constitutas
1489 1048 1756 1103 Ecelesias

148 1158 270 1197 non
303 1155 657 1211 praesumere.
697 1140 807 1195 Sed
838 1149 896 1195 ut
921 1155 1062 1211 saepe
1086 1141 1304 1206 accidit,
1328 1142 1757 1211 quotiescunque

150 1253 183 1290 a
216 1234 442 1307 populis
468 1244 562 1290 aut
610 1250 642 1290 a
690 1236 843 1290 turba
871 1242 1143 1305 peccatur,
1176 1235 1299 1295 quia
1338 1234 1390 1287 in
1419 1247 1609 1287 omnes
1635 1247 1756 1301 pro-

154 1335 289 1397 pter
336 1324 739 1381 multitudinem
794 1341 900 1380 non
960 1335 1139 1396 potest
1180 1325 1477 1389 vindicari,
1528 1325 1756 1378 inultmn

152 1415 305 1470 solet
336 1415 593 1470 transire.
630 1413 820 1469 Priora
846 1430 975 1486 ergo
1004 1414 1319 1469 dimittenda
1355 1414 1475 1467 dico
1503 1412 1595 1466 Dei
1622 1411 1760 1478 judi-

157 1506 288 1570 cio,
334 1512 390 1559 et
434 1506 501 1560 de
531 1506 739 1574 reliquo
770 1507 1006 1578 maxima
1053 1505 1414 1560 sollicitudine
1453 1518 1765 1573 priet-aven-

156 1598 316 1653 dum.
340 1616 359 1649 ι
394 1596 462 1651 Ει
503 1596 785 1666 aliquanto
828 1597 1118 1667 superius:
1156 1616 1173 1647 ι
1204 1597 1343 1675 Ergo
1374 1595 1516 1665 quod
1551 1605 1648 1664 pro
1675 1610 1760 1648 re-

158 1688 349 1743 medio
375 1702 443 1741 ac
472 1688 798 1743 necessitate
839 1687 1097 1757 temporis
1134 1695 1395 1741 statutum
1426 1694 1508 1740 cst
1545 1690 1760 1740 constat

154 1776 423 1849 primitus
445 1792 552 1832 non
576 1778 743 1833 fuisse
760 1818 775 1843 ,
822 1792 886 1833 ac
919 1778 1087 1832 fuisse
1113 1777 1325 1848 regulas
1356 1787 1566 1832 veteres
1586 1819 1600 1842 ,
1623 1793 1759 1848 quas

1854 592 2033 646 cumis
2071 593 2254 659 saluti,
2294 595 2338 647 si
2387 602 2562 649 tamen
2594 595 2825 650 veiuerit
2871 598 3243 666 :egritudinem
3272 602 3440 656 conii-

1855 683 1980 739 tcri.
2018 682 2171 749 Quod
2197 684 2317 738 ideo
2342 684 2591 750 dicimus,
2624 702 2691 739 ne
2716 686 2917 741 volenti
2945 703 3004 742 se
3028 690 3303 759 corrigere
3331 692 3436 747 for.

1856 777 1994 833 sitan
2023 778 2215 832 deesse
2241 779 2539 832 videamur.
2584 779 2717 833 Nam
2758 790 2806 833 et
2846 781 3077 844 sLnohis
3113 784 3434 841 sustinenti-

1854 868 1956 923 bus
1979 884 2162 932 uvam,
2195 870 2378 937 spinas
2402 868 2502 922 sibi
2532 869 2819 934 addiderit,
2850 870 3137 940 impleatur
3168 877 3437 929 manenti-

1856 959 1959 1013 bus
1989 959 2209 1013 statutis
2242 958 2511 1028 prioribus
2540 959 2622 1011 sui
2660 957 2837 1012 fructu
2873 959 3081 1029 judicii,
3112 962 3437 1033 eolligatque

1858 1053 2001 1121 quod
2030 1052 2182 1106 sulco
2206 1051 2472 1105 diabolico
2496 1052 2800 1113 seminavit,
2839 1068 2943 1105 non
2972 1062 3157 1106 nostro
3186 1056 3437 1117 consilio,

1859 1143 1953 1197 sed
1987 1157 2044 1195 se
2080 1142 2350 1211 periturus
2379 1150 2617 1195 auctore.
2663 1141 2859 1196 Probet
2890 1158 2988 1197 nos
3030 1144 3243 1200 veloces
3277 1147 3442 1214 pedes

1860 1234 1926 1286 ad
1958 1230 2339 1284 effundendum
2368 1232 2685 1300 sanguinem
2709 1247 2813 1286 non
2842 1230 3061 1298 habere,
3098 1238 3315 1303 quando
3338 1237 3438 1292 sibi

1859 1322 2021 1375 etiam
2063 1321 2360 1374 remedium
2410 1329 2700 1389 cognoscat
2741 1320 3002 1376 oblatum.
3037 1342 3057 1375 ι
3091 1323 3158 1378 Ει
3199 1324 3343 1380 Beda
3387 1328 3440 1383 in

1860 1416 2129 1469 sententia
2161 1414 2431 1486 Evangelii
2462 1415 2620 1469 Luca:
2656 1416 2785 1470 dicit
2817 1416 2971 1487 (Luc.
3004 1432 3085 1480 ut,
3117 1418 3205 1489 Η)
3234 1437 3247 1472 :
3276 1438 3294 1470 ι
3335 1418 3437 1486 Ite,

1861 1504 2127 1573 inquiens,
2159 1507 2410 1559 ostendite
2455 1523 2540 1560 ros
2589 1509 2966 1562 sacerdotibus.
3008 1507 3221 1564 Nullum
3262 1511 3443 1565 Domi-

1862 1608 1962 1651 nus
1991 1611 2204 1661 eorum,
2237 1598 2433 1666 quibus
2478 1598 2592 1652 haec
2620 1599 2921 1667 corporalia
2951 1601 3199 1669 praestitit
3236 1602 3441 1656 beneﬁ-

1863 1688 1966 1753 cia,
1998 1688 2270 1741 invenitur
2296 1689 2506 1742 misisse
2544 1690 2609 1741 ad
2637 1689 2997 1753 sacerdotem,
3029 1690 3131 1743 nisi
3159 1690 3439 1760 leprosos:

1865 1780 1989 1848 quia
2019 1780 2267 1849 quisquis
2314 1780 2397 1832 vel
2441 1780 2692 1832 lurrctica
2729 1781 3016 1848 pravitate,
3054 1779 3139 1832 vel
3184 1780 3443 1849 supersti-

157 1872 231 1924 ab
276 1869 549 1939 apostolis
593 1877 684 1923 aut
724 1870 1037 1939 apostolicis
1063 1871 1196 1925 viris
1242 1872 1467 1925 traditas
1514 1870 1753 1926 Ecclesia
1790 1854 1837 1914 Β
1863 1871 2007 1925 tione
2047 1871 2257 1941 gentili.
2285 1870 2368 1924 vel
2413 1870 2633 1927 Judaica
2682 1869 2929 1939 perfidia,
2973 1870 3056 1924 vel
3086 1871 3249 1924 etiam
3294 1869 3442 1925 schi-

156 1960 419 2016 Bomana
449 1961 724 2025 custodit,
758 1960 1249 2031 custodiendosque
1297 1963 1517 2016 mandat
1557 1962 1642 2016 bis
1666 1960 1758 2031 qui

160 2069 286 2108 eam
327 2053 522 2108 audire
556 2060 979 2107 consueverunt.
1045 2052 1152 2108 Sed
1181 2054 1478 2110 necessitas
1502 2054 1767 2123 temporis

160 2138 231 2199 id'
279 2143 401 2200 ﬁeri
437 2158 766 2215 magnopere
816 2145 1144 2215 postulabat.
1198 2146 1340 2215 Ergo
1383 2146 1525 2215 quod
1573 2161 1773 2200 neces»

162 2237 300 2291 sitas
386 2250 490 2305 pro
569 2235 811 2291 remedio
885 2236 1088 2305 reperit
1125 2276 1141 2299 ,
1213 2246 1461 2291 cessante
1527 2238 1771 2291 necessiv

165 2333 280 2380 tate
345 2323 511 2380 debet
562 2325 750 2395 utique
803 2340 1017 2381 cessare
1072 2326 1280 2395 pariter
1320 2326 1463 2395 quod
1515 2326 1757 2397 urgebat,

164 2419 293 2489 quia
317 2417 465 2473 alius
492 2425 577 2471 est
622 2417 757 2472 ordo
785 2417 1089 2489 legitimus,
1131 2418 1236 2472 alia
1280 2419 1560 2488 usurpatio
1598 2433 1762 2487 quam

165 2511 231 2565 ad
258 2523 511 2579 praesens
540 2509 656 2563 fieri
682 2518 893 2579 tempus
922 2509 1169 2577 impellit.
1200 2529 1218 2561 ι
1252 2510 1319 2563 Ει
1358 2517 1580 2563 sanctus
1605 2509 1773 2562 (ζώει-ί

164 2604 283 2657 sius
310 2603 382 2656 ad
406 2617 596 2657 omnes
630 2602 927 2672 Episcopus
968 2601 1141 2671 (epist.
1175 2603 1252 2671 6),
1285 2602 1353 2657 de
1379 2602 1644 2656 institutis
1670 2616 1763 2655 ee-

164 2693 494 2749 clesiastieis
531 2694 811 2748 moderate
838 2708 935 2763 pro
965 2703 1265 2764 temporum
1293 2695 1555 2763 qualitate
1584 2693 1775 2762 dispo—J

166 2785 292 2839 sitis
319 2785 401 2838 ita
429 2783 672 2853 capitulo
705 2785 942 2840 secundo
974 2784 1103 2838 dicit
1130 2801 1144 2839 :
1184 2804 1201 2835 ι
1223 2784 1428 2840 Priscis
1470 2785 1636 2855 igitur
1669 2795 1775 2853 pro;

167 2877 253 2931 sui
284 2877 598 2931 reverentia
622 2877 968 2932 manentibus
990 2878 1323 2939 constitutis,
1354 2892 1475 2947 qua:
1498 2875 1586 2929 tibi
1620 2875 1765 2929 nulla

167 2970 255 3024 rel
278 2983 466 3024 rerum
495 2968 578 3024 vel
606 2978 908 3038 temporum
942 2978 1197 3038 pet-urget
1228 2967 1473 3037 angustia
1507 2965 1768 3035 regulari-

171 3069 258 3114 ter
288 3060 546 3114 convenit
590 3060 873 3114 custodiri.
906 3079 923 3110 ι
959 3061 1024 3113 Et
1065 3060 1289 3129 reliqua.
1346 3058 1450 3113 Sed
1481 3068 1538 3112 ιιι
1582 3060 1634 3112 ἰιι
1666 3061 1767 3113 hoc

171 3166 229 3205 ιι
262 3150 506 3220 capitulo
529 3161 770 3220 utraeque
793 3151 909 3205 ista:
942 3150 1127 3205 formae
1153 3158 1551 3215 monstrantur,
1591 3167 1711 3206 cum
1736 3166 1765 3205 a

1861 1971 2032 2016 smale
2098 1962 2364 2025 fraterno,
2419 1961 2573 2030 quasi
2628 1961 2781 2013 vario
2841 1960 3021 2015 colore
3073 1975 3172 2029 per
3228 1961 3443 2015 Domini

1860 2053 2090 2123 gratiam
2140 2053 2338 2113 caruit,
2382 2066 2608 2105 necesse
2648 2058 2733 2106 est
2776 2051 2842 2103 ad
2891 2051 3187 2105 Ecclesium
3242 2053 3443 2119 veniat,

1861 2145 2205 2214 (nidoremque
2237 2144 2358 2197 fidei
2383 2158 2572 2197 verum
2601 2159 2759 2212 quem
2801 2144 3073 2213 acceperit
3107 2146 3378 2198 ostendat.
3419 2162 3439 2196 ι

1860 2236 1931 2292 Et
1959 2237 2086 2291 item
2115 2254 2129 2289 :
2162 2255 2179 2286 ι
2211 2233 2412 2290 Novem
2453 2236 2635 2304 itaque
2682 2236 2923 2305 indigent
2959 2251 3086 2300 uno,
3120 2244 3181 2289 ut
3205 2235 3445 2305 quadam

1862 2328 2086 2382 nnitatis
2125 2327 2300 2381 forma
2352 2327 2725 2397 coagulentur,
2777 2335 2832 2380 et
2870 2328 3056 2381 decem
3101 2328 3229 2380 sint.
3270 2327 3446 2381 Unum

1863 2431 2047 2475 autem
2081 2436 2183 2474 non
2214 2420 2293 2474 cis
2328 2420 2532 2489 indiget
2562 2426 2621 2471 ut
2646 2418 2914 2471 custodiat
2936 2418 3216 2472 unitatem.
3242 2419 3447 2484 Quam-

1864 2512 2053 2566 obrem
2097 2520 2155 2564 ut
2196 2527 2337 2564 unus
2368 2510 2455 2563 ille
2486 2509 2577 2579 qui
2604 2510 2807 2579 gratias
2833 2508 2943 2577 egit
2986 2509 3160 2563 unica:
3194 2508 3448 2563 Ecclesia:

1866 2604 2263 2673 signiﬁcatione
2290 2603 2618 2671 approbatus
2645 2612 2807 2669 atque
2842 2600 3090 2654 laudatus
3114 2609 3220 2665 cst,
3258 2602 3330 2654 ita
3368 2599 3445 2653 illi

1866 2708 2061 2750 novem
2103 2694 2194 2763 qui
2245 2693 2447 2762 gratias
2499 2706 2605 2745 non
2657 2698 2903 2760 egerunt,
2946 2689 3161 2759 reprobi
3198 2688 3374 2744 eﬂ‘ccti
3414 2705 3448 2744 a

1867 2786 2144 2842 consortio
2196 2785 2422 2838 onitatis
2477 2782 2683 2837 exclusi
2742 2791 2886 2837 sunt.
2933 2782 3345 2853 ldeoquetales
3392 2783 3448 2839 in

1867 2878 2163 2933 novcuario
2191 2891 2418 2931 numero
2445 2884 2702 2944 tanquam
2728 2873 3029 2943 imperfecti
3056 2876 3445 2939 remanebunt;

1808 3017 1821 3028 .
1868 2980 1921 3028 ct
1951 2970 2148 3026 merito
2191 2984 2285 3024 eos
2323 2967 2574 3023 Salvator
2619 2966 2769 3036 quasi
2810 2966 3049 3036 ingratos
3074 2966 3164 3019 ubi
3196 2974 3322 3021 sunt
3364 2966 3449 3021 in-

1869 3050 2056 3131 quirit.
2111 3059 2264 3114 Scire
2304 3058 2401 3112 Dei
2445 3058 2667 3129 eligere,
2701 3058 2912 3111 nescire
2956 3057 3249 3126 reprohare
3284 3065 3388 3111 est.
3425 3075 3446 3110 ι

1870 3153 1936 3208 Ει
1988 3152 2242 3222 quoniam
2294 3147 2601 3218 huiusmodi
2648 3150 2851 3204 homini
2900 3149 3043 3204 nulla
3100 3163 3262 3219 opera
3310 3151 3452 3206 bona

169 3217 350 3296 beato—
372 3239 665 3297 Caelestino
687 3217 972 3311 profertur
1011 3240 1177 3314 (epist.
1232 3243 1302 3297 ad
1348 3240 1649 3297 Nestorium
1674 3244 1767 3298 sub
1796 3217 1859 3279 θ’
1874 3217 2104 3315 prosint,
2130 3217 2376 3312 Prosper
2395 3257 2462 3295 ex
2485 3240 2664 3294 verbis
2691 3241 2864 3294 sancti
2905 3217 3189 3310 Augustini
3225 3241 3279 3294 in
3310 3241 3451 3295 libro

174 3329 373 3403 ﬂuent)
427 3346 444 3385 :
501 3349 521 3382 ι
554 3330 700 3398 Nos,
759 3332 978 3404 inquit,
1056 3344 1111 3388 ct
1148 3336 1290 3404 quod
1349 3344 1535 3390 contra
1573 3336 1653 3390 fas
1688 3344 1775 3391 est

174 3424 346 3478 etiam
409 3424 723 3479 sacerdmes
776 3426 1027 3480 volumus
1065 3440 1186 3482 esse
1224 3437 1536 3491 correctos,
1573 3428 1769 3497 quibus

177 3515 325 3569 sicut
377 3513 657 3585 praemissa
708 3518 1047 3571 correctione
1085 3517 1417 3573 consulimus
1444 3561 1457 3583 ,
1498 3520 1569 3572 ita
1608 3518 1773 3592 359

177 3608 235 3662 in
287 3609 393 3663 bos
439 3620 661 3663 necesse
730 3618 815 3663 est
872 3610 1234 3665 damnationis
1296 3612 1662 3675 sententiam,
1726 3610 1769 3665 si

177 3702 486 3754 abutuntur
530 3707 717 3754 nostra
754 3699 954 3755 salubri
993 3702 1384 3767 admonitione,
1417 3704 1713 3757 firmemus.
1746 3722 1764 3754 ι

180 3788 259 3845 De
287 3802 557 3843 canonum
587 3798 766 3843 autem
798 3790 1009 3856 formis,
1046 3806 1179 3861 quas
1202 3794 1420 3862 quidam
1460 3810 1564 3849 non
1593 3802 1770 3848 atten-

178 3881 374 3935 dentes
402 3879 655 3935 solertius
681 3880 1081 3937 ecclesiasticas
1111 3884 1324 3953 regulas
1363 3884 1503 3938 inter
1533 3900 1589 3940 se
1618 3894 1772 3939 autn-

179 3979 341 4025 mant
378 3971 713 4036 discerdare,
752 3984 873 4043 qua:
900 3983 951 4028 et
983 3984 1115 4045 quot
1143 3975 1273 4039 sint,
1306 3983 1360 4028 ct
1391 3992 1525 4044 qiias
1553 3976 1775 4045 singula:

179 4074 454 4116 canonum
482 4063 912 4132 complectantur
950 4065 1268 4131 sententias,
1299 4067 1423 4135 quia
1471 4082 1691 4136 sagaces
1721 4075 1774 4120 et

180 4150 415 4205 studiosi
454 4166 559 4205 non
601 4152 860 4221 indigent,
901 4154 1113 4209 devotis
1137 4164 1299 4224 atque
1327 4155 1683 4223 simplicibus,
1725 4156 1771 4210 si

181 4241 448 4298 Dominus
467 4245 699 4313 spatium
730 4255 786 4300 ct
825 4247 995 4301 otium
1024 4247 1252 4311 dederit,
1286 4249 1427 4317 quod
1464 4248 1636 4318 gratia
1676 4264 1772 4302 sua

183 4335 343 4390 nobis
376 4336 700 4402 ostenderit,
739 4335 879 4391 sicut
921 4337 1163 4392 doctrina
1195 4339 1574 4407 magistrorum
1618 4342 1773 4393 acre-3

180 4430 386 4500 pimus,
429 4430 670 4484 scribere
697 4430 954 4497 temporis
989 4446 1241 4500 processu
1274 4431 1630 4500 disponimus,
1655 4416 1779 4501 qui?

184 4524 285 4575 lius
308 4506 445 4574 nihil
471 4520 694 4585 discors,
723 4520 857 4575 nihil
883 4520 981 4576 sibi
1018 4520 1286 4575 dissidens
1319 4521 1369 4574 in
1403 4522 1574 4575 sacris
1612 4538 1774 4576 cano-

187 4613 348 4669 nibus
385 4612 559 4667 lector
603 4612 830 4683 quilibet
873 4611 1131 4666 facillime
1177 4613 1378 4667 valebit
1436 4615 1771 4685 dignoscere.

192 4704 299 4759 Sed
322 4716 422 4773 pro
449 4712 752 4773 temporum
780 4703 1038 4759 varietate
1063 4713 1116 4758 et
1138 4720 1445 4771 causarum,
1475 4715 1635 4776 atque
1660 4714 1775 4761 mc-‘

195 4795 470 4849 dicatione
516 4796 851 4859 merborum,
912 4810 1012 4864 per
1061 4795 1275 4849 diversa
1328 4808 1550 4865 organa,
1597 4806 1655 4850 ut
1708 4796 1779 4849 ali

196 4885 358 4939 unico
418 4885 699 4955 multiplici
749 4885 959 4955 prolata
1004 4885 1218 4955 spiritu,
1271 4897 1462 4940 cuncta
1514 4888 1783 4951 consona,'

195 4986 391 5031 cuncta
425 4978 662 5047 reperiet
706 4977 984 5046 temporis,
1030 4978 1390 5041 necessitatis,
1434 4987 1597 5045 atque
1629 4978 1776 5032 inﬁr-

190 5066 401 5122 mitatis
421 5082 599 5121 causae
628 5067 1020 5121 convenientia.
1042 5065 1127 5120 Uti
1140 5068 1283 5120 enim
1312 5067 1686 5121 necessitatum
1712 5082 1777 5122 ac

194 5168 496 5229 temporum
546 5156 882 5227 inaequalitas
919 5157 1339 5227 opportunitatis
1380 5158 1615 5227 postulat
1653 5173 1782 5211 cou-

192 5250 521 5320 grucntiam,
550 5250 622 5303 ita
662 5257 719 5303 et
751 5248 967 5303 diversa
1012 5249 1324 5303 morborum
1355 5264 1550 5319 genera
1582 5256 1783 5318 cogunt

195 5344 464 5407 invenire,
494 5342 637 5397 sicut
664 5350 849 5398 notum
878 5350 982 5409 est,
1013 5343 1225 5399 diversa
1267 5344 1782 5398 medicamentorum

194 5432 587 5502 experimenta.

262 5519 379 5575 Xll.
422 5520 580 5587 Quod
608 5519 700 5590 qui
746 5530 868 5590 post
904 5536 1055 5593 pravi
1086 5519 1287 5576 erroris
1331 5520 1782 5590 subscriptionem

195 5610 516 5666 orthodoxa:
539 5611 662 5665 ﬁdei
688 5612 952 5667 detrectat
983 5614 1340 5677 subscribere,
1375 5614 1538 5666 etiam
1566 5613 1784 5682 proprio

197 5704 265 5757 Iit
288 5703 501 5770 judicio
547 5705 957 5768 condemnatus,
1004 5706 1143 5759 idem
1197 5717 1420 5760 sanctus
1455 5703 1782 5759 Cirlcstiuus

200 5794 253 5849 ia
294 5794 489 5848 eadem
519 5793 742 5864 epistola
776 5796 840 5850 ad
885 5798 1132 5851 eumdem
1178 5794 1434 5866 Cyrillum
1467 5795 1781 5865 episcopum

1870 3336 2286 3399 sententiarum,
2338 3335 2514 3402 capite
2551 3332 2677 3397 l2i,
2705 3334 2871 3387 dicit:
2910 3352 2928 3383 ι
2961 3332 3076 3387 Non
3119 3340 3243 3387 sunt
3284 3347 3451 3401 opera

1870 3429 2031 3492 bona,
2063 3427 2164 3480 nisi
2198 3441 2319 3495 qua:
2356 3440 2452 3495 per
2484 3423 2641 3477 iidem
2672 3434 2727 3477 et
2763 3423 3102 3477 dilectionem
3139 3424 3287 3484 ﬂuuit,
3323 3423 3451 3491 quia

1870 3519 2099 3573 alterum
2143 3516 2258 3570 sine
2305 3515 2474 3569 altero
2508 3513 2670 3584 350
2709 3513 2906 3567 nullius
2953 3512 3171 3566 virtutis
3215 3511 3448 3566 fructum

1869 3609 2029 3679 parit.
2059 3626 2077 3658 ι
2128 3606 2204 3660 De
2246 3605 2513 3674 baptismo
2558 3605 2719 3658 etiam
2752 3603 2893 3657 Beda
2940 3604 2991 3657 in
3030 3602 3257 3672 cpistola
3297 3602 3444 3657 Petri

1870 3698 2044 3750 dicit:
2078 3715 2096 3747 ι
2132 3694 2284 3761 Quod
2314 3710 2445 3764 ergo
2475 3708 2614 3762 aqua
2661 3691 2845 3747 diluvii
2890 3708 2994 3746 non
3035 3691 3261 3746 salvavit
3298 3699 3454 3746 extra

1872 3801 2053 3840 arcam
2095 3784 2303 3855 positos
2348 3783 2439 3838 sed
2469 3782 2687 3845 occidit,
2733 3783 2851 3836 sine
2892 3781 3054 3835 dttbio
3077 3778 3458 3850 pnefigurabat

1872 3892 2086 3932 onmem
2130 3874 2464 3939 lucreticum,
2521 3873 2647 3926 licet
2679 3874 2965 3926 habentem
2997 3872 3337 3941 baptismatis
3374 3885 3459 3924 sa-

1874 3974 2237 4029 cramentum,
2283 3980 2388 4018 non
2448 3963 2565 4017 aliis
2606 3964 2699 4017 sed
2746 3960 2876 4030 ipsis
2922 3962 3079 4031 aquis
3128 3962 3194 4015 ad
3241 3960 3454 4015 inferna

1875 4057 2248 4125 mergendum,
2296 4054 2491 4123 quibus
2541 4068 2666 4106 area
2717 4053 3031 4105 sublevatur
3064 4053 3130 4105 ad
3175 4052 3394 4106 cadum.
3433 4069 3455 4101 ι

1875 4147 1942 4201 Ει
1993 4145 2227 4212 Prosper
2279 4143 2333 4195 in
2386 4142 2525 4196 libro
2574 4141 3012 4204 Sententiarum,
3070 4141 3248 4209 capite
3301 4141 3452 4193 Sit:

1881 4257 1900 4288 ι
1939 4232 2385 4306 lic-generationis
2414 4231 2644 4301 gratiam
2688 4231 2758 4283 ita
2788 4232 2951 4284 etiam
2982 4230 3035 4283 bi
3075 4245 3179 4283 non
3210 4229 3459 4283 minuunt

1877 4328 1966 4398 qui
1996 4326 2111 4395 ejus
2139 4326 2277 4377 dona
2310 4339 2414 4377 non
2465 4332 2702 4384 servant,
2732 4322 2874 4375 sicut
2916 4320 3053 4376 lucis
3081 4321 3309 4374 nitorem
3343 4319 3461 4373 loca

1878 4419 2154 4475 immunda
2198 4431 2301 4469 non
2348 4413 2610 4484 pollunnt.
2655 4412 2754 4478 Qui
2805 4426 2935 4481 ergo
2979 4410 3180 4479 gaudes
3207 4408 3460 4477 baptismi

1880 4509 2253 4581 pcrerptitme,
2308 4506 2428 4557 vive
2478 4504 2531 4556 in
2578 4504 2700 4555 novi
2760 4501 2992 4554 hominis
3043 4500 3362 4562 sanctitate,
3405 4502 3461 4550 et
3534 4574 3539 4577 _

1885 4614 2081 4657 tenens
2136 4599 2294 4652 ﬁdem
2330 4609 2451 4664 qua:
2500 4610 2596 4663 per
2633 4593 2975 4647 dilectionem
3014 4600 3288 4660 operatur,
3326 4587 3465 4642 habe

1882 4694 2082 4748 bonum
2112 4690 2256 4760 quod
2303 4686 2537 4740 nomium
2572 4688 2762 4748 habes,
2816 4696 2874 4737 ut
2917 4684 3090 4753 prosit
3121 4682 3214 4735 tibi
3256 4680 3465 4733 bonum

1881 4784 2024 4855 quod
2049 4782 2237 4836 habes.
2272 4798 2291 4829 ι
2325 4777 2462 4843 Quia
2500 4792 2599 4830 nec
2623 4775 2949 4830 saeiilicium
2988 4773 3060 4827 illi
3090 4782 3176 4827 est
3198 4772 3465 4825 salutare.

1880 4875 2024 4929 ldcm
2053 4873 2285 4938 Prosper
2321 4883 2373 4920 tn
2413 4868 2601 4920 colem
2654 4867 2791 4920 libro
2833 4867 3009 4933 capite
3037 4864 3250 4917 decimo
3271 4863 3469 4930 quinto

1881 4965 2011 5021 dicit
2038 4978 2052 5016 :
2082 4984 2102 5014 ι
2130 4963 2388 5034 Quisquis
2421 4962 2557 5016 bene
2600 4959 2804 5027 cogitat
2831 4957 2961 5026 quid
3008 4958 3118 5010 Deo
3150 4962 3359 5016 voveat,
3408 4961 3465 5007 et

1882 5070 2002 5125 qua:
2030 5064 2152 5108 vota
2194 5052 2484 5124 persolvat,
2513 5050 2748 5119 scipsmn
2782 5054 2974 5101 voveat
3000 5054 3056 5099 et
3105 5044 3332 5097 reddat:
3363 5041 3470 5095 hoc

1884 5147 2135 5216 exigitur,
2167 5147 2269 5200 hoc
2296 5145 2543 5199 debetur.
2574 5142 2755 5209 imago
2793 5137 3033 5193 Ciusaris
3056 5135 3313 5190 reddatur
3349 5131 3451 5186 Cas

1886 5239 2019 5302 sari,
2058 5238 2235 5309 imago
2270 5237 2362 5290 Dei
2401 5235 2662 5289 reddatur
2690 5233 2817 5285 Deo.
2849 5228 2958 5283 Sed
3006 5227 3148 5281 sicut
3174 5223 3468 5277 videndum

1887 5340 1972 5386 est
2005 5329 2149 5399 quod
2190 5326 2407 5390 offeras,
2440 5326 2515 5379 ita
2561 5325 2724 5377 etiam
2765 5315 3218 5375 considerandum
3249 5321 3334 5367 est
3376 5310 3470 5365 ubi

1889 5419 2086 5475 oil'eras
2111 5437 2125 5472 :
2150 5419 2276 5488 quia
2307 5417 2419 5471 veri
2457 5412 2710 5469 sacrificii
2740 5419 2893 5465 extra
2931 5405 3250 5464 catholicam
3282 5400 3475 5457 Εινειωο.

1887 5512 2026 5566 siam
2071 5509 2220 5564 locus
2269 5514 2510 5562 nonest.
2543 5524 2561 5555 ι
2596 5497 3180 5570 Quiaeommunicatio
3224 5493 3471 5564 corporis.

1887 5609 1943 5656 et
1969 5600 2248 5668 sanguinis
2274 5596 2475 5651 Christi
2503 5592 2811 5661 btuustnodi
2846 5589 3051 5645 homini
3092 5603 3198 5642 non
3226 5587 3293 5640 ad
3332 5584 3451 5639 salu

1888 5704 2020 5761 tem,
2060 5694 2153 5749 sed
2179 5693 2246 5746 ad
2270 5689 2532 5761 judicium
2565 5685 2799 5756 prolicit,
2840 5684 2895 5737 in
2921 5682 3109 5738 eodem
3134 5680 3271 5735 libro
3296 5679 3467 5732 isdem

1885 5793 2118 5861 Prosper
2160 5786 2337 5857 capite
2379 5783 2484 5839 5'58
2518 5781 2646 5837 dicit
2688 5798 2702 5836 :
2749 5798 2766 5832 ι
2796 5779 2935 5834 Caro
2980 5775 3181 5835 Christi
3224 5772 3459 5828 fidelium
