3998 6336
579 331 686 389 διδ

1531 329 1866 391 HiNCMARi
1914 327 2311 395 RHEMENSIS
2350 328 2869 388 ARCHIEPISCOPI

3634 382 3639 389 .
3722 337 3807 394 ιω

579 449 692 504 vita
720 455 827 513 est,
859 447 907 503 si
941 461 1137 518 corpus
1171 446 1342 519 ipsius
1373 461 1496 504 esse
1523 463 1630 504 non
1678 448 1972 521 negligant.
1995 446 2159 504 Fiant
2186 451 2237 509 Α
2259 444 2449 512 oculis,
2479 446 2691 502 etiamsi
2727 447 2901 503 visum
2930 446 3094 505 fuerit
3134 448 3453 506 hominibus
3494 450 3711 510 virtutes
3743 455 3810 513 ts.

577 554 708 609 ergo
752 552 951 608 corpus
996 537 1223 603 Christi,
1280 538 1327 593 si
1380 538 1570 594 volunt
1612 539 1798 595 vivere
1856 539 1923 596 de
1964 539 2159 608 spiritu

576 628 800 684 Christi.
834 646 853 680 ι
888 627 955 683 Et
981 627 1110 683 item
1141 628 1320 699 capite
1344 628 1450 684 359
1478 647 1491 684 :
1521 650 1540 683 ‹
1566 629 1761 686 Escatn
1788 629 1915 684 vita;
1938 629 2157 700 accipit,

576 725 633 773 et
665 717 988 773 aeternitatis
1013 718 1266 788 poculum
1308 718 1465 786 bibit,
1493 720 1585 790 qui
1615 721 1669 775 in
1707 720 1925 777 Christo
1954 729 2157 787 manet,

575 816 632 862 et
656 807 812 876 cujus
837 808 1106 865 habitatio
1131 818 1217 866 est
1236 809 1505 866 Christus.
1544 809 1679 866 Nam
1706 812 1802 882 qui
1823 812 2100 868 discordat
2128 827 2159 866 a

575 899 820 965 Christo,
847 915 949 956 nec
970 916 1194 958 carnem
1227 901 1343 971 ejus
1363 903 1678 968 manducat,
1712 910 1812 958 nec
1840 904 2159 974 sanguinem

573 989 733 1056 bibit,
778 991 992 1047 etiamsi
1030 1000 1191 1048 tanta:
1229 993 1307 1047 rei
1347 1002 1748 1050 sacramentum
1786 994 1853 1048 ad
1897 993 2159 1064 indicium

573 1097 687 1137 sua:
716 1084 1152 1154 praesumptionis
1176 1084 1418 1154 quotidie
1451 1085 1821 1141 indifferenter
1845 1085 2097 1156 accipiat.
2131 1105 2152 1139 ι

572 1172 644 1227 Ει
681 1172 811 1229 item
844 1175 1020 1244 capite
1047 1175 1117 1231 69
1142 1192 1155 1228 :
1185 1193 1204 1227 ι
1233 1174 1650 1232 Saeramentum
1689 1191 1916 1232 summa:
1941 1176 2158 1246 pietatis

514 1314 525 1323 .
573 1265 629 1321 in
665 1266 932 1337 judicium
981 1267 1084 1323 sibi
1134 1269 1301 1324 sumit
1344 1268 1616 1340 indignus.
1661 1269 1805 1324 Bene
1845 1269 1990 1324 enim
2040 1282 2161 1323 esse

579 1371 691 1423 non
725 1364 907 1426 potest
942 1357 1082 1431 male
1102 1358 1391 1429 accipienti
1418 1360 1564 1430 quod
1606 1359 1804 1414 bonum
1831 1369 1935 1414 est.
1970 1379 1995 1413 ι
2020 1359 2161 1427 Quia

574 1447 741 1501 etiam
784 1461 886 1503 nec
917 1449 1238 1519 martyrium
1282 1448 1589 1518 hujusmodi
1617 1451 1823 1505 homini
1853 1450 2068 1520 proiicit
2091 1450 2162 1505 ad

575 1539 831 1606 salutem,
860 1550 1080 1596 sanctus
1117 1539 1413 1612 Gregorius
1443 1542 1498 1596 in
1545 1541 1685 1598 libro
1728 1541 1942 1598 decimo
1965 1551 2159 1597 octavo

572 1631 854 1686 Moralium
886 1634 1022 1703 (cap.
1055 1631 1145 1702 14)
1176 1631 1345 1688 dicit:
1370 1633 1515 1689 Auro
1536 1633 1685 1690 locus
1715 1643 1792 1689 est
1817 1635 1873 1689 in
1899 1650 2005 1706 qua
2029 1650 2161 1688 con-

571 1726 755 1794 ﬂatur.
786 1722 1092 1795 Nam'juxta
1128 1727 1232 1782 hoc
1265 1726 1410 1797 quod
1431 1726 1548 1798 jam
1585 1736 1641 1783 et
1667 1736 1795 1784 ante
1822 1742 1922 1782 nos
1951 1718 2156 1782 dictum

2262 551 2404 603 cere,
2432 537 2573 594 sicut
2594 548 2652 594 et
2682 538 2737 593 in
2757 538 2984 595 Actibus
3025 539 3398 609 apostolorum
3436 539 3575 609 (Act.
3611 558 3716 606 xu,
3738 547 3811 618 lt)

2263 627 2358 683 lilii
2404 625 2593 684 Sceva:
2639 627 2962 684 videbantur
3004 629 3203 700 ejicere
3243 632 3543 696 carbones,
3590 638 3641 687 et
3673 632 3813 692 ludas

2261 721 2537 793 apostolus
2585 736 2709 777 eum
2733 722 2916 779 animo
2962 723 3254 794 proditoris
3308 723 3483 778 multa
3518 725 3662 792 signa
3693 726 3813 783 inter
3924 752 3925 763 ι

2271 822 2499 869 caeteros
2543 813 2817 884 apostolos
2868 813 3063 871 fecisse
3103 822 3383 870 narratur.
3459 813 3811 887 Quemcunque

2260 904 2432 967 enim,
2461 903 2636 973 inquit
2658 904 2785 959 item
2807 904 2949 960 Beda
2978 905 3032 960 in
3061 904 3359 975 Evangeiio
3386 904 3563 968 Lucae,
3595 916 3704 974 post
3733 910 3815 962 ba-

2261 994 2458 1064 ptisma
2499 994 2617 1051 sive
2639 995 2878 1065 pravitas
2908 996 3183 1062 hmretica,
3237 1010 3340 1051 seu
3383 996 3650 1051 mundana
3683 1001 3811 1070 cupi-

2262 1087 2405 1143 ditas
2426 1088 2737 1157 arripuerit,
2770 1102 2895 1143 mox
2922 1088 3164 1144 omnium
3207 1096 3521 1159 prosternet
3547 1090 3599 1143 in
3627 1090 3721 1144 ima
3743 1093 3810 1146 vi-

2265 1178 2483 1234 tiorum.
2521 1179 2671 1236 Unde
2706 1190 2855 1237 recte
2875 1182 3161 1252 nequiores
3181 1182 3328 1237 hunc
3352 1197 3479 1237 eum
3509 1182 3721 1252 spiritus
3747 1186 3813 1239 di.

2262 1279 2458 1324 cuntur
2486 1268 2736 1341 ingressi,
2783 1271 2908 1340 quia
2936 1286 3042 1325 non
3073 1270 3245 1326 solum
3266 1271 3498 1327 habebit
3521 1271 3611 1326 illa
3634 1284 3808 1342 septeni

2261 1357 2414 1423 vitia,
2469 1373 2588 1427 qua:
2617 1367 2821 1429 septem
2844 1358 3176 1428 spiritalibus
3209 1369 3344 1415 sunt
3386 1361 3653 1416 contraria
3677 1362 3812 1416 virtu-

2262 1451 2429 1516 tibus,
2455 1452 2553 1507 sed
2587 1459 2644 1506 et
2664 1466 2761 1522 per
2787 1452 3113 1523 hypocrisim
3139 1454 3284 1523 ipsas
3305 1467 3369 1507 se
3398 1454 3623 1508 virtutes
3646 1454 3812 1511 habere

2264 1541 2558 1597 simulabit.
2585 1542 2655 1598 Et
2680 1543 2806 1613 quia
2843 1539 3147 1613 hujusmo'di
3175 1543 3474 1600 collocatio
3494 1545 3565 1600 sit
3587 1546 3808 1607 cavenda,

2262 1629 2554 1701 Apostolus
2587 1619 2762 1687 dicit;
2796 1630 3117 1686 "(creticum
3162 1633 3431 1687 [continens
3476 1642 3588 1702 post
3624 1634 3811 1703 primum

2264 1734 2311 1778 et
2331 1725 2615 1779 secundum
2640 1724 3017 1794 surreptionem
3038 1725 3230 1791 devita,
3281 1726 3457 1779 sciens
3490 1726 3611 1795 quia
3635 1724 3810 1778 subaer-

569 1824 675 1883 est,
701 1835 720 1868 ι
743 1816 990 1888 quisquis
1002 1827 1157 1872 extra
1179 1817 1435 1873 Ecclesit'n
1455 1818 1719 1873 unitatem
1732 1818 1957 1890 patitur,
1974 1831 2164 1888 pmnas
2192 1815 2241 1876 Β
2264 1833 2356 1871 sus
2397 1826 2474 1871 est
2517 1816 2844 1886 huiusmodi,
2884 1824 2934 1871 et
2973 1817 3185 1888 proprio
3230 1816 3447 1887 judicio
3483 1817 3809 1871 condemnatus

571 1909 682 1978 pati
709 1917 911 1979 potest,
936 1919 1144 1980 martyr
1177 1909 1297 1965 fieri
1329 1924 1435 1965 non
1464 1918 1664 1980 potest,
1694 1910 1819 1980 quia
1845 1924 1979 1964 auro
2008 1908 2163 1964 locus

574 2010 663 2058 est
692 2002 747 2056 in
786 2017 894 2071 quo
924 2000 1210 2058 conﬂatur.
1244 2021 1263 2054 ι
1297 2002 1367 2058 Ει
1392 2012 1613 2058 sanctus
1639 2001 1938 2072 Gregorius
1964 2001 2019 2055 in
2049 1999 2160 2071 cpi»

577 2091 719 2147 stola
745 2090 810 2145 ad
837 2090 1202 2148 Secundinum
1227 2106 1444 2147 servum
1472 2091 1568 2148 Dei
1595 2092 1896 2148 reclausum
1922 2090 2036 2163 (lib.
2057 2106 2156 2155 vn,

490 2182 501 2191 ”
573 2183 733 2252 epist.
767 2182 857 2252 52)
890 2200 905 2237 :
942 2202 960 2235 ι
991 2182 1087 2237 Est
1119 2183 1263 2238 locus
1284 2199 1439 2261 penes
1468 2200 1572 2249 me,
1612 2192 1660 2238 et
1699 2184 1861 2238 stabis
1889 2199 2045 2254 super
2071 2198 2162 2252 pe-

571 2283 732 2328 tram.
762 2274 893 2342 Quis
913 2284 997 2331 est
1024 2275 1175 2331 locus
1199 2276 1290 2344 qui
1320 2291 1426 2331 non
1456 2275 1530 2331 sit
1557 2275 1612 2330 in
1642 2276 1771 2341 Deo,
1804 2275 1932 2329 dum
1962 2285 2157 2330 cuncta

572 2366 642 2422 ab
669 2367 784 2438 ipso
809 2382 906 2438 per
932 2381 1094 2437 quem
1130 2376 1310 2423 creata
1356 2378 1483 2423 sunt
1515 2367 1907 2423 continentur?
1938 2366 2044 2421 Sed
2078 2376 2159 2420 ta-

574 2469 699 2511 men
728 2465 812 2512 est
839 2458 994 2512 locus
1021 2457 1165 2525 apud
1201 2472 1350 2520 eum,
1376 2457 1628 2512 videlicet
1666 2466 1871 2513 sanctae
1900 2456 2158 2511 Ecclesia:

574 2547 780 2609 unitas,
808 2548 864 2603 in
896 2564 999 2619 qua
1030 2563 1193 2618 super
1232 2555 1439 2617 petram
1468 2556 1665 2611 statur,
1699 2548 1827 2603 dum
1858 2546 2159 2604 confessio-

575 2639 662 2697 nis
684 2638 804 2707 ejus
835 2639 1080 2695 soliditas
1129 2639 1332 2713 utiliter
1362 2647 1598 2695 tenetur.
1625 2641 1702 2696 De
1731 2656 1838 2710 quo
1871 2640 1991 2696 loco
2025 2640 2157 2696 sub-

571 2731 843 2804 iungitur,
878 2731 1023 2787 Tunc
1046 2731 1242 2787 videbis
1271 2732 1561 2802 posteriora
1589 2749 1706 2787 mea
1727 2731 1926 2804 (Exod.
1959 2747 2158 2794 sum,

573 2824 688 2895 23).
716 2824 773 2878 in
794 2832 947 2893 petra
980 2824 1147 2887 enim,
1175 2824 1230 2880 id
1263 2831 1348 2879 est
1382 2824 1435 2879 in
1477 2831 1663 2879 sancta
1688 2824 1930 2880 Ecclesia
1954 2831 2161 2879 stantes

574 2917 671 2971 Dei
700 2916 996 2986 posteriora
1023 2915 1288 2981 videmus,
1321 2917 1538 2986 quando
1560 2916 1674 2986 jam
1702 2932 1766 2972 ea
1811 2932 1932 2987 qua:
1957 2917 2009 2971 in
2055 2916 2162 2971 line

574 3005 841 3075 promissa
888 3014 1016 3060 sunt
1059 3006 1300 3063 caelestis
1340 3009 1529 3077 patriae
1584 3008 1778 3077 gaudia
1821 3007 2161 3076 contempla-

577 3112 722 3152 mnr.
751 3117 770 3150 ›
800 3098 868 3152 Ει
909 3094 1228 3152 Ambrosius
1286 3098 1337 3153 in
1385 3097 1524 3154 libro
1572 3098 1749 3167 primo
1806 3097 1873 3151 de
1923 3097 2160 3151 Excessu

2264 1910 2497 1983 (Tit.m,
2536 1909 2629 1987 Ax).
2679 1910 2745 1965 Et
2771 1919 2994 1966 sanctus
3041 1908 3413 1980 Hieronymus
3442 1910 3497 1964 in
3531 1926 3565 1963 v
3593 1908 3808 1963 Pssimo:

2269 2020 2289 2053 ι
2317 2001 2417 2057 Hic
2441 2011 2645 2066 autem,
2661 2001 2853 2071 inquit,
2886 2000 3030 2070 quod
3053 2000 3204 2066 dicit,
3239 1999 3444 2055 Perdes
3462 2014 3632 2055 omnes
3651 2000 3729 2069 qui
3744 1999 3806 2053 Ιο-

2261 2104 2495 2166 quuntur
2519 2094 2849 2149 mendacium
2890 2091 3063 2165 (Psal.
3098 2110 3152 2159 v,
3183 2093 3310 2165 vn)»,
3355 2103 3414 2148 et
3431 2109 3507 2149 ex.
3521 2108 3810 2163 consequen-

2264 2184 2408 2239 tibus
2433 2183 2649 2254 psalmi,
2697 2192 2752 2238 et
2775 2198 2840 2238 ex
2873 2184 2990 2253 ipso
3025 2184 3215 2238 ordine
3245 2184 3808 2254 intelligerepossunms

2261 2273 2387 2344 quia
2414 2275 2480 2329 de
2502 2274 2773 2329 haereticis
2805 2274 2933 2330 dicit
2961 2291 2974 2328 :
3005 2273 3106 2342 Qui
3134 2274 3281 2329 enim
3306 2283 3568 2345 operatur
3599 2275 3809 2353 iniquita-

2263 2375 2392 2430 tem,
2434 2381 2590 2421 suam
2619 2375 2824 2421 tantum
2853 2368 3086 2421 animam
3117 2366 3321 2422 occidit
3348 2384 3363 2433 ;
3410 2368 3501 2437 qui
3532 2376 3694 2422 autem
3722 2366 3809 2420 hae-

2263 2457 2468 2513 reticus
2493 2468 2598 2524 est,
2627 2468 2683 2513 et
2703 2458 2945 2529 loquitur
2973 2459 3336 2520 mendacium,
3393 2467 3474 2513 tot
3499 2458 3680 2513 occidit
3703 2465 3811 2527 quot

2262 2549 2555 2605 induxerit.
2590 2570 2609 2604 ι
2651 2550 2804 2608 Unde
2835 2560 3039 2621 quanto
3063 2551 3243 2606 studio
3279 2560 3470 2620 patres
3491 2550 3651 2605 nostri
3673 2549 3807 2603 irem-

2265 2644 2495 2699 ticorum
2527 2644 2790 2714 colloquia
2827 2644 3163 2709 devitabant,
3214 2644 3552 2700 demonstrat
3600 2642 3805 2711 βοιωτ-

2261 2750 2364 2807 pus
2406 2736 2636 2807 apostoli
2686 2734 2911 2791 Joannis
2955 2727 3279 2803 discipulus,
3337 2734 3429 2803 qui
3480 2732 3807 2802 compellatus,

2268 2833 2328 2881 ut
2387 2826 2439 2881 ei
2493 2825 2877 2897 responderet
2904 2824 3216 2895 compulsus
3252 2841 3283 2878 a
3321 2824 3608 2887 Marciane,
3645 2818 3809 2875 dicenti

2226 2980 2233 2987 .
2265 2918 2390 2982 sibi,
2416 2936 2435 2969 ε
2473 2916 2805 2988 Agnoscisne
2830 2932 2916 2971 me
2935 2917 2958 2970 ?
2976 2915 3276 2985 respondit,
3307 2915 3554 2985 Agnosco
3574 2925 3804 2983 primoge-

2266 3007 2437 3062 nitum
2482 3007 2717 3062 Satanae.
2756 3007 2824 3062 Et
2848 3008 2913 3062 de
2938 3005 3144 3060 Joanne
3169 3005 3421 3075 apostolo
3469 3003 3670 3073 legitur,
3705 2999 3800 3069 quia

2267 3097 2451 3154 illotus
2489 3116 2518 3153 a
2548 3098 2740 3154 balneo
2773 3099 2907 3153 exiit
2963 3097 3186 3151 dicens:
3214 3094 3433 3166 Fugite,
3476 3109 3553 3148 ne.
3576 3101 3624 3148 et
3648 3090 3803 3145 balnea

578 3188 766 3244 fratris
795 3189 902 3253 sui,
931 3188 1003 3242 ita
1034 3188 1103 3243 de
1145 3187 1237 3242 illo
1265 3187 1493 3257 loquens
1518 3187 1686 3242 dicit:
1721 3207 1738 3239 ι
1766 3186 2066 3242 Advocavit
2091 3188 2157 3240 ad
2188 3174 2235 3237 C
2265 3196 2549 3253 corruant,
2607 3188 2696 3243 ubi
2749 3186 3039 3244 Cherintns
3096 3184 3330 3243 lavatur.
3404 3185 3468 3239 Et
3512 3183 3718 3251 Prosper
3758 3179 3797 3231 in

576 3295 638 3336 se
669 3280 1005 3350 episcopum,
1050 3294 1153 3334 nec
1195 3278 1359 3334 ullam
1408 3292 1596 3332 veram
1642 3277 1851 3347 putavit
1883 3276 1988 3331 nisi
2017 3291 2163 3330 verte

577 3371 700 3426 iidei
722 3372 975 3442 gratiam,
991 3377 1482 3440 percunctatusque
1501 3383 1568 3422 es
1594 3382 1661 3423 eo
1681 3367 2164 3440 est351utrum-

577 3481 703 3519 nam
731 3480 855 3519 cum
883 3463 1148 3533 episc0pis
1170 3462 1474 3526 catholicis,
1516 3463 1621 3516 hoc
1647 3469 1731 3516 est
1759 3475 1879 3514 cum
1920 3459 2163 3514 Rotnana

580 3552 821 3609 Ecclesia
853 3553 1187 3609 conveniret.
1226 3552 1292 3605 Et
1321 3549 1461 3606 forte
1501 3551 1566 3605 ad
1598 3548 1907 3605 Luciferum
1936 3550 1988 3603 in
2019 3548 2165 3603 schi-

578 3653 754 3699 smate
789 3643 1026 3714 regionis
1061 3642 1202 3698 illius
1228 3642 1470 3699 Ecclesia
1513 3650 1652 3696 erat.
1684 3638 1901 3695 Lucifer
1927 3638 2072 3694 enim
2105 3654 2165 3694 se

582 3754 612 3793 a
654 3747 839 3794 nostra
881 3747 1009 3793 tunc
1057 3737 1315 3808 temporis
1355 3734 1735 3791 conuuunione
1773 3734 2051 3788 diviserat.
2100 3731 2168 3786 Et

580 3843 891 3899 quanquam
918 3842 1017 3898 pro
1040 3827 1144 3883 [ide
1170 3826 1489 3891 exsulasset,
1521 3834 1576 3880 et
1611 3825 1733 3879 lidei
1773 3839 1885 3878 sua:
1913 3821 2164 3892 reliquis-

580 3928 665 3975 set
684 3919 947 3984 hmredes,
982 3933 1087 3974 non
1136 3919 1343 3988 putavit
1370 3926 1548 3972 tamen
1588 3914 1748 3970 (idem
1773 3929 1893 3970 esse
1921 3914 1974 3969 in
2022 3913 2166 3967 schi-

566 3995 773 4066 smate.
815 4009 948 4064 Nam
976 4010 1080 4065 etsi
1124 4010 1284 4065 fidem
1314 4025 1443 4080 erga
1483 4010 1652 4064 Deum
1682 4016 1947 4073 tenerent,
1982 4017 2162 4062 tamen

579 4117 707 4173 erga
741 4102 834 4157 Dei
862 4101 1158 4159 Ecclesiam
1187 4116 1295 4156 non
1324 4100 1604 4165 tenebant,
1641 4096 1795 4166 crijus
1817 4097 2165 4168 patiebantur

581 4190 1028 4264 velutquosdam
1076 4198 1230 4247 artus
1280 4190 1468 4255 dividi,
1517 4200 1572 4246 et
1614 4189 1857 4244 membra
1911 4187 2160 4243 lacerari.

581 4282 796 4338 Etenim
830 4299 955 4339 cum
992 4280 1216 4352 propter
1240 4280 1538 4336 Ecclesium
1571 4279 1821 4335 Christus
1842 4294 2037 4350 passus
2068 4278 2162 4343 sit,

581 4381 640 4429 ct
663 4372 863 4428 Christi
899 4385 1096 4441 corpus
1146 4368 1387 4426 Ecclesia
1432 4369 1525 4434 sit,
1561 4383 1668 4424 non
1716 4369 1932 4423 videtur
1971 4368 2039 4422 ab
2081 4367 2167 4423 his

581 4463 827 4519 exhiberi
860 4461 1078 4517 Christo
1099 4459 1254 4524 lldes,
1282 4475 1312 4515 ο
1340 4459 1535 4530 quibus
1561 4465 1862 4514 evacuatur
1892 4456 2013 4526 ejus
2040 4472 2165 4527 pas-

2267 3279 2493 3350 praefato
2539 3279 2678 3336 libro
2732 3295 2850 3349 cap.
2879 3279 3007 3334 265.
3054 3278 3191 3346 Quia
3218 3278 3421 3340 aﬂlnit,
3479 3274 3661 3344 inquit,
3699 3267 3800 3323 insi-

2266 3371 2434 3440 pienti
2463 3370 2791 3441 eloquentia,
2831 3380 2980 3426 tanto
3010 3374 3179 3445 magis
3202 3371 3483 3441 cavendus
3503 3372 3600 3429 est,
3633 3367 3804 3432 quanio

2268 3460 2443 3531 magis
2463 3462 2532 3515 ab
2557 3476 2624 3516 eo
2652 3462 2707 3515 in
2739 3461 2824 3516 bis
2853 3477 2971 3532 quae
2999 3464 3186 3519 audire
3217 3462 3411 3518 inutile
3430 3467 3532 3524 est,
3555 3454 3803 3513 delectatur

2267 3551 2430 3624 352
2474 3552 2711 3617 auditor,
2756 3562 2810 3608 et
2838 3567 2960 3608 euut
2985 3554 3252 3623 quoniam
3276 3552 3529 3609 ordinate
3552 3546 3710 3602 dicere
3726 3553 3798 3592 au-

2267 3644 2365 3707 dit,
2409 3643 2573 3697 etiam
2604 3657 2734 3697 vere
2776 3642 2958 3699 dicere
2994 3644 3293 3698 existimat.
3332 3663 3349 3695 ι
3398 3637 3547 3696 Unde
3577 3643 3626 3690 et
3662 3626 3802 3687 Darnis

2267 3748 2370 3787 nus
2407 3730 2788 3787 confitentibus
2824 3732 3094 3787 silentium
3147 3733 3462 3802 imponebat
3495 3720 3799 3783 (tentionibus,

2266 3831 2328 3877 ut
2365 3836 2432 3876 ne
2458 3821 2604 3892 quis,
2628 3821 2753 3875 dum
2777 3836 2872 3876 eos
2893 3822 3107 3877 audiret
3129 3822 3508 3893 prmdicantes,
3532 3815 3797 3883 sequeretur

2266 3922 2535 3968 errantes.
2586 3911 2925 3983 Quapropter
2975 3923 3033 3968 et
3076 3914 3132 3967 in
3176 3913 3409 3984 synodo,
3464 3908 3547 3965 cui
3594 3894 3799 3975 praesedit

2267 4012 2468 4059 sancta:
2527 4004 2802 4057 memoria:
2842 4002 3129 4058 Flavianus
3172 4002 3398 4075 (Concil.
3441 3993 3672 4054 Chalced.
3703 3989 3795 4043 Ad-

2276 4100 2331 4165 i,
2360 4114 2425 4152 ea:
2447 4099 2651 4152 actione
2671 4094 2704 4149 7
2726 4095 3231 4168 Constantiacpolit.
3276 4091 3564 4162 Flaviani),
3604 4087 3662 4142 de
3682 4083 3799 4136 dam-

2267 4188 2489 4242 natione
2525 4185 2825 4242 Eutichetis
2865 4186 2933 4241 ad
2950 4187 3126 4241 locum
3177 4187 3250 4241 ita
3279 4186 3534 4255 scriptum
3567 4174 3795 4232 habetur:

2277 4295 2297 4330 ι
2344 4278 2413 4333 Et
2444 4291 2675 4348 surgens
2728 4284 2914 4332 sancta
2966 4277 3206 4348 synodus
3259 4269 3570 4331 acclarnavit
3613 4264 3793 4319 dicens:

2269 4370 2573 4424 Anathema
2614 4369 2735 4439 ipsi.
2802 4369 2872 4423 Et
2915 4376 3037 4439 post
3084 4369 3199 4424 lucc
3235 4368 3521 4424 Flavianus
3562 4357 3796 4428 ερίεοθνυθ

2268 4460 2405 4516 dixit
2437 4478 2450 4514 :
2480 4460 2636 4516 Dicat
2680 4468 2869 4516 sancta
2894 4460 3132 4530 synodus
3173 4460 3306 4531 quid
3337 4463 3568 4514 meretur
3594 4450 3785 4531 praesens

583 4554 686 4619 sio,
733 4567 1036 4623 corpusque
1078 4523 1417 4609 distrahitur.
1449 4550 1652 4607 rUnde
1681 4523 1936 4621 synodus
1964 4523 2163 4603 Laodi—
2190 4523 2243 4582 D
2269 4567 2445 4623 neque
2487 4550 2751 4607 conﬁtens
2814 4523 3015 4606 reg-{am
3065 4523 3250 4616 ﬁdeli),
3326 4560 3496 4618 neque
3542 4529 3793 4596 censentire

585 4642 775 4701 censis
813 4643 987 4714 capite
1025 4642 1080 4709 6,
1129 4641 1261 4698 dicit
1296 4661 1309 4697 :
1356 4662 1376 4694 ι
1406 4640 1561 4709 Quod
1605 4640 1845 4697 hasretici
1888 4655 1995 4696 non
2044 4654 2166 4709 per-

585 4735 832 4792 mittendi
863 4734 974 4790 sint
1011 4734 1218 4807 ingredi
1259 4734 1314 4789 in
1339 4734 1556 4790 domum
1583 4734 1703 4801 Dei,
1743 4733 1798 4789 in
1824 4733 2016 4789 haeresi
2041 4747 2167 4803 per-

585 4837 885 4887 manentes.
914 4847 934 4881 ι

655 4918 766 4976 Sed
809 4929 866 4975 et
900 4920 968 4975 de
999 4918 1300 4975 istiusmodi
1347 4917 1466 4974 sine
1507 4917 1620 4972 vita
1676 4916 1983 4972 viventibus
2024 4914 2166 4972 Pro-

584 5028 710 5085 sper
731 5014 785 5068 in
806 5011 1029 5084 praefato
1060 5013 1198 5069 libro
1214 5026 1336 5082 cap.
1364 5012 1470 5067 564
1490 5010 1658 5067 dicit:
1692 5028 1711 5062 ς
1740 5010 1818 5066 ita
1838 5025 1965 5065 sunt
1983 5010 2038 5065 in
2051 5010 2163 5066 vite

585 5107 854 5179 palmites,
907 5116 971 5164 ut
1010 5107 1109 5162 viti
1154 5106 1289 5163 nihil
1343 5104 1664 5171 conferant,
1705 5105 1799 5160 sed
1846 5104 1971 5159 inde
2015 5103 2160 5158 acci-

584 5201 734 5272 piant
760 5200 904 5256 unde
935 5199 1152 5264 vivant;
1175 5199 1257 5253 sic
1277 5197 1477 5268 quippe
1499 5196 1627 5251 vitis
1648 5194 1808 5250 estin
1828 5194 2162 5264 palmitibus,

584 5302 647 5349 ut
666 5290 833 5348 vitale
853 5290 1168 5346 alimentum
1199 5289 1575 5345 subministret
1596 5286 1698 5352 eis,
1726 5301 1834 5340 non
1870 5293 2053 5340 sumat
2095 5283 2166 5339 ab

583 5383 684 5440 eis.
712 5382 792 5439 Ac
818 5398 917 5454 per
945 5384 1048 5438 hoc
1067 5390 1124 5437 et
1151 5388 1456 5437 manentem
1476 5379 1532 5434 in
1561 5395 1620 5435 se
1646 5379 1846 5435 habere
1868 5377 2163 5440 Christum,

583 5480 639 5527 et
669 5486 892 5527 manere
920 5472 975 5527 in
1002 5471 1240 5536 Christo,
1287 5469 1566 5541 discipulis
1592 5469 1815 5538 prodest
1853 5477 2164 5536 utrumque,

588 5578 696 5618 nou
743 5562 983 5619 Christo.
1034 5563 1169 5619 Nam
1214 5564 1445 5635 prteciso
1486 5562 1706 5632 palmite
1739 5568 1914 5630 potest
1945 5558 2013 5613 de
2042 5557 2168 5612 viva

588 5653 772 5709 radice
800 5653 936 5709 alius
961 5654 1255 5724 pullulare;
1282 5652 1375 5723 qui
1395 5660 1578 5708 autem
1616 5651 1874 5721 praecisus
1901 5656 2004 5715 est,
2051 5647 2171 5703 sine

526 5796 531 5799 .
589 5743 770 5802 radice
797 5760 903 5803 non
926 5755 1103 5818 potest
1129 5747 1330 5803 vivere.
1366 5765 1384 5799 ο
1431 5745 1672 5802 Mortuus
1701 5754 1784 5803 est
1804 5744 1949 5801 enim
1974 5726 2196 5798 divinis

2270 4644 2455 4700 volens
2497 4642 2747 4715 prmsenti
2793 4641 3018 4713 synodo,
3076 4642 3170 4696 sed
3196 4648 3543 4712 perseverare
3570 4638 3666 4686 sum
3698 4631 3795 4717 Deff

2270 4733 2512 4791 versitati
2565 4742 2621 4789 et
2649 4747 2805 4788 saeva
2845 4748 2958 4788 sua:
2982 4730 3393 4786 malevolentiae.
3451 4724 3683 4782 Seleucus
3699 4722 3789 4779 ei)"

2270 4839 2467 4895 scopas
2500 4824 2678 4878 dixit:
2708 4823 2910 4892 Dignus
2949 4822 3166 4892 quidem
3193 4829 3278 4877 est
3322 4806 3425 4876 iste
3466 4804 3785 4870 damnatione.

2270 4914 2363 4971 sed
2412 4915 2466 4970 in
2517 4913 2822 4970 sanctitatis
2855 4922 3050 4969 vestra:
3097 4911 3434 4967 humanitate
3470 4902 3683 4976 positum

2268 5007 2559 5063 Flavianus
2605 5005 2891 5074 episcopus
2934 5002 3071 5058 dixit
3112 5019 3128 5059 :
3173 5000 3233 5057 Si
3271 4999 3527 5058 conﬁtens
3565 4987 3791 5059 proprium

2270 5108 2571 5171 peccatum.
2603 5094 3094 5152 anathematizaret
3115 5095 3305 5165 dogma
3327 5085 3605 5162 proprium,
3629 5082 3676 5130 et

2269 5158 2499 5249 sentiret
2526 5158 2686 5247 nobis
2709 5189 3057 5258 sequentibus
3079 5158 3392 5242 traditiones
3412 5158 3687 5235 sanctorum
3708 5158 3790 5258 Pa:

2275 5247 2438 5351 trum,
2467 5284 2664 5341 merito
2682 5247 2876 5355 dignus
2904 5290 3053 5337 esset
3074 5281 3257 5336 venia.
3286 5276 3389 5334 Sed
3416 5269 3532 5343 quia

2273 5379 2329 5433 in
2357 5349 2546 5434 eadem
2576 5349 2932 5447 malignitate,
2967 5372 3268 5441 suhjacehit
3295 5375 3549 5427 canonum
3571 5349 3786 5447 vindich

2275 5467 2344 5524 Et
2374 5468 2502 5524 item
2538 5442 2828 5522 Flavianus
2855 5464 3140 5535 episcopus
3169 5461 3338 5527 dixit,
3372 5442 3786 5539 EulYChe5_,q'_’?:"

2277 5555 2401 5614 dam
2428 5557 2711 5628 presbyter
2759 5564 2815 5611 et
2839 5530 3317 5610 arcliimandrites.
3366 5545 3560 5613 Ειβοεί

2280 5657 2370 5705 ta:
2404 5614 2446 5700 ι’
2481 5614 2633 5703 ι]ηὼ
2677 5653 2954 5716 gementes
2991 5641 3290 5715 perfectam
3340 5636 3450 5707 eius
3493 5614 3785 5716 Nam???

2279 5737 2618 5795 decrevimus
2656 5705 2752 5807 p‘cr
2796 5705 3079 5791 Dominum
3128 5733 3310 5791 losum
3357 5705 3607 5785 Christum
3640 5705 3695 5759 Ib
3730 5705 3779 5747 ⁰⁰
