3998 6336
178 377 297 433 817

933 374 1020 429 ΒΕ
1054 369 1719 428 ΡΠᾹΞΒΕΞἸΊΝΑΤΙΟΝΕ
1751 369 2206 425 DISSERTATIO
2244 369 2663 426 POSTERIOB.

3332 373 3437 429 418

172 489 644 560 blasphematum,
684 493 1001 542 extraneum
1029 502 1150 541 esse
1186 485 1256 539 ab
1283 485 1430 539 omni
1465 484 1641 539 olIlcio
1672 499 1760 539 sa-
1789 485 1837 544 Α
1932 490 2069 550 patet
2105 480 2288 560 salutis
2317 479 2462 534 locus
2491 495 2510 534 :
2527 499 2562 560 ft
2597 481 2748 548 cujus
2774 463 2974 534 unitate
3007 484 3221 560 quisque
3245 485 3441 539 discre-

169 579 464 643 cerdotali,
490 586 547 632 et
573 593 602 630 a
633 586 815 631 nostra
854 577 1251 639 communione,
1292 584 1346 630 et
1386 575 1617 644 primatu
1650 589 1764 627 mo-

167 671 440 736 nasterii,
487 669 720 724 scientes
748 675 799 723 et
845 668 929 722 his
969 667 1060 735 qui
1099 677 1282 736 postea
1324 682 1446 721 cum
1491 680 1556 720 eo
1594 665 1762 720 collo-

164 771 418 834 quentur
455 768 511 814 et
538 759 605 814 ad
633 773 755 812 eum
797 757 1148 812 convenerint
1188 756 1594 816 denuntiantes,
1625 767 1763 824 quo-

161 855 328 910 niam
358 853 438 907 rei
467 859 629 906 erunt
669 861 724 904 et
757 851 856 920 ipsi
893 864 1065 919 poenae
1094 849 1685 911 excommunicationis,
1717 847 1762 900 si

165 943 263 1014 qui
296 958 407 998 non
432 941 817 997 declinaverint
839 940 1298 995 confabulationes
1319 940 1454 1008 ejus.
1479 941 1768 1026 Fﬂavianus

170 1036 472 1104 cpiscopus
498 1032 1117 1101 Constantinopolitanus
1140 1033 1392 1103 judicans
1425 1031 1760 1100 subscripsit,

172 1139 229 1180 et
279 1128 388 1180 hoc
436 1125 593 1178 modo
621 1123 801 1178 caeteri
841 1123 1294 1191 subscripserunt.
1329 1121 1433 1176 Sed
1477 1130 1533 1176 et
1577 1121 1762 1175 talium

173 1215 427 1274 nomina,
465 1213 520 1266 id
564 1221 648 1266 est
679 1212 730 1264 in
774 1211 965 1265 haeresi
1011 1214 1439 1280 permanentium
1481 1211 1549 1266 de
1593 1211 1765 1266 sacris

173 1304 418 1374 dypticis
462 1301 635 1365 eradi,
672 1309 727 1354 et
765 1299 824 1353 in
871 1296 1109 1354 Ecclesia
1145 1301 1357 1370 penitus
1406 1300 1592 1365 taceri,
1622 1301 1766 1354 sicut

169 1404 446 1466 perpetuo
487 1393 864 1446 damnatorum
889 1391 958 1445 ab
985 1393 1306 1447 auctoritate
1343 1391 1603 1446 divinitus
1639 1407 1767 1461 pro-

172 1487 428 1557 mulgata
467 1482 868 1554 praecipiuntur.
908 1482 1061 1536 Sicut
1117 1481 1363 1537 Gelasius
1400 1497 1535 1552 papa
1569 1484 1620 1536 in
1651 1483 1767 1551 epi-

171 1577 322 1632 stola
351 1575 425 1630 ad
466 1573 816 1642 Euphemium
861 1570 1511 1640 Constantinopolitanum
1553 1573 1764 1640 episco-

172 1685 312 1740 pum
362 1665 536 1738 (epist.
559 1663 614 1733 9)
642 1664 993 1727 demonstrat,
1027 1663 1210 1717 dicens
1235 1679 1249 1716 :
1286 1681 1304 1713 ς
1331 1663 1540 1726 Adhuc,
1569 1664 1763 1733 inquit,

172 1759 435 1831 queritis
474 1756 688 1827 quando
716 1754 877 1808 fuerit
903 1753 1191 1808 damnatus
1216 1754 1461 1815 Aeacius,
1495 1755 1650 1824 quasi
1681 1769 1770 1809 re-

1933 562 2065 672 pa?!
2080 551 2300 605 salutem
2329 568 2447 620 qum
2484 553 2548 605 ab
2580 568 2684 605 uno
2725 561 2798 605 est
2845 555 3086 622 consequi
3115 551 3440 625 nequaquam

1935 637 1996 672 ca
2017 638 2045 672 ε
2073 657 2088 672 .

1935 637 2088 674 ιάιει.

2401 727 2611 768 εειιιοςι
2647 727 2817 768 CAPUT
2855 729 2895 768 1.

1936 842 2197 908 Quoniam
2225 843 2443 912 quidem
2471 844 2627 914 longe
2653 847 2902 915 superius
2936 847 3150 916 quando
3177 857 3231 904 et
3265 849 3359 905 ubi
3385 859 3443 907 et

1863 933 2005 986 unde
2034 934 2266 1002 primum
2313 935 2422 988 hate
2449 934 2924 990 Pmdestinatiana
2963 939 3181 992 hazresis
3227 950 3439 1006 exorta,

1864 1032 1918 1075 et
1944 1037 2042 1091 per
2071 1039 2205 1092 quos
2232 1039 2297 1078 ac
2323 1024 2555 1092 qualiter
2583 1027 2656 1079 sit
2685 1027 2881 1079 revicta
2924 1029 3358 1094 monstravimus,
3383 1040 3440 1084 et

1863 1113 2095 1181 capitula
2129 1129 2299 1183 nuper
2327 1115 2379 1169 in
2410 1115 2625 1187 Synodo
2656 1132 2810 1170 secus
2843 1115 3139 1171 Leucorum
3163 1119 3436 1175 civitatem

1863 1205 2089 1268 releeta,
2134 1208 2391 1261 adversus
2439 1207 2722 1261 veritatem
2771 1207 2903 1261 falso
2934 1209 3253 1278 compilata,
3283 1210 3438 1266 Scri-

1863 1303 2140 1364 pturarum
2181 1309 2236 1353 et
2274 1301 2662 1355 catholicorum
2695 1299 3028 1356 auctoritate
3062 1305 3434 1358 ostendimus:

1866 1395 2098 1454 quatuor
2145 1389 2494 1445 nihilominus
2552 1392 2787 1461 capitula
2839 1402 3023 1447 contra
3078 1393 3439 1449 Pncdcstina—

1869 1474 2042 1528 tianos
2065 1477 2274 1531 noviler
2304 1489 2604 1545 reexortos,
2639 1483 2833 1552 quibus
2857 1484 2960 1536 hoc
2990 1495 3186 1553 praeter
3212 1501 3444 1555 opuscu-

1864 1559 1973 1615 lum
2004 1579 2111 1632 quo
2149 1565 2250 1620 ista
2280 1571 2590 1636 excepimus
2616 1573 2788 1625 tribus
2821 1571 3014 1627 libellis
3047 1576 3436 1644 respondimus,

1864 1665 1928 1704 ex
1958 1651 2178 1708 Patrum
2213 1657 2373 1711 dictis
2397 1658 2619 1714 collecta
2647 1662 2958 1716 orthodoxa:
2991 1663 3114 1719 ﬁdei
3143 1681 3441 1737 congruere

1866 1743 2055 1797 eadem
2087 1749 2408 1803 auctoritate
2452 1749 2736 1804 docuimus
2768 1769 2782 1804 :
2815 1754 3064 1822 quodque
3107 1757 3284 1809 omnis
3333 1758 3442 1811 lun-

171 1867 332 1913 γεω,
359 1846 578 1904 etiamsi
605 1860 727 1900 eum
772 1845 949 1899 nullus
990 1855 1116 1899 ante
1159 1845 1480 1908 damnasset,
1511 1861 1616 1900 non
1663 1846 1764 1899 ha-
1794 1831 1840 1890 B
1869 1832 2006 1887 resis
2049 1835 2218 1890 semel
2255 1839 2454 1892 revicta
2485 1855 2608 1894 cum
2641 1843 2955 1896 auctoribus
2992 1859 3056 1897 ac
3084 1846 3442 1900 sectatoribus

170 1943 364 2000 buerit
422 1941 491 1994 ab
538 1937 849 1993 orthodoxa:
888 1945 944 1991 et
991 1936 1298 2005 apostolica:
1349 1936 1760 2002 communionis,

174 2033 336 2101 cujus
371 2028 755 2101 praevaricator
796 2025 1004 2080 exstitit
1046 2033 1102 2079 et
1146 2026 1422 2090 desertor,
1471 2027 1764 2096 participa-

175 2125 330 2179 tione
355 2119 601 2177 secludi:
628 2118 768 2172 sicut
805 2115 970 2171 etiam
1014 2116 1258 2188 quilibet,
1299 2117 1389 2186 qui
1432 2117 1595 2172 fuerit
1637 2125 1764 2172 ante

173 2211 486 2269 catholicus
503 2250 519 2274 ,
559 2207 859 2276 cuicunque
884 2206 1076 2260 haeresi
1099 2207 1504 2262 communicans
1519 2249 1534 2272 ,
1569 2209 1764 2262 merito

169 2304 456 2372 iudicatur
484 2316 516 2354 a
550 2306 734 2352 nostra
775 2297 1033 2352 societate
1063 2297 1436 2360 removendus,
1468 2306 1560 2351 aut
1587 2298 1639 2351 in
1672 2298 1762 2354 tali

175 2405 327 2450 sorte
381 2388 669 2446 defunctus
700 2387 841 2441 inter
887 2385 1274 2440 catholicorum
1321 2386 1537 2440 nomina
1588 2387 1762 2442 nulla-

177 2495 338 2538 tenus
367 2477 693 2550 computari.
723 2474 982 2530 Miramur
1006 2483 1185 2530 tamen
1213 2477 1480 2544 quomodo
1510 2477 1611 2531 ista
1639 2492 1764 2546 pro-

177 2575 374 2630 fertis:
413 2573 514 2626 hoc
541 2579 646 2634 est,
671 2577 731 2622 ut
757 2579 811 2623 et
839 2566 1098 2638 synodum
1142 2566 1631 2623 Chalcedonensem
1670 2582 1766 2622 vos

176 2666 466 2734 suscipere
491 2676 588 2732 pro
613 2659 715 2713 [ide
740 2659 1004 2714 catholica
1023 2658 1412 2729 proliteamini,
1435 2666 1491 2711 et
1513 2673 1607 2712 eos
1631 2673 1766 2727 quos

177 2754 467 2811 damnavit
515 2751 833 2805 sectantium
878 2749 1364 2803 communicatores
1405 2764 1512 2804 non
1561 2749 1767 2818 pariter

177 2844 620 2916 generaliterque
673 2841 872 2910 putetis
923 2839 1089 2894 fuisse
1135 2839 1436 2892 damnatos.
1486 2837 1768 2893 Ostendite

176 2952 330 3006 ergo,
369 2949 491 3004 qua:
515 2931 752 3004 synodus
780 2933 831 2985 in
861 2947 1181 3000 unaquaque
1208 2931 1420 2994 haeresi,
1447 2945 1572 2984 cum
1617 2945 1769 2984 erro-

175 3026 336 3078 ribus
392 3035 736 3076 successores
771 3035 957 3074 eorum
991 3020 1074 3074 his
1115 3019 1574 3074 communicantes
1607 3019 1767 3076 simul

178 3133 286 3171 non
325 3129 523 3168 omnes
556 3113 823 3167 datnnarit
858 3120 914 3167 et
955 3111 1263 3182 eomplices.
1287 3130 1306 3162 ι
1343 3111 1408 3165 Et
1431 3111 1563 3165 item
1595 3111 1648 3166 in
1677 3127 1768 3167 ea-

1864 1923 1977 1978 suis
2006 1935 2263 1995 perpetuo
2310 1930 2378 1983 sit
2425 1932 2674 1985 damnata
2694 1973 2708 1996 ,
2739 1943 2794 1987 et
2839 1949 2945 1988 non
2983 1935 3184 1990 viritim
3217 1937 3269 1990 in
3296 1953 3442 2007 qua:-

1865 2013 2094 2069 stionem
2136 2019 2492 2089 suseipienda,
2522 2024 2616 2078 sed
2658 2039 2780 2078 mox
2825 2035 2882 2079 ut
2927 2026 2979 2081 in
3027 2028 3242 2083 sibilum
3283 2039 3446 2099 caput

1865 2101 2126 2162 levaverit
2169 2109 2565 2177 conculcanda,
2611 2121 2664 2167 et
2700 2113 2799 2182 ipsi
2829 2114 2946 2183 ejus
2989 2117 3256 2171 anhelitus
3295 2134 3443 2172 com-

1862 2202 2128 2272 primendi
2160 2219 2176 2258 :
2214 2202 2512 2271 qualiterve
2553 2221 2582 2258 a
2634 2221 2955 2277 quacunque
3001 2209 3193 2263 haeresi
3248 2210 3440 2280 resipi-

1865 2304 2078 2350 scentes
2107 2296 2487 2366 suscipiantur,
2519 2298 2600 2352 vel
2626 2299 2669 2352 si
2702 2301 3444 2371 permanserintdesipientes

1866 2385 2410 2450 anathematizentur,
2435 2403 2499 2441 ex
2539 2388 2770 2444 decretis
2797 2391 3052 2445 divinitus
3092 2393 3444 2462 promulgatis

1865 2475 2196 2547 collegimus.
2224 2477 2386 2550 355
2416 2478 2544 2544 Qtue
2583 2480 2763 2533 omnia
2793 2480 2907 2534 fors
2932 2490 2983 2535 et
3013 2490 3137 2550 apte
3177 2482 3445 2550 aliquibus

1867 2567 1933 2620 ad
1960 2567 2241 2636 legendum
2274 2569 2528 2637 plurima,
2573 2570 2639 2624 ad
2687 2572 3147 2626 transcribendum
3187 2582 3364 2626 autem
3394 2574 3440 2626 si

1867 2656 1956 2725 qui
1982 2657 2246 2711 voluerint
2291 2658 2457 2712 nimia
2488 2660 2831 2726 videbuntur,
2863 2662 3002 2716 sicut
3029 2661 3278 2731 despecta
3319 2662 3442 2730 qui-

1866 2749 2092 2803 busdam
2113 2750 2602 2804 contradictoribus
2622 2751 2734 2806 visa
2756 2761 2881 2805 sunt
2903 2763 3132 2821 quatuor
3147 2759 3443 2808 memorata

1868 2839 2144 2893 succincte
2183 2839 2412 2894 collecta
2466 2841 2716 2910 capitula.
2770 2841 3008 2896 Tandem
3058 2844 3250 2914 epilogi
3295 2859 3447 2898 more

1867 2929 2086 2984 brevius
2110 2944 2174 2982 ex
2200 2930 2648 2998 praecedentibus,
2672 2948 2770 3001 pro
2797 2931 3086 3003 legentium
3113 2949 3178 2988 ac
3202 2934 3444 2990 scriben-

1870 3017 2001 3073 tium
2025 3019 2362 3090 compendio,
2390 3019 2636 3090 quadam
2663 3021 2916 3092 colligere
2937 3022 3268 3092 capitulatim
3295 3039 3448 3079 cura-

1869 3111 2076 3174 vimus,
2131 3120 2190 3165 nt
2237 3113 2570 3182 simplicibus
2613 3114 2684 3168 ita
2731 3114 2841 3170 sint
2887 3117 3135 3185 cognita,
3181 3127 3449 3187 quatenus

137 3233 139 3236 ι
181 3210 304 3264 dem
339 3205 631 3276 aliquando
661 3206 908 3274 superius
929 3220 948 3259 :
983 3224 1000 3255 ι
1031 3205 1248 3260 Petistis
1288 3205 1451 3274 igitur
1488 3221 1583 3275 per
1619 3205 1764 3261 litte-
1791 3197 1836 3259 C
1867 3201 2200 3271 sapientibus
2227 3218 2331 3257 non
2362 3203 2471 3257 sint
2498 3219 2747 3270 onerosa,
2779 3214 2835 3259 et
2862 3221 2964 3276 per
2986 3220 3048 3260 ea
3079 3207 3248 3263 lector
3291 3209 3449 3265 facile

184 3317 296 3364 ras,
341 3314 485 3368 quas
520 3313 617 3368 per
661 3296 994 3367 Simplicium
1026 3297 1309 3352 diaconum
1354 3297 1684 3362 destinastis,
1713 3305 1771 3352 et

186 3391 380 3445 de'his
409 3403 544 3458 quos
587 3387 855 3442 ordinavit
893 3386 1144 3452 Aea-cius,
1187 3385 1449 3454 majorum
1480 3387 1772 3443 traditione

187 3482 524 3542 confectam,
551 3487 607 3534 et
635 3487 934 3534 vestrarum
959 3480 1228 3548 praecipue
1272 3479 1548 3549 regionum
1578 3479 1773 3534 sollici-

187 3572 368 3626 tudini
395 3569 556 3640 353
583 3579 776 3625 vestrm
804 3585 1096 3640 congruam
1129 3571 1493 3639 praeberemus
1523 3571 1638 3626 sine
1671 3571 1774 3626 dif-

189 3663 438 3718 ﬁcultate
463 3661 803 3716 medicinam.
843 3661 960 3728 Quo
981 3676 1078 3715 nos
1101 3661 1258 3716 vultis
1278 3661 1416 3716 ultra
1449 3663 1775 3717 condescen-

191 3757 321 3810 dere
339 3755 366 3806 ?
388 3754 516 3823 quid
539 3753 765 3808 tacetis?
783 3753 912 3822 quid
939 3754 1369 3808 verecundamini
1394 3754 1573 3810 verbis
1597 3755 1776 3824 expri-

189 3860 349 3900 mere
370 3843 512 3912 quod
534 3843 974 3913 corde'gesmtis?
993 3844 1108 3912 ipsa
1135 3859 1229 3899 vos
1249 3844 1436 3899 saltem
1459 3845 1776 3900 verecundia

190 3944 365 4004 quain
405 3933 646 4000 iniquum
679 3932 749 3986 sit
785 3931 970 3986 debuit
1014 3948 1376 3988 commonere.
1422 3934 1505 3987 An
1551 3933 1776 3988 forsitan

190 4033 250 4076 ut
302 4021 705 4085 haereticorum,
735 4021 1240 4091 damnatorumque,
1282 4031 1336 4075 et
1365 4023 1449 4076 his
1480 4023 1564 4077 vel
1593 4038 1778 4077 eorum

192 4111 607 4168 successoribus
651 4111 1164 4166 communicantium
1211 4114 1426 4166 nomina
1473 4113 1779 4167 consentia-

192 4220 323 4260 mus
359 4203 608 4258 admitti?
642 4203 755 4258 Hoc
787 4218 891 4258 non
922 4214 1006 4259 est
1043 4205 1474 4261 condescendere
1498 4205 1564 4258 ad
1591 4207 1782 4261 subve-

193 4297 483 4359 niendum,
509 4295 600 4351 sed
625 4295 903 4350 evidenter
938 4297 1006 4352 ad
1037 4295 1245 4352 inferna
1270 4297 1518 4370 dimergi.
1548 4296 1779 4362 Parcite,

191 4404 410 4461 quaeso,
437 4399 493 4443 et
522 4389 675 4444 nobis
697 4398 752 4444 et
783 4390 950 4454 vobis,
992 4413 1012 4439 ο
1047 4396 1100 4444 et
1123 4390 1429 4459 sequentia.

721 4562 950 4620 CAPUT
987 4562 1266 4620 XXXVIII.

201 4721 458 4791 Sequitur
485 4719 694 4772 tandem
735 4717 892 4791 totius
935 4717 1008 4791 rei
1056 4717 1268 4791 digestae
1293 4734 1358 4771 ex
1373 4726 1608 4791 quatuor
1640 4715 1783 4786 capi-

273 4787 426 4850 t'ulis,
454 4791 700 4858 quoniam
729 4790 940 4858 quintus
968 4787 1032 4858 de
1074 4787 1326 4847 baptismo
1366 4787 1418 4858 i_i_i
1464 4787 1559 4858 hoc
1592 4797 1781 4856 quarto

273 4863 340 4913 de
384 4854 756 4928 Redemptione
796 4854 990 4910 Christi
1028 4858 1336 4928 continetur,
1369 4854 1618 4928 Epilogus
1664 4872 1784 4928 suc-

275 4931 442 4983 cincte
484 4925 818 4995 compositus,
860 4936 915 4978 ut
959 4941 1059 4978 non
1102 4925 1280 4995 debeat
1308 4926 1538 4995 fastidiri
1569 4925 1783 4995 legenti-

278 5001 397 5061 bus,
428 5016 460 5050 α
489 4993 932 5050 coulradictorum
971 5011 1102 5048 rem,
1128 4994 1250 5062 ﬁdei
1287 4993 1629 5056 responsione
1655 4993 1783 5046 lari-

282 5071 432 5121 niosa
489 5075 746 5127 remotus,
802 5064 976 5117 volens
1022 5079 1215 5134 sanare
1263 5064 1415 5134 quem
1465 5063 1784 5116 demonstrat

282 5138 547 5206 trigesimo
598 5145 775 5206 octavo
836 5132 1095 5206 capitulo,
1141 5150 1203 5206 ac
1237 5132 1284 5187 si
1323 5134 1533 5206 triginta
1575 5141 1624 5185 et
1654 5141 1787 5206 octo

283 5201 440 5259 cuius
458 5206 717 5274 jacentem
736 5201 1061 5274 languidum,
1077 5203 1223 5274 _male
1243 5201 1570 5256 sentientium
1593 5201 1787 5274 scilicet

286 5270 539 5337 chorum,
574 5274 676 5326 duo
723 5272 786 5325 de
831 5270 1194 5341 quadraginta
1227 5288 1440 5341 numero
1467 5311 1480 5333 ,
1520 5272 1615 5341 qui
1664 5270 1790 5338 legis

289 5343 536 5412 decalogo
577 5359 669 5411 per
709 5339 936 5412 quatuor
979 5343 1146 5394 sancti
1177 5340 1446 5412 Evangelii
1491 5339 1646 5412 libros
1673 5341 1792 5412 im-

289 5409 492 5481 pletur,
535 5409 1014 5465 m'iuus'habentem
1040 5451 1053 5471 ,
1099 5420 1144 5463 et
1185 5409 1540 5481 a_dilectione
1586 5409 1683 5481 Dei
1729 5423 1792 5460 ac

289 5479 537 5552 proximi,
567 5497 723 5549 quam
752 5481 877 5548 legis
906 5483 1103 5552 pariter
1129 5489 1177 5533 et
1223 5479 1793 5552 Euangeliiscriptnra

293 5548 638 5612 commendat,
672 5566 891 5602 vacuum
914 5549 1248 5603 incedentem.
1276 5548 1339 5601 In
1363 5565 1463 5616 quo
1486 5549 1603 5602 licet
1621 5548 1794 5617 plures

294 5623 394 5674 sint
437 5621 626 5682 choro,
677 5619 721 5672 si
777 5619 1098 5687 acquiescere
1151 5619 1353 5672 veritati
1406 5618 1791 5678 consenserint,

291 5693 442 5758 quasi
469 5706 601 5742 unus
633 5689 1003 5756 recuperubunt
1030 5689 1086 5740 in
1125 5689 1318 5740 unitate
1342 5687 1793 5758 [ῖτιεξβαηίιηιςξτι.

240 5822 242 5824 _
299 5755 435 5826 Quia
463 5770 650 5829 pra-ter
675 5755 924 5812 unitatem
952 5758 1220 5812 catltolicw
1246 5758 1370 5824 ﬁdei
1393 5755 1567 5809 nullus
1587 5755 1807 5810 cuilibet.

1871 3293 2042 3364 possit
2064 3309 2394 3363 cognoscere
2421 3311 2542 3366 qua:
2573 3298 2645 3352 sit
2682 3297 2898 3353 veritas‘
2918 3300 2982 3354 de
3030 3302 3363 3369 praescientia
3392 3311 3450 3357 et

1871 3387 2338 3457 praedestinatione
2361 3389 2477 3453 Dei,
2507 3389 2575 3445 de
2613 3392 2787 3460 gratia
2815 3401 2869 3445 et
2895 3391 3066 3446 libero
3105 3393 3350 3458 arbitrio,
3382 3396 3450 3450 de

1873 3493 1938 3532 eo
1966 3478 2108 3546 quod
2146 3478 2286 3532 Deus
2329 3481 2619 3534 secundum
2651 3482 2965 3551 Apostolum
2992 3483 3108 3536 vult
3139 3498 3323 3539 omnes
3351 3501 3449 3540 no-

1877 3569 2048 3623 mines
2073 3569 2249 3623 salvos
2280 3568 2418 3634 ﬁeri,
2446 3569 2574 3625 licet
2613 3587 2718 3626 non
2753 3587 2941 3627 omnes
2982 3573 3273 3640 salventur,
3301 3583 3357 3630 et
3384 3575 3453 3631 de

1875 3674 1941 3714 eo
1967 3661 2108 3729 quod
2151 3660 2400 3715 Christus
2426 3676 2524 3730 pro
2549 3663 2800 3718 omnibus
2827 3679 3016 3733 passus
3062 3663 3154 3727 sit,
3197 3664 3320 3719 licet
3344 3679 3453 3720 non

1876 3765 2067 3803 omnes
2092 3751 2356 3819 passionis
2393 3751 2508 3820 ejus
2544 3752 2820 3808 salventur
2845 3756 3121 3826 mysterio.
3158 3753 3308 3812 Unde
3335 3759 3456 3827 qui-

1879 3854 2088 3908 cunque
2113 3841 2264 3908 plura
2295 3841 2604 3897 desiderant
2629 3853 2824 3899 cuncta
2861 3846 3140 3914 superiora
3169 3845 3364 3917 legant.
3397 3847 3456 3902 Si

1881 3945 2009 3983 vero
2037 3930 2150 3984 haec
2180 3930 2494 3986 suﬂicientia
2526 3947 2644 4001 quae
2682 3943 2982 4002 sequuntur
3017 3935 3096 3990 eis
3124 3935 3458 4001 suffecerint,

1881 4019 1948 4073 de
1976 4019 2060 4074 his
2090 4019 2249 4074 tidem
2278 4023 2686 4077 accommodent
2710 4024 2919 4077 veritati
2949 4025 3250 4092 praedicata
3278 4027 3347 4080 ab
3375 4027 3460 4081 bis

1882 4108 2004 4164 ﬁdei
2037 4119 2092 4164 et
2117 4111 2415 4166 sinceritati
2443 4113 2738 4168 catholicis.
2765 4111 2822 4167 Si
2848 4115 2968 4181 quis
3001 4130 3128 4169 vero
3156 4131 3310 4170 secus
3337 4132 3461 4171 sen-

1884 4202 2041 4267 tiens,
2076 4204 2367 4258 secundum
2391 4203 2619 4260 formam
2658 4205 2710 4259 in
2743 4205 2990 4274 proxime
3019 4206 3289 4260 distinctis
3315 4208 3461 4276 capi-

1885 4296 2012 4350 tulis
2060 4311 2127 4350 ex
2175 4297 2499 4350 auctoritate
2552 4297 2917 4352 ecclesiastica
2969 4299 3459 4367 comprehensam,

1883 4387 2170 4456 episcopali
2217 4402 2484 4442 consensu
2529 4387 2614 4443 vel
2665 4386 2905 4460 synodali
2955 4389 3196 4454 decreto,
3249 4397 3464 4446 servato

1885 4494 1982 4548 per
2008 4478 2188 4533 omnia
2218 4478 2497 4549 privilegio
2535 4488 2738 4534 sanctae
2774 4479 3052 4535 catholica:
3079 4489 3134 4534 et
3159 4481 3465 4550 apostolica:

1809 4549 1864 4611 Ῑ)
1890 4569 2148 4624 Romana:
2188 4569 2464 4636 Ecclesiae,
2497 4581 2553 4626 et
2580 4571 2748 4641 ipsius
2779 4571 2830 4624 in
2877 4580 2990 4626 toto
3021 4572 3152 4627 orbe
3196 4549 3466 4628 terrarum

1887 4663 2077 4732 prima:
2124 4663 2267 4716 sedis
2317 4663 2604 4732 pontiﬁcis,
2635 4663 2960 4727 consentire,
3009 4672 3062 4719 et
3106 4679 3226 4718 cum
3279 4673 3469 4722 sancta

1887 4752 2156 4808 catholica
2199 4761 2254 4807 et
2295 4753 2586 4822 apostolica
2631 4752 2836 4806 unitate
2868 4753 3142 4821 suscipere
3179 4754 3292 4809 sive
3337 4754 3470 4808 sub-

1888 4844 2127 4898 scribere
2154 4843 2556 4906 detrectaverit,
2605 4843 2718 4912 ipse
2763 4843 2831 4897 ab
2873 4843 2988 4912 ejus
3035 4859 3094 4898 se
3134 4859 3390 4914 compage
3414 4853 3472 4900 et

1887 4932 2112 4987 unitatis
2157 4941 2403 4988 secernet
2441 4930 2839 4994 communione,
2889 4929 3043 4998 cujus
3085 4947 3204 4986 esse
3242 4931 3473 4985 noluerit

1887 5023 2066 5078 socius
2093 5022 2409 5090 disciplima.
2443 5021 2576 5075 Nam
2608 5035 2820 5090 semper
2851 5020 2930 5076 sic
2973 5020 3160 5074 habuit
3209 5020 3472 5075 catholica

1888 5115 2068 5170 omnis
2105 5113 2365 5178 Ecclesia,
2402 5122 2462 5167 ut
2503 5114 2592 5183 qui
2626 5114 2681 5168 in
2710 5126 2815 5166 una
2843 5111 3220 5165 communione
3249 5125 3476 5164 consen-

1890 5208 2052 5272 tiunt,
2085 5223 2192 5262 uno
2239 5208 2522 5278 dogmate,
2552 5222 2660 5263 una
2707 5208 3001 5272 charitate,
3037 5219 3144 5258 uno
3195 5211 3478 5258 teneantur

1893 5285 2140 5356 assensu.
2170 5299 2324 5355 Sicut
2347 5301 2492 5355 enim
2522 5300 2830 5356 communio
2855 5307 2908 5353 et
2941 5312 3009 5352 ex
3054 5295 3306 5349 omnibus
3347 5293 3478 5348 oﬂ'e-

1895 5393 2140 5449 rentibus
2167 5410 2276 5449 una
2308 5395 2391 5460 lit,
2421 5403 2475 5449 et
2499 5410 2604 5449 una
2637 5394 2777 5448 redit
2807 5394 2859 5446 in
2893 5390 3162 5452 omnibus,
3193 5405 3298 5443 non
3323 5397 3480 5458 parte

1896 5499 2182 5555 corporea,
2239 5485 2335 5540 sed
2383 5486 2582 5539 virtute
2627 5484 2808 5538 divina
2841 5482 2963 5536 :sic
3009 5479 3335 5534 unanimitas
3382 5493 3480 5548 per

1898 5590 2087 5629 omnes
2131 5575 2206 5630 illi
2236 5574 2699 5630 communicantes
2747 5572 2987 5627 excurrit
3033 5589 3047 5624 :
3091 5570 3234 5639 quod
3260 5569 3483 5625 demon-

1902 5673 2105 5719 stratur
2134 5664 2312 5720 tunica
2343 5663 2661 5726 Salvatoris,
2693 5679 2814 5732 qua:
2859 5660 3198 5718 inconsntilis
3222 5669 3340 5714 erat
3382 5659 3480 5712 de»

1905 5772 2064 5826 super
2093 5766 2340 5813 contexta
2383 5772 2488 5827 per
2535 5765 2726 5821 totum,
2775 5756 2839 5810 de
2887 5770 2991 5824 qua
3040 5753 3258 5818 milites,
3286 5761 3480 5806 caetera
