3998 6336
622 338 730 394 419

1593 332 1844 388 IllNCMA
1853 333 1922 390 BI
1963 332 2152 390 RHEM
2163 333 2207 388 El

2306 332 2355 387 IS
2392 331 2912 388 AllClIIEPlSCOPl
3540 401 3551 416 ‘
3753 344 3836 402 ω)

625 449 946 504 vestimenta
976 450 1030 504 in
1076 458 1308 519 quatuor
1335 456 1518 518 partes
1542 447 1696 517 juxta
1727 464 1888 502 suum
1916 461 2201 502 numerum
2229 449 2277 508 Α
2306 445 2359 498 in
2401 459 2460 500 se
2483 444 2703 510 habere,
2740 461 2805 500 ac
2832 460 2928 516 per
2947 445 3052 501 hoc
3073 445 3168 516 qui
3209 462 3320 506 non
3361 458 3544 506 manet
3566 451 3620 508 in
3643 451 3834 525 Christo,

625 540 966 603 dividentes,
1009 549 1212 596 sortem
1256 540 1543 595 miserunt.
1590 540 1991 608 Quadripertita
2025 549 2204 594 autem

624 630 792 684 vestis
820 629 1052 693 Domini,
1087 629 1539 699 quadripertitam
1579 629 1695 698 ejus
1736 631 1985 701 ﬁguravit
2023 629 2209 686 Eccle-

623 723 784 786 siam,
821 730 934 775 toto
960 721 1166 776 scilicet
1189 723 1284 791 qui
1317 731 1550 791 quatuor
1581 723 1824 792 partibus
1859 731 2070 778 constat
2099 734 2207 777 ter-

622 828 806 870 rarum
853 815 983 868 orbe
1033 812 1316 878 diffusam,
1349 824 1405 870 et
1432 816 1684 870 omnibus
1719 814 1920 868 eisdem
1961 814 2206 884 partibus

622 903 929 974 aequaliter,
968 905 1022 959 id
1067 913 1150 959 est
1199 905 1542 961 concorditer
1586 903 2204 972 distributamﬁl‘unica

622 1010 750 1050 vero
777 993 863 1049 illa
887 995 1098 1059 sortita,
1126 997 1364 1051 omnium
1393 998 1626 1064 partium
1651 993 1920 1064 significat
1947 993 2207 1047 unanimi-

623 1095 828 1150 tatem,
859 1101 979 1154 qum
1015 1086 1299 1139 charitatis
1341 1086 1555 1140 vinculo
1602 1085 1926 1162 continetur.
1975 1081 2031 1136 Si
2061 1083 2204 1136 enim

619 1175 892 1239 charitas,
938 1175 1092 1245 juxta
1142 1175 1476 1245 Apostolum,
1531 1183 1585 1229 et
1629 1173 2205 1244 supereminentiorem

619 1267 782 1321 habet
809 1266 972 1329 viam,
1005 1274 1060 1320 et
1089 1265 1454 1334 supereminet
1479 1265 1742 1329 scientiae,
1767 1273 1821 1317 et
1841 1251 2004 1332 super
2024 1259 2206 1314 omnia

621 1365 888 1426 przecepta
925 1366 1029 1420 est,
1059 1356 1252 1411 merito
1282 1355 1447 1410 vestis
1480 1371 1584 1424 qua
1611 1353 1950 1426 significatur
1978 1353 2208 1421 desuper

621 1457 873 1502 contexta
916 1447 1247 1516 perhibetur.
1284 1446 1340 1499 ln
1373 1454 1516 1500 sorte
1563 1454 1742 1499 autem
1783 1443 1913 1512 quid
1962 1441 2063 1495 nisi
2113 1440 2206 1494 Dei

621 1539 794 1608 gratia
822 1537 1198 1592 commendata
1229 1537 1348 1591 est?
1377 1536 1474 1590 Sic
1495 1536 1690 1606 quippe
1714 1535 1766 1588 in
1799 1549 1905 1588 uno
1931 1534 1998 1588 ad
2019 1547 2208 1590 omnes

619 1632 896 1702 pervenit,
925 1647 1046 1685 cum
1093 1647 1214 1686 sors
1259 1631 1511 1685 omnibus
1559 1628 1762 1699 placuit
1791 1646 1806 1678 :
1835 1627 1962 1697 quia
2011 1635 2068 1682 et
2113 1625 2207 1680 Dei

619 1721 798 1790 gratia
831 1721 884 1774 in
915 1720 1125 1774 unitate
1166 1719 1234 1773 ad
1277 1733 1467 1773 omnes
1511 1718 1790 1787 pervenit,
1821 1726 1874 1770 et
1921 1731 2042 1772 cum
2089 1731 2208 1778 sors

2308 535 2438 590 etin
2467 551 2574 605 quo
2605 551 2710 590 non
2735 544 2919 590 manet
2939 535 3208 602 Christus,
3237 538 3598 606 proculdubio
3619 558 3713 597 non
3727 562 3841 602 matt-

2307 623 2468 678 ducat
2490 624 2788 694 spiritalem
2817 625 2933 694 ejus
2962 640 3206 689 carnem,
3228 626 3358 682 licet
3397 629 3673 685 carnaliter
3696 644 3742 690 et
3783 639 3842 692 vi-

2308 715 2540 770 sibiliter
2577 727 2789 786 premat
2835 717 3088 773 dentibus
3129 732 3530 777 sacramentum
3571 728 3842 794 corporiset

2307 805 2586 875 sanguinis
2611 804 2834 870 Christi,
2875 806 2970 860 sed
3000 807 3173 878 magis
3196 817 3358 862 tanta:
3392 808 3466 863 rei
3496 825 3840 871 sacramentum

2308 896 2374 950 ad
2405 897 2668 966 judicium
2711 896 2811 950 sibi
2837 897 3126 950 manducat
3149 907 3205 952 et
3247 898 3407 963 bibit,
3438 899 3559 969 quia
3587 901 3842 961 immundus

2305 993 2585 1054 praesumit
2611 985 2677 1040 ad
2703 984 2905 1041 Christi
2931 987 3188 1041 accedere
3219 997 3584 1054 sacramenta,
3609 1006 3714 1060 qua:
3735 995 3840 1051 alius

2307 1089 2414 1127 non
2458 1073 2618 1144 digne
2665 1074 2850 1140 sumit,
2901 1075 3004 1130 nisi
3055 1075 3150 1145 qui
3185 1077 3420 1132 mundus
3452 1087 3554 1144 est,
3597 1081 3656 1135 de
3686 1084 3841 1152 quibus

2308 1163 2528 1240 dicitur,
2557 1163 2711 1218 Beati
2742 1165 2938 1218 mundo
2978 1165 3150 1232 corde,
3177 1169 3432 1237 quoniam
3453 1171 3550 1239 ipsi
3575 1170 3720 1228 Deum
3739 1177 3844 1232 vide-

2310 1253 2434 1308 bunt
2461 1253 2676 1326 (Matth.
2709 1271 2766 1318 v,
2796 1255 2874 1326 8).
2903 1255 3087 1327 Neque
3108 1257 3209 1312 hoc
3235 1258 3506 1316 sacriﬁcio
3529 1261 3840 1333 absolvuntur,

2301 1339 2404 1399 aut
2432 1346 2592 1416 hujus
2629 1349 2746 1400 sine
2769 1348 2976 1418 judicio
3018 1349 3324 1404 eﬁiciuntur
3373 1352 3672 1422 participes,
3697 1370 3840 1413 eorum

2307 1438 2602 1492 existentes
2643 1439 2924 1502 contrarii,
2971 1457 3091 1510 quae
3135 1455 3233 1511 per
3263 1450 3540 1497 tantorum
3583 1456 3838 1504 sanctorum

2309 1528 2651 1583 sacerdotum
2691 1545 2787 1584 ora
2830 1530 3010 1584 divina
3039 1531 3402 1600 inspiratione
3439 1543 3565 1590 sunt
3583 1537 3838 1610 pradicata,

2307 1625 2362 1670 et
2381 1617 2778 1688 conscriptione
2801 1619 3108 1690 subscripta
3141 1641 3155 1675 :
3183 1621 3328 1677 sicut
3357 1637 3459 1678 nec
3504 1623 3728 1682 collectio
3755 1643 3839 1682 om-

2308 1708 2457 1762 nium
2503 1720 2678 1780 potest
2713 1711 2942 1777 absolvi,
2978 1713 3024 1766 si
3052 1715 3328 1770 contraria
3361 1716 3508 1772 dicat
3535 1726 3589 1773 et
3621 1721 3838 1776 contraria

619 1810 874 1878 mittitur,
917 1824 1024 1863 non
1050 1823 1293 1879 persona:
1322 1807 1579 1878 cujusque
1607 1806 1692 1862 vel
1717 1807 1925 1861 meritis
1944 1846 1960 1872 ,
1997 1806 2094 1860 scd
2120 1821 2210 1859 oe-
2241 1794 2284 1855 Β
2313 1799 2498 1866 faciat.
2531 1801 2795 1858 COllﬁlcnS
2825 1820 2884 1858 se
2905 1819 3064 1859 "0550
3094 1805 3262 1860 Deum
3287 1805 3453 1863 Ῑίιϐιίε
3481 1815 3648 1865 autem
3665 1826 3836 1882 negant,

619 1901 767 1955 culto
799 1899 891 1956 Dei
912 1901 1116 1972 judicio
1144 1899 1374 1956 ceditur.
1407 1897 1542 1954 Nam
1566 1899 1610 1954 si
1641 1913 1747 1953 non
1781 1909 1866 1954 est
1893 1899 2052 1952 unius
2080 1913 2210 1952 con-

618 1991 888 2048 sensionis
933 1992 1145 2062 signum
1197 2007 1303 2045 una
1338 1990 1681 2057 communio,
1733 1989 1862 2062 quid
1912 1990 2019 2046 erit
2064 1989 2210 2060 quod

618 2084 687 2138 ad
765 2083 1134 2138 conﬁtendam
1207 2083 1386 2138 omnis
1456 2081 1711 2138 Ecclesiae
1795 2081 2208 2138 consonantiam

620 2174 846 2247 mystice
873 2175 1196 2237 celebratur,
1229 2173 1458 2244 petendo
1505 2171 1673 2230 Deum
1705 2171 1922 2227 Patrem
1961 2173 2210 2241 omnipoe

619 2275 820 2320 tentem
877 2281 974 2335 per
1025 2265 1306 2320 Dominum
1358 2273 1604 2321 nostrum
1655 2263 1839 2319 Jesum
1898 2263 2205 2329 Christum,

619 2351 782 2428 355
825 2365 885 2410 ut
937 2365 1282 2427 acceptentur
1335 2365 1392 2411 et
1444 2366 1834 2411 consecrentur
1880 2363 2068 2410 sancta
2116 2369 2206 2432 sa:

620 2444 826 2498 criﬁcia
864 2444 1090 2510 illibata,
1123 2461 1242 2514 qua:
1269 2443 1568 2500 oﬁ‘eruntur
1603 2460 1700 2515 pro
1739 2443 1976 2500 Ecclesia
2021 2453 2205 2500 sancta

620 2535 910 2602 catholica,
947 2548 1005 2592 ut
1047 2538 1385 2608 paciﬁcetur,
1437 2536 1794 2602 custodiatur,
1829 2537 2115 2601 adunctur,
2152 2543 2209 2591 et

620 2637 837 2699 regatur
867 2637 980 2683 toto
1008 2627 1139 2684 orbe
1173 2637 1462 2694 terrarum,
1495 2637 1551 2684 et
1595 2645 1694 2699 pro
1717 2630 1973 2705 omnibus.
1994 2628 2085 2699 qui
2115 2628 2208 2684 illa

619 2715 852 2772 oﬁ‘erunt
873 2720 1368 2774 communicantes?
1398 2718 1508 2774 Nec
1530 2735 1590 2774 se
1609 2720 1897 2790 quisquam
1930 2718 2206 2776 Christum

619 2821 914 2876 agnoscere
961 2809 1294 2874 arbitretur,
1343 2796 1484 2864 sicut
1532 2825 1631 2864 nec
1689 2809 1764 2863 illi
1812 2819 2204 2880 cognoverunt,

619 2913 846 2966 quorum
871 2898 1011 2952 oculi
1051 2900 1373 2954 tenebantur
1403 2916 1470 2953 ne
1499 2915 1620 2953 eum
1658 2909 2016 2970 agnoscerent
2037 2915 2208 2971 usque

620 2986 687 3040 ad
732 2985 1051 3042 fractionem
1081 2991 1256 3058 panis,
1290 2989 1333 3043 si
1363 2990 1480 3059 ejus
1509 2991 1752 3060 corporis
1791 2992 2062 3060 particeps
2101 3009 2206 3050 non

621 3086 728 3142 est,
761 3077 924 3132 idest
967 3079 1245 3144 Ecclesiae,
1273 3081 1427 3150 cujus
1462 3082 1723 3137 unitatem
1751 3083 1804 3136 in
1857 3095 2206 3144 sacramento

619 3171 774 3241 panis
794 3172 1138 3226 commendat
1158 3172 1466 3244 Apostolus,
1483 3174 1668 3228 dicens
1685 3192 1697 3227 :
1716 3172 1865 3228 Unus
1878 3177 2029 3245 panis
2044 3193 2207 3232 unum

620 3275 807 3328 corpus
835 3259 984 3313 multi
1009 3277 1191 3314 sumus
1221 3259 1274 3332 (Ι
1301 3259 1422 3317 Cor.
1481 3277 1536 3327 x,
1570 3263 1678 3332 17),
1703 3272 1764 3318 ιιι
1796 3279 1919 3318 cum
1941 3267 2020 3322 eis
2043 3267 2202 3324 bene-

620 3351 822 3408 dictum
846 3368 1038 3423 panem
1065 3353 1382 3425 porrigeret,
1405 3355 1746 3424 aperirentur
1771 3357 1911 3412 oculi
1935 3373 2122 3414 eorum
2147 3368 2208 3416 ut

620 3457 744 3495 eum
777 3454 1133 3514 agnoscerent
1159 3457 1173 3496 :
1207 3443 1549 3512 aperirentur
1578 3446 1764 3516 utique
1792 3447 1859 3502 ad
1889 3447 2005 3518 ejus
2029 3451 2210 3521 cogni-

621 3530 846 3595 tionem,
885 3539 1094 3585 reinoto
1141 3531 1349 3586 scilicet
1388 3531 1794 3603 impedimento,
1819 3551 1925 3606 quo
1951 3540 2208 3594 teneban-

623 3629 710 3674 tur
738 3637 805 3676 ne
835 3621 980 3676 illum
1011 3633 1387 3694 agnoscerent.
1423 3621 1536 3680 Non
1567 3637 1749 3682 autem
1790 3630 2209 3702 incongruentcr

622 3713 952 3782 accipiamus
970 3716 1073 3770 hoc
1087 3717 1529 3787 impedimentum
1549 3719 1600 3772 in
1620 3720 1789 3775 oculis
1804 3738 1988 3778 eorum
2005 3739 2035 3776 a
2054 3724 2208 3779 Sata-

623 3819 692 3858 na
711 3801 895 3870 fuisse,
915 3820 981 3858 ne
1003 3806 1669 3875 agnoscereturChristus,
1691 3809 1783 3864 sed
1810 3819 1988 3866 tamen
2007 3828 2038 3866 a
2053 3812 2210 3868 Chri-

625 3899 710 3946 sto
737 3889 876 3945 facta
902 3901 985 3946 est
1013 3893 1298 3963 promissio
1322 3911 1491 3964 usque
1517 3897 1584 3952 ad
1606 3909 2004 3955 sacramentum
2031 3903 2204 3972 panis,

623 3993 680 4039 ut
709 3984 916 4040 unitate
937 3987 1182 4057 corporis
1209 3990 1324 4060 ejus
1353 3991 1675 4064 participata
1717 3995 1982 4049 removeri
2009 3994 2210 4052 intelli-

622 4087 779 4147 gatur
834 4079 1277 4150 impedimentum
1328 4085 1576 4152 inimici,
1637 4097 1698 4142 ut
1745 4089 1994 4144 Christus
2039 4091 2212 4160 possit

621 4170 861 4241 agnosci.
898 4171 1063 4242 Cujus
1091 4189 1220 4232 caro
1248 4191 1374 4232 vere
1416 4188 1499 4233 est
1529 4180 1701 4240 cibus.
1743 4190 1798 4236 et
1842 4181 2062 4254 sanguis
2089 4181 2210 4251 ejus

620 4275 749 4314 vere
775 4270 860 4314 est
899 4273 1078 4332 potus.
1121 4262 1254 4320 Cum
1297 4268 1438 4322 enim
1471 4269 1538 4324 de
1585 4270 1708 4328 cibo
1727 4281 1782 4326 et
1803 4281 1929 4343 potu
1961 4273 2014 4328 id
2048 4289 2210 4344 appe—

624 4357 738 4404 tant
773 4351 1040 4417 homines,
1075 4363 1134 4409 ut
1179 4372 1282 4410 non
1335 4360 1600 4425 esuriam,
1649 4377 1824 4432 neque
1868 4363 2072 4428 sitiant,
2107 4365 2209 4425 hoc

621 4441 889 4494 veraciter
939 4458 1043 4497 non
1077 4456 1299 4515 przestat
1346 4448 1448 4502 nisi
1479 4449 1580 4504 iste
1623 4451 1776 4506 cibus
1805 4460 1859 4508 et
1894 4463 2072 4522 potus,
2115 4457 2206 4527 qui

623 4539 719 4580 eos
735 4543 761 4580 a
778 4529 974 4597 quibus
990 4533 1224 4587 sumitur
1245 4535 1575 4592 immortales
1597 4549 1649 4593 et
1666 4539 2106 4614 incorruptibiles
2126 4545 2207 4600 fa-

624 4615 701 4670 cit
731 4635 744 4669 :
780 4617 832 4671 id
865 4629 952 4674 est
977 4622 1210 4678 societas
1242 4624 1356 4694 ipsa
1387 4637 1721 4696 sanctorum,
1749 4631 1838 4686 ubi
1883 4648 1989 4702 pax
2014 4637 2112 4690 erit
2151 4647 2206 4694 et

624 4707 806 4763 unitas
830 4709 986 4780 plena
1011 4720 1173 4783 atque
1202 4715 1461 4786 perfecta.
1491 4719 1786 4790 Propterea
1815 4725 2035 4796 quippe,
2067 4715 2208 4794 sicut

624 4803 789 4857 etiam
813 4804 917 4859 hoc
937 4816 1062 4862 ante
1090 4825 1189 4865 nos
1211 4811 1590 4870 intellexerunt
1612 4817 1857 4874 homines
1869 4797 1998 4886 ‘Dei,
2026 4821 2210 4878 Domi-

626 4909 730 4948 nus
755 4905 940 4949 noster
965 4895 1124 4954 Jesus
1148 4899 1396 4958 Christus
1419 4921 1614 4976 corpus
1637 4917 1694 4964 et
1714 4910 2028 4980 sanguinem
2054 4927 2212 4971 suum

627 4982 680 5038 in
713 4983 794 5039 eis
815 4985 974 5042 rebus
999 4992 1419 5060 commendavit,
1441 5011 1562 5066 quae
1592 4998 1657 5052 ad
1680 5014 1848 5054 unum
1888 5001 2092 5071 aliquid
2133 5017 2216 5068 FQ}

627 5073 883 5144 diguutur
907 5091 972 5130 ex
1001 5079 1204 5136 multis.
1233 5081 1476 5154 Namque
1497 5087 1640 5143 aliud
1667 5089 1722 5144 in
1747 5107 1912 5148 unum
1938 5107 2005 5149 ex
2029 5095 2212 5154 multis

626 5163 809 5234 granis
853 5169 1162 5236 conﬁcitur,
1211 5173 1356 5229 aliud
1403 5177 1456 5231 in
1507 5195 1671 5234 unum
1715 5197 1782 5236 ex
1827 5183 2008 5240 multis
2037 5186 2208 5258 acinis

627 5255 866 5348 conlinit.
891 5258 1130 5330 Denique
1162 5262 1276 5332 jam
1307 5269 1530 5339 exponit
1551 5273 1820 5342 quomodo
1863 5273 1916 5330 id
1947 5274 2041 5330 ﬁat
2065 5255 2210 5348 quod

625 5345 882 5418 loquitur,
915 5363 968 5408 et
999 5355 1128 5424 quid
1163 5357 1234 5412 sit
1259 5361 1586 5420 manducare
1631 5380 1828 5436 corpus
1861 5364 1976 5434 ejus
2005 5375 2061 5422 et
2087 5345 2210 5424 san;-

625 5438 843 5509 guinem
884 5441 1068 5499 bibere
1119 5463 1132 5498 :
1179 5445 1248 5501 Et
1271 5449 1362 5520 qui
1395 5452 1682 5508 manducat
1707 5469 1880 5510 meam
1911 5437 2213 5532 earnem'et

626 5527 764 5620 bibit
794 5547 969 5588 meum
1013 5538 1326 5609 sanguinem
1378 5542 1430 5596 in
1473 5559 1560 5599 me
1591 5556 1772 5602 manet
1807 5556 1863 5604 et
1890 5527 1990 5620 ego
2039 5551 2094 5604 in
2119 5527 2206 5618 eo,

629 5619 743 5677 Hoc
773 5633 856 5678 est
901 5641 1030 5698 ergo
1077 5634 1402 5690 manducare
1428 5635 1572 5692 illam
1613 5654 1817 5713 escam,
1863 5653 1920 5697 et
1938 5619 2096 5698 illam
2122 5647 2209 5713 bi;-

628 5712 760 5765 bcrc
797 5723 1000 5784 potum,
1034 5718 1086 5775 in
1129 5720 1345 5778 Christo
1372 5741 1612 5792 manere,
1645 5709 1696 5783 et
1727 5729 1870 5787 illum
1903 5709 2206 5806 manentem

2309 1892 2410 1947 etsi
2445 1894 2810 1949 coumiunicet
2853 1897 3121 1951 sacerdoti
3168 1912 3198 1950 a
3233 1896 3392 1966 cujus
3427 1901 3772 1970 praedicatione
3800 1913 3838 1958 et

2309 1984 2705 2063 subscriptione
2735 1987 3003 2042 dissentit.
3039 1987 3129 2044 Sic
3153 1989 3356 2060 quippe
3377 2006 3481 2046 nec
3504 1991 3618 2048 istis
3647 1994 3838 2064 proderit

2309 2075 2450 2128 male
2479 2075 2838 2132 sentientibus
2868 2079 3160 2136 secundum
3188 2081 3534 2156 traditionem
3567 2083 3836 2139 ecclesiasti-

2308 2157 2428 2223 cam
2462 2168 2862 2226 ecclesiasticos
2903 2171 3101 2242 gradus
3129 2169 3297 2244 356
3324 2172 3432 2228 nisi
3469 2173 3534 2228 ad
3574 2174 3837 2231 condemna-

2309 2259 2510 2313 tionem
2566 2261 2868 2330 suscipere,
2915 2269 2968 2315 et
3009 2262 3288 2316 traditioni
3346 2263 3706 2320 ecclesiastica:
3745 2265 3835 2320 ﬁdei

2308 2349 2602 2424 contraire.
2636 2349 2769 2416 Quia
2801 2349 2942 2404 sicut
2970 2365 3031 2404 os
3054 2358 3110 2404 et
3143 2365 3340 2406 manus
3368 2353 3525 2407 unius
3549 2352 3836 2422 ejusdemque

2308 2440 2550 2517 corporis
2575 2441 2819 2517 membra
2849 2449 2992 2504 sunt,
3028 2441 3104 2496 ita
3144 2442 3308 2497 unius
3337 2439 3671 2514 ejusdemque
3692 2442 3835 2498 Eccleo

2309 2531 2401 2588 size
2425 2534 2664 2586 membra
2701 2511 2828 2586 sunt
2853 2533 3190 2588 ordinatores
3208 2542 3264 2588 et
3295 2535 3550 2600 ordinati,
3585 2534 3835 2589 sacerdotes

2309 2633 2365 2678 ct
2406 2625 2656 2695 pepulus,
2695 2626 2810 2680 sive
2857 2641 2979 2680 cum
3009 2625 3294 2682 catholicis
3324 2626 3592 2692 catholici,
3625 2627 3721 2681 sive
3743 2641 3833 2680 cum

2307 2730 2415 2772 non
2445 2714 2692 2770 ﬁdelibus
2719 2715 2982 2770 inﬁdeles.
3005 2715 3132 2770 Inde
3159 2725 3243 2772 est
3269 2718 3417 2772 enim
3440 2718 3575 2788 quod
3599 2733 3627 2771 a
3661 2717 3833 2772 Domino

2308 2805 2362 2862 in
2396 2804 2499 2858 ﬁne
2524 2805 2705 2860 saeculi
2732 2805 2908 2877 colligi
2945 2805 3204 2874 jubentur
3230 2809 3446 2862 zizania
3487 2809 3552 2863 de
3583 2807 3732 2863 medio
3759 2804 3830 2861 tri-

2311 2896 2402 2966 tici
2440 2905 2494 2951 et
2536 2896 2740 2967 alligari
2783 2897 3057 2952 fasciculis
3087 2899 3153 2952 ad
3177 2899 3618 2954 comburendum.
3645 2897 3831 2952 llincest

2307 2987 2449 3060 quod
2472 2998 2660 3044 sancto
2691 2991 2954 3060 prepheta
2991 2989 3242 3046 Ezechiel
3271 3000 3528 3056 testante,
3557 2989 3682 3060 quod
3704 2989 3742 3044 si
3764 3003 3830 3042 sa-

2311 3077 2505 3134 cerdos
2544 3093 2650 3132 non
2697 3078 3008 3134 distinxerit
3035 3080 3251 3150 populo,
3279 3081 3394 3150 ipse
3431 3081 3635 3151 quidem
3658 3077 3829 3149 populus

2313 3169 2366 3224 in
2420 3185 2518 3226 suo
2572 3179 2795 3241 peccato
2839 3173 3121 3249 morietur,
3153 3174 3396 3229 animam
3441 3185 3612 3229 autem
3651 3172 3747 3241 ejus
3781 3169 3830 3224 de

2309 3273 2472 3316 manu
2505 3260 2803 3316 sacerdotis
2843 3261 3099 3332 inquiret.
3140 3261 3262 3318 Non
3293 3263 3390 3329 ait,
3415 3264 3538 3333 quia
3579 3270 3709 3317 extra
3730 3272 3824 3328 pec-

2309 3358 2487 3404 catum
2508 3351 2688 3421 populi
2722 3360 2808 3406 est
2833 3353 3088 3407 sacerdos
3116 3368 3225 3408 non
3253 3355 3534 3419 morietur,
3561 3351 3646 3408 sed
3669 3348 3767 3420 quia
3785 3345 3828 3400 in

2309 3457 2407 3496 suo
2436 3453 2658 3515 peccato
2681 3444 2908 3515 populus
2935 3447 3216 3512 morietur,
3249 3447 3434 3502 anima
3476 3455 3644 3502 autem
3670 3442 3762 3511 ejus
3779 3439 3828 3494 de

2309 3547 2473 3586 manu
2523 3535 2818 3589 sacerdotis
2841 3536 3168 3604 requiretur,
3213 3545 3270 3591 et
3298 3537 3524 3608 populus
3550 3534 3734 3606 quidem
3753 3541 3827 3600 pro

2309 3621 2486 3691 scipso
2519 3632 2747 3691 tantum,
2779 3627 3034 3682 sacerdos
3075 3641 3205 3681 vero
3241 3627 3408 3682 etiam
3438 3641 3534 3696 pro
3559 3623 3826 3695 populomo-

2310 3710 2500 3764 rietur.
2525 3709 2662 3766 llinc
2689 3723 2772 3766 est
2803 3715 2942 3782 quod
2995 3715 3038 3769 si
3075 3730 3218 3770 caeco
3257 3731 3433 3772 cmcus
3477 3717 3700 3770 ducatum
3727 3721 3832 3780 pra:

2310 3798 2455 3864 beat,
2488 3817 2593 3855 non
2630 3803 2742 3872 ipse
2773 3805 2865 3874 qui
2900 3805 3155 3858 ducatum
3186 3807 3393 3876 praebet
3417 3805 3574 3869 solus,
3599 3803 3680 3858 sed
3707 3798 3824 3853 ambo

2313 3891 2364 3946 in
2395 3891 2602 3947 foveam
2633 3895 2852 3950 cadunt.
2899 3896 3034 3952 lliuc
3077 3906 3161 3952 est
3202 3899 3350 3967 quod
3384 3905 3596 3954 sanctus
3634 3893 3723 3948 Leo
3756 3902 3826 3958 Ι³α¹

2311 3983 2593 4040 universas
2616 3989 2922 4056 provincias
2949 3990 3219 4060 episcopis
3241 3989 3545 4048 constitutis
3566 3982 3820 4042 denuntiat:

2319 4094 2336 4124 ι
2362 4075 2515 4142 Quod
2539 4078 2584 4133 si
2613 4079 2736 4146 quis
2756 4078 2984 4134 fratrum
3007 4091 3196 4136 contra
3221 4089 3426 4138 statuta
3443 4079 3614 4137 venire
3637 4083 3822 4132 tentate-

2312 4168 2406 4233 rit,
2445 4178 2498 4225 et
2546 4171 2812 4240 prohibita
2859 4170 3025 4227 fuerit
3067 4190 3236 4230 ausus
3271 4175 3570 4237 admittere,
3606 4186 3633 4225 a
3667 4181 3748 4226 suo
3777 4175 3822 4218 εθ

2313 4261 2450 4315 sciat
2486 4260 2661 4318 otiicio
2687 4264 3133 4334 submovendum,
3165 4282 3268 4323 nec
3305 4263 3674 4324 communionis
3692 4256 3821 4314 eccle-

2314 4353 2545 4408 siastica:
2571 4354 2808 4410 futurum
2839 4372 2960 4414 esse
2985 4367 3298 4419 consortem
3328 4361 3417 4432 qui
3447 4359 3614 4416 socius
3633 4367 3732 4409 esse
3751 4361 3822 4402 ω’

2239 4485 2287 4543 D
2315 4444 2413 4500 luit
2463 4446 2778 4517 disciplinae,
2810 4459 2866 4503 ct
2893 4450 2984 4520 qui
3023 4451 3091 4505 ab
3112 4453 3354 4508 omnium
3391 4453 3702 4508 decesserunt
3729 4453 3822 4496 suo-

2255 4538 2273 4604 ζ
2316 4553 2434 4590 rum
2462 4538 2714 4605 decretis,
2766 4555 2887 4610 qua:
2914 4542 2982 4596 de
3002 4538 3665 4598 ecclesiasticis‘ordinibus
3683 4541 3726 4589 et
3755 4543 3820 4584 ea.

2314 4639 2517 4680 nonum
2570 4629 2905 4699 promulgata
2953 4639 3081 4686 sunt
3123 4632 3444 4703 disciplinis,
3487 4628 3678 4684 deviare
3717 4632 3818 4689 Ρπθ·

2312 4717 2624 4786 διιηιρεθνὶίν
2652 4719 2866 4773 veniam
2895 4721 2996 4774 sibi
3023 4722 3280 4792 deinceps
3307 4719 3513 4778 noverit
3545 4710 3770 4785 denegari.
3798 4725 3812 4758 ι

2313 4801 2580 4858 Czeterum
2609 4806 2747 4860 sicut
2777 4806 2904 4860 olim
2934 4817 3156 4864 sanctus
3183 4809 3480 4882 Cyprianus
3503 4809 3704 4866 dixerat,
3728 4812 3815 4856 δετ-

2315 4903 2474 4948 vatur
2515 4911 2544 4948 a
2595 4897 2748 4952 nobis
2787 4899 3060 4967 patienter
3104 4909 3160 4956 et
3207 4900 3400 4958 leniter
3426 4899 3646 4956 Charitas
3671 4886 3812 4948 animi.

2315 4983 2489 5038 honor
2507 4985 2752 5057 Collegii,
2777 4989 3052 5044 vinculum
3083 4991 3230 5057 ﬁdei,
3256 4991 3536 5048 concordia
3567 4975 3810 5043 sacerdotii.

2312 5083 2367 5128 et
2391 5086 2648 5143 quantum
2681 5092 2746 5131 ex
2793 5078 2948 5134 nobis
2974 5089 3077 5147 est,
3109 5095 3230 5136 cum
3277 5081 3518 5138 omnibus
3545 5070 3808 5134 hominibus.

2315 5173 2370 5220 et
2395 5167 2556 5221 etiam
2587 5185 2708 5223 cum
2737 5169 2820 5224 his
2849 5170 2938 5239 qui
2980 5172 3209 5228 oderunt
3237 5189 3438 5244 pacem,
3469 5171 3648 5226 habere
3667 5169 3808 5232 Paw“

2314 5257 2684 5314 desideramus
2723 5277 2737 5314 :
2785 5276 3221 5334 unumquemque
3270 5279 3396 5320 vero
3427 5276 3516 5318 sua
3547 5244 3808 5334 conscientia

2315 5350 2620 5415 conveniat,
2671 5360 2724 5405 et
2768 5351 2836 5405 ab
2869 5333 3237 5411 ecclesiastica
3283 5371 3413 5428 pace
3463 5365 3606 5408 nemo
3628 5360 3676 5401 se
3701 5333 3806 5410 tl“0d

2307 5425 2422 5493 non
2447 5447 2694 5510 optamus
2725 5441 2987 5514 sejungat.
3025 5463 3043 5496 ι

3001 5665 3198 5681 ~—-
