3998 6336
146 350 271 410 421

723 482 936 525 ειηιοθι
974 486 1146 526 CAPUT
1179 488 1238 527 ll.

136 578 315 645 Quid
362 578 431 633 sit
463 579 602 633 inter
629 580 851 647 gratiam
903 589 948 631 et
980 581 1513 648 prrrdestiuatiouem,
1544 591 1592 637 et
1636 582 1773 637 inter

466 650 851 718 prwscieutiam
881 659 929 703 et
952 650 1481 719 pra'destinatiouem.

218 755 583 828 Augustinus
642 757 694 811 in
746 756 883 811 libro
925 759 992 814 de
1040 761 1514 829 praedestinatione
1557 772 1772 818 saneto—

136 864 281 901 rum
334 851 482 920 (cap.
524 850 615 919 10)
647 849 779 903 dicit
823 866 837 902 :
888 868 907 900 ι
945 851 1001 904 Si
1042 851 1367 907 discutiatur
1404 865 1459 907 et
1497 864 1773 922 qumratur

136 941 310 995 unde
346 942 578 1010 quisque
626 940 699 995 sit
724 940 935 1010 dignus,
973 957 1079 997 non
1110 944 1306 998 desunt
1332 945 1422 1013 qui
1454 945 1638 1000 dicant
1676 960 1765 1000 vo-

136 1030 381 1087 luntate
411 1034 669 1096 humana,
702 1049 800 1087 nos
830 1043 1010 1088 autem
1041 1035 1274 1091 dicimus
1317 1037 1488 1106 gratia
1520 1038 1601 1091 vel
1633 1054 1768 1107 prae-

136 1123 555 1178 destinatione'
579 1124 782 1177 divina.
826 1124 972 1179 lnter
1002 1130 1232 1195 gratiam
1266 1143 1430 1196 porro
1459 1138 1512 1182 et
1557 1129 1765 1198 prmade-

137 1215 531 1271 stinatiouem
554 1216 656 1270 hoc
685 1224 894 1270 tantum
923 1217 1166 1283 interest,
1192 1221 1335 1289 quod
1359 1220 1766 1289 prredcstinatio

132 1315 235 1359 est
268 1307 839 1376 gratitepreeparatio,
863 1308 1035 1377 gratia
1063 1324 1189 1363 vero
1209 1310 1321 1380 jam
1361 1311 1476 1379 ipsa
1523 1312 1763 1367 donatio.

134 1394 319 1462 Quod
346 1396 535 1464 itaque
559 1397 639 1450 ait
662 1396 979 1468 Apostolus:
1015 1398 1138 1452 Non
1165 1416 1232 1454 ea:
1255 1402 1519 1470 operibus,
1548 1418 1611 1456 ne
1630 1403 1765 1472 forte

132 1490 271 1558 qvi:
304 1477 620 1543 Extollatur.
655 1488 831 1560 Ipsius
855 1492 993 1544 enim
1036 1508 1218 1546 sumus
1246 1494 1574 1563 figmentum,
1602 1495 1764 1550 creati

134 1579 198 1631 in
240 1576 477 1633 Christo
500 1574 631 1633 Iesu
676 1581 733 1633 in
763 1580 1003 1650 operibus
1025 1581 1173 1635 bonis
1196 1581 1413 1653 (Ephes.
1442 1598 1502 1647 ιι,
1535 1584 1615 1650 9),
1642 1600 1764 1655 gra-

135 1670 220 1723 tia
253 1677 371 1724 est.
402 1668 558 1737 Quod
584 1677 767 1725 autem
804 1672 1072 1741 sequitur,
1120 1670 1252 1736 Qua:
1271 1676 1582 1742 praeparavit
1622 1674 1761 1729 Deus

134 1768 198 1811 ut
239 1759 308 1813 in
353 1758 467 1813 illis
507 1759 861 1826 ambulemus,
905 1761 1313 1832 prauiestinatio
1346 1773 1453 1830 est,
1497 1780 1618 1834 qua:
1644 1765 1762 1820 sine

949 356 1038 413 DE
1078 357 1750 417 ΡΠλΕὓΕΞΤΙΝΑΤΙΟΝΕ
1789 360 2250 423 DISSER'I'ATIO
2286 368 2692 428 POSTEillOR.

3359 382 3473 443 422

1798 483 1844 536 ,Α
1877 479 2176 544 periturum
2217 484 2519 550 pmescivit;
2571 486 2661 555 qui
2709 502 2815 542 non
2864 489 2985 545 ideo
3025 492 3167 560 perit
3204 497 3464 564 quoniam

1874 568 2018 622 Deus
2050 569 2195 622 illum
2232 574 2531 640 periturum
2570 579 2838 646 prmscivit
2858 620 2872 644 ,
2902 583 2993 634 sel
3025 583 3149 651 quia
3181 582 3458 654 periturus

1871 669 2029 724 erat,
2084 663 2223 716 Deus
2278 667 2459 719 omnia
2518 670 2698 724 sciens
2748 672 2913 726 etiam
2965 684 3253 745 antequam
3304 680 3459 747 fiant,

1872 751 2021 805 illum
2062 756 2363 822 periturum
2401 754 2691 828 praeseivit.
2728 765 2792 817 Et
2841 775 2897 818 ut
2932 782 3038 819 non
3076 768 3216 823 Deus
3244 773 3463 840 pracseit

1872 841 1982 932 nisi.
1998 844 2138 910 quod
2169 856 2251 899 est
2279 850 2499 902 omnino
2527 850 2787 917 futurum,
2823 858 2894 909 ita
2922 858 3063 924 quod
3102 861 3319 926 pnescit
3346 876 3455 917 non

1868 944 2044 1001 potest
2074 950 2178 988 non
2210 952 2330 989 esse
2372 938 2630 993 futurmn.
3268 962 3273 969 ‘

1942 1023 2080 1079 llnie
2153 1031 2453 1098 perspicua:
2510 1035 2722 1088 veritati
2775 1040 3154 1095 contradicunt
3208 1046 3453 1102 moderni

1870 1113 2129 1179 hmretiei,
2169 1126 2473 1173 asserentes
2521 1124 2777 1190 reprobus
2820 1140 2846 1176 a
2895 1126 3005 1178 1)ρο
3054 1138 3110 1180 ιιι
3155 1135 3452 1203 pnescitos,

1869 1201 1939 1255 ita
1975 1213 2030 1258 et
2058 1207 2125 1258 ad
2157 1207 2434 1262 interitum
2462 1212 2891 1278 prmdestiuatos.
2923 1216 2987 1268 Et
3008 1222 3281 1275 contraria
3306 1201 3457 1280 rete?

1867 1308 1955 1350 res
1980 1307 2265 1352 senserunt
2293 1299 2770 1368 Prmdestinatiaui,
2797 1306 3035 1361 (liventes
3066 1307 3230 1363 Deum
3261 1328 3458 1368 secun-

1812 1410 1816 1414 Α
1864 1384 1990 1439 dum
2026 1389 2424 1456 pneseientiam
2465 1394 2736 1460 perituros
2765 1397 3041 1449 damnare.
3076 1397 3277 1453 Contra
3317 1418 3456 1471 «plus

1846 1484 2089 1529 sanctus
2156 1477 2489 1548 Augustinus
2551 1482 2602 1535 in
2670 1482 2806 1535 libro
2855 1484 2921 1536 de
2975 1484 3456 1545 Prmulestinatione

1863 1575 2208 1631 sanctorum,
2242 1582 2515 1638 exponens
2556 1573 2879 1625 sententiam
2929 1572 3225 1644 Scriptura:
3272 1578 3448 1634 dicit:

1868 1674 1886 1706 ι
1929 1645 2129 1726 Raptus
2177 1669 2249 1712 est
2304 1676 2368 1713 ne
2430 1662 2636 1716 malitia
2680 1673 2904 1716 mutaret
2956 1665 3274 1723 intellectum
3331 1668 3451 1739 ejus

1863 1745 2012 1817 (Sap.
2046 1764 2119 1813 IV,
2153 1750 2261 1820 il).
2293 1752 2403 1808 lloc
2434 1754 2635 1809 dictum
2667 1763 2770 1817 est,
2802 1756 2993 1826 inquit,
3027 1759 3450 1832 secundumpe-

136 1850 505 1917 micam
524 1860 632 1905 ηοη
645 1831 1485 1922 potesgesgemogesgaummesse
1499 1831 1615 1911 έιηρ
1629 1870 1756 1926 pm.
1788 1831 1837 1895 B
1866 1837 2036 1893 ricula
2070 1840 2195 1895 vita:
2225 1842 2405 1913 hujus,
2438 1860 2543 1899 non
2575 1846 2871 1901 secundum
2910 1848 3305 1917 prmscientiam
3332 1854 3448 1920 Dei,

134 1940 525 1995 destinatione
538 1941 1389 2011 pneseientia.Pr;edestiuatione
1403 1948 1599 2017 quippe
1620 1948 1759 2004 Deus

136 2028 316 2100 357
346 2033 618 2100 pneseivit
655 2048 777 2101 qua:
814 2030 992 2087 fuerat
1022 2031 1135 2103 ipse
1169 2032 1446 2101 facturus,
1490 2038 1635 2093 unde
1674 2037 1760 2093 di-

137 2127 303 2173 ctum
348 2130 440 2175 est
474 2139 489 2175 :
526 2119 674 2176 Fecit
704 2137 825 2193 qua
867 2123 1049 2193 futura
1088 2135 1229 2179 sum.
1267 2124 1532 2182 Pnescire
1572 2140 1754 2186 autem

140 2223 355 2281 potens
383 2222 470 2267 est
494 2213 655 2268 etiam
680 2199 801 2283 quin
837 2215 951 2285 ipse
988 2228 1093 2270 non
1133 2215 1298 2282 facit,
1327 2220 1467 2273 sicut
1496 2235 1756 2289 qumcun-

138 2317 255 2371 que
291 2311 541 2372 peccata.
571 2300 707 2369 Quia
730 2304 832 2359 etsi
862 2314 988 2359 sunt
1009 2306 1255 2375 quaedam
1279 2323 1399 2377 quae
1430 2310 1501 2363 ita
1532 2321 1752 2380 peccata

145 2401 287 2446 sunt
316 2401 379 2446 ut
412 2406 585 2462 pmnm
618 2394 730 2448 sint
755 2404 916 2448 etiam
945 2405 1289 2465 peccatorum
1314 2438 1329 2462 ,
1367 2398 1509 2453 unde
1547 2400 1749 2456 dictum

140 2492 232 2537 est
253 2503 270 2537 :
301 2483 549 2537 Tradidit
568 2483 684 2539 illos
702 2485 843 2539 Deus
863 2487 916 2539 in
939 2488 1207 2557 reprobam
1232 2499 1453 2543 mentem
1476 2501 1529 2544 ut
1551 2491 1751 2561 faciant

136 2591 268 2642 quc
290 2592 400 2629 non
430 2578 738 2631 conveniunt
769 2576 947 2650 (Rom.
988 2595 1025 2643 ι,
1062 2579 1176 2650 28),
1217 2597 1322 2635 non
1356 2582 1430 2636 ibi
1460 2594 1746 2654 peccatum

141 2666 245 2720 Dei
276 2674 365 2721 est
385 2706 400 2728 ,
429 2669 522 2721 sed
548 2666 832 2737 judicium.
883 2668 1148 2735 Quocirca
1184 2674 1586 2742 prmdestinatio
1618 2675 1745 2743 Dei,

139 2768 271 2822 qna:
301 2755 363 2809 in
384 2756 528 2811 bono
546 2767 648 2823 est,
676 2759 863 2828 gratia:
882 2769 965 2813 est
987 2768 1045 2813 ut
1071 2760 1178 2814 dixi
1209 2763 1550 2830 praeparatio,
1574 2765 1748 2834 gratia

140 2863 282 2903 vero
324 2858 409 2903 est
441 2850 607 2919 ipsius
652 2851 1147 2921 praealesﬁnationis
1180 2852 1422 2907 ell‘ectus.
1462 2873 1481 2907 ι
1521 2855 1584 2908 Et
1614 2855 1779 2911 Pro?

140 2952 279 3007 sper
307 2950 499 2992 contra
527 2939 707 2996 Gallos
748 2942 958 2994 actione
994 2956 1063 2993 xv
1106 2958 1119 2994 :
1166 2961 1185 2992 ‹
1231 2942 1461 2995 Dubium
1498 2958 1603 2997 non
1640 2953 1744 3009 est,

141 3030 270 3083 sine
322 3031 435 3082 ulla
485 3031 763 3100 temporali
808 3031 1113 3086 differentia
1155 3032 1333 3087 Deum
1366 3042 1423 3087 et
1463 3035 1745 3104 praescisse

142 3122 395 3176 simulet
427 3124 841 3192 praedestinasse
878 3140 1000 3195 qum
1047 3125 1164 3195 ipso
1205 3133 1363 3180 erant
1403 3133 1631 3181 auctore
1659 3128 1743 3181 fa-

1863 1930 1956 1999 qui
1999 1932 2102 1987 hoc
2145 1935 2419 2002 praescivit
2463 1936 2605 2004 quod
2654 1935 2895 1993 futurum
2945 1951 3102 2005 erat,
3155 1957 3260 1997 non
3305 1945 3450 2013 quod

1861 2018 2027 2091 358
2070 2022 2313 2077 futurum
2361 2041 2466 2079 non
2512 2035 2649 2091 erat,
2694 2028 2744 2082 ii]
2789 2038 2892 2094 est,
2945 2034 3088 2100 quod
3132 2031 3183 2089 el
3216 2046 3450 2094 mortem

1861 2110 2211 2169 immaturam
2260 2115 2438 2170 fuerat
2477 2117 2769 2187 largiturus
2809 2128 2869 2174 ut
2921 2124 3274 2181 tentationum
3316 2129 3448 2183 sub-

1859 2203 2170 2289 traheretur
2217 2206 2439 2270 incerto,
2493 2227 2598 2264 non
2647 2212 2788 2280 quod
2840 2215 3113 2283 periturus
3165 2228 3307 2274 esset
3353 2222 3447 2291 qui

1861 2310 2153 2351 mansurus
2201 2299 2254 2353 in
2291 2302 2591 2356 tentatione
2638 2318 2744 2357 non
2774 2313 2937 2359 esset.
2987 2307 3060 2362 De
3111 2310 3214 2364 hac
3249 2312 3448 2382 quippe

1857 2386 1967 2440 vita
2013 2387 2211 2457 legitur
2237 2390 2289 2443 in
2322 2390 2458 2446 libro
2482 2391 2583 2447 Job
2617 2406 2632 2446 :
2668 2393 2925 2465 Nunquid
2963 2414 3068 2451 non
3113 2401 3330 2454 tentatio
3368 2414 3447 2457 est

1853 2479 1959 2533 vita
2003 2481 2239 2535 humana
2281 2500 2438 2552 super
2491 2494 2685 2538 terram
2757 2487 2878 2557 (Job
2932 2506 2971 2554 ι,
3024 2491 3115 2561 7)?
3149 2511 3167 2543 ι
3212 2501 3267 2548 et
3307 2495 3439 2551 item

1854 2569 1987 2625 dicit
2020 2589 2033 2624 :
2088 2591 2109 2622 ι
2143 2572 2197 2627 Si
2227 2574 2370 2627 enim
2395 2574 2772 2642 judicarentur
2808 2579 3054 2634 homines
3097 2597 3197 2650 pro
3230 2585 3441 2639 meritis

1854 2676 1965 2717 suae
1992 2664 2119 2718 vita:
2141 2704 2156 2727 ,
2186 2679 2309 2732 quae
2340 2681 2442 2719 non
2484 2667 2789 2721 habuerunt
2817 2677 2991 2724 morte
3016 2673 3307 2739 praeventi,
3348 2676 3444 2730 sed

1852 2752 2087 2807 habituri
2121 2764 2303 2808 essent
2348 2756 2393 2809 si
2437 2756 2720 2823 viverent,
2764 2759 2894 2811 nihil
2936 2762 3217 2829 prodesset
3253 2765 3303 2819 ei
3346 2766 3439 2835 qui

1852 2854 2041 2913 raptus
2070 2856 2156 2901 est
2186 2862 2254 2901 ne
2282 2849 2483 2903 malitia
2525 2859 2760 2905 mutaret
2788 2852 3118 2909 intellectum
3144 2855 3280 2924 ejus,
3309 2857 3444 2912 nihil

1841 2938 2134 3005 prodesset
2160 2939 2238 2993 eis
2268 2940 2357 3008 qui
2394 2940 2524 3010 lapsi
2556 2945 2880 3009 moriuntur,
2911 2946 2953 3000 si
2993 2956 3124 3003 ante
3156 2965 3437 3005 moreren-

1852 3037 1970 3091 tur;
2002 3030 2146 3096 quod
2193 3030 2374 3085 nullus
2418 3032 2598 3086 dicere
2639 3032 2980 3089 Christianus
3018 3037 3261 3094 audebit.
3295 3058 3314 3091 ι
3368 3039 3445 3096 De

1847 3134 1955 3189 quo
2003 3122 2303 3175 errantium
2341 3122 2649 3191 pernicioso
2688 3139 2877 3180 errore
2921 3126 3081 3182 latius
3111 3128 3307 3183 ibidem
3359 3131 3438 3184 fa-

144 3213 368 3276 cienda,
399 3177 482 3267 v'el
512 3228 631 3284 quae
658 3214 812 3270 malis
849 3177 1224 3284 mbritis'justo
1252 3225 1411 3271 erant
1426 3215 1634 3286 judicio
1660 3233 1743 3274 re-
1770 3177 1817 3243 θ
1848 3210 2211 3267 calidissimus
2281 3213 2473 3267 doctor
2543 3215 2870 3271 destruendo
2928 3217 3075 3272 illum
3142 3220 3434 3289 eloquitur.

147 3303 467 3368 tribuenda,
497 3305 777 3373 praescisse
809 3312 988 3358 autem
1023 3307 1417 3373 tantummodo,
1445 3322 1551 3361 non
1580 3308 1743 3364 etiam

144 3393 590 3462 pmdestinasse,
624 3408 744 3463 quae
773 3410 879 3449 non
911 3410 975 3449 ex
1018 3396 1134 3465 ipso
1163 3407 1320 3452 erant
1361 3413 1580 3454 causam
1616 3416 1745 3470 ope-

149 3484 384 3539 rationis
412 3485 682 3539 babitura.
712 3484 890 3540 Potest
914 3486 1095 3555 itaque
1121 3487 1239 3542 sine
1268 3488 1744 3559 praedestinatione

144 3590 269 3630 esse
316 3577 698 3646 tumscientia,
748 3578 1155 3648 pnedestinatio
1208 3590 1389 3636 autem
1436 3583 1556 3639 sine
1603 3599 1743 3654 pra:-

145 3669 379 3723 scientia
419 3682 541 3723 esse
569 3686 675 3723 non
701 3680 897 3740 potest.
944 3689 961 3722 ι
1012 3672 1075 3725 ΕΙ.
1107 3673 1158 3726 in
1200 3674 1645 3745 recapitulatione
1674 3676 1742 3731 15

146 3769 341 3814 contra
369 3759 551 3814 Gallos
579 3776 593 3813 :
629 3780 647 3810 ι
680 3762 810 3827 Quae
831 3762 974 3816 enim
998 3777 1064 3816 ex
1088 3761 1180 3817 Dei
1207 3779 1431 3820 munere
1457 3764 1737 3832 habemus,

144 3859 203 3903 et
228 3864 355 3917 quae
380 3850 627 3918 prtescita
654 3851 924 3914 dicuntur,
950 3865 1055 3906 non
1078 3859 1303 3919 possunt
1329 3868 1433 3907 non
1461 3868 1581 3909 esse
1609 3870 1739 3923 prse-

142 3940 453 4002 destinata,
509 3951 564 3995 et
602 3957 722 4011 quae
770 3940 1149 4011 przedcstinata
1200 3944 1575 4012 appellantur,
1632 3958 1736 4000 non

142 4040 378 4101 possunt
406 4047 512 4085 non
542 4047 661 4086 esse
692 4032 961 4101 innascita.
1004 4034 1059 4087 In
1088 4034 1246 4087 malis
1273 4045 1452 4088 autem
1482 4035 1737 4105 aperibus

142 4122 351 4176 nostris
390 4120 503 4176 sola
534 4121 870 4192 przescientia
907 4122 996 4175 Dei
1039 4121 1380 4192 intelligenda
1422 4132 1509 4177 est
1545 4140 1559 4177 :
1610 4125 1736 4193 quia

144 4216 284 4269 sicut
312 4215 586 4284 pnescivit
607 4224 664 4270 et
691 4215 1098 4286 praedestinavit
1126 4230 1248 4285 quae
1269 4215 1384 4286 ipse
1414 4214 1564 4281 fecit,
1596 4226 1651 4270 et
1677 4226 1738 4272 ut

145 4305 458 4360 faceremus
502 4305 666 4371 dedit,
714 4306 788 4361 ita
832 4306 1105 4375 prmseivit
1159 4314 1369 4360 tantum
1408 4321 1520 4361 non
1568 4307 1733 4362 etiam

144 4394 577 4464 praedestinavit,
609 4409 729 4464 quae
757 4409 857 4450 nec
881 4395 994 4465 ipse
1023 4395 1150 4451 fecit
1169 4436 1182 4461 ,
1212 4411 1315 4451 nec
1341 4408 1403 4451 ut
1433 4397 1733 4453 faceremus

145 4487 346 4558 exegit.
386 4505 407 4538 ι
439 4486 506 4541 Ει
536 4488 591 4540 in
628 4487 766 4541 libro
795 4487 1200 4543 Sententiarum
1236 4502 1356 4557 cap.
1382 4488 1527 4544 579:
1564 4508 1582 4541 ι
1623 4488 1729 4543 Ne-

146 4580 353 4633 minem
384 4579 527 4633 Deus
564 4580 630 4633 ad
677 4580 1008 4649 peccandum
1032 4581 1209 4650 cogit,
1244 4582 1503 4651 praevidet
1546 4589 1749 4635 tamen-

145 4683 261 4734 eos,
293 4670 387 4740 qui
422 4671 640 4740 propria
669 4669 943 4723 voluntate
976 4672 1295 4741 peccabunt.
1327 4672 1437 4727 Cur
1464 4688 1592 4744 ergo
1623 4689 1729 4727 non

144 4762 389 4817 vindicet
426 4759 606 4829 justus
631 4776 753 4831 qua:
788 4761 903 4816 ﬁeri
935 4778 1040 4817 non
1078 4763 1224 4834 cogit
1253 4765 1548 4833 praescius?
1578 4764 1732 4821 Sicut

145 4854 288 4907 enim
316 4867 483 4908 nemo
518 4853 777 4908 memoria
808 4869 905 4908 sua
945 4855 1089 4925 cogit
1126 4855 1267 4910 facta
1298 4870 1419 4911 esse
1446 4872 1564 4925 quae
1594 4872 1731 4927 prm-

145 4946 435 5007 terierunt,
482 4944 563 4997 sic
605 4943 747 4999 Deus
790 4945 1128 5013 prazscientia
1175 4962 1272 5000 sua
1320 4961 1424 5001 non
1466 4947 1611 5017 cogit
1649 4947 1729 5001 fa-

143 5036 333 5089 cienda
366 5049 488 5103 qum
515 5035 691 5089 futura
720 5044 864 5090 sunt.
892 5037 959 5091 Et
983 5038 1121 5092 sicut
1148 5038 1309 5093 homo
1338 5039 1582 5108 qucedam
1608 5055 1728 5111 qua)

145 5126 271 5179 fecit
300 5128 570 5191 meminit,
603 5141 700 5182 nec
729 5136 905 5183 tamen
933 5129 1114 5183 omnia
1146 5145 1266 5198 qua:
1296 5131 1540 5185 meminit
1566 5130 1729 5197 fecit;

145 5216 215 5269 ita
268 5218 414 5271 Deus
460 5219 640 5272 omnia
689 5233 917 5287 quorum
970 5220 1084 5289 ipse
1130 5230 1320 5274 auctor
1367 5227 1451 5274 est
1496 5221 1731 5290 prmscit,

147 5320 242 5359 nec
291 5315 473 5360 tamen
521 5310 761 5363 omnium
812 5325 933 5379 quae
974 5311 1187 5378 prmscit
1224 5312 1338 5380 ipse
1377 5319 1567 5364 auctor
1599 5320 1682 5366 est
1716 5330 1729 5363 τ

147 5412 376 5465 quantm
429 5410 611 5455 autem
660 5417 766 5456 non
817 5410 900 5456 est
954 5402 1126 5457 malus
1172 5413 1379 5468 auctor,
1420 5401 1600 5472 justus
1645 5413 1730 5461 est

148 5489 306 5543 altor.
349 5510 369 5543 ε
405 5490 574 5547 Nemo
608 5493 772 5562 igitur
796 5494 1133 5563 przeseientia
1156 5494 1273 5559 Dei,
1306 5496 1445 5549 sicut
1466 5510 1564 5550 nec
1590 5512 1728 5567 pra:-

149 5581 508 5638 destinatione
531 5584 718 5654 ipsius,
748 5587 890 5656 perit
920 5600 935 5639 :
967 5585 1059 5641 sed
1090 5585 1180 5655 qui
1208 5588 1575 5655 perseveranti
1605 5587 1727 5642 inli-

148 5672 364 5729 delitate
413 5676 501 5730 vel
546 5677 827 5746 iniquitate
876 5676 1149 5746 periturus
1197 5684 1338 5741 erat,
1385 5676 1525 5733 Deus
1576 5678 1727 5747 cujus

148 5757 421 5819 essentia“
459 5766 685 5822 scientia
728 5767 803 5821 nit
833 5767 1088 5836 pra-terit,
1118 5767 1420 5835 acciditque
1461 5766 1724 5835 futurum,

1848 3298 2085 3356 Sanctus
2124 3315 2341 3371 quoque
2385 3302 2697 3372 Gregorius,
2747 3306 3016 3374 posterior
3048 3315 3308 3379 tempore,
3340 3312 3437 3366 sed

1845 3392 1992 3461 prior
2017 3392 2157 3460 loco,
2188 3395 2241 3449 in
2268 3395 2406 3449 libro
2429 3396 2695 3466 vigesimo
2721 3412 2864 3453 nono
2891 3398 3197 3465 Moralium,
3221 3402 3428 3471 praede-

1844 3485 2191 3540 stinationem
2234 3487 2351 3551 Dei,
2378 3503 2504 3558 quae
2528 3488 2647 3543 sine
2675 3490 3013 3559 przeseientia
3047 3506 3166 3547 esse
3196 3506 3300 3546 non
3330 3508 3429 3564 po-

1847 3582 1972 3640 test,
1995 3584 2047 3628 et
2076 3588 2291 3647 semper
2317 3578 2370 3631 in
2407 3579 2552 3632 bono
2572 3586 2675 3643 est,
2707 3580 2833 3649 quia
2858 3588 2953 3633 aut
2984 3580 3048 3633 ad
3074 3580 3272 3635 donum
3298 3596 3426 3651 per-

1838 3666 1981 3721 tinet
2006 3667 2214 3737 gratiaz,
2239 3676 2331 3722 aut
2361 3669 2427 3723 ad
2453 3670 2865 3726 retributionem
2885 3669 3129 3739 iustitia},
3159 3672 3212 3727 in
3236 3672 3436 3731 divinis

1838 3758 2116 3828 Operibus,
2145 3774 2264 3829 quae
2292 3776 2505 3830 seraper
2535 3762 2673 3817 bona
2705 3771 2848 3826 sunt,
2887 3763 3028 3817 inter
3054 3778 3173 3834 qua:
3204 3779 3430 3835 compu-

1842 3858 2043 3915 tantur,
2080 3866 2200 3904 cum
2237 3865 2333 3921 per
2359 3852 2652 3906 indebitam
2683 3852 2909 3923 gratiam
2939 3854 3219 3910 salvantur
3243 3856 3423 3923 electi,

1838 3948 1892 3993 et
1924 3956 2019 4008 per
2048 3942 2282 3996 debitam
2306 3941 2575 4010 justitiam
2613 3944 2824 4014 reprobi
2859 3946 3182 4014 puniuntur,
3214 3949 3287 4001 ita
3318 3966 3428 4004 ma-

1839 4029 2189 4085 nifestissime
2218 4042 2484 4087 monstrat
2520 4033 2659 4102 (cap.
2693 4034 2805 4102 10),
2834 4036 3025 4090 dicens
3063 4054 3076 4091 :
3113 4055 3131 4086 ι
3164 4039 3305 4093 Deus
3340 4041 3436 4109 qui

1836 4122 1952 4176 sine
1979 4122 2132 4176 initio
2151 4137 2366 4193 semper
2378 4124 2609 4187 exstitit,
2626 4125 2900 4194 prmscivit
2924 4126 3067 4181 dese
3091 4129 3190 4183 hoc
3214 4131 3353 4196 quod
3378 4132 3433 4185 in

1834 4221 1990 4265 utero
2017 4210 2252 4281 Virginis
2277 4226 2376 4281 per
2395 4212 2607 4266 imtium
2636 4214 2900 4283 sumpsit;
2933 4224 2987 4268 et
3016 4216 3436 4289 quiaprmscivit

1834 4304 2132 4375 diSpOSttit;
2170 4304 2294 4374 quia
2342 4304 2641 4374 disposuit,
2683 4302 2817 4359 nihil
2843 4304 3084 4374 profecto
3113 4306 3163 4359 in
3196 4303 3432 4363 humana

1834 4396 2005 4451 forina
2030 4399 2147 4452 sine
2176 4413 2270 4452 sna
2298 4397 2573 4453 voluntate
2612 4396 2882 4452 toleravit.
2905 4396 3274 4454 ConviuCatur
3299 4414 3431 4469 ergo

1835 4502 1934 4543 cur
1963 4489 2026 4541 de
2055 4488 2280 4559 ﬂagellis
2315 4488 2428 4544 suis
2467 4488 2630 4544 homo
2654 4490 2906 4559 queritur
2947 4490 3038 4561 qui
3069 4500 3244 4544 ortum
3271 4506 3430 4545 usum

1837 4579 2092 4648 priescire
2120 4593 2225 4632 non
2257 4578 2430 4648 potuit
2456 4618 2471 4643 ,
2503 4578 2548 4633 si
2597 4578 2713 4649 ipse
2745 4580 2905 4633 etiam
2935 4579 3027 4649 qui
3053 4589 3237 4635 'ortusn
3270 4595 3429 4634 usum

1832 4670 2166 4738 praesciendo
2189 4671 2473 4740 disposuit,
2493 4680 2548 4727 et
2589 4688 2647 4727 se
2680 4672 2820 4726 inter
2844 4671 3096 4727 homines
3119 4671 3185 4726 ad
3216 4669 3426 4741 ﬂagella

1832 4764 2172 4832 praeparavit.
2213 4782 2231 4815 ι
2270 4762 2333 4817 Et
2369 4764 2497 4818 item
2535 4763 2646 4835 (lib.
2696 4779 2860 4826 XXIX,
2900 4762 3109 4833 cap.'7)
3145 4779 3158 4817 :
3201 4780 3219 4813 ι
3257 4761 3421 4816 Teuc-

1836 4855 1991 4907 brosa
2058 4846 2195 4908 ostia
2239 4853 2361 4925 (Job
2393 4870 2619 4921 xxxvni,
2659 4855 2747 4926 17)
2789 4865 2917 4910 tunc
2962 4854 3224 4909 Dominus
3273 4852 3425 4918 vidit,

1838 4954 1960 5001 c'um
2005 4945 2237 5000 claustra
2292 4944 2484 5000 inferni
2529 4955 2820 5017 penetrans
2852 4986 2866 5009 ,
2914 4945 3161 5000 crudeles
3202 4942 3425 5012 spiritus

1839 5036 2105 5107 perculit,
2136 5046 2190 5092 et
2228 5039 2417 5092 mortis
2461 5039 2779 5108 przepositos
2817 5035 3098 5090 moriendo
3127 5034 3421 5089 damnavit.

1839 5129 1993 5197 Quod
2016 5129 2219 5185 idcirco
2248 5145 2352 5185 non
2383 5131 2558 5185 adhuc
2584 5132 2651 5185 de
2682 5129 2883 5195 futuro,
2918 5130 3009 5182 sed
3034 5127 3146 5197 jam
3183 5126 3248 5180 de
3284 5139 3423 5195 pra:-

1838 5222 1997 5275 tcrito
2020 5220 2233 5286 dicitur,
2261 5222 2387 5291 quia
2420 5223 2522 5277 hoc
2547 5223 2690 5294 quod
2726 5222 2967 5301 facturus
3001 5229 3117 5273 erat
3155 5218 3206 5270 in
3237 5232 3421 5286 opere,

1836 5314 2089 5368 nimirum
2117 5311 2231 5382 jam
2264 5313 2464 5369 fecerat
2490 5315 2543 5368 in
2579 5311 3070 5385 prmdestinatione.
3108 5330 3126 5361 ι
3167 5308 3232 5362 Et
3262 5305 3422 5377 paulo

1834 5412 1986 5475 post:
2009 5424 2027 5457 ς
2051 5404 2186 5460 Dum
2210 5407 2355 5461 enim
2393 5407 2669 5477 angustias
2693 5404 2880 5459 mortis
2901 5402 3072 5474 petiit,
3095 5400 3250 5453 fidem
3268 5411 3419 5451 suam

1836 5496 1889 5550 in
1928 5497 2175 5567 gentibus
2219 5497 2479 5552 dilatavit.
2512 5517 2531 5549 ι
2563 5495 2727 5563 Cujus
2761 5495 2915 5549 nobis
2948 5493 3111 5546 verba
3144 5489 3421 5545 evidenter

1833 5587 2143 5654 ostendunt,
2174 5590 2300 5660 quia
2333 5588 2474 5658 quod
2500 5587 2738 5642 claustra
2763 5585 2957 5640 inferni
2984 5593 3273 5654 penetrans
3298 5594 3420 5634 cru-

1835 5679 1980 5734 deles
2028 5678 2251 5749 spiritus
2288 5676 2537 5745 perculit,
2587 5684 2642 5731 et
2697 5674 2887 5729 mortis
2935 5670 3251 5743 praepositos
3305 5683 3419 5721 mo-

1786 5814 1800 5843 ;
1835 5770 2022 5825 riendo
2060 5768 2354 5832 damnavit,
2387 5768 2528 5835 quoi
2572 5765 2685 5836 jam
2731 5765 2928 5821 fecerat
2975 5763 3026 5817 in
3066 5756 3419 5831 prtedestina¥
