3998 6336
161 376 279 430 ‘25

920 369 1009 423 DE
1046 361 1722 423 PIUEDESTINATIONE
1761 353 2218 421 DISSER'TATIO
2252 358 2662 418 POSTERIOR.

3324 357 3432 415 49.6

161 498 349 547 menta
378 485 607 542 Domino
642 486 907 557 punienti.
933 504 951 538 ι
985 485 1052 540 Et
1073 485 1305 556 Prosper
1356 485 1411 540 in
1463 484 1602 539 libro
1621 483 1754 554 Epi-
1857 482 1938 540 eis
1966 498 2070 539 non
2105 483 2358 554 perderet
2406 493 2753 552 quemquam.
2805 476 2875 534 Et
2900 476 2946 534 si
2977 475 3096 535 hac
3135 479 3433 551 prtescivit,

159 589 530 653 grammatum
557 580 735 650 capite
755 578 1018 649 vigesimo
1039 587 1254 644 octavo,
1280 577 1357 632 De
1380 575 1582 647 duplici
1605 587 1759 646 apere

161 673 304 727 Dei:
342 690 360 724 ι
396 672 454 726 Si
481 686 670 726 omnes
704 670 952 725 homines
980 667 1141 723 simul
1163 666 1596 732 consideremus,
1626 679 1760 735 quo-

163 775 290 816 rum
313 761 410 815 alii
440 758 810 815 misericordia
865 757 996 812 salvi
1030 756 1191 823 ﬁunt,
1235 757 1325 811 alii
1350 754 1578 811 veritate
1612 753 1764 809 dam-

163 858 398 916 nantur,
420 851 688 905 universae
713 848 814 902 vite
846 847 1082 914 Domint,
1106 847 1159 902 id
1185 855 1271 902 est
1316 844 1687 901 misericordia
1708 850 1763 899 et

160 943 396 1008 veritas,
421 957 520 996 suo
550 941 657 995 line
688 938 956 995 distinctae
995 947 1141 994 sunt.
1170 937 1229 993 Si
1256 946 1439 992 autem
1471 936 1618 993 solos
1640 951 1763 992 san-

162 1043 288 1090 etos
325 1034 655 1097 intueamur,
686 1045 791 1086 non
818 1029 1196 1086 discernentur
1221 1029 1304 1084 hat
1324 1029 1448 1086 viae.
1485 1028 1762 1084 lndividua

159 1127 319 1182 enim
354 1125 425 1180 ibi
447 1130 556 1188 est,
587 1131 643 1178 et
671 1138 702 1176 a
743 1121 1116 1177 misericordia
1142 1122 1362 1187 veritas,
1393 1129 1448 1178 et
1473 1136 1504 1176 a
1533 1121 1766 1178 veritate

160 1213 553 1272 misericordia
580 1229 593 1266 :
622 1211 749 1283 quia
785 1211 1066 1267 beatitudo
1105 1220 1419 1268 sanctorum
1449 1220 1504 1268 et
1551 1212 1619 1267 de
1640 1226 1763 1267 mu-

161 1319 304 1361 nere
332 1313 420 1359 est
443 1303 655 1376 gratiae,
682 1310 739 1358 et
760 1301 828 1358 de
853 1302 1209 1358 retributione
1233 1301 1478 1374 iustitiae.

795 1411 1155 1486 Epigramma.

295 1524 612 1587 omnibusin
637 1524 788 1575 rebus
811 1526 1063 1587 geminum
1078 1530 1163 1587 est
1179 1537 1304 1586 Opus
1330 1524 1717 1586 Omnipotentis,

361 1585 538 1636 Totum
558 1594 643 1650 aut
659 1585 846 1648 iustitia
866 1594 942 1650 est
961 1586 1090 1650 quod
1114 1585 1268 1650 gerit,
1292 1596 1378 1637 aut
1401 1585 1578 1650 pietas.

297 1650 426 1712 Quae
449 1649 593 1698 simul
619 1651 666 1696 in
692 1656 850 1712 terras
871 1648 1178 1712 descendunt
1200 1648 1322 1700 lucis
1343 1648 1564 1712 ab'arce,

367 1709 439 1760 Ne
467 1713 691 1774 cuiquam
715 1711 835 1774 parti
862 1710 993 1774 desit
1010 1717 1271 1773 utrumque
1296 1713 1497 1760 bonum.

293 1770 613 1835 Etrquoniain
635 1770 797 1823 cuncti
820 1771 1000 1822 auxilio
1021 1770 1302 1822 miserantis
1323 1785 1550 1835 egemus,

371 1834 611 1884 Praecedit
627 1846 827 1897 semper
856 1836 1012 1897 gratia
1028 1835 1282 1897 justitiam,

299 1894 633 1958 Daninantem
656 1893 830 1958 elatos,
852 1893 1119 1946 Salvant'em
1132 1895 1439 1958 justillcatos,

367 1957 504 2016 Quos
526 1956 665 2007 Deus
688 1965 741 2007 et
762 1956 905 2006 donis
922 1959 1120 2008 auxerit
1140 1964 1194 2008 et
1214 1956 1455 2008 meritis.)

169 2061 239 2118 Et
271 2062 410 2118 item
443 2061 582 2117 idem
619 2062 672 2116 in
715 2062 905 2117 eodem
946 2060 1086 2116 libro
1129 2061 1312 2133 capite,
1343 2062 1555 2119 decimo
1596 2072 1773 2129 sexto,

172 2151 249 2207 De
263 2151 490 2224 justitia
518 2162 566 2207 et
589 2152 760 2223 gratia
783 2151 970 2223 quibus
1000 2151 1098 2207 Dei
1121 2161 1329 2208 constat
1350 2154 1774 2224 prwdestinatio:

178 2260 200 2293 ι
225 2244 370 2298 Duce
399 2250 528 2298 sunt
553 2241 940 2298 retributiones
959 2239 1209 2310 justitite,
1234 2258 1358 2298 cum
1385 2252 1480 2298 aut
1499 2244 1640 2300 bona
1674 2259 1776 2315 pro

173 2335 367 2401 bonis,
410 2343 504 2389 aut
533 2333 674 2390 mala
699 2334 998 2390 redduntur
1020 2349 1116 2405 pro
1142 2334 1319 2390 malis.
1361 2334 1544 2392 Tertia
1579 2347 1664 2393 est
1692 2352 1778 2393 re—

175 2427 412 2483 tributio
437 2427 643 2498 gratiae,
668 2442 792 2483 cum
814 2441 914 2498 per
940 2430 1404 2499 regenerationem
1428 2431 1778 2487 remittuntur

177 2518 330 2573 mala
362 2527 421 2573 et
469 2517 843 2574 retribuuntur
866 2518 1009 2575 bona
1043 2533 1058 2573 :
1103 2527 1265 2590 atque
1304 2521 1380 2575 ita
1405 2520 1780 2578 manifestatur

176 2613 331 2684 quod
357 2611 630 2668 universa:
655 2611 758 2668 vite
803 2611 1019 2669 Domini
1063 2613 1434 2670 misericordia
1473 2623 1529 2670 et
1557 2615 1778 2670 veritas.

175 2706 337 2761 illam
366 2714 552 2762 autem
578 2706 868 2777 impiorum
896 2705 1327 2775 retributionem,
1367 2723 1474 2780 qua
1500 2723 1601 2780 pro
1623 2709 1781 2766 bonis

176 2803 330 2858 mala
371 2802 682 2869 restituunt,
732 2803 874 2858 Deus
924 2803 1118 2869 nescit,
1167 2803 1261 2874 qui
1304 2802 1408 2859 nisi
1459 2804 1784 2860 retribueret

178 2893 330 2949 bona
371 2909 473 2963 pro
494 2893 669 2962 malis,
697 2909 807 2950 non
827 2903 969 2950 esset
1017 2895 1104 2950 cui
1144 2895 1473 2953 retribueret
1500 2896 1645 2953 bona
1682 2911 1782 2968 pro

179 2991 374 3047 bonis.

815 3080 1179 3154 Epigramma.

313 3193 536 3258 iustitia
560 3206 754 3258 eroes
777 3196 972 3258 gemina
997 3202 1094 3258 est,
1118 3209 1226 3247 cum
1255 3195 1334 3247 vel
1352 3196 1477 3248 bona
1494 3196 1648 3250 rectis

383 3257 473 3319 Vel
497 3259 654 3318 pravis
675 3257 827 3319 digne
849 3270 957 3307 cum
983 3257 1106 3308 mala
1129 3261 1361 3310 restituit.

312 3317 560 3368 Salvatrix
586 3317 751 3367 autem
775 3327 1063 3370 cunctorum
1088 3323 1245 3379 gratia
1268 3320 1448 3374 Christi

379 3379 490 3446 Non
517 3392 724 3442 pensans
748 3383 974 3431 meritum
997 3379 1140 3432 diluit
1162 3395 1310 3446 omne
1333 3383 1532 3446 malum,

313 3442 693 3509 Credentesque
715 3454 890 3492 omnes
914 3455 1157 3509 reuersus
1179 3445 1468 3509 baptismate
1488 3442 1652 3509 sacro,

384 3503 479 3553 Dat
504 3503 629 3554 bona
648 3516 758 3566 qua:
777 3511 976 3567 pr0pter
994 3504 1083 3556 det
1103 3503 1303 3557 meliora
1324 3507 1480 3558 bonis.
1507 3524 1531 3554 ι

198 3607 407 3665 Verum
435 3615 659 3665 sanctus
705 3608 1000 3682 Gregorius
1030 3609 1556 3682 pmdestinationes,
1615 3609 1668 3665 id
1703 3616 1788 3666 est

191 3705 428 3760 eiiectus
446 3703 617 3758 divini
652 3703 851 3774 operis,
897 3702 1089 3774 plurali
1119 3718 1348 3760 numero
1371 3705 1428 3759 in
1471 3703 1611 3760 libro
1636 3703 1787 3775 vige-

191 3797 334 3850 simo
366 3809 514 3850 nono
533 3794 814 3851 Moralium
842 3795 1011 3866 ponit.
1051 3813 1070 3848 ι
1116 3793 1270 3851 Unde
1288 3809 1389 3866 pro
1415 3795 1790 3852 mediocritate

193 3899 407 3946 nostra:
435 3889 985 3960 intelligentiunculae,
1024 3904 1093 3945 ex
1118 3889 1363 3946 doctrina
1393 3889 1561 3960 ipsius
1587 3897 1644 3944 et
1661 3889 1790 3944 alio-

195 3999 314 4038 rum
344 3981 605 4038 Ecclesia:
649 3983 1055 4053 magistrorum,
1097 3996 1204 4052 quo
1245 3995 1405 4036 sensu
1441 3981 1546 4036 hoc
1570 3980 1788 4045 dixerit,

193 4077 506 4148 qualiterve
553 4076 848 4132 secundum
890 4073 1179 4131 veritatem
1230 4072 1635 4144 intelligendum
1685 4072 1789 4138 sit,

195 4169 250 4223 in
273 4166 716 4239 praecedentibus
763 4165 921 4223 istius
959 4163 1204 4238 opusculi
1235 4162 1566 4220 suilicienter
1611 4171 1795 4220 osten-

198 4263 404 4316 dimus.
451 4279 471 4313 ι

732 4367 942 4411 εριιοθι
976 4366 1148 4410 CAPUT
1189 4367 1272 4408 Ill.

201 4467 344 4532 Quia
371 4466 442 4521 sit
464 4475 763 4521 sanctorum
783 4466 1194 4537 prmdestinatio,
1221 4475 1267 4520 et
1290 4465 1429 4537 quod
1457 4482 1488 4537 α
1511 4453 1621 4520 Deo
1644 4463 1795 4537 electi

270 4539 344 4591 ad
377 4539 538 4592 vitam
576 4535 932 4607 prwdestinati
954 4538 1077 4602 sint,
1099 4547 1146 4592 et
1171 4539 1276 4592 vita
1295 4535 1400 4590 illis
1440 4535 1506 4590 sit
1527 4535 1798 4607 prwdesti—

274 4618 406 4679 nata
430 4605 647 4679 (eterna.
673 4606 1090 4679 Reprobiautem
1113 4624 1214 4662 non
1239 4624 1271 4660 a
1293 4607 1406 4679 Deo,
1423 4605 1798 4676 praedestinati,
1828 4605 1880 4666 D

274 4677 370 4731 sed
394 4678 623 4748 prtesciti
646 4677 799 4749 atque
836 4677 1002 4749 relicti
1037 4679 1106 4749 ad
1136 4694 1341 4749 plenam
1357 4677 1489 4749 sint,
1512 4692 1666 4749 plena
1701 4691 1799 4728 au-

273 4745 490 4801 tem—ex
531 4745 869 4802 retributione
907 4745 1144 4818 justitiw'
1174 4745 1280 4802 illis
1323 4747 1390 4801 sit
1424 4745 1799 4817 praﬂlestinata

277 4827 481 4872 ωιενηα
488 4856 503 4870 .

279 4931 519 4987 Sanctus
547 4929 875 5004 Augustinus
921 4933 974 4988 in
1001 4931 1141 4988 libro
1167 4932 1233 4988 de
1274 4933 1423 4988 Bono
1451 4946 1802 5002 perseveran-

210 5021 302 5074 tia:
328 5024 472 5092 (cap.
503 5021 614 5094 14),
643 5023 811 5078 dicit:
845 5041 863 5073 ι
898 5021 1023 5078 Hzec
1043 5033 1123 5080 est
1151 5024 1557 5094 priedestinatio
1590 5031 1803 5079 sancto-

207 5127 358 5175 rum,
386 5113 522 5166 nihil
570 5113 734 5179 aliud,
782 5115 1120 5186 praescientia
1169 5115 1375 5172 scilicet
1401 5126 1455 5172 et
1479 5115 1802 5188 praeparatio

210 5202 603 5260 beneﬁciorum
635 5205 754 5272 Dei,
790 5205 986 5276 quibus
1026 5207 1328 5263 certissime
1359 5206 1657 5263 liberantur
1682 5205 1804 5277 qui-

211 5309 432 5364 cunque
462 5295 785 5351 liberantur.
827 5295 1020 5351 Caateri
1049 5307 1229 5353 autem
1253 5297 1341 5353 ubi
1371 5298 1474 5354 nisi
1525 5298 1582 5352 in
1620 5311 1800 5352 massa

210 5385 535 5455 perditionis
586 5387 736 5457 justo
763 5379 1191 5460 divino'judicio
1226 5389 1636 5459 relinquuntur?
1672 5407 1690 5440 ›
1737 5387 1806 5443 Et

215 5473 457 5547 Prosper
505 5477 559 5532 in
603 5479 819 5536 actione
850 5489 1046 5536 octava
1074 5481 1233 5552 (resp.
1282 5481 1359 5550 9),
1415 5483 1483 5536 ad
1507 5481 1807 5538 Januenses

215 5563 508 5624 Camillum
537 5578 592 5626 et
637 5569 974 5627 Theodotum
1002 5571 1352 5643 presbyteros
1386 5588 1401 5627 :
1457 5593 1474 5624 ι
1526 5573 1807 5644 Agnosca-

217 5673 344 5716 mus
389 5659 575 5734 itaque
604 5662 893 5734 sapienter,
947 5664 1146 5734 pieque
1187 5661 1473 5731 fateamur,
1526 5664 1809 5736 praescisse

220 5748 738 5809 ineommutabiliter
766 5753 957 5819 Deum,
980 5753 1143 5826 362
1177 5753 1374 5826 quibus
1396 5763 1543 5811 esset
1585 5755 1810 5812 daturus

221 5851 285 5898 ut
308 5844 611 5909 crederent,
642 5852 736 5900 aut
764 5860 904 5916 quos
926 5846 1152 5902 daturus
1175 5856 1318 5903 esset
1338 5846 1478 5904 Filio
1504 5863 1625 5916 suo,
1655 5857 1717 5904 ut
1742 5864 1810 5905 ex

708 5940 984 6002 Panos.
1029 5939 1289 6004 CXXV.

1796 1861 1848 1926 B

1809 3217 1859 3284 C

1858 574 2121 632 beneﬁcia
2153 589 2251 631 sua
2288 573 2460 642 illum,
2507 573 2706 645 quibus
2753 586 2856 629 nos
2905 570 3157 644 dignatur
3182 571 3436 639 liberare,

1859 666 2159 738 praescisse.
2204 666 2273 721 Et
2301 666 2441 722 hanc
2488 677 2609 721 esse
2650 662 3177 736 praedestinationem
3230 671 3441 722 sancto»

1861 771 2000 820 rum,
2049 755 2578 827 praedestinationem
2629 753 2835 811 scilicet
2893 762 2951 810 et
2989 755 3442 827 praeparationem

1861 846 2048 917 gratiae
2099 844 2229 908 Dei,
2279 860 2385 916 qua
2431 843 2732 900 certissime
2775 843 3080 900 liberantur
3130 844 3440 916 quicunque

1862 936 2183 993 liberantur.
2229 936 2468 994 Ceteros
2512 944 2716 1002 autem,
2757 947 2895 1006 quos
2923 951 2956 992 a
3001 937 3242 1008 generali
3265 939 3445 1010 perdi-

1865 1027 2014 1084 tione
2041 1027 2262 1084 humani
2291 1027 2507 1099 generis
2531 1026 2709 1099 gratia
2735 1040 2844 1082 non
2864 1025 3086 1093 exemit,
3113 1026 3262 1097 justo
3283 1044 3444 1085 nove—

1865 1119 2037 1175 rimus
2051 1118 2256 1191 judicio
2281 1134 2389 1176 non
2411 1125 2713 1189 exemptos,
2741 1125 2803 1173 ut
2825 1118 2955 1189 quid
2973 1117 3132 1174 nobis
3160 1119 3444 1178 remissum

1867 1213 1941 1268 sit
1983 1213 2041 1268 in
2073 1212 2154 1269 eis
2198 1212 2494 1279 discamus,
2538 1212 2606 1269 de
2639 1225 2870 1284 quorum
2913 1211 3071 1281 queri
3099 1209 3448 1269 damnatione

1867 1319 1976 1361 non
1999 1319 2306 1375 possumus.
2339 1303 2457 1361 Non
2481 1311 2567 1360 est
2605 1302 2751 1364 enim
2780 1301 3040 1375 iniquitas
3081 1303 3222 1376 apud
3252 1304 3447 1369 Deum,

1867 1408 2045 1466 neque
2077 1395 2364 1466 quisquam
2399 1393 2501 1450 sub
2540 1393 2744 1465 judicio
2766 1393 2886 1466 ejus
2931 1393 3193 1452 innocens
3229 1395 3390 1466 perit.
3433 1416 3450 1447 ι

1867 1488 1939 1546 Et
1961 1490 2094 1547 item
2116 1490 2171 1546 in
2197 1489 2336 1548 libro
2366 1490 2435 1547 de
2461 1489 2693 1563 ingratis
2713 1499 2904 1548 contra
2932 1490 3276 1564 Pelagianos,

2368 1637 2383 1654 .
2450 1640 2464 1655 .
2499 1634 2548 1655 ~.
2613 1640 2627 1654 .
2691 1603 2933 1657 Omnibus
2954 1609 3149 1657 unaest

1996 1664 2192 1730 ﬂatura.
2223 1672 2276 1717 et
2292 1665 2478 1729 pariter
2499 1673 2757 1730 nequeunt
2779 1668 2908 1718 bona
2931 1667 3012 1719 vel
3034 1666 3159 1719 maia
3178 1666 3327 1720 velle.

1996 1727 2070 1793 Et
2083 1734 2250 1793 tamen
2275 1727 2338 1778 ex
2363 1730 2474 1780 istis
2495 1727 2769 1793 miserati-ix
2795 1732 2952 1792 gratia
2973 1730 3206 1793 quosdam

1997 1789 2171 1864 Eligit,
2193 1797 2248 1841 et
2266 1802 2458 1864 rursum
2481 1789 3241 1864 genitosbapt'ismtite'transl‘ert

1997 1851 2057 1902 In
2078 1851 2285 1916 regnum
2299 1851 2560 1914 aeternum,
2577 1854 2741 1906 multis
2760 1851 2812 1905 in
2833 1859 2992 1906 morte
3011 1852 3217 1906 relictis.

1871 1975 1943 2033 El.
1971 1977 2100 2034 item
2132 1995 2146 2030 :

1999 2114 2092 2176 Qui
2109 2127 2230 2167 vero
2247 2114 2470 2167 tenebris
2493 2116 2714 2178 exempti
2735 2115 2786 2166 in
2800 2113 3000 2178 flumine
3021 2115 3206 2177 vivunt,
3283 2108 3286 2111 ’

1998 2179 2242 2241 gaudent,
2263 2184 2315 2229 et
2335 2184 2571 2241 quantum
2593 2177 2689 2228 sibi
2710 2179 2775 2228 sit
2792 2177 3017 2241 bonitate
3041 2179 3256 2241 vocantis

1998 2233 2280 2303 Dimissum,
2307 2233 2368 2290 ei
2391 2239 2492 2292 illis
2509 2240 2804 2304 discunuqui
2825 2233 2992 2292 debita
3012 2239 3220 2292 solvunt.

1876 2342 1947 2400 Et
1971 2343 2102 2400 item
2128 2345 2320 2400 beatus
2364 2341 2700 2414 Augustinus
2738 2342 2793 2399 in
2838 2342 2976 2399 libro
3005 2341 3459 2414 Hypomnesticon

1879 2434 1994 2508 (lib.
2025 2450 2103 2502 vr,
2147 2435 2203 2490 in
2227 2435 2478 2507 princip.)
2509 2434 2639 2492 dicit
2680 2451 2694 2489 :
2733 2452 2752 2488 ι
2786 2433 2946 2490 Prius
2982 2448 3113 2505 ergo
3155 2435 3329 2504 ipsum
3357 2450 3459 2491 no-

1880 2541 2007 2582 men
2062 2526 2554 2598 praedestinationis
2614 2525 2744 2597 quid
2812 2526 3014 2582 indicet
3079 2539 3462 2596 exponamus:

1882 2617 2076 2676 deinde
2104 2633 2224 2674 esse
2253 2618 2394 2688 apud
2419 2617 2612 2684 Deum,
2638 2616 2731 2688 qui
2759 2616 2876 2672 sine
2913 2616 3228 2686 acceptione
3269 2631 3460 2688 perso-

1881 2726 2078 2769 narum
2097 2718 2201 2777 est,
2229 2710 2756 2783 praedestinationem
2800 2710 3104 2766 divinarum
3155 2709 3465 2783 Scriptura-

1885 2818 2008 2858 rum
2044 2803 2371 2859 auctoritate
2400 2801 2770 2874 probabimus.
2819 2800 3230 2859 Praedestinatio
3267 2804 3467 2875 quippe

1886 2907 1920 2948 a
1948 2891 2328 2964 praevidendo,
2382 2901 2438 2947 et
2486 2892 2888 2963 praeveniendo,
2940 2890 3024 2946 vel
3057 2892 3468 2963 praeordinaudo

1885 2983 2128 3038 futurum
2159 2983 2362 3054 aliquid
2385 2983 2603 3040 dicitur.
2633 2983 2704 3040 Et
2730 2983 2853 3040 ideo
2880 2984 3046 3051 Deus,
3065 2984 3151 3040 cui
3178 2985 3468 3055 praescieri-

1888 3075 1966 3131 tia
1999 3089 2107 3132 non
2135 3075 2386 3132 accidens
2407 3085 2514 3142 est,
2543 3074 2902 3132 sed'essentia
2921 3074 3023 3131 fuit
3051 3091 3265 3146 semper
3284 3084 3465 3141 etest,

1890 3167 2154 3240 quidquid
2183 3176 2474 3239 antequam
2503 3167 2576 3224 sit
2618 3167 2700 3223 sic
2743 3167 2983 3239 praescit,
3022 3167 3390 3238 praedestinat,
3417 3175 3470 3222 et

1887 3270 2172 3333 propterea
2214 3261 2586 3332 praedestinat,
2616 3260 2743 3332 quia
2779 3260 2940 3332 quale
2965 3260 3207 3318 futurum
3229 3261 3302 3318 sit
3327 3276 3456 3332 prie-

1889 3355 2012 3410 scit.
2038 3353 2164 3410 ideo
2191 3361 2248 3409 et
2269 3352 2578 3425 Apostolus,
2611 3352 2756 3408 Nam
2773 3369 2903 3425 quos
2941 3352 3226 3424 praesciuit,
3269 3353 3438 3425 inquit

1889 3454 1940 3500 et
1960 3444 2352 3516 prwdestinavit
2373 3443 2554 3516 (Rom.
2585 3460 2704 3511 vm,
2733 3442 2848 3517 29).
2876 3443 2983 3501 Sed
3009 3458 3119 3500 non
3141 3457 3303 3500 omne
3328 3457 3474 3517 quoe

1890 3538 2109 3609 praescii
2154 3538 2522 3610 praedestinat.
2571 3537 2709 3594 Mala
2748 3539 2893 3596 enim
2949 3546 3161 3595 tantum
3211 3541 3430 3612 praescit
3454 3561 3474 3595 ι

1893 3631 2037 3688 bona
2053 3647 2185 3689 vero
2207 3640 2264 3689 et
2299 3633 2518 3702 praescit
2543 3641 2600 3689 et
2641 3633 3013 3704 prazdestinat.
3037 3632 3192 3702 Quod
3217 3650 3347 3708 ergo
3385 3634 3475 3691 bo-

1895 3742 2024 3782 num
2048 3734 2154 3794 est,
2182 3727 2522 3798 praescientia
2550 3727 2922 3800 praedestinat,
2961 3727 3016 3785 id
3044 3735 3128 3785 est
3160 3727 3475 3800 priusquam

1895 3819 1967 3874 sit
1993 3819 2050 3874 in
2069 3834 2130 3875 re
2166 3819 2515 3890 praeordinat.
2545 3819 2661 3876 Hoc
2685 3835 2806 3876 cum
2833 3821 2952 3892 ipso
2973 3831 3194 3878 auctore
3224 3836 3344 3879 esse
3367 3835 3477 3878 cm—

1894 3910 2054 3981 perit,
2091 3919 2273 3979 vocat,
2295 3912 2530 3978 ordinat,
2561 3919 2618 3968 et
2638 3911 2900 3984 disponit.
2939 3912 3097 3972 Unde
3113 3921 3170 3969 et
3190 3916 3474 3986 sequitur:

1898 4003 2042 4058 Nam
2067 4020 2197 4075 quos
2217 4005 2604 4074 praedestinavit
2647 4005 2742 4061 hos
2771 4015 2819 4060 at
2851 4007 3054 4062 vocavit
3080 4021 3102 4063 .'
3135 4015 3185 4062 et
3228 4023 3359 4078 quos
3393 4025 3480 4065 va-

1897 4097 2031 4153 cavit
2051 4097 2170 4152 illos
2191 4107 2242 4151 et
2262 4097 2621 4169 justiﬁeavit-:
2647 4115 2778 4170 quos
2801 4109 2975 4154 autem
2995 4097 3332 4170 justi/ienuit,
3356 4097 3480 4157 illos

1897 4200 1946 4246 et
1975 4190 2306 4263 gloriﬁcavit.
2347 4187 2467 4246 Jam
2512 4189 2679 4262 igitur
2716 4192 2957 4262 apertius
2981 4191 3311 4248 disseramus
3337 4192 3481 4264 quod

1899 4282 2195 4354 loquimur,
2218 4282 2486 4352 quomodo
2507 4296 2637 4355 erga
2666 4283 2964 4341 humanum
2989 4297 3160 4356 genus
3181 4284 3480 4356 praescion-

1900 4379 1975 4433 tia
2006 4393 2103 4434 sua
2130 4387 2186 4435 et
2233 4379 2704 4451 praedestinatione
2728 4378 2872 4436 Deus
2913 4376 3256 4450 generaliter,
3292 4377 3349 4433 in
3375 4391 3483 4448 quo

1903 4471 2158 4542 iniquitas
2187 4488 2297 4530 non
2329 4481 2435 4540 est,
2461 4479 2665 4528 utatur.
2698 4471 2888 4529 Massae
2931 4471 3117 4542 itaque
3139 4470 3362 4528 humani
3391 4484 3480 4542 ge-

1905 4567 2074 4632 neris,
2105 4581 2224 4637 quae
2255 4567 2310 4622 in
2335 4567 2505 4623 Adam
2533 4574 2589 4623 et
2628 4566 2742 4622 Eva
2768 4566 3219 4637 praevaricatione
3265 4566 3485 4622 damna-

1902 4657 2028 4712 bilis
2075 4657 2428 4729 mortalisque
2471 4656 2612 4714 facta
2661 4665 2764 4724 est,
2801 4672 2909 4713 non
2945 4652 3255 4714 conditione
3301 4656 3484 4713 divina

1905 4747 2254 4817 generaliter,
2309 4749 2405 4805 sed
2451 4763 2520 4805 ex
2567 4748 2748 4805 debito
2775 4763 2936 4820 poena
2981 4749 3360 4820 cruciatusque
3393 4763 3487 4820 ge-

1905 4841 2101 4897 hennae
2149 4841 2376 4898 debetur
2428 4859 2443 4896 :
2491 4841 2651 4898 venia
2690 4855 2822 4896 vero
2866 4856 2975 4898 non
3009 4839 3226 4906 merito,
3253 4840 3347 4895 sed
3389 4839 3486 4894 Dei

1901 4932 2033 5003 justi
2055 4932 2256 5002 judicis
2296 4933 2684 4991 misericordiae
2725 4933 2977 5005 largitate
3017 4931 3319 4989 confertur.
3347 4929 3486 4996 Quia

1905 5023 2229 5094 verojustus
2254 5031 2310 5080 et
2342 5023 2656 5081 misericors
2683 5023 2847 5089 Deus,
2871 5022 3234 5094 praisciusque
3270 5017 3484 5074 futuro-

1905 5131 2050 5181 rum,
2106 5131 2174 5172 ex
2226 5115 2330 5172 hac
2387 5113 2678 5172 damnabili
2723 5129 2922 5178 massa,
2978 5127 3085 5169 non
3130 5123 3484 5182 personarum

1905 5205 2244 5278 acceptione,
2271 5206 2368 5262 sed
2407 5204 2613 5276 judicio
2635 5206 2909 5276 mquitatis
2949 5219 3060 5260 sua:
3088 5200 3484 5288 irreprehensi-

1906 5299 2021 5366 bili,
2071 5298 2181 5356 imo
2205 5298 2761 5371 incomprehensibili,
2795 5294 2958 5370 363
3002 5309 3140 5368 quos
3171 5293 3487 5351 misericor-

1908 5394 1996 5449 dia
2019 5392 2257 5464 gratuita
2281 5392 2520 5464 praescii,
2544 5399 2832 5462 praparat,
2863 5389 2918 5444 id
2942 5395 3027 5444 est
3051 5386 3398 5459 praedestinat
3419 5385 3487 5440 ad

1907 5493 2168 5540 aeternam
2202 5483 2392 5538 vitam.
2420 5481 2661 5539 Caeteros
2710 5488 2892 5536 autem
2920 5493 3108 5550 pains,
3142 5485 3204 5533 ut
3242 5475 3490 5548 praedixi,

1914 5574 2096 5630 debita
2124 5573 2314 5645 punit;
2335 5586 2474 5644 quos
2515 5571 2638 5628 ideo
2659 5571 2834 5642 punit,
2873 5570 3001 5642 quia
3045 5568 3176 5641 quid
3199 5575 3384 5625 essent
3409 5567 3492 5624 fu-

1915 5665 2024 5721 turi
2076 5663 2372 5734 praescivit,
2416 5677 2529 5720 non
2552 5669 2736 5718 tamen
2761 5661 3064 5733 puniendos
3100 5659 3220 5730 ipse
3256 5655 3386 5715 fecit
3410 5656 3494 5713 vel

1916 5753 2341 5825 praedestinavit,
2392 5754 2486 5811 sed
2515 5760 2762 5820 tantum,
2807 5760 2867 5808 ut
2909 5751 3054 5820 dixi,
3095 5750 3152 5807 in
3198 5747 3492 5807 damnabili

1921 5862 2100 5906 massa
2147 5848 2442 5920 praescivit.
2475 5865 2494 5901 ι
2545 5846 2614 5904 Et
2652 5854 2776 5919 post
2817 5846 3095 5918 aliquanta
3135 5862 3148 5901 :
3203 5861 3222 5896 ι
3274 5840 3493 5914 Oporth

3023 5938 3099 5998 ila
