3888 5362
539 455 645 520 42⁷1
671 477 674 479 λ

529 575 692 650 igitur
741 573 804 624 ut

531 668 891 724 revertamur.

533 753 749 831 generis
794 757 972 805 massa
1019 729 1190 796 Deum
1239 731 1527 806 praescisse
1580 714 1980 781 misericordia,
2012 723 2121 765 non

1109 829 1116 831 ‘
1373 821 1404 831 Α·
1577 807 1883 831 νΙ-λ-ἓμΑ-Δι
1931 801 1998 831 ιυι
2049 798 2121 831 υἰ-

535 798 768 909 :nerltis,
797 845 933 910 quos
965 798 1455 896 electione-gratia:
1484 807 1887 888 praedestinavit
1930 801 2002 858 ad
2049 798 2126 854 vi-

539 951 688 999 tam:
729 897 954 990 caelatus
999 932 1161 988 vero,
1207 919 1299 992 qui
1343 913 1549 989 judicio
1592 906 1817 983 iustitiae
1867 899 1986 971 ejus
2024 897 2128 952 hac

433 1023 460 1096 ί
538 1033 714 1109 gratia
757 1020 1064 1084 efficiuntur
1109 988 1379 1087 expertes,
1431 1003 1719 1079 praescisse
1755 1003 1964 1054 tantum
1994 988 2128 1045 vitio

537 1087 760 1200 proprio
788 1117 1081 1192 perituros,
1133 1121 1241 1165 non
1286 1113 1348 1160 ut
1392 1101 1638 1174 perirent
1685 1087 2124 1164 praedestinasse.

543 1175 676 1283 Sed:
701 1220 762 1270 ut
791 1175 928 1275 dixi;
957 1175 1094 1278 quos
1128 1203 1183 1257 in
1219 1197 1476 1271 operibus
1507 1185 1805 1261 impietatis
1832 1187 1887 1238 et
1934 1175 2128 1234 mortis

544 1271 838 1381 prassclvit,
864 1271 1410 1370 non-praeordinavlt,
1441 1301 1543 1341 nec
1576 1278 1812 1353 impulit,
1845 1276 1899 1330 in
1934 1271 2134 1342 quibus

547 1367 720 1460 Deum
752 1367 1110 1471 provocantes
1131 1387 1196 1444 ad
1229 1380 1591 1444 iracundiam,
1619 1372 1810 1431 salutis
1841 1367 2002 1423 [idem
2042 1369 2136 1418 aut

549 1457 898 1568 praedicatam
960 1484 1062 1542 sibi
1103 1470 1352 1550 accipere
1390 1471 1603 1535 nolunt,
1660 1476 1754 1523 aut
1801 1463 1912 1518 Deo
1951 1457 2138 1530 judice

551 1548 661 1644 non
695 1587 936 1656 possunt,
967 1575 1054 1634 vel
1098 1548 1320 1644 accepta
1369 1565 1512 1623 male
1553 1567 1800 1622 utuntur,
1843 1561 1900 1609 et
1929 1549 2000 1606 ob
2036 1548 2142 1603 hoc

553 1678 841 1735 traduntur
874 1672 932 1729 in
957 1667 1247 1740 reprobum
1289 1674 1531 1724 sensum,
1564 1662 1624 1710 ut
1673 1665 1781 1706 non
1807 1644 2028 1728 .faciant
2075 1653 2137 1694 ea

553 1789 674 1848 quas
695 1753 1040 1833 conveniunt,
1070 1761 1158 1820 his
1181 1770 1399 1833 poenam
1426 1746 1868 1825 praedestinatam
1893 1747 2016 1794 esse
2037 1732 2142 1789 rite

556 1867 810 1925 fatemur.
857 1881 876 1917 ι

626 1947 1171 2015 Commemorandum
1196 1944 1360 2000 etiam
1387 1936 1639 1993 duximus
1685 1928 1811 2000 quia
1850 1924 2143 1979 abutuntur
2169 1906 2220 1969 Β

558 2047 806 2113 redivivi,
844 2043 1037 2116 quibus
1072 2037 1235 2095 inuisi
1273 2034 1484 2090 fuerant
1518 2028 1572 2083 in
1607 2020 1832 2079 vetustis
1869 2013 2146 2072 cineribus

560 2144 688 2202 olim
733 2103 1204 2198 Praedestinatiani
1239 2124 1452 2196 sepulti,
1485 2115 1794 2190 apostolicis
1825 2103 2149 2166 testimoniis

562 2235 632 2291 ad
660 2246 814 2290 suam
832 2220 1269 2286 conﬁrmandam
1295 2195 1644 2275 sententiam,
1673 2224 1691 2258 ‹
1722 2201 1932 2266 Attulit,
1968 2215 1984 2250 ι
2021 2195 2150 2267 ‘quin

561 2329 730 2394 Deus,
772 2342 790 2377 ι
820 2324 875 2379 in
909 2319 1079 2376 multa
1113 2311 1373 2388 patientia
1423 2321 1554 2362 vasa
1603 2304 1701 2358 ira:
1753 2294 1990 2368 perfecta
2037 2289 2152 2345 sive

564 2379 749 2494 aptata
769 2417 856 2474 vel
883 2379 1186 2488 praeparata
1215 2407 1282 2463 ad
1310 2401 1694 2477 perditionem,
1740 2399 1796 2446 et
1840 2387 1993 2458 cujus
2041 2379 2154 2436 vult

564 2489 876 2577 miseretur,
899 2515 956 2565 et
973 2519 1135 2579 quem
1156 2499 1268 2557 vult
1293 2496 1527 2554 indurat.
1554 2510 1572 2543 ι
1607 2490 1804 2546 Contra
1827 2496 1963 2551 quos
1988 2489 2153 2546 expo-

473 2687 475 2690 ⁴
567 2609 676 2667 suit
702 2605 794 2662 illa
820 2567 1010 2660 beatus
1057 2593 1391 2666 Augustinus
1441 2588 1544 2641 hoc
1587 2579 1748 2636 modo
1798 2577 1850 2630 in
1903 2573 2042 2626 libro
2091 2567 2157 2621 dc

1422 2681 1432 2690 '
1583 2675 1633 2690 ηε
1723 2668 1892 2690 ιιι-ΑΞ.
1916 2667 1968 2690 ε..
1994 2661 2157 2690 -...,Ιι..

567 2661 1048 2760 ίδιιιιάεςιὶιιειιὶοιιθ
1075 2661 1385 2746 sanctorum
1414 2681 1552 2753 (cap.
1582 2675 1638 2746 9)
1667 2693 1680 2728 ;
1705 2668 1892 2727 Attulit
1915 2667 1971 2720 in
1994 2661 2161 2717 multa

569 2793 825 2870 patientia
848 2807 976 2847 uasa
1003 2788 1134 2853 im,
1178 2788 1235 2838 et.
1275 2786 1472 2835 czetera
1522 2783 1694 2841 usque
1741 2758 2056 2836 praeparavit
2105 2755 2160 2808 in

1452 2868 1461 2870 ,
1543 2865 1554 2870 _
1770 2867 1776 2870 ,
1909 2852 2040 2870 ,μὴ
2079 2848 2138 2870 ’,Α

572 2848 796 2966 gloriam
821 2901 840 2942 :
871 2902 890 2937 ι
915 2881 1099 2945 Fides,
1120 2848 1335 2946 inquit,
1368 2877 1423 2925 et
1450 2865 1701 2922 inchoata
1729 2867 1785 2915 et
1810 2852 2046 2927 perfecta
2074 2848 2164 2902 do—

728 2944 830 3038 Dei
855 2987 958 3043 est,
988 2982 1046 3030 et
1069 2944 1172 3027 hoc
1193 2944 1391 3024 donum
1416 2956 1739 3032 quibusdam
1766 2949 1904 3015 dari,
1937 2944 2164 3016 quibus-

577 3078 702 3134 dam
729 3086 839 3129 non
865 3066 1005 3132 dari,
1037 3061 1260 3119 omnino
1287 3071 1396 3112 non
1416 3051 1627 3108 dubitat
1650 3045 1742 3117 qui
1773 3056 1880 3098 non
1911 3037 2022 3093 vult
2052 3048 2167 3089 ma-

580 3159 944 3224 nifestissimis
993 3153 1167 3213 sacris
1212 3147 1408 3205 litteris
1452 3152 1778 3213 repugnare.
1832 3132 1944 3188 Cur
1988 3124 2169 3182 autem

581 3275 689 3318 non
711 3254 962 3314 omnibus
985 3249 1159 3309 detur,
1185 3240 1398 3299 tidelem
1434 3247 1651 3290 movere
1694 3243 1803 3284 non
1849 3223 2050 3287 debet;
2079 3217 2170 3288 qui

581 3349 756 3410 credit
779 3361 846 3404 ex
881 3357 990 3400 uno
1020 3350 1210 3397 omnes
1246 3334 1356 3389 isse
1399 3329 1456 3384 in
1503 3317 2007 3382 condemnationem
2057 3310 2175 3367 sine

583 3402 921 3500 dubitatione
954 3426 1312 3505 iustissimam
1337 3461 1352 3488 ,
1382 3420 1455 3473 ita
1483 3424 1544 3472 ut
1566 3412 1709 3469 nulla
1739 3408 1835 3465 Dei
1862 3412 2010 3462 esset
2028 3402 2176 3474 justa

584 3533 936 3612 reprehensio
956 3499 1192 3586 vetiamsi
1233 3517 1413 3577 nullus
1451 3514 1576 3569 inde
1614 3511 1957 3566 liberaretur.
2024 3499 2182 3558 Unde

589 3595 806 3693 constat
833 3638 1086 3698 magnam
1112 3633 1234 3677 esse
1268 3611 1498 3688 gratiam
1532 3605 1676 3679 quod
1698 3599 1919 3675 plurimi
1947 3595 2180 3652 liberen—

591 3736 703 3791 tur,
727 3731 783 3779 et
802 3691 954 3793 quid.
969 3715 1072 3773 sibi
1103 3710 1392 3768 deberetur
1417 3704 1473 3760 in
1502 3701 1582 3758 eis
1615 3697 1708 3770 qui
1732 3711 1842 3752 non
1881 3691 2183 3748 liberantur

595 3779 909 3887 agnoscent.
940 3823 958 3861 ο
991 3806 1059 3861 Et
1085 3803 1152 3858 ad
1167 3800 1386 3855 Sixtum
1408 3793 1786 3867 presbyterum
1807 3784 1978 3859 (epist.
2012 3779 2139 3852 105)
2165 3797 2180 3834 :

603 3873 707 3961 tuin
719 3903 865 3959 vasis
877 3909 997 3972 qua:
1011 3893 1249 3968 perfecta
1262 3896 1390 3946 sunt
1412 3885 1478 3941 ad
1500 3879 1859 3954 perditionem
1887 3888 2008 3945 quae
2029 3873 2182 3928 dam-

597 4006 742 4054 natae
788 3964 968 4050 debita
1011 3964 1096 4042 est
1129 3996 1342 4048 massae,
1389 3981 1688 4051 agnoscant
1720 3985 1850 4027 vasa
1888 3982 1956 4023 ex
1995 3964 2185 4020 eadem

600 4103 780 4146 massa
809 4086 862 4140 in
890 4084 1150 4139 honorem
1178 4076 1318 4132 facta
1345 4071 1476 4144 quid
1497 4069 1578 4126 eis
1607 4061 1982 4122 misericordia
2003 4057 2187 4114 divina

601 4183 792 4256 largita
813 4180 906 4235 sit.
938 4195 956 4228 ι
990 4174 1059 4230 Ει
1081 4173 1134 4228 in
1160 4166 1385 4242 epistola
1413 4165 1480 4221 ad
1504 4162 1760 4233 Optatum
1804 4158 1977 4231 (epist.
2012 4151 2138 4223 l57)
2169 4168 2182 4205 :

608 4294 630 4328 ι
662 4245 904 4338 Dixerat,
933 4263 1222 4339 Apostolus
1251 4259 1477 4324 scilicet,
1511 4253 1729 4326 figulum
1756 4249 1856 4305 luti
1895 4262 1966 4304 ex
1997 4245 2190 4302 eadem

605 4381 784 4425 massa
812 4363 992 4419 facere
1010 4355 1155 4414 aliud
1177 4369 1274 4409 vas
1298 4352 1355 4407 in
1381 4351 1664 4411 honorem,
1709 4341 1854 4397 aliud
1899 4340 1953 4393 in
1993 4343 2188 4394 contu-

607 4459 847 4515 meliam.
922 4450 1115 4508 lerito
1167 4455 1348 4501 autem
1402 4441 1678 4495 videretur
1731 4435 1991 4506 injustum
2047 4426 2193 4498 quod

610 4550 748 4608 ﬁunt
773 4557 903 4599 vasa
931 4541 1026 4596 irae
1057 4537 1124 4592 ad
1151 4531 1528 4606 perditionem,
1555 4528 1603 4583 si
1630 4541 1738 4582 non
1766 4533 1910 4579 esset
1931 4521 2045 4590 ipsa
2076 4515 2195 4572 uni-

610 4550 748 4608 tiunt
773 4557 903 4599 vasa
931 4547 1026 4596 irae
1057 4547 1124 4592 ad
1151 4547 1528 4606 perditionem,
1555 4547 1603 4583 si
1630 4547 1738 4582 non
1766 4547 1910 4579 esset
1932 4547 2045 4590 ipsa
2077 4547 2195 4572 uul-
2299 4547 2544 4562 ..ν-...ην-
2608 4547 2702 4551 νηί

610 4653 768 4695 versa
803 4650 872 4690 ex
913 4630 1086 4686 Adam
1129 4639 1309 4682 massa
1353 4622 1604 4677 damnata
1684 4614 1838 4683 Quod
1881 4626 2009 4683 ergo
2059 4609 2276 4694 ﬁunt”
2301 4601 2576 4656 salventur
2601 4588 2836 4645 induret.
2868 4601 2888 4634 ι
2937 4577 3006 4632 Ει
3031 4578 3152 4646 post
3181 4568 3450 4635 aliquanta
3476 4559 3601 4629 (cap.
3627 4547 3674 4616 ὅ)

2779 4678 2815 4695 ἰ
2887 4672 2946 4695 λιι
2974 4655 3404 4695 u-munninnmric
3445 4646 3634 4695 neruine
3667 4653 3674 4688 ε

613 4726 884 4787 nascendo
913 4735 1042 4778 vasa
1093 4719 1209 4785 irae,
1253 4713 1487 4787 pertinet
1537 4710 1607 4766 ad
1659 4707 1894 4764 debitam
1935 4718 2190 4776 poenam:

614 4820 758 4895 quod
795 4826 974 4874 autem
1026 4813 1162 4869 ﬁunt
1209 4806 1543 4866 renascendo
1604 4817 1734 4860 vasa
1789 4796 2195 4862 misericordiae,

614 4890 850 4991 pertinet
888 4913 956 4968 ad
987 4907 1280 4965 indebitam
1309 4901 1561 4975 gratiam.
1617 4895 1866 4954 Ostendit
1893 4906 2023 4963 ergo
2057 4890 2199 4945 Deus

617 5012 752 5066 iram
778 5021 957 5070 suam,
987 5017 1095 5058 non
1118 4999 1305 5069 utique
1335 4993 1504 5050 animi
1530 4988 2013 5064 perturbationem,
2061 4984 2203 5038 sicut

618 5109 704 5156 est
724 5112 844 5169 quae
870 5096 951 5150 ira
972 5090 1208 5150 hominis
1233 5094 1592 5157 nuncupatur,
1631 5082 1726 5139 sed
1760 5079 1963 5150 justam
2009 5075 2202 5130 ﬁxam-

621 5206 726 5250 que
757 5188 1073 5242 vindictam.
1103 5182 1246 5238 auod
1280 5182 1346 5234 de
1389 5179 1555 5232 stlrne
1587 5171 1964 5228 inohedientisa
1986 5168 2203 5218 ducitur

1490 415 1823 482 HINGMARI
1860 403 2258 470 RHEMENSIS
2294 386 2815 455 ARCHIEPISCOPI

847 562 918 619 ad
949 571 1016 615 ea
1058 557 1180 626 qua
1238 545 1490 618 superius
1529 540 1808 610 disputare
1850 526 2116 598 coepimus
2139 521 2196 584 Α
2221 517 2288 573 de
2314 513 2535 584 Nuptiis
2554 518 2609 565 et
2639 499 3083 574 Concupiscentia
3113 495 3250 569 (cap.
3283 492 3356 566 5).
3421 509 3440 544 ι
3467 490 3510 544 Α
3529 492 3748 563 quam

1816 624 1845 626 η
1894 621 1909 626 -
2105 614 2117 626 ο
2368 603 2588 626 4mm-.-
2623 609 2689 626 ι.-.
2737 596 2874 626 ειη...
2900 591 3027 626 dini!
3061 587 3352 626 ςοι-ςηιιηια
3384 584 3502 626 [min
3537 593 3581 626 p1
3605 600 3748 626 unm

1197 603 1430 710 namque
1462 635 1530 692 de
1557 603 1852 688 damnabili
1894 614 2120 677 humani
2222 607 2337 680 quis
2360 603 2588 659 devictus
2617 609 2712 665 est,

3667 375 3747 433 bis

2736 596 2877 652 sicut
2900 591 3032 648 dicit
3061 587 3357 658 Scriptura,
3383 584 3502 638 huic
3537 593 3581 638 et
3605 600 3748 640 servs;

2224 674 2466 757 addictus
2493 702 2590 749 est.
2631 689 2744 746 Nec
2768 687 3054 760 quisquam
3084 679 3186 735 nisi
3223 692 3321 749 per
3345 674 3569 749 gratiam
3589 675 3750 731 libera-

2227 793 2359 849 toris
2403 791 2508 846 isto
2533 785 2761 844 solvitur
2791 778 3006 838 vinculo
3031 772 3330 839 servitutis,
3365 786 3397 826 a
3443 785 3545 840 quo
3579 777 3652 825 est
3680 770 3756 825 ho-

2227 887 2435 944 minum
2477 879 2654 936 nullus
2699 873 2975 932 immunis.
3027 869 3130 924 Per
3173 880 3343 922 unum
3391 863 3580 934 quippe
3617 861 3758 917 homi-

2228 995 2353 1038 nem
2379 983 2659 1052 peccatum
2684 969 2903 1028 intravit
2931 967 2988 1022 in
3013 960 3296 1027 mundum,
3327 966 3384 1015 et
3410 973 3505 1029 per
3525 965 3759 1028 peccatum

2231 1049 2402 1137 mors,
2447 1077 2502 1124 et
2546 1067 2623 1124 ita
2669 1065 2725 1124 in
2764 1074 2954 1121 omnes
2982 1055 3231 1114 homines
3257 1050 3585 1123 pertransiit,
3611 1049 3658 1104 in
3679 1064 3762 1119 quo

2231 1177 2422 1222 omnes
2469 1161 2850 1232 peccaverunt.
2898 1151 2990 1208 Sic
3029 1157 3116 1208 est
3148 1162 3280 1218 ergo
3305 1145 3449 1202 Deus
3476 1142 3763 1198 nascentium

2234 1255 2501 1321 conditor,
2531 1261 2592 1309 ut
2620 1263 2812 1308 omnes
2835 1261 2906 1304 ex
2925 1259 3034 1300 uno
3060 1249 3191 1300 eant
3217 1241 3272 1296 in
3294 1235 3762 1298 condemnationem,

2235 1363 2464 1422 quorum
2527 1357 2634 1402 non
2687 1339 2853 1397 fuerit
2903 1324 3304 1394 renaseéntium
3362 1327 3625 1384 liberator.
3676 1323 3765 1394 ipse

2237 1418 2436 1518 quippe
2465 1442 2640 1498 dictus
2677 1446 2761 1494 est
2789 1431 3002 1507 ﬁgulus,
3051 1445 3118 1487 ex
3167 1426 3357 1483 eadem
3398 1436 3572 1477 massa
3605 1418 3766 1474 faciens

2241 1538 2383 1595 aliud
2431 1550 2529 1590 vas
2583 1532 2635 1588 in
2695 1531 2956 1586 honorem
3011 1519 3304 1578 secundum
3361 1510 3764 1574 misericordiam,

2241 1630 2385 1688 aliud
2412 1629 2465 1684 in
2489 1621 2870 1682 contumeliam
2891 1614 3186 1674 secundum
3221 1605 3505 1680 judicium,
3555 1603 3634 1661 cui
3671 1618 3766 1658 can-

2246 1733 2326 1780 tat
2349 1717 2590 1776 Ecclesia
2623 1708 3034 1769 misericordiam
3075 1714 3124 1759 et
3159 1701 3425 1773 judicium
3475 1695 3636 1770 (Prat.
3671 1694 3765 1762 C).i

2245 1815 2328 1870 Et.
2349 1813 2404 1868 in
2445 1809 2583 1866 libro
2611 1806 2676 1863 de
2704 1801 2854 1860 Bono
2881 1792 3301 1872 perseverantiae
3341 1789 3478 1863 (cap.
3515 1786 3596 1858 il)
3618 1827 3630 1851 ,
3655 1784 3708 1839 de
3725 1798 3770 1837 eo

2245 1907 2391 1982 quod
2420 1904 2678 1974 scriptum
2722 1905 2806 1954 est
2837 1913 2851 1950 :
2888 1913 2906 1946 ι
2937 1891 3102 1962 Cujus
3130 1885 3239 1943 vult
3267 1885 3543 1940 miseretur
3565 1920 3578 1945 ,
3600 1885 3769 1946 etqmt

2251 1969 2354 2058 uult
2396 1969 2634 2052 indurat.
2675 1991 2792 2047 Non
2828 1987 2975 2044 enim
3019 1980 3102 2039 est
3151 1976 3411 2050 iniquitas
3455 1971 3589 2044 apud
3629 1969 3770 2031 Deum,

2253 2090 2414 2147 absit.
2470 2086 2577 2144 Sed
2608 2077 2981 2140 inscrutabilia
3013 2082 3138 2130 sunt
3171 2069 3379 2141 judicia
3424 2065 3556 2135 ejus,
3585 2071 3632 2118 et
3661 2061 3772 2116 inve-

2253 2179 2529 2253 stigahiles
2555 2177 2657 2232 viae
2681 2171 2818 2242 ejus.
2879 2168 3158 2225 Universae
3186 2162 3332 2218 enim
3363 2159 3468 2214 viae
3496 2151 3679 2210 Domini
3699 2149 3773 2204 nti-

2255 2273 2551 2334 sericordia
2578 2278 2634 2326 et
2659 2267 2877 2323 veritas.
2934 2253 3327 2325 investigabiiis
3376 2264 3504 2322 ergo
3545 2254 3620 2304 est
3653 2243 3772 2300 mise

2258 2367 2490 2427 ricordia
2513 2363 2652 2435 ejus,
2680 2359 2806 2430 quia
2834 2355 2988 2426 cujus
3016 2350 3131 2406 vult
3173 2347 3463 2402 miseretur
3504 2339 3648 2395 nullis
3679 2349 3776 2407 prir-

2257 2460 2573 2522 cedcntihus
2623 2427 2866 2517 meritis,
2912 2455 2968 2502 et
3012 2437 3402 2511 investigahilis
3441 2433 3652 2495 veritas,
3688 2427 3777 2498 quia

2258 2570 2421 2629 quem
2447 2551 2562 2607 vult
2585 2547 2835 2608 obdurat,
2880 2540 2998 2611 ejus
3037 2534 3252 2607 quidem
3275 2522 3681 2600 praecedentibus
3704 2533 3779 2574 me-

2262 2649 2404 2714 ritis,
2451 2646 2543 2703 sed
2587 2656 2708 2698 cum
2748 2653 2814 2694 eo
2844 2633 2997 2703 cujus
3023 2629 3138 2684 vult
3190 2626 3482 2682 miseretur
3530 2618 3778 2690 plerumque

2262 2736 2658 2799 communibus.
2723 2729 2876 2785 Sicut
2923 2727 3148 2780 duorum
3191 2715 3566 2789 geminorum,
3609 2719 3778 2779 quorum

2263 2848 2406 2890 unus
2434 2823 2748 2888 assumitur,
2772 2834 2910 2876 unus
2937 2813 3278 2885 relinquitur,
3319 2807 3504 2878 dispar
3537 2812 3613 2858 est
3633 2799 3776 2854 critus.

2265 2925 2463 2985 merita
2486 2915 2793 2980 communia
2825 2931 2836 2967 :
2867 2911 2920 2966 in
2955 2906 3151 2979 quibus
3177 2911 3360 2956 tamen
3393 2899 3470 2954 sic
3491 2895 3617 2951 alter
3640 2899 3779 2958 magna

2268 3017 2365 3073 Dei
2391 3013 2633 3071 bonitate
2660 3008 2936 3068 liberatur,
2970 3009 3028 3054 ut
3071 2995 3207 3051 alter
3235 2991 3382 3047 nulla
3414 2989 3529 3059 ejus
3569 2981 3781 3052 iniquitate

2273 3111 2578 3168 damnetur.
2607 3121 2626 3155 ι
2669 3101 2739 3156 Ει
2775 3100 2829 3155 in
2874 3091 3098 3167 cpistola
3136 3089 3204 3146 ad
3232 3087 3448 3142 Sixtum
3482 3081 3780 3154 presbyterum

2277 3203 2448 3276 (epist.
2485 3195 2609 3267 105)
2641 3213 2655 3251 :
2683 3213 2701 3245 ‹
2730 3162 3032 3260 Quaeri-mus
3070 3182 3212 3238 enim
3263 3176 3515 3232 meritum
3542 3162 3782 3226 obduratio-

2199 3269 2249 3336 θ
2281 3296 2367 3352 nis
2390 3295 2446 3350 et
2477 3287 2802 3350 invenimus,
2843 3279 3035 3337 merito
3080 3285 3313 3342 namque
3351 3263 3558 3339 peccati
3596 3257 3781 3314 universa

2281 3401 2460 3445 massa
2495 3385 2743 3440 damnata
2771 3382 2856 3432 est
2881 3393 2895 3428 :
2922 3385 3025 3428 nec
3058 3367 3273 3425 indurat
3317 3363 3462 3418 Deus
3508 3344 3785 3425 impertiendo

2281 3479 2565 3543 malitiam,
2605 3471 2700 3530 sed
2741 3485 2846 3526 non
2875 3457 3231 3535 impertiendo
3256 3439 3786 3512 misericordiamqu-

2281 3573 2385 3630 bus
2407 3539 2562 3625 enim
2595 3579 2702 3620 non
2740 3558 3068 3632 impertitur,
3101 3566 3200 3608 nec
3225 3547 3376 3620 digni
3417 3551 3556 3608 sunt,
3598 3539 3680 3592 nec
3712 3544 3787 3586 me-

2281 3670 2496 3728 rentur,
2533 3674 2597 3714 ac
2620 3656 2800 3730 potius
2817 3629 2882 3708 ut
2908 3665 3015 3705 non
3042 3643 3381 3717 impertiatur
3409 3639 3512 3694 hoc
3536 3629 3664 3702 digni
3685 3630 3784 3682 sum,

2284 3758 2389 3814 hoc
2435 3759 2729 3810 merentur.
2784 3743 3086 3814 Quaerimus
3133 3745 3317 3792 autem
3367 3727 3608 3786 meritum
3641 3711 3788 3775 miseri-

2288 3849 2506 3914 cordiae,
2540 3860 2642 3900 nec
2669 3838 2992 3900 invenimus,
3021 3832 3146 3903 quia
3175 3826 3380 3884 nullum
3424 3828 3525 3884 est,
3573 3829 3633 3871 ne
3669 3803 3788 3879 κηιίλ

2289 3893 2506 3914 νυ.....ν,
2542 3893 2641 3900 --η
2979 3893 2989 3900 ,
3039 3893 3056 3903 _

2289 3947 2580 4001 evacuetur
2607 3937 2652 3992 si
2689 3948 2795 3989 non
2823 3927 2992 4001 gratis
3017 3923 3267 3985 donatur,
3295 3916 3392 3972 sed
3441 3907 3632 3968 meritis
3670 3893 3788 3956 reddi

2291 4049 2397 4096 tur.
2431 4055 2450 4090 ι
2498 3991 2568 4089 ﬁt
2590 4034 2645 4086 in
2672 4028 2810 4083 libro
2824 3991 2907 4079 “de
2941 4013 3424 4076 Pratdestiuatione
3451 3999 3692 4080 gratiae“.
3713 3991 3786 4096 3):

2297 4152 2317 4186 ‹
2347 4125 2597 4188 Occurrit
2620 4121 2764 4178 enim
2792 4131 2890 4174 cur
2915 4116 3142 4185 pereant
3169 4123 3237 4164 ex
3266 4104 3351 4160 his
3381 4097 3571 4169 aliqui,
3593 4103 3693 4148 cum
3709 4083 3790 4188 Ourl

2297 4168 2317 4186 .
2349 4168 2597 4188 vcem...
2799 4168 2880 4174 --η
2919 4168 2938 4185 ,ν
3472 4168 3480 4169 ί

2292 4225 2543 4295 nipotens
2585 4226 2776 4272 omnes
2812 4206 3056 4264 homines
3095 4200 3273 4256 salvos
3314 4193 3428 4249 fieri
3480 4187 3631 4248 velit,
3669 4186 3712 4234 et
3748 4168 3790 4225 td

2296 4268 2541 4295 "1.-----

2296 4317 2624 4392 agnitionem
2670 4302 2914 4362 veritatis
2959 4297 3162 4354 venire.
3213 4289 3414 4346 Deinde
3443 4299 3538 4341 cur
3565 4268 3789 4334 ntrSusin-

3315 4389 3322 4392 ‘
3461 4391 3465 4392 ν
3514 4371 3622 4392 λΑᾸ-
3664 4367 3789 4392 ιπηιφέ

2296 4413 2453 4469 duret
2481 4407 2615 4462 alios
2655 4400 2910 4457 misertus
2935 4392 3184 4450 aliorum,
3237 4389 3331 4436 aut
3374 4371 3625 4448 quomodo
3662 4367 3791 4418 omni?5

2298 4503 2546 4562 homines
2595 4493 2707 4551 vult
2744 4490 2922 4546 salvos
2968 4479 3106 4545 ﬁeri,
3151 4476 3285 4532 cum
3323 4471 3437 4540 ipse
3483 4453 3722 4520 nonnullos
3752 4456 3793 4544 Iit

3697 4545 3792 4594 :tbl

2303 4707 2454 4764 ergo,
2483 4695 2544 4745 ut
2571 4678 2850 4756 apparuit,
2881 4672 2948 4728 de
2974 4655 3404 4740 praevaricatoris
3445 4646 3634 4706 semine
3667 4639 3795 4690 omnes

3102 4758 3114 4764 ‘
3262 4753 3273 4764 '
3354 4745 3366 4760 ⁵
3389 4759 3454 4764 νυ
3501 4747 3649 4764 an-..
3707 4723 3795 4764 siml

2308 4723 2454 4764 ειδυ,
2485 4723 2544 4745 ιιι.
2571 4723 2850 4756 σωκ-..μη
2887 4723 2942 4728 -ν
2975 4723 2995 4740 ι

2308 4785 2582 4845 nascimur
2611 4773 2902 4833 debitores,
2953 4758 3209 4834 quoniam
3255 4753 3311 4806 in
3348 4745 3457 4819 ipso
3496 4747 3669 4796 omnes,
3707 4723 3795 4816 sict“

3365 4840 3372 4845 _
3485 4843 3490 4845 _
3537 4831 3548 4843 .
3594 4840 3633 4845 __
3669 4817 3794 4845 ,,,,,,,,

2310 4817 2573 4845 ιιϋθυιιιιυι
2611 4817 2902 4833 cunmm.--“
2964 4817 2989 4834 1
3368 4817 3374 4819 ν

2310 4882 2388 4936 ait
2414 4869 2722 4947 Apostolus,
2745 4861 3082 4935 peccauerunt
3119 4846 3294 4921 (Rom.
3330 4840 3407 4910 v),
3444 4843 3499 4947 et
3535 4831 3638 4900 ipsa
3664 4817 3794 4947 iani:

3037 4944 3066 4947 ’“
3399 4945 3409 4947 ~
3473 4922 3687 4947 -----mta
3753 4937 3794 4947 _,

2310 4910 2388 4936 an
2414 4910 2458 4930 ιι
2497 4910 2722 4933 νοω-νιν,
2745 4910 2918 4935 ,ην-,η
3126 4910 3137 4921 ι

2310 4910 2575 5043 principio
2624 4958 2766 5016 unde
2815 4944 3195 5008 descendimus
3249 4945 3422 4990 massa
3469 4922 3689 4979 damnata
3730 4910 3795 5003 es!3

3149 5037 3182 5043 “
3322 5031 3334 5043 '
3423 5031 3563 5043 ὐμ-
3617 5012 3795 5043 munitm
