3998 6336
145 386 286 452 429

935 393 1022 451 DE
1053 391 1723 451 PREDESTINATIONE
1762 391 2220 450 DlSSERTATlO
2259 391 2675 450 PMTERIOR.

3353 387 3459 443 450

143 507 328 581 quod
353 521 480 564 vero
500 515 764 578 sequitur,
789 523 941 579 quem
979 508 1086 563 vult
1124 508 1361 575 indurat,
1394 508 1467 563 ibi
1492 507 1768 579 paululum
1793 510 1851 574 Α
1873 507 1938 562 de
1958 507 2194 560 omnibus
2224 505 2361 560 vobis
2385 506 2524 570 dico,
2553 521 2645 576 ego
2675 504 2782 559 scio
2807 519 2935 575 quos
2965 503 3224 574 elegerint.
3251 502 3458 559 Sciebat
3547 541 3552 545 -

146 603 434 656 humanae
469 599 666 656 mentis
695 601 926 654 intentio
958 600 1109 655 verbi
1138 600 1379 655 novitate
1407 599 1776 656 confunditur.

147 696 286 752 Sed
317 710 425 750 non
461 693 535 749 ita
568 693 972 765 intelligendum
997 704 1103 759 est,
1133 694 1287 764 quasi
1311 695 1454 750 Deus
1479 694 1536 748 in
1561 693 1780 748 homine

147 789 355 859 ipsam
381 801 506 857 quas
527 801 633 842 non
654 795 794 842 esset
825 787 1076 842 duritiam
1104 788 1286 844 cordis
1322 795 1596 859 Operetur.
1640 785 1781 854 Quid

148 878 446 934 est-enim
473 877 623 932 aliud
651 877 870 941 duritia,
902 892 1064 948 quam
1093 878 1190 933 Dei
1217 878 1438 934 obviare
1469 877 1784 933 mandatis?

151 969 330 1041 Ergo
381 969 648 1040 quidquid
693 978 816 1040 post
867 969 1014 1025 illam
1067 969 1570 1040 praevaricationem
1624 978 1783 1025 natus

153 1061 354 1118 homo
383 1060 632 1131 supplicii
661 1062 882 1132 patitur,
907 1061 1054 1131 juste
1091 1063 1240 1118 reddi
1283 1063 1585 1134 meritoque
1615 1061 1783 1118 fatea-

157 1166 293 1212 tur.
342 1157 608 1213 lndurare
639 1157 782 1213 enim
820 1157 1021 1214 dicitur
1059 1158 1203 1213 Deus
1231 1172 1354 1214 eum
1383 1172 1542 1228 quem
1576 1157 1786 1213 mollire

157 1251 429 1307 noluerit
451 1251 565 1306 :sic
585 1251 750 1307 etiam
773 1266 1055 1308 exerceare
1079 1253 1336 1309 dicendus
1363 1260 1447 1308 est
1471 1266 1595 1307 eum
1623 1265 1784 1323 quem

159 1343 500 1399 illuminare
544 1342 780 1399 noluerit
811 1361 825 1399 :
863 1345 945 1402 sic
988 1345 1150 1400 etiam
1187 1343 1446 1415 repellere
1470 1357 1595 1400 eum
1625 1358 1784 1414 quem

158 1451 389 1493 vocare
417 1435 671 1492 noluerit.
709 1454 727 1488 ι

245 1529 326 1583 Et
356 1528 484 1596 hoc,
516 1528 661 1598 quod
687 1527 869 1602 verbis
915 1529 1097 1585 eximii
1141 1528 1378 1586 doctoris
1407 1527 1476 1585 de
1527 1542 1784 1583 vasorum

163 1618 449 1673 interitus
479 1618 873 1689 praeparatione
898 1618 984 1674 vel
1031 1618 1394 1675 obduratione
1427 1619 1764 1675 ostendimus

165 1709 549 1765 manifestum
597 1717 682 1766 est
709 1716 882 1765 totum
909 1710 1025 1766 ﬁeri
1053 1725 1121 1766 ex
1149 1711 1504 1768 retributione
1539 1709 1765 1780 justitize

165 1803 454 1874 quoniam
503 1817 609 1858 non
660 1818 690 1857 a
714 1802 828 1858 Deo
857 1803 910 1858 in
941 1804 1115 1859 Adam
1145 1804 1372 1870 conditi,
1425 1803 1518 1860 sed
1565 1819 1630 1860 ex
1657 1803 1788 1859 Adae

1881 600 2019 654 enim
2041 599 2283 670 quisnam
2302 606 2432 653 esset
2453 599 2544 668 qui
2563 596 2790 652 traderet
2813 612 2952 651 eum.
2973 595 3266 666 Propterea
3290 595 3457 649 dixit:

1882 688 2000 746 Non
2029 690 2164 746 estis
2189 689 2373 744 mundi
2400 703 2608 744 omnes.
2636 708 2654 740 ι
2680 687 2831 744 Unde
2845 689 3037 744 beatus
3059 686 3465 760 Augustinusin

1883 783 2021 839 libro
2055 783 2121 838 de
2149 783 2504 853 Correptione
2530 792 2586 838 et
2617 781 2801 839 Gratia
2831 781 2968 854 (cap.
2995 782 3050 851 7)
3083 783 3213 837 dicit
3239 801 3251 836 :
3285 800 3303 833 ‹
3340 782 3464 838 Eic-

1884 877 1956 934 cti
1983 885 2108 933 sunt
2128 885 2326 941 autem,
2355 895 2374 929 ι
2393 877 2524 947 quin
2552 877 2800 932 undecim
2829 876 3077 946 apostoli,
3101 894 3119 927 ι
3143 876 3211 932 ad
3235 891 3467 947 regnan-

1885 971 2012 1026 dum
2032 985 2155 1026 cum
2183 968 2422 1036 Christo,
2445 984 2552 1025 non
2575 968 2846 1041 quomodo
2874 968 3079 1023 electus
3105 977 3187 1024 est
3211 966 3378 1023 Judas
3404 969 3472 1022 ad

1885 1080 2021 1136 opus
2041 1063 2126 1120 cui
2157 1063 2509 1135 congruebat.
2539 1061 2622 1117 Ab
2649 1060 2742 1116 illo
2771 1060 2968 1130 quippe
3009 1061 3211 1115 electus
3241 1068 3348 1124 est,
3377 1059 3473 1130 qui

1884 1159 2036 1214 novit
2083 1158 2224 1214 bene
2271 1157 2350 1212 uti
2398 1156 2560 1212 etiam
2619 1154 2800 1219 malis,
2841 1161 2901 1206 ut
2943 1158 2999 1207 et
3049 1167 3146 1222 per
3185 1151 3302 1222 ejus
3339 1166 3476 1222 opus

1887 1249 2196 1306 damnabile
2250 1248 2400 1315 illud,
2454 1255 2675 1318 propter
2719 1245 2860 1315 quod
2892 1244 3007 1314 ipse
3035 1253 3282 1309 venerat,
3341 1258 3480 1312 opus

1886 1339 2197 1396 venerabile
2219 1339 2603 1410 compleretur.
2633 1336 2767 1392 Cum
2786 1336 2968 1406 itaque
2985 1335 3266 1391 audimus:
3289 1334 3478 1388 Nonne

1888 1451 1980 1506 ego
2003 1451 2091 1489 vos
2119 1434 2393 1494 duodecim
2441 1425 2594 1504 elegi,
2635 1440 2684 1488 et
2708 1447 2845 1486 unus
2876 1447 2940 1485 ea:
2957 1429 3096 1485 vobis
3126 1428 3368 1484 diabolus
3403 1437 3480 1483 est

1889 1525 2072 1598 (Joan.
2102 1524 2213 1597 vr)?
2239 1525 2359 1579 illos
2388 1524 2648 1580 debemus
2692 1522 2992 1595 intelligere
3017 1522 3220 1578 electos
3245 1534 3342 1592 per
3376 1519 3477 1575 mi-

1890 1617 2264 1684 sericordiam,
2295 1615 2445 1672 illum
2470 1631 2568 1688 per
2591 1615 2879 1688 judicium.
2923 1613 3047 1670 illos
3069 1629 3199 1686 ergo
3221 1613 3384 1685 elegit
3411 1615 3501 1671 ad.

1891 1711 2242 1766 obtinendum
2287 1725 2515 1782 regnum
2567 1724 2748 1776 suum,
2779 1708 2926 1763 illum
2971 1709 3039 1763 ad
3094 1705 3480 1763 effundendum

1892 1800 2209 1873 sanguinem
2261 1814 2435 1856 suum.
2497 1798 2688 1855 Merito
2739 1799 2985 1870 sequitur
3021 1811 3125 1853 vox
3155 1797 3223 1853 ad
3255 1812 3483 1869 regnum

169 1910 280 1966 per
301 1877 602 1966 peccatum
625 1895 836 1961 vitiato,
857 1904 911 1951 et
935 1895 1089 1968 juxta
1129 1895 1464 1968 Scripturam
1497 1897 1790 1953 maledicto
1815 1900 1866 1962 Β
1893 1895 2192 1956 electorum
2226 1912 2239 1949 :
2266 1893 2327 1951 Si
2348 1894 2491 1950 Deus
2519 1911 2615 1966 pro
2643 1893 2810 1960 nobis,
2852 1893 2968 1966 quis
2997 1905 3179 1948 contra
3208 1890 3349 1946 nos?
3377 1887 3486 1956 Qui

169 1984 429 2050 semine,
461 1986 518 2040 in
544 1986 922 2056 iniquitatibus
943 1989 1212 2060 concepti,
1237 1999 1290 2044 et
1323 1989 1376 2044 in
1411 1988 1650 2060 peccatis
1677 1990 1790 2045 nati

171 2078 276 2134 ﬁlii
319 2078 425 2133 ira:
451 2091 643 2133 omnes
666 2085 860 2134 natura
885 2094 1094 2134 sumus.
1125 2079 1272 2147 Quos
1302 2087 1482 2149 autem
1512 2079 1790 2150 praedesti-

172 2168 340 2224 navit
370 2167 499 2224 illos
523 2175 578 2225 et
602 2170 838 2236 vocavit,
863 2179 918 2226 et
945 2186 1083 2241 quos
1109 2172 1324 2227 vocavit
1354 2171 1474 2228 illos
1505 2179 1558 2228 et
1592 2171 1790 2244 justiﬁ-

171 2261 361 2328 cavit,
397 2261 545 2332 quod
593 2276 660 2317 ex
692 2250 849 2318 dono
879 2270 1049 2318 totum
1074 2264 1146 2318 sit
1185 2265 1393 2334 gratim,
1421 2265 1547 2334 quia
1585 2253 1694 2320 nou
1721 2264 1790 2320 de

173 2352 372 2410 Adam
403 2353 540 2420 nati,
563 2353 660 2409 sed
691 2361 750 2408 ut
772 2353 1378 2425 adoptionem‘illiorum
1403 2355 1788 2426 reciperentus,

173 2461 360 2518 quam
393 2447 448 2500 in
486 2444 659 2501 Adam
687 2461 754 2501 ex
779 2459 888 2517 quo
917 2445 1177 2502 mortales
1203 2461 1390 2503 sumus
1433 2447 1788 2518 perdidimus,

175 2537 502 2594 inChristo
553 2539 731 2593 renati
783 2551 882 2608 per
910 2537 1219 2610 adoptionis
1269 2539 1498 2612 gratiam
1546 2539 1642 2594 Dei
1693 2538 1790 2594 ﬁlii

175 2631 318 2688 facti
349 2646 562 2688 sumus.
591 2631 659 2687 Et
681 2630 797 2688 haec
824 2631 973 2697 item,
1011 2632 1079 2688 de
1109 2631 1320 2701 iustitia
1353 2630 1557 2688 relictis
1578 2641 1633 2688 et
1664 2647 1789 2705 gra-

177 2723 254 2777 tia
288 2722 524 2786 electis,
575 2723 858 2778 sententia:
896 2723 1130 2778 Actunm
1162 2723 1551 2794 apostolorum,
1585 2725 1784 2794 quibus

177 2815 365 2870 etiam
417 2815 716 2870 abutuntur
745 2813 1250 2879 Pratdestinatiani,
1284 2815 1664 2870 demonstrant
1709 2813 1790 2867 di-

181 2916 358 2963 cente
401 2905 571 2962 Paulo
601 2923 618 2961 :
653 2906 718 2960 Et
746 2921 842 2961 nos
875 2906 1122 2961 mortales
1166 2923 1370 2970 sumus,
1416 2907 1789 2960 annuntiantes

181 2999 338 3054 vobis
371 2998 437 3052 ab
485 2998 567 3052 llis
594 2998 743 3052 bonis
765 2998 990 3052 converti
1019 2999 1087 3052 ad
1116 2995 1286 3051 Deum
1332 2998 1500 3052 vivum
1536 2998 1625 3068 qui
1669 2996 1792 3067 fecit

183 3091 390 3147 colunt
412 3099 464 3145 et
493 3099 710 3154 terram,
739 3107 884 3145 mare
915 3100 963 3144 et
1003 3092 1180 3146 omnia
1208 3108 1326 3162 gnte
1352 3091 1408 3145 in
1433 3089 1508 3145 eis
1537 3098 1678 3157 sunt,
1701 3089 1792 3160 qui

186 3180 558 3252 inprwteritis
607 3173 1256 3252 generationibus'dimis‘it
1283 3197 1460 3236 omnes
1505 3190 1676 3252 gentes
1705 3180 1790 3234 in-

1895 1988 2107 2060 proprio
2133 1985 2274 2042 Filio
2305 2003 2408 2041 non
2429 1986 2677 2058 pepercit,
2700 1983 2790 2041 sed
2810 2001 2904 2057 pro
2927 1984 3072 2039 nobis
3108 1982 3344 2043 omnibus
3373 1991 3484 2034 tra-

1895 2081 2029 2135 didit
2051 2095 2194 2145 eum,
2217 2078 2480 2152 quomodo
2523 2095 2629 2134 non
2654 2085 2702 2133 et
2728 2094 2848 2132 cum
2881 2075 2972 2132 illo
3003 2076 3150 2131 nobis
3187 2075 3365 2130 omnia
3385 2073 3482 2128 do-

1895 2172 2055 2228 navit.
2091 2192 2111 2225 ι
2147 2169 2285 2228 Hinc
2335 2180 2390 2227 et
2438 2178 2660 2228 sanctus
2705 2168 3024 2226 Ambrosius
3073 2169 3128 2227 in
3178 2175 3486 2224 commento

1893 2266 2149 2338 Epistolae
2185 2267 2253 2322 ad
2284 2265 2559 2322 Romanos
2610 2263 2749 2338 (cap.
2789 2263 2844 2336 8)
2886 2261 3017 2320 dicit
3047 2281 3060 2317 :
3101 2283 3119 2315 ε
3155 2261 3299 2328 Quos
3329 2249 3486 2332 ’μνω-

1895 2361 2040 2416 scivit
2094 2370 2141 2414 et
2171 2357 2580 2431 praedestinavit.
2638 2356 2775 2414 Istos
2801 2372 2937 2427 quos
2966 2353 3236 2427 przescivit
3272 2353 3488 2408 futuros

1897 2451 2119 2507 devotos
2149 2450 2272 2516 sibi,
2335 2449 2481 2521 ipsos
2518 2447 2680 2520 elegit
2734 2447 2801 2503 ad
2829 2447 3094 2518 promissa
3137 2444 3358 2516 praemia
3391 2457 3488 2497 ca-

1894 2542 2160 2615 pessenda
2191 2551 2251 2597 ut
2271 2542 2327 2599 hi
2353 2542 2444 2613 qui
2476 2542 2700 2598 credere
2729 2541 2978 2596 videntur
3019 2549 3074 2596 et
3102 2555 3207 2595 non
3271 2552 3490 2608 perma-

1897 2642 2029 2690 nent
2057 2634 2110 2689 in
2139 2633 2244 2689 ﬁde
2266 2639 2463 2704 empta,
2488 2648 2519 2688 a
2544 2633 2656 2688 Deo
2679 2629 2837 2687 electi
2877 2639 3163 2701 negentur,
3196 2629 3322 2700 quia
3350 2642 3490 2700 quos

1895 2728 2040 2784 Deus
2077 2727 2238 2798 elegit
2289 2727 2430 2799 apud
2480 2742 2538 2783 se
2594 2732 2930 2798 permanent.
2985 2723 3082 2780 Est
3127 2723 3273 2778 enim
3299 2721 3393 2792 qui
3421 2723 3490 2777 ad

1897 2828 2110 2888 tempus
2138 2818 2379 2890 eligitur,
2433 2816 2572 2873 sicut
2605 2815 2733 2872 Saul
2785 2813 3053 2883 etJudas,
3085 2830 3192 2872 non
3239 2815 3304 2870 de
3351 2829 3492 2886 prae-

1898 2911 2147 2976 scientia,
2178 2909 2273 2965 sed
2298 2909 2549 2980 praesenti
2580 2907 2814 2979 justitia.
2859 2907 3166 2978 Conformes
3193 2907 3310 2977 fieri
3354 2907 3493 2962 ima—

1896 3001 2033 3074 ginis
2061 2999 2192 3057 Filii
2211 3002 2314 3057 sui.
2337 2999 2450 3058 Hoc
2480 3002 2634 3069 dicit,
2658 3003 2785 3072 quia
2807 3003 2928 3059 ideo
2951 2985 3406 3072 praedestinantur
3435 2999 3490 3055 in

1899 3093 2141 3150 futurum
2175 3096 2455 3163 saeculum,
2489 3104 2548 3151 ut
2567 3095 2774 3152 similes
2809 3097 2943 3152 iiaut
2973 3095 3110 3151 Filio
3136 3095 3253 3151 Dei.
3287 3115 3306 3148 ι

1975 3187 2182 3256 Quibus
2230 3187 2526 3258 Scriptura:
2552 3196 2715 3260 atque
2742 3188 3024 3245 doctorum
3070 3186 3249 3242 verbis
3274 3183 3493 3240 Praede-

189 3276 349 3346 ,τράί
394 3277 508 3331 uias
550 3289 675 3329 suas
707 3274 846 3345 (Act.
899 3291 1012 3342 xw,
1047 3274 1159 3339 l4).
1192 3275 1260 3330 Et
1289 3273 1508 3347 quidem
1544 3289 1652 3329 non
1680 3271 1796 3328 sine

1905 3281 2319 3338 stinatiauorum
2371 3279 2672 3337 destruitur
2730 3278 2959 3346 falsitas,
2985 3279 3076 3351 qui
3124 3294 3224 3350 pro
3246 3293 3314 3334 eo
3350 3276 3496 3349 quod

193 3368 542 3435 testimonio,
566 3368 816 3425 videlicet
839 3385 947 3438 quo
972 3381 1097 3424 eum
1127 3369 1298 3426 Deum
1324 3383 1444 3425 esse
1465 3381 1796 3440 cognoscere

193 3469 472 3532 poterant,
503 3462 646 3518 sicut
675 3470 730 3517 et
756 3462 809 3516 in
854 3461 1094 3531 Epistola
1137 3461 1203 3516 ad
1257 3461 1532 3517 Romanos
1581 3459 1798 3514 demon-

195 3564 364 3620 strat,
415 3553 664 3624 permisit
724 3553 965 3623 quidem,
1015 3553 1068 3608 id
1127 3560 1212 3609 est
1267 3551 1510 3623 reliquit,
1565 3558 1624 3605 ut
1671 3549 1802 3604 alibi

197 3646 495 3718 Scriptura
519 3646 651 3701 dicit
675 3646 741 3701 de
763 3647 874 3701 Deo
903 3645 1032 3714 quia
1072 3643 1278 3714 reliquit
1303 3644 1566 3698 hominem
1609 3643 1664 3696 in
1689 3659 1800 3695 ma-

199 3755 268 3793 nu
293 3737 511 3793 consilii
540 3737 644 3802 sui,
668 3737 812 3808 quod
835 3743 1003 3792 estex
1027 3734 1387 3791 retributione
1405 3733 1655 3803 justitim,
1689 3747 1801 3787 mc-

199 3831 308 3888 rite
344 3845 580 3886 massam
610 3828 922 3884 damnatam
969 3828 1257 3899 perditioni
1288 3827 1546 3884 debitam.
1577 3826 1646 3882 Et
1672 3826 1803 3881 item

201 3923 267 3979 de
289 3919 490 3978 electis
531 3920 584 3975 in
633 3918 838 3976 eisdem
884 3917 1256 3990 apostolorum
1285 3918 1511 3973 Actibus
1541 3916 1804 3987 scriptum

201 4024 284 4071 est
324 4028 345 4067 :
381 4035 400 4066 ‹
442 4011 789 4069 Crediderunt
809 4023 1058 4085 quotquot
1082 4023 1230 4068 erant
1254 4012 1600 4082 prwordinali
1625 4011 1693 4064 ad
1727 4010 1806 4064 vi-

203 4115 324 4161 tam
348 4115 600 4160 teternam
629 4104 767 4174 (Aet.
797 4120 879 4170 tu,
924 4104 1038 4173 48).
1065 4103 1407 4160 Generaliter
1447 4102 1592 4158 enim
1621 4116 1806 4157 massa

205 4198 537 4270 perditionis
585 4199 750 4253 totius
779 4198 1000 4252 humani
1053 4198 1288 4269 generis,
1347 4203 1606 4267 peccante
1632 4194 1806 4249 Adam

208 4291 272 4345 ab
301 4290 499 4346 ordine
523 4289 710 4362 primm
739 4289 1063 4345 conditionis
1087 4289 1315 4360 _dejecta
1349 4296 1432 4344 est
1459 4288 1511 4343 in
1543 4287 1806 4359 perditio-

209 4399 338 4439 nem
390 4381 782 4448 damnationis;
832 4398 861 4437 a
913 4398 1018 4453 qua
1064 4391 1268 4438 aaterna
1318 4380 1692 4445 damnatione,
1739 4380 1809 4437 ab

211 4475 440 4532 exordio
470 4473 674 4542 saeculi,
723 4483 965 4546 peccato,
993 4484 1050 4530 ut
1081 4473 1338 4540 diximus,
1370 4473 1531 4546 primi
1569 4471 1808 4538 hominis

209 4560 590 4633 damniﬁcata,
617 4583 649 4622 a
673 4566 784 4622 Deo
808 4577 986 4621 autem
1037 4575 1162 4622 ante
1212 4566 1396 4622 omnia
1441 4565 1637 4622 saecula
1670 4581 1811 4637 prae-

1903 3373 2033 3430 Saul
2057 3383 2112 3431 et
2137 3372 2306 3430 Judas
2327 3373 2584 3447 leguntur
2608 3372 2765 3444 electi
2787 3390 2820 3429 a
2846 3373 2979 3439 Deo,
3001 3372 3412 3444 przedestiuatos
3441 3372 3499 3426 et

1902 3467 2106 3522 electos
2154 3466 2224 3522 ad
2275 3467 2552 3522 interitum
2607 3465 2866 3537 reprobus
2923 3475 3190 3522 conantur
3227 3473 3496 3520 astruere.

1903 3556 2038 3614 Cum
2071 3557 2213 3613 sicut
2249 3557 2304 3612 in
2347 3558 2551 3614 sanctis
2601 3557 2902 3628 Scripturis
2931 3556 3259 3622 invenimus,
3287 3554 3336 3611 si
3367 3552 3501 3610 Saul

1905 3653 2177 3724 lacrymas
2205 3667 2333 3708 suas
2368 3651 2623 3725 lacrymis
2654 3651 2922 3708 Samuelis
2945 3666 3045 3723 pro
3067 3666 3126 3707 se
3156 3649 3344 3707 eil‘usis
3365 3665 3500 3706 con-

1899 3743 2174 3816 jungeret,
2194 3758 2300 3798 non
2330 3742 2384 3798 in
2413 3753 2732 3814 perpetuum
2756 3741 3083 3819 abjiceretur
3103 3757 3134 3796 a
3161 3741 3409 3807 Domino.
3431 3738 3502 3796 Et

1907 3837 1953 3892 si
1975 3835 2142 3892 Judas
2163 3834 2540 3907 paenitentiam
2561 3835 2703 3906 apud
2723 3833 2910 3890 Jesum
2933 3835 3077 3905 pium
3095 3832 3335 3904 judicem
3361 3831 3505 3902 egis-

1908 3938 2012 3996 set,
2037 3943 2203 3998 quam
2233 3927 2374 3997 apud
2409 3924 2624 3982 Judazos
2653 3925 2846 3995 impios
2868 3933 3074 3998 egerat,
3105 3939 3214 3980 non
3254 3924 3311 3979 in
3339 3931 3502 3980 aeter-

1910 4038 2041 4078 num
2071 4020 2294 4092 periret.
2330 4018 2440 4074 Sua
2486 4034 2616 4090 ergo
2663 4018 2948 4088 iniquitate
2977 4016 3145 4073 Judas
3181 4016 3368 4089 periit,
3392 4030 3504 4071 non

1909 4113 2007 4170 Dei
2039 4113 2323 4178 electione,
2349 4112 2491 4168 sicut
2516 4110 2987 4172 Praedestmatiani
3014 4117 3326 4174 susurrant,
3355 4107 3499 4162 male

1912 4206 2335 4276 interpretantes
2359 4203 2523 4258 verba
2547 4201 2690 4257 beati
2711 4200 3022 4272 Augustini,
3049 4197 3189 4254 sicut
3213 4208 3270 4253 et
3291 4206 3508 4252 veteres

1913 4312 2100 4354 eorum
2127 4307 2314 4367 patres
2337 4293 2605 4360 iecerunt,
2629 4293 3020 4348 manducantes
3045 4305 3201 4346 uvam
3223 4288 3506 4353 acerbam,

1914 4377 2057 4444 unde
2106 4387 2335 4444 istorum
2378 4385 2570 4442 dentes
2597 4399 2771 4457 usque
2809 4383 2970 4439 hodie
2998 4382 3408 4452 obstupescunt,
3452 4386 3512 4434 et

1916 4482 2261 4540 audientibus
2312 4488 2678 4554 proponentes
2712 4497 2724 4533 :
2755 4477 2952 4533 Audite
2980 4518 2996 4545 ,
3053 4476 3327 4547 inquiunt,
3379 4472 3512 4545 quid

1917 4574 2254 4647 Augustinus
2275 4573 2421 4629 dicat
2445 4587 2460 4627 :
2486 4571 2608 4628 illos
2636 4571 2796 4644 elegit
2817 4570 2884 4626 ad
2900 4568 3252 4626 obtinendum
3282 4581 3513 4639 regnum

214 4662 353 4716 scita
385 4675 494 4715 non
520 4659 920 4731 praedestinata,
945 4675 975 4715 a
1004 4660 1113 4716 Deo
1138 4659 1507 4732 praedestinati
1531 4668 1657 4714 ante
1686 4675 1806 4714 om-
1838 4651 1891 4711 D
1919 4683 2096 4733 suum,
2125 4674 2180 4724 ει
2223 4666 2388 4723 istum
2417 4663 2582 4736 elegit
2629 4663 2696 4718 ad
2751 4662 3135 4719 en‘undendum
3188 4660 3514 4732 sanguinem

213 4754 304 4809 nia
333 4753 532 4810 320012
563 4754 631 4809 ad
654 4754 823 4809 vitam
851 4762 1110 4809 aeternam
1150 4753 1454 4824 eripiuntur
1483 4752 1580 4824 per
1610 4751 1808 4808 saecula

215 4847 422 4902 viritim
473 4863 682 4914 omnes,
717 4847 810 4920 qui
849 4847 903 4902 in
935 4847 1249 4910 electorum,
1292 4845 1344 4901 id
1398 4855 1480 4902 est
1510 4846 1683 4918 gratia
1743 4843 1811 4900 de

221 4953 402 4995 massa
432 4939 752 5012 perditionis
803 4940 1087 5006 lectorum,
1137 4953 1300 5010 grege
1331 4945 1686 4992 numerantur
1713 4949 1810 5008 per

221 5028 496 5094 Christum
529 5029 818 5087 Dominum
840 5039 1081 5086 nostrum
1116 5029 1622 5100 praedestinatorum
1648 5035 1812 5098 caput

222 5133 274 5179 et
321 5123 527 5180 lumen.
586 5123 654 5179 Et
681 5123 797 5180 haec
831 5123 1047 5189 electio,
1104 5123 1155 5178 id
1186 5131 1268 5178 est
1319 5122 1489 5191 gratia
1527 5121 1593 5176 de
1627 5137 1812 5176 massa

225 5215 543 5285 perditionis
567 5214 727 5273 lectio
759 5216 848 5286 (ab
886 5231 950 5272 co
979 5215 1072 5287 qui
1100 5214 1276 5285 legitis
1325 5213 1670 5287 lioreslego),
1703 5230 1812 5268 non

225 5306 311 5362 illa
363 5315 447 5364 est
491 5319 597 5377 qua
655 5307 786 5362 Saul
825 5316 882 5364 et
930 5306 1096 5364 Judas
1147 5307 1200 5361 in
1229 5306 1529 5378 Scripturis
1562 5307 1815 5377 leguntur

227 5401 402 5457 electi.
427 5402 696 5472 Scriptum
738 5409 820 5457 est
850 5402 994 5458 enim
1037 5397 1104 5457 de
1127 5400 1276 5465 Saul,
1313 5400 1522 5455 Electus
1544 5411 1592 5454 et
1624 5399 1811 5465 bonus,

229 5504 273 5547 et
315 5510 420 5547 non
441 5505 552 5548 erat
579 5495 655 5549 vir
677 5494 740 5548 de
763 5493 886 5563 ﬁliis
931 5492 1101 5548 Israel
1122 5490 1307 5547 melior
1352 5491 1462 5546 illo.
1489 5491 1556 5546 Et
1586 5491 1652 5546 de
1674 5490 1813 5545 Jnda

230 5585 420 5652 electo,
481 5585 576 5641 sed
623 5600 731 5641 non
793 5586 846 5641 in
897 5583 1165 5643 electione
1211 5583 1505 5640 electorum
1561 5585 1813 5640 collecto.

232 5678 392 5752 366
419 5677 613 5734 Nonne
629 5697 723 5751 ego
747 5697 834 5734 vos
858 5680 1136 5734 duodecim
1175 5678 1325 5750 elegi,
1347 5688 1396 5734 et
1425 5695 1562 5733 unus
1585 5695 1649 5733 ex
1673 5677 1815 5732 vobis

233 5771 468 5827 diabolus
504 5775 621 5829 est?
662 5790 824 5846 quem
865 5775 934 5831 ab
965 5775 1068 5831 hac
1097 5774 1380 5840 electione,
1417 5773 1472 5828 id
1501 5781 1586 5828 est
1628 5773 1816 5843 gustia:

239 5860 484 5935 lectione,
513 5868 772 5926 Dominus
796 5869 920 5926 alibi
950 5871 1112 5924 etiam
1148 5869 1422 5935 discrevit,
1454 5869 1671 5924 dicens:
1694 5868 1817 5922 Non

1919 4775 2097 4815 suum.
2154 4755 2272 4815 Non
2323 4757 2468 4812 enim
2500 4756 2658 4812 aliter
2711 4755 2878 4811 Judas
2929 4761 3144 4826 poterat
3173 4753 3279 4808 nisi
3325 4752 3515 4807 ethoc

1919 4859 2106 4924 ageret
2135 4849 2274 4906 unde
2323 4849 2552 4921 periret,
2598 4846 2725 4920 quia
2765 4847 3178 4919 pmdestiuatus
3229 4843 3298 4898 ad
3345 4843 3514 4918 inter-

1919 4946 2056 5000 itum
2086 4951 2226 4999 erat.
2252 4940 2324 4996 Et
2353 4941 2444 4997 tali
2474 4942 2618 4998 dicto
2644 4941 2942 5012 praedicant
2967 4940 3136 4995 Deum
3165 4935 3293 4992 mali
3321 4943 3512 4989 aucto-

1919 5053 2058 5094 rem.
2093 5034 2287 5092 ludam
2324 5049 2455 5092 vero
2508 5033 2639 5094 mali
2687 5035 3005 5098 immunem,
3070 5030 3164 5100 qui
3195 5029 3355 5083 aliter
3404 5043 3515 5083 non

1919 5139 2137 5205 poterat
2162 5130 2269 5186 nisi
2297 5137 2353 5186 ut
2381 5145 2478 5201 per
2517 5129 2731 5188 Domini
2767 5127 3115 5183 traditionem
3139 5125 3207 5180 ad
3230 5122 3514 5180 interitum

1923 5227 2050 5292 iret,
2084 5242 2190 5296 quo
2217 5223 2634 5296 przedestinatus
2662 5232 2797 5282 erat.
2825 5223 2891 5278 Et
2918 5222 3111 5278 nolunt
3139 5221 3319 5292 legere
3349 5219 3515 5276 libros

1925 5319 2070 5390 beati
2096 5317 2384 5389 Augustini
2407 5333 2545 5389 quos
2575 5318 2833 5372 adversus
2857 5330 2952 5372 eos
2971 5322 3157 5386 egerat
3182 5332 3195 5367 :
3221 5313 3273 5367 in
3296 5311 3512 5383 quibus,

1925 5410 2065 5464 sicut
2119 5424 2260 5481 saepe
2311 5407 2568 5476 diximus,
2618 5408 2822 5464 electos
2863 5407 3296 5478 prtedesu'natos,
3334 5418 3518 5475 repro—

1927 5505 2026 5560 bos
2071 5512 2251 5558 autent
2305 5503 2358 5558 in
2415 5519 2592 5558 massa
2639 5503 2960 5574 perditionis
3007 5501 3224 5558 relictos
3260 5499 3515 5555 inculcat.

1926 5597 2089 5670 367
2122 5597 2268 5662 Quos
2289 5595 2458 5650 libros
2478 5596 2523 5650 si
2546 5595 2752 5666 legunt,
2775 5604 2869 5650 aut
2899 5594 3198 5665 intelligere
3219 5593 3517 5666 negligunt,

1927 5707 2021 5752 aut
2046 5703 2309 5766 quantum
2360 5708 2426 5748 ex
2463 5693 2594 5762 ipsis
2634 5703 2717 5748 est
2767 5707 2933 5762 pravo
2977 5707 3139 5748 sensu
3181 5697 3516 5762 pervertunt.

1928 5794 2168 5861 Quorum
2194 5789 2439 5846 doctrina
2455 5803 2616 5860 quam
2639 5789 2710 5845 sit
2729 5786 3118 5860 consputabilis
3139 5795 3192 5842 et
3215 5785 3516 5845 refutanda,

1926 5886 2107 5950 omnis
2129 5885 2346 5950 sapiens
2371 5900 2563 5940 sanum
2595 5885 2863 5947 intelligit.
2916 5884 3100 5948 Neque
3141 5883 3282 5937 enim
3324 5893 3516 5936 nomen
