3998 6336
1932 288 1969 307 ν

522 408 633 495 iss

1478 422 1483 425 '
1517 432 1849 491 HINCMARI
1886 410 2281 490 cannensis
2315 432 2833 492 ARCHIEPISCOPI

3677 443 3767 501 436

522 552 766 619 credere,
814 559 1047 624 quantos
1089 551 1348 608 nimirum
1399 559 1607 606 certum
1673 558 1759 606 est
1813 547 2109 605 electorum
2137 556 2189 614 Α
2214 565 2376 621 quam
2399 566 2529 622 ergo
2556 567 2719 623 super
2745 567 2839 609 eos
2870 566 3064 624 vesper
3084 532 3531 628 con's'urée'ret,'s"i
3557 550 3671 613 cteli
3691 553 3769 616 lilii

523 662 809 703 numerum
874 660 1249 716 summamque
1326 644 1584 709 transire,
1633 644 1711 698 ait
1771 661 1785 700 :
1847 641 2111 714 Multipli-

523 741 627 794 c'ati
693 749 814 795 sunt
885 756 1041 810 super
1112 755 1389 794 numerum
1455 734 1648 805 (Psal.
1722 753 1908 801 xxxrx,
1984 736 2109 808 6);

522 828 681 905 371
712 847 780 889 ac
813 832 858 889 si
900 831 1145 889 diceret:
1185 832 1369 888 Multis
1418 832 1714 889 Ecclesium
1765 834 2109 900 intrantibus,

523 922 685 979 etiam
712 922 781 977 hi'
826 922 895 977 ad
939 920 1100 979 ﬁdem
1128 924 1278 995 regni
1306 923 1649 991 specietenus
1684 923 1921 990 veniunt,
1955 923 2044 993 qui
2083 938 2113 977 a

521 1028 748 1070 numero
760 1013 966 1072 caelesti
990 1014 1369 1080 excluduntur,
1385 1013 1509 1085 quia
1523 1013 1818 1069 electorum
1843 1030 2111 1070 summam

522 1120 621 1161 sua
671 1104 923 1162 videlicet
962 1085 1414 1177 multiplicatione
1460 1113 1762 1160 transeunt.
1814 1102 1966 1161 Unde
2015 1120 2113 1176 per

519 1201 713 1256 lsaiam
740 1216 956 1273 quoque
986 1200 1164 1257 eidem
1195 1199 1449 1256 Ecclesia:
1472 1199 1672 1255 dicitur
1697 1216 1709 1253 ε
1733 1198 1815 1252 Ad
1842 1200 2113 1255 dexteram

519 1293 657 1348 enim
691 1303 739 1350 et
763 1296 833 1348 ad
868 1293 1053 1349 larvam
1101 1293 1430 1360 dilataberis,
1461 1302 1511 1348 et
1539 1309 1714 1348 semen
1744 1303 1890 1348 tuum
1939 1303 2111 1363 gentes

518 1389 848 1469 Ita.'redital_rit
877 1387 1013 1460 (Isa.
1040 1405 1147 1454 Ltv,
1174 1388 1249 1460 5).
1281 1389 1525 1445 intrante
1548 1387 1745 1459 quippe
1770 1387 2113 1449 multitudine

518 1480 759 1553 gentium
817 1483 886 1539 ad
945 1483 1224 1541 dexteram
1276 1482 1608 1548 extenditur,
1665 1482 1789 1537 dum
1850 1482 2111 1553 quosdam

511 1571 892 1643 justiiicandos
921 1576 1150 1647 suscipit
1190 1594 1204 1631 :
1248 1577 1317 1633 ad
1344 1575 1532 1632 laevam
1572 1591 1786 1649 quoque
1832 1575 2109 1641 dilatatur,

518 1667 648 1723 dum
674 1668 741 1723 ad
768 1664 828 1726 se
853 1669 1119 1740 quosdam
1141 1669 1305 1725 etiam
1333 1669 1388 1724 in
1417 1668 1699 1740 iniquitate
1725 1677 2112 1739 permanentes

518 1748 798 1833 admittit,
855 1775 1056 1839 praeter
1120 1767 1262 1823 hanc
1325 1766 1723 1822 multitudinem
1780 1780 1900 1836 quae
1956 1773 2110 1820 extra

516 1856 814 1917 electorum
877 1872 1164 1916 numerum
1213 1858 1378 1931 jacet.
1430 1878 1450 1912 ι
1520 1857 1589 1913 Et
1648 1855 1809 1928 paulo
1863 1856 2111 1928 superius

2214 658 2336 699 esse
2367 644 2681 720 voluissent.
2724 663 2742 697 ι
2798 643 2865 729 Et
2892 644 3019 715 item
3066 646 3120 713 in
3154 636 3582 731 libroivigesimo’
3605 634 3769 722 quinto

2217 733 2355 806 (cap.
2379 735 2435 802 8,
2490 736 2545 808 9)
2577 754 2590 790 :
2624 755 2643 788 ι
2681 730 2807 792 Hoc
2836 736 2982 809 quod
3009 730 3200 794 electis
3240 730 3364 795 aliis
3393 740 3481 796 alii
3513 750 3771 813 conterun-

2172 826 2324 887 'tur,
2375 824 2441 879 de
2500 826 2694 882 merito
2742 826 3001 903 patientis
3053 820 3171 891 est,
3234 842 3342 884 non
3396 831 3461 884 de
3513 832 3769 903 iniquitate

2215 917 2508 987 punientis.
2557 916 2672 973 Non
2708 902 2852 973 enim
2884 916 3103 990 iniquus
3136 918 3298 984 Deus,
3330 912 3492 997 372
3522 902 3771 993 quiinlert

2216 1010 2351 1064 iram
2411 1028 2424 1063 :
2477 1009 2619 1065 unde
2669 1018 2793 1083 apte
2840 1002 3422 1082 subjungiturz'Nocit
3466 1015 3597 1068 enim
3638 1028 3771 1086 opera

2215 1115 2416 1167 eorum,
2447 1111 2494 1155 et
2514 1100 2710 1157 idcirco
2734 1102 2944 1157 inducet
2977 1113 3202 1171 noctem,
3228 1112 3276 1160 et
3301 1113 3627 1160 conterentur
3644 1090 3767 1179 (iob.

2214 1207 2400 1258 xxxrv,
2428 1190 2545 1264 23).
2582 1212 2601 1245 ι

2286 1284 2355 1341 Et
2378 1286 2505 1357 quia
2531 1286 2876 1358 praescientia
2909 1286 3004 1343 Dei
3033 1288 3152 1343 sine
3176 1282 3642 1357 praedestinatione
3674 1304 3775 1348 esse

2215 1387 2410 1450 potest,
2434 1379 2575 1434 sicut
2611 1380 2665 1435 in
2707 1380 2812 1437 illis
2835 1381 3088 1436 omnibus
3116 1396 3235 1451 quae
3265 1396 3375 1437 non
3416 1396 3485 1438 ex
3508 1382 3618 1453 ipso
3641 1393 3771 1441 erant

2215 1486 2435 1542 causam
2458 1473 2790 1543 operationis
2812 1472 3085 1539 habitura,
3112 1482 3422 1531 nontamen
3442 1489 3562 1532 eum
3581 1486 3772 1557 possunt

2214 1564 2384 1620 latere
2417 1566 2506 1638 qui
2556 1568 2706 1622 novit
2761 1567 2944 1622 omnia
2981 1567 3146 1624 etiam
3202 1577 3497 1638 antequam
3549 1567 3684 1625 ﬁant.
3718 1571 3770 1627 Et

2213 1656 2427 1727 reprobi
2461 1658 2695 1727 praesciti
2715 1700 2729 1723 ,
2760 1674 2865 1714 non
2900 1667 3084 1714 autem
3116 1654 3504 1730 praedestinati,
3540 1675 3569 1715 a
3598 1662 3694 1717 Deo
3717 1661 3771 1716 ad

2213 1763 2427 1819 poenam
2469 1757 2616 1816 sunt,
2656 1748 2782 1819 quia
2830 1765 2936 1803 non
2964 1750 3081 1821 ipso
3131 1758 3377 1816 auctore,
3424 1750 3516 1807 sed
3559 1752 3770 1821 exigente

2217 1839 2520 1910 iniquitate,
2549 1842 2637 1896 vel
2679 1850 2906 1912 paterna
2933 1841 3018 1896 vel
3050 1842 3293 1917 propria,
3325 1852 3553 1913 pereunt
3587 1840 3719 1910 justo
3745 1858 3767 1896 a

517 1947 656 2020 (cap.
687 1948 892 2021 eodem)
921 1968 936 2006 :
981 1970 999 2004 t
1034 1914 1342 2006 Notandum
1372 1963 1502 2006 vero
1533 1914 1797 2019 est,.quia
1831 1914 1958 2003 dum
1989 1947 2109 2008 aliis

2215 1917 2326 1989 Deo
2355 1933 2527 1990 relicti
2551 1933 2757 2006 judicio
2784 1951 2797 1989 :
2831 1935 2970 1990 sicut
2998 1914 3233 2005 praesciti
3263 1935 3428 1992 simul
3449 1943 3503 1991 et
3528 1928 3769 2005 praédesti-

513 2040 854 2109 cadentibus,
906 2042 975 2097 ad
1024 2042 1275 2097 standum
1326 2041 1419 2096 alii
1464 2040 1682 2099 solidari
1728 2040 2107 2112 perhibentur,
2155 2064 2166 2074 -

514 2135 813 2194 electorum
841 2151 1100 2194 numerus
1140 2146 1323 2194 certus
1371 2137 1694 2195 ostenditur.
1739 2133 1896 2192 Unde
1944 2135 2109 2191 etiam

512 2227 901 2299 Philadelphia;
953 2229 1208 2287 Ecclesiae
1258 2244 1355 2303 per
1402 2229 1650 2302 angelum
1701 2227 1902 2285 dicitur
1927 2246 1943 2284 :
1973 2227 2110 2282 Tene

510 2320 654 2392 quod
707 2320 889 2387 habes,
944 2337 1009 2377 ne
1059 2321 1197 2377 alius
1246 2321 1471 2392 accipiat
1500 2336 1749 2375 coronam
1781 2328 1948 2374 tuam.
1996 2316 2111 2374 Hac

510 2428 643 2485 ergo
664 2413 958 2477 sententia,
984 2429 1089 2485 qua
1123 2421 1402 2480 narratur,
1427 2412 1660 2469 aliorum
1690 2412 1851 2485 erigi,
1876 2411 2106 2467 aliorum

512 2513 694 2560 autem
719 2505 831 2561 vita
872 2504 1014 2562 bona
1043 2504 1331 2579 confringi,
1364 2517 1489 2575 spes
1516 2503 1756 2559 nutritur
1796 2502 2107 2571 humilium,

511 2598 676 2656 elatio
704 2601 973 2671 premitur
997 2600 1522 2672 superborum,dum
1537 2609 1593 2654 et
1619 2599 1694 2655 illi
1716 2601 1857 2659 bona
1882 2606 2109 2670 possunt

512 2694 764 2751 amittere
816 2695 882 2751 de
917 2695 1114 2764 quibus
1151 2694 1493 2766 superbiuut,
1524 2701 1581 2749 et
1609 2692 1696 2748 isti
1726 2708 1790 2749 ea
1828 2693 2110 2765 percipere

511 2801 632 2857 quae
682 2788 808 2859 quia
862 2802 969 2843 non
1030 2788 1266 2843 habeant
1318 2795 1760 2843 contemnuntur.
1813 2806 1832 2839 ›
1888 2786 2107 2843 Etitem

510 2879 800 2950 aliquando
822 2881 1072 2952 superius
1100 2880 1239 2952 (cap.
1271 2878 1326 2953 7)
1358 2900 1371 2937 :
1415 2900 1433 2932 ι
1470 2880 1528 2936 In
1576 2882 1683 2936 hoc
1719 2895 1850 2951 ergo
1879 2888 2111 2952 utroque

510 2984 707 3042 genere
739 2973 1016 3030 hominum
1047 2986 1190 3044 saepe
1231 2972 1519 3044 contingit,
1566 2982 1626 3028 ut
1652 2980 1709 3029 et
1732 2974 1827 3046 qui
1854 2971 2111 3029 videntur

509 3062 566 3119 in
611 3063 850 3120 humano
871 3062 1080 3133 judicio
1121 3071 1289 3129 stare,
1311 3061 1428 3134 jam
1477 3064 1532 3119 in
1580 3072 1878 3134 conspectu
1916 3062 2109 3119 aeterni

508 3152 706 3223 iudicis
755 3153 1008 3224 iaceant,
1067 3162 1124 3212 et
1177 3154 1269 3225 qui
1327 3170 1473 3212 nunc
1539 3170 1725 3212 coram
1795 3153 2109 3211 hominibus

507 3246 748 3319 iaceant,
772 3249 827 3304 in
858 3255 1151 3319 conspectu
1172 3247 1361 3303 aeterni
1386 3246 1589 3319 judicis
1610 3253 1776 3303 stent.
1803 3244 1937 3316 Quis
1961 3245 2109 3303 enim

514 3344 804 3401 hominum
828 3342 1103 3413 aestimare
1140 3344 1412 3416 potuisset
1433 3341 1630 3400 ludam
1659 3342 1875 3401 vivendi
1902 3350 2107 3399 sortem

508 3446 637 3508 post
679 3437 1045 3494 ministerium
1075 3435 1412 3506 apostolatus
1449 3434 1722 3501 amittere,
1751 3442 1806 3493 et
1840 3433 2109 3493 latronem

512 3535 717 3583 aeterna
745 3527 969 3598 praemia
987 3527 1045 3582 in
1068 3525 1299 3582 articulo
1323 3525 1517 3585 mortis
1542 3524 1829 3593 invenire?
1853 3523 2110 3583 Occultus

516 3626 697 3675 autem
746 3617 915 3687 iudex
941 3658 958 3686 ,
1024 3617 1321 3689 praesidens
1372 3625 1433 3677 et
1513 3624 1871 3688 utrorumque
1942 3616 2109 3673 corda

517 3711 835 3768 discernens
861 3752 878 3779 ,
942 3710 1174 3769 alterum
1233 3711 1323 3783 pie
1376 3711 1604 3773 statuit,
1674 3710 1913 3768 alterum
1963 3710 2110 3783 juste

513 3802 802 3873 confregit,
854 3802 1003 3858 illum
1070 3802 1317 3859 districte
1381 3802 1626 3859 exterius
1681 3801 1919 3873 repulit,
1959 3802 2110 3859 hunc

513 3895 844 3951 intrinsecus
869 3893 1301 3951 misericorditer
1328 3893 1514 3951 traxit.
1554 3914 1575 3946 ι
1616 3893 1684 3949 Ει
1710 3894 1840 3951 item
1884 3892 1937 3948 in
1967 3891 2109 3951 libro

510 3988 779 4061 vigesimo
802 4003 947 4045 nono
976 3986 1119 4059 (cap.
1153 3988 1263 4060 15),
1305 3986 1528 4046 Iudicia
1562 3997 1656 4045 tua
1695 3987 1913 4060 abyssus
1939 3987 2108 4051 multa

519 4077 700 4152 (Psal.
729 4095 894 4147 xxxv,
923 4079 1031 4151 7).«
1062 4078 1235 4137 Nemo
1255 4095 1385 4153 ergo
1410 4081 1743 4152 perscrutari
1766 4089 1986 4152 appetat
2010 4094 2109 4136 cur

517 4185 642 4227 cum
697 4169 835 4228 alius
873 4170 1173 4242 repellitur,
1209 4172 1356 4241 alius
1407 4171 1660 4244 eligatur,
1702 4172 1790 4228 vel
1843 4186 1941 4228 cur
1984 4186 2110 4226 cum

513 4263 655 4321 alius
673 4264 892 4337 eligitur
915 4264 1057 4322 alius
1087 4265 1399 4336 repellatur,
1429 4266 1557 4337 quia
1581 4264 1901 4337 superﬁcies
1929 4263 2108 4335 abyssi

511 4357 924 4430 constringitur,
961 4366 1017 4413 et
1043 4366 1336 4414 attestante
1358 4357 1550 4425 Paulo,
1577 4356 1960 4414 lncrustabilia
1982 4365 2107 4411 sunt

523 4448 715 4503 iudicia
739 4449 873 4518 ejus,
891 4458 939 4504 et
960 4447 1343 4519 inuestigabiles
1366 4449 1463 4503 via:
1488 4448 1621 4518 ejus.
1645 4467 1664 4501 ι
1698 4446 1879 4519 (Rom.
1904 4461 1969 4513 ll,
1991 4446 2106 4515 55.)

512 4545 645 4597 Item
667 4528 811 4596 idem
841 4541 896 4595 in
927 4540 1066 4595 libro
1088 4540 1353 4611 vigesimo
1373 4555 1517 4597 nono
1540 4542 1679 4612 (cap.
1706 4538 1909 4611 eodem)
1933 4538 2065 4597 dicit
2090 4558 2103 4592 :

516 4652 537 4685 ι
572 4632 853 4694 Dominus,
887 4631 1160 4709 inquiens,
1185 4633 1262 4709 ait
1289 4649 1305 4687 :
1328 4630 1527 4688 Cretum
1555 4632 1685 4687 mihi
1714 4632 1862 4687 sedes
1886 4640 1997 4697 est;
2026 4639 2105 4699 et,

511 4723 707 4778 Anima
733 4724 873 4794 justi
906 4724 1055 4779 sedes
1104 4723 1395 4795 sapientiae.
1446 4722 1654 4781 Casium
1690 4724 1879 4794 utique
1921 4723 2102 4781 anima

506 4813 664 4887 justi,
691 4815 890 4871 omium
920 4815 1023 4871 fuit
1048 4815 1342 4871 Abraham.
1373 4813 1508 4871 Cum
1548 4816 1695 4870 enim
1733 4815 1800 4871 de
1828 4815 2104 4872 Abraham

510 4915 674 4964 natus
721 4916 806 4964 est
853 4906 1104 4980 Caipbas,
1157 4908 1285 4978 quid
1336 4908 1486 4964 aliud
1534 4907 1637 4963 nisi
1687 4908 1810 4978 gelu
1859 4909 1925 4964 de
1965 4907 2105 4963 cceio

508 5000 813 5072 processit?
837 4998 990 5069 Quod
1013 5008 1193 5056 tamen
1217 4999 1338 5071 gelu
1353 4998 1557 5055 idcirco
1572 4997 1834 5054 Dominus
1854 4998 2107 5069 genuisse

511 5107 572 5151 se
617 5094 773 5161 dicit,
827 5095 955 5167 quia
1003 5092 1218 5150 Judaeos
1252 5109 1388 5164 quos
1432 5092 1757 5149 naturaliter
1791 5092 1906 5162 ipse
1935 5092 2107 5150 bonos

511 5185 773 5249 condidit.
801 5185 950 5255 justo
972 5186 1178 5257 judicio
1204 5196 1301 5256 per
1337 5199 1528 5241 eorum
1571 5182 1835 5239 malitiam
1887 5182 2110 5253 frigidos

2212 2026 2326 2081 nati
2375 2026 2493 2096 ipso
2538 2035 2761 2081 auctore
2811 2025 3088 2082 salvantur
3117 2028 3310 2099 gratiae
3353 2027 3514 2093 dono,
3546 2026 3764 2097 quoniam

2212 2116 2583 2171 misericordia
2638 2116 2754 2187 ejus
2797 2116 3059 2189 praevenit
3109 2132 3228 2183 nos,
3282 2120 3347 2173 ut
3394 2116 3530 2174 bene
3550 2115 3763 2182 velimus,

2213 2205 2430 2277 adjutor
2480 2208 2535 2263 in
2600 2207 3093 2279 opportunitatibus
3154 2207 3207 2263 in
3281 2206 3642 2274 tribulatione,
3692 2207 3761 2265 cui

2212 2298 2460 2365 dicimus,
2490 2299 2720 2370 Adjutor
2756 2317 2924 2365 meus,
2955 2300 3048 2354 tibi
3080 2298 3330 2371 psallam,
3355 2312 3432 2369 et,
3459 2300 3650 2371 Adjutm
3673 2316 3763 2366 nos,

2211 2388 2355 2444 Deus
2383 2389 2632 2445 salutaris
2662 2400 2855 2445 noster.
2881 2389 3117 2462 Adjuvat
3142 2405 3241 2447 nos
3262 2400 3327 2446 ut
3349 2391 3487 2447 bene
3513 2388 3762 2465 possimus,

2211 2489 2268 2536 et
2290 2480 2660 2536 misericordia
2686 2481 2801 2552 ejus
2829 2482 3189 2552 subsequetur
3210 2495 3316 2537 nos
3335 2481 3583 2537 omnibus
3606 2480 3761 2535 diebus

2211 2574 2337 2629 vitre
2356 2582 2580 2642 nostrae,
2604 2582 2661 2629 ut
2687 2573 2741 2629 in
2762 2560 2915 2630 bono.
2929 2588 3360 2646 perseveremus,
3380 2574 3558 2646 etips'e
3571 2580 3761 2629 coronat

2211 2684 2310 2724 nos
2340 2668 2395 2724 in
2429 2667 2801 2725 misericordia
2832 2676 2886 2724 et
2914 2667 3388 2754 miseratiopibus,
3427 2665 3517 2742 qui
3543 2667 3688 2723 satiat
3712 2665 3756 2719 in

2211 2761 2370 2819 bonis
2418 2762 2743 2818 desiderium
2799 2771 3067 2818 nostrum.
3100 2761 3443 2819 Satiabimur
3484 2760 3618 2818 enim
3659 2772 3758 2815 cum

2211 2852 2650 2910 manifestabitur
2676 2854 2846 2926 gloria
2872 2849 3009 2923 ejus.
3058 2852 3160 2912 Hic
3184 2855 3380 2912 doctor
3408 2846 3699 2929 magnificus
3717 2851 3760 2905 in

2211 2946 2351 3003 libro
2398 2946 2681 3003 Moralium
2715 2948 2993 3019 trigesimo
3023 2956 3219 3019 quarto
3264 2947 3408 3020 (cap.
3445 2946 3543 3020 l3)
3578 2946 3760 3002 demon-

2214 3046 2352 3095 strat
2402 3039 2589 3096 dicens
2638 3056 2652 3094 :
2706 3058 2725 3092 ι
2776 3039 3037 3096 Fortasse
3080 3040 3396 3113 quempiam
3438 3046 3639 3096 moveat
3683 3050 3761 3092 cur

2212 3132 2526 3191 misericors
2576 3133 2717 3190 Deus
2762 3133 2877 3189 ﬁeri
2924 3134 2997 3188 ita
3033 3133 3341 3204 permittat,
3396 3134 3457 3189 ut
3504 3129 3759 3188 Leviathau

2213 3227 2338 3293 iste,
2364 3243 2457 3283 seu
2502 3240 2647 3283 nunc
2675 3241 2770 3298 per
2800 3227 3171 3299 suggestiones
3220 3222 3469 3291 callidas,
3515 3223 3618 3280 sive
3653 3229 3756 3277 tunc

2133 3286 2182 3352 ϐ
2212 3286 2337 3393 ρων⁷
2372 3286 2690 3376 damnatum
2738 3286 3096 3390 illuquuem
3140 3319 3316 3391 replet
3361 3286 3646 3380 hominem,
3692 3308 3759 3366 vel

2214 3414 2343 3470 solis
2364 3413 2466 3470 sibi
2498 3414 2695 3477 radios,
2722 3414 2777 3470 id
2804 3423 2888 3471 est
2915 3410 3105 3472 doctos
3144 3426 3397 3486 quosque
3426 3402 3783 3495 sapientesque.

2212 3505 2487 3576 subjiciat,
2520 3505 2603 3561 vel
2637 3520 2850 3572 aurum,
2878 3507 2980 3562 hoc
3006 3514 3091 3561 est
3116 3506 3261 3561 viros
3292 3502 3593 3561 sanctitatis
3619 3490 3755 3555 clari-

2213 3604 2326 3653 tate
2351 3595 2635 3666 fulgentes,
2672 3596 2826 3665 quasi
2856 3595 3031 3651 lutum
3071 3594 3174 3651 sibi
3198 3594 3356 3651 vitiis
3405 3586 3757 3664 coinQuinando

2214 3686 2542 3742 substernat.
2569 3684 2676 3741 Sed
2705 3685 2864 3741 citius
2887 3685 3300 3756 respondemus,
3333 3685 3473 3758 q'uod
3501 3683 3585 3756 qui
3609 3677 3756 3754 pravis

2213 3783 2330 3855 ejus
2377 3780 2820 3854 persuasionibus
2882 3780 3036 3850 quasi
3082 3780 3258 3835 lutum
3308 3778 3478 3837 sterni
3519 3762 3751 3849 potuerit.

2214 3890 2407 3931 aurum
2460 3878 2585 3928 ante
2644 3871 2739 3927 Dei
2783 3868 2983 3928 oculos
3025 3870 3303 3944 nunquam
3356 3871 3471 3926 fuit.
3510 3866 3602 3936 Qui
3639 3862 3756 3919 enim”

2214 3964 2395 4023 seduci
2422 3963 2745 4037 quandoque
2775 3978 2881 4020 non
2906 3963 3174 4019 reversuri
3199 3970 3446 4035 possunt,
3468 3954 3608 4032 quasi
3632 3950 3756 4011 habi-

2215 4068 2324 4113 tam
2374 4056 2721 4112 sanctitatem
2776 4062 2900 4111 ante
2949 4052 3135 4109 oculos
3203 4050 3483 4109 hominum
3542 4048 3754 4103 videntur

2213 4150 2486 4215 amittere,
2518 4148 2613 4204 sed
2633 4162 2752 4203 eam
2782 4155 2907 4202 ante
2936 4145 3030 4202 Dei
3070 4144 3258 4202 oculos
3293 4152 3561 4215 nunquam
3589 4137 3756 4193 habue-

2216 4251 2359 4297 runt.
2406 4239 2561 4312 Saepe
2611 4250 2846 4311 namque
2892 4237 3056 4293 homo
3085 4234 3270 4293 multis
3315 4234 3523 4294 occulte
3556 4222 3754 4303 peccatis

2212 4334 2527 4402 involvitur,
2560 4341 2614 4388 et
2639 4331 2691 4387 in
2722 4345 2825 4386 una
2877 4327 3054 4402 aliqua
3081 4329 3282 4385 virtute
3304 4338 3526 4401 magnus
3558 4319 3752 4377 videtur.

2213 4444 2333 4500 quae
2354 4429 2470 4500 ipsa
2492 4439 2708 4498 quoque
2734 4424 2909 4480 virtus
2939 4424 3248 4501 inanisc‘cns
3288 4421 3487 4488 deiicit‘,
3513 4415 3625 4489 quia
3651 4409 3751 4464 dum

2214 4523 2505 4579 innotescit
2522 4518 2853 4587 hominibus,
2878 4518 3069 4591 procul
3090 4518 3255 4574 dubio
3280 4516 3546 4577 laudatur,
3562 4509 3750 4608 ejuqsqlle

2212 4616 2331 4695 laus
2385 4615 2658 4671 inhianter
2705 4612 2995 4687 appetitur.
3031 4609 3184 4666 Unde
3220 4609 3282 4666 lit
3308 4618 3368 4665 ut
3398 4615 3450 4664 et
3479 4600 3749 4695 ipsahvirtus

2188 4689 2339 4766 :ant‘e
2369 4705 2666 4764 Dciocuios
2687 4704 2864 4761 virtus
2891 4719 2999 4759 non
3043 4702 3133 4769 sit,
3190 4703 3317 4757 dum
3373 4689 3632 4754 abscondit
3664 4693 3751 4753 quo

2214 4800 2510 4870 displicet,
2573 4796 2753 4869 prodit
2807 4809 2913 4866 quo
2957 4794 3155 4866 placet.
3214 4811 3233 4845 ι
3288 4791 3360 4847 Et
3400 4792 3516 4860 post
3563 4784 3756 4870 pauca?

2218 4911 2238 4944 ι
2297 4868 2398 4947 Eat
2441 4868 2581 4963 ergo,
2615 4889 2910 4945 Leviathan
2965 4886 3068 4943 iste
3100 4928 3115 4954 ,
3163 4893 3219 4942 et
3262 4885 3391 4941 solis
3438 4878 3534 4938 sibi
3599 4868 3748 4963 radios

2215 4985 2428 5051 subdat,
2459 4954 2618 5054 atque
2640 4995 2830 5037 aurum
2871 4979 2968 5035 luti
3007 4995 3160 5036 more
3183 4977 3449 5047 subjiciat.
3480 4966 3587 5025 Scit
3607 4954 3746 5056 omni:

2215 5085 2409 5150 potens
2436 5053 2576 5130 Deus
2603 5075 2669 5129 ad
2699 5072 2993 5128 electorum
3026 5086 3248 5128 suorum
3280 5065 3521 5125 solatium
3544 5058 3662 5113 bene
3684 5053 3747 5149 ιιιξ

2219 5168 2362 5225 malo
2388 5166 2766 5240 reproborum,
2785 5166 3001 5236 quando
3025 5165 3076 5218 hi
3105 5162 3197 5236 qui
3222 5162 3291 5217 ad
3318 5158 3461 5215 illum
3483 5150 3745 5238 perventur!

2573 5257 2582 5266 ι

512 5292 546 5332 a
600 5292 658 5333 se
706 5241 856 5334 exire
905 5241 1170 5349 permisit.
1206 5241 1485 5333 'Dominus
1533 5276 1677 5333 enim
1726 5241 1987 5330 condito;
2026 5283 2113 5331 est
2217 5269 2364 5324 sum.
2398 5268 2453 5314 ει
2504 5257 2617 5314 Silis
2642 5256 2713 5311 ad
2745 5254 3108 5349 eummeriljs
3145 5246 3446 5349 ρτοξῖθίυξξίν
3477 5241 3745 5349 “filii?

512 5379 740 5436 naturae,
763 5385 869 5426 non
895 5370 1085 5441 culpae.
1117 5369 1316 5426 Genuit
1345 5382 1475 5439 ergo
1501 5365 1739 5422 creando
1766 5364 2104 5431 naturaliter,

513 5478 652 5534 quos
696 5464 908 5534 iniquos
944 5462 1197 5534 permisit
1227 5461 1508 5517 tolerando
1539 5461 1720 5516 vivere
1750 5458 2040 5529 patienter.
2082 5476 2100 5510 ι

512 5563 570 5610 et
596 5554 725 5609 item
752 5556 806 5609 in
834 5555 1024 5611 eodem
1048 5554 1186 5610 libro
1210 5551 1350 5624 (cap.
1375 5551 1464 5625 l9)
1499 5570 1511 5605 :
1550 5549 1737 5624 «illinc
1760 5547 1958 5605 Paulus
1982 5548 2055 5603 ait
2088 5565 2101 5602 :

514 5647 597 5702 Eo
622 5646 762 5717 quod
801 5648 1115 5702 charitatem
1141 5647 1372 5703 veritatis
1402 5662 1507 5702 non
1539 5650 1841 5714 receperunt
1887 5652 1942 5695 ut
1975 5641 2107 5697 salvi

511 5736 720 5809 ﬁerent,
751 5737 871 5791 ideo
897 5739 1061 5795 mittet
1092 5737 1201 5792 illis
1254 5737 1394 5792 Deus
1431 5737 1785 5807 operationem
1827 5734 2021 5789 erroris
2052 5744 2106 5788 ut

515 5829 733 5884 credant
790 5829 1065 5887 mendacio
1092 5869 1106 5893 ,
1187 5838 1242 5882 ut
1281 5828 1592 5898 judicentur
1639 5842 1814 5883 omnes
1860 5827 1952 5898 qui
2001 5840 2105 5879 non

518 5920 734 5975 credunt
769 5920 993 5983 veritati.
1029 5919 1119 5974 sed
1159 5927 1527 5974 consenserunt
1564 5917 1847 5978 iniquitati.
1896 5915 2108 5981 Nequeo

2214 5366 2280 5408 ⁸ο
2306 5350 2452 5421 liimd
2484 5349 2726 5420 Superbe
2770 5346 2986 5419 sapiunt
3015 5345 3207 5401 alienis
3251 5341 3481 5415 lapsibus
3503 5326 3742 5421 corrigim-

2215 5413 2375 5501 ων.-)
2409 5442 2475 5500 Ει
2506 5413 2633 5515 quia
2676 5413 2921 5513 reprobis
2950 5453 3134 5510 poena,
3161 5413 3349 5492 electis
3375 5437 3543 5488 autem
3586 5435 3634 5523 an

2216 5549 2415 5596 aeterna
2468 5513 2576 5593 vita
2625 5543 2709 5593 est
2745 5540 3069 5607 praeparata,
3122 5532 3284 5604 paulo
3329 5513 3740 5609 post

2221 5655 2239 5688 ί
2274 5633 2379 5690 Per
2408 5601 3015 5702 semetipsamvnamque
3044 5601 3260 5681 Veritas
3284 5619 3411 5677 dicit
3437 5634 3449 5670 :
3473 5611 3613 5667 Ibunt

2215 5725 2527 5797 supplicium
2577 5698 2851 5788 retentum,
2887 5698 3015 5789 iusti
3053 5726 3231 5773 autem
3256 5716 3313 5771 in
3357 5698 3737 5797 vitarentur???

2216 5783 2432 5890 (iiattlt.
2465 5814 2617 5884 xxv).
2657 5832 2677 5866 ι
2701 5811 2768 5866 Ει
2792 5783 2921 5866 item
2950 5816 3074 5879 post
3094 5822 3263 5879 pauca
3293 5805 3423 5877 (cap.

2216 5870 2293 5984 ὲίι
2316 5929 2349 5979 ε)
2370 5928 2389 5962 ι
2415 5908 2506 5977 At,
2532 5870 2803 5981 inquiunt,
2835 5870 2966 5961 sine'
2986 5870 3309 5976 line-puniri.
3332 5870 3431 5954 non
3451 5886 3592 5947 debet
3608 5870 3733 5938 θυινί
