3998 6336
189 417 312 473 437

961 409 1050 466 DE
1087 400 1762 466 PRIEDESTINATIONE
1802 394 2263 456 DISSERTATIO
2301 388 2711 450 POSTEBIOR.

3381 387 3491 442 Δδδ

194 547 332 589 cum
385 528 510 586 ﬁne.
552 528 738 584 Justus
770 525 1026 582 nimirum
1072 534 1156 582 est
1176 526 1518 594 omnipotens
1551 522 1712 586 Deus,
1743 514 1979 577 etAlia
2032 511 2304 575 condidit,
2355 509 2566 581 iustitia
2623 506 2933 569 damnavnt,
2987 501 3162 574 gratia
3214 499 3492 564 liberavit.

193 618 358 693 quod
397 635 502 676 non
546 626 751 674 :eterno
776 624 1002 688 peccato
1047 616 1400 673 commissum
1427 623 1551 680 est,
1597 620 1801 668 aeterno

190 730 312 771 non
344 714 510 770 debet
537 711 718 783 puniri
760 715 1050 766 tormento.
1084 709 1290 780 Quibus
1318 708 1481 764 citius
1512 705 1804 778 responde-

193 821 357 871 mus,
388 803 531 878 quod
583 808 730 858 recte
768 801 1034 868 dicerem,
1083 801 1127 858 si
1176 799 1358 870 justus
1399 798 1564 870 judex
1620 797 1805 865 distri-

194 904 444 966 ctusque
492 894 738 958 veniens,
803 907 911 947 non
963 893 1122 948 corda
1173 892 1476 957 hominum,
1521 890 1615 947 sed
1660 887 1804 944 facta

194 987 373 1059 373
404 995 677 1058 pensaret.
721 984 892 1054 lniqui
944 984 1089 1040 enim
1134 984 1253 1039 ideo
1283 998 1403 1038 cum
1433 982 1537 1038 ﬁne
1565 980 1806 1052 delique-

193 1089 360 1144 runt,
382 1079 513 1149 quia
538 1094 662 1134 cum
689 1077 794 1133 ﬁne
815 1077 1086 1133 vixerunt.
1121 1075 1432 1132 Voluissent
1458 1075 1657 1146 quippe
1688 1075 1806 1130 sine

196 1170 316 1226 ﬁne
372 1169 580 1238 vivere,
610 1177 669 1224 ut
717 1169 834 1224 sine
861 1167 970 1225 ﬁne
1019 1168 1321 1241 potuissent
1347 1169 1400 1222 in
1429 1166 1806 1237 iniquitatibus

196 1275 555 1334 permanere.
631 1260 765 1316 Nam
825 1261 996 1331 magis
1031 1262 1304 1333 appetunt
1368 1274 1596 1330 peccare
1643 1274 1804 1329 quam

196 1354 418 1421 vivere,
444 1361 498 1409 et
518 1353 640 1410 ideo
660 1355 746 1410 hic
767 1369 979 1424 semper
1000 1354 1182 1409 vivere
1195 1353 1437 1424 cupiunt,
1457 1363 1516 1408 ut
1531 1368 1805 1422 nunquam

200 1446 465 1502 desinant
492 1461 719 1518 peccare
748 1461 870 1502 cum
893 1446 1098 1502 vivunt.
1130 1445 1214 1502 Ad
1236 1445 1470 1501 districti
1498 1459 1628 1516 ergo
1648 1443 1808 1521 justi—

200 1541 337 1595 tiam
373 1539 583 1611 judicis
608 1539 859 1608 pertinet,
887 1547 946 1592 ut
974 1552 1252 1608 nunquam
1274 1547 1496 1593 careant
1519 1535 1804 1606 supplicio,

199 1649 446 1704 quorum
478 1648 630 1689 mens
675 1633 728 1688 in
780 1634 883 1690 hac
940 1633 1048 1688 vita
1082 1648 1357 1703 nunquam
1407 1629 1579 1687 voluit
1617 1643 1809 1686 carere

197 1737 480 1800 peccato,
527 1735 583 1782 et
649 1725 828 1782 nullus
875 1727 1036 1783 detur
1082 1727 1270 1798 iniquo
1323 1725 1589 1781 terminus
1643 1721 1807 1777 ultio-

197 1821 308 1888 nis,
344 1819 448 1891 qui
470 1819 707 1896 quandiu
731 1819 898 1875 valuit
945 1819 1146 1876 habere
1181 1817 1353 1874 noluit
1385 1818 1677 1873 terminum
1702 1814 1808 1870 crio

199 1913 396 1970 minis.
436 1933 455 1967 ι

269 2007 566 2076 Quoniam“
599 2006 814 2078 quidem
844 2006 1289 2070 adiuventionum
1340 2005 1405 2062 de
1454 1993 1805 2076 praedestina-

201 2096 357 2153 tione
390 2095 782 2168 resuiilatores,
822 2099 976 2168 pravi
1011 2113 1205 2154 sensus
1235 2096 1537 2167 scalpentes
1563 2093 1801 2160 auribus,

200 2190 395 2264 lingua
422 2193 702 2264 pruriente
745 2206 844 2248 nos
871 2191 1060 2248 dicunt
1092 2190 1186 2247 Dei
1219 2189 1532 2245 mutabilem
1561 2189 1807 2244 volunta-

202 2293 338 2349 tem,
372 2300 684 2355 novumque
715 2285 831 2357 ejus
859 2285 1159 2357 praedicare
1187 2283 1494 2349 consilium,
1517 2283 1560 2339 si
1590 2284 1807 2342 damnet

201 2394 341 2449 quos
383 2387 513 2436 ante
549 2379 743 2436 smcula
794 2379 861 2450 ad
908 2389 1139 2435 mortem
1186 2387 1241 2435 et
1287 2377 1687 2437 damnationem
1721 2393 1808 2437 nc-

205 2485 488 2543 quaquam
538 2470 969 2544 prartieslinavit,
1027 2470 1320 2542 accipiant,
1369 2469 1571 2542 legant,
1617 2479 1670 2525 et
1719 2485 1810 2524 au-

202 2560 364 2618 diant
413 2569 577 2634 atque
628 2561 952 2635 intelligant,
999 2578 1099 2618 nos
1149 2562 1536 2624 catholicorum
1585 2561 1806 2618 Patrum

203 2652 366 2724 sequi
400 2653 726 2719 doctrinam,
757 2664 812 2709 et
839 2653 1020 2710 dicere
1045 2655 1188 2709 sicut
1229 2653 1598 2726 prmdiximus,
1631 2663 1682 2708 et
1715 2653 1810 2708 ad-

203 2742 308 2801 huc
345 2743 552 2800 iterare
575 2761 681 2801 non
712 2746 882 2820 piget,
909 2747 1034 2816 quia
1063 2746 1260 2802 multos
1294 2746 1433 2802 Deus
1461 2747 1635 2818 gratia
1677 2763 1811 2819 prae-

207 2838 508 2914 destinavit
527 2839 592 2894 ad
615 2839 858 2911 gloriam,
886 2841 1156 2895 neminem
1182 2849 1362 2895 autem
1381 2840 1808 2911 prlmdestinavit,

206 2931 297 2986 sed
334 2930 580 2986 deseruit
593 2931 739 3002 juste
767 2931 834 2986 ad
865 2931 1267 2988 damnationem
1298 2939 1354 2987 et
1393 2945 1631 3002 pinnam.
1663 2932 1810 3000 Quos

207 3031 398 3077 autem
434 3030 562 3078 ante
604 3023 798 3078 saecula
843 3023 1134 3094 praescivit,
1167 3038 1273 3078 non
1300 3023 1723 3093 praedestinavit,
1755 3023 1808 3078 in

207 3114 499 3187 impietate
522 3123 578 3169 et
604 3115 890 3186 iniquitate
913 3125 1376 3188 pcrseveraturos,
1405 3114 1812 3186 praedestinavit

207 3217 263 3260 ut
297 3221 375 3262 ex
409 3203 637 3275 iustitia:
683 3207 1042 3264 retributione
1081 3207 1426 3274 damnentur,
1467 3215 1521 3262 et
1546 3204 1810 3276 judicium

1906 605 2135 662 Mundus
2172 605 2338 671 enim,
2367 603 2616 674 quamvis
2654 615 2752 673 pro
2781 609 3022 671 tempore
3049 614 3116 654 ex
3155 612 3264 669 quo
3311 597 3493 655 facta!

1906 706 1991 756 est
2014 696 2260 768 coeperit,
2303 697 2357 751 in
2385 695 2474 750 illa
2513 693 2707 750 divinae
2743 690 3099 764 pmseientia
3129 688 3251 746 luoe
3287 687 3494 747 facien-

1907 794 2007 849 dus
2037 790 2242 846 nullum
2269 789 2446 860 potuit
2473 786 2678 843 habere
2702 784 3066 857 principium:
3091 789 3147 839 et
3172 780 3495 854 quanticun-

1907 901 2013 956 que
2038 884 2123 941 vel
2155 899 2222 939 ex
2249 881 2420 936 Adam
2451 891 2625 950 usque
2652 878 2708 933 in
2737 876 3057 933 hodiernum
3096 873 3346 930 homines
3377 872 3496 930 nati

1908 985 2054 1044 sunt,
2104 975 2188 1031 vel
2231 982 2352 1046 post
2375 969 2542 1046 374
2569 977 2782 1026 aetatem
2833 975 3076 1025 nostram
3129 964 3497 1038 generationis

1910 1077 2037 1123 sunt
2081 1065 2377 1138 propagine
2406 1061 2690 1126 nascituri,
2721 1059 2865 1130 apud
2908 1058 3078 1113 Deum
3121 1065 3177 1112 et
3215 1054 3330 1124 iam
3378 1053 3496 1112 nati

1911 1170 2056 1227 sunt,
2089 1168 2143 1214 et
2185 1160 2412 1214 decurso
2451 1156 2620 1212 totius
2641 1152 2769 1209 vita
2794 1160 3036 1222 tempore
3063 1147 3415 1212 transierunt,
3439 1145 3492 1204 in

1911 1252 2004 1308 illo
2040 1249 2390 1306 nihilominus
2415 1248 2584 1304 divini
2623 1246 2846 1303 obtutus
2866 1242 3070 1298 lumine
3094 1247 3492 1312 permanentes.

1909 1345 2053 1401 Deus
2080 1345 2244 1410 enim,
2295 1343 2387 1413 qui
2443 1357 2544 1398 nec
2592 1341 2713 1397 loco
2761 1337 3050 1402 clauditur,
3098 1350 3201 1391 nec
3253 1341 3496 1402 tempore

1908 1437 2255 1508 praevenitur,
2281 1434 2524 1491 omnium
2559 1447 2742 1488 rerum
2772 1439 2882 1485 tam
2931 1426 3328 1501 praeteritarum
3379 1437 3500 1479 me»

1910 1529 2106 1594 moria,
2143 1543 2306 1597 quam
2333 1525 2734 1581 imminentium
2762 1520 2988 1579 scientia
3023 1518 3214 1590 plenus
3250 1523 3370 1572 est:
3400 1527 3502 1569 nec

1911 1618 2267 1675 reminiscens
2319 1617 2556 1672 volvitur
2604 1616 2658 1672 in
2713 1611 3070 1686 praeteritum,
3113 1625 3214 1665 nec
3267 1620 3497 1679 sperans

1911 1710 2150 1766 tenditur
2197 1709 2251 1764 in
2303 1707 2563 1764 futurum.
2601 1707 2670 1762 Et
2709 1719 3048 1778 quacunque
3077 1700 3298 1758 omnino
3345 1707 3494 1766 sunt,

1912 1819 2032 1874 quae
2065 1811 2364 1873 temporum
2397 1799 2633 1856 motibus
2684 1797 2979 1869 agitantur,
3007 1795 3076 1851 ab
3119 1809 3188 1849 eo
3231 1792 3500 1872 principio

1834 1896 1967 1966 Bin
2015 1911 2122 1966 quo
2152 1904 2273 1951 erat
2300 1894 2560 1960 Verbum,
2595 1904 2650 1949 et
2687 1891 2924 1948 Verbum
2954 1898 3076 1946 erat
3125 1887 3269 1959 apud
3317 1886 3489 1944 Deum

1905 1997 1962 2044 et
1993 1989 2133 2044 Deus
2156 1998 2275 2043 erat
2300 1987 2559 2052 Verbum,
2583 1999 2759 2056 usque
2784 1983 2839 2039 in
2867 1981 3030 2038 ﬁnem
3055 1979 3296 2036 omnium
3323 1993 3497 2034 saecu-

1906 2081 2100 2138 lorum.
2133 2083 2209 2138 De
2239 2097 2347 2152 quo
2379 2081 2486 2139 ﬁne
2513 2095 2636 2136 cum
2669 2077 2872 2134 diceret
2909 2076 3100 2132 beatus
3130 2073 3360 2146 Moyses,
3391 2071 3504 2127 Do-

1906 2177 2064 2243 mine,
2112 2177 2308 2248 inquit,
2337 2177 2427 2247 qui
2459 2190 2645 2246 regnas
2677 2173 2734 2227 in
2756 2169 3008 2228 saxulum
3033 2178 3081 2223 et
3110 2165 3383 2223 siccatum.
3435 2165 3502 2226 Et

1909 2271 2087 2326 adhuc
2130 2286 2232 2326 nec
2260 2275 2552 2342 sperantur
2593 2267 2794 2332 futura,
2824 2279 2924 2322 nec
2951 2261 3230 2335 praeterita
3266 2259 3501 2317 transie-

1908 2371 2055 2428 runt,
2099 2363 2193 2418 sed
2241 2362 2292 2416 in
2338 2360 2623 2432 praesentia
2671 2357 2972 2415 divinitatis
2990 2349 3256 2428 praesenti
3285 2368 3503 2425 semper

1907 2453 2028 2510 luce
2053 2461 2370 2509 cernuntur.
2394 2453 2474 2507 Ab
2497 2451 2588 2506 illo
2611 2463 2740 2521 ergo
2762 2449 2852 2519 qui
2879 2457 3118 2504 aeternus
3138 2454 3192 2501 et
3218 2445 3500 2518 praescius,

1909 2549 1998 2618 qui
2039 2557 2097 2603 et
2117 2548 2296 2619 justus
2326 2555 2380 2601 et
2408 2546 2529 2616 pius
2553 2552 2656 2608 est,
2689 2542 2780 2613 qui
2808 2550 2863 2598 et
2885 2542 3062 2598 exerit
3087 2541 3325 2606 debitam
3353 2552 3503 2596 seve-

1909 2638 2148 2701 ritatem,
2181 2647 2236 2692 et
2276 2637 2498 2692 exhibet
2524 2633 2816 2691 indebitam
2848 2633 3126 2704 pietatem,
3156 2640 3214 2688 et
3239 2631 3405 2688 habet
3445 2630 3502 2687 in

1909 2731 2162 2786 creandis
2191 2738 2354 2800 atque
2399 2727 2663 2798 eligendis
2709 2725 3050 2792 hominibus,
3095 2724 3239 2781 sicut
3286 2724 3341 2779 in
3387 2721 3503 2779 luto

1911 2823 2127 2896 ﬁgulus,
2174 2831 2522 2894 potestatem,
2556 2821 2698 2877 facta
2739 2829 2864 2877 sunt
2892 2819 2999 2874 alia
3040 2819 3258 2890 quidem
3284 2833 3416 2875 vasa
3443 2819 3501 2874 in

1912 2918 2196 2982 honorem,
2240 2916 2342 2970 alia
2387 2930 2516 2972 vero
2547 2915 2601 2970 in
2631 2911 3034 2969 contumeliam.
3072 2912 3375 2983 Antequam
3415 2909 3502 2966 fa-

1913 3018 2060 3065 ceret
2090 3024 2190 3065 nos
2219 3009 2491 3081 praescivit
2519 3023 2640 3074 nos,
2675 3013 2731 3062 et
2759 3006 2812 3061 in
2855 3005 2971 3076 ipsa
3014 3019 3115 3062 nos
3160 3003 3503 3075 praescientia

1882 3115 2034 3155 cum
2090 3101 2326 3155 nondum
2381 3098 2597 3154 fecisset
2633 3096 2814 3168 elegit.
2853 3094 2962 3152 Sed
3010 3109 3041 3151 a
3083 3109 3192 3166 quo
3231 3095 3337 3151 hoc
3384 3092 3502 3150 ﬁeri

1912 3192 2107 3264 potuit,
2142 3191 2242 3246 nisi
2289 3190 2358 3246 ab
2383 3204 2452 3245 eo
2486 3189 2576 3260 qui
2605 3197 2765 3244 vocat
2789 3201 2854 3243 ea
2897 3201 3019 3258 qua
3062 3201 3170 3242 non
3213 3194 3344 3242 sunt
3379 3195 3504 3240 tan-

209 3307 369 3372 aeque
396 3300 804 3374 praedestinavit
824 3317 931 3373 quo
955 3300 1258 3371 justissime
1301 3300 1617 3372 puniantur,
1670 3300 1810 3356 sicut
1839 3282 2077 3364 Cilmm
2102 3297 2166 3337 ea
2199 3297 2319 3352 (ιιιεε
2347 3281 2509 3337 sum?
2539 3280 2827 3351 APO-"10lus
2856 3279 3001 3374 βρίω
3032 3279 3206 3374 die“:
3222 3278 3330 3374 Qui
3350 3278 3504 3374 είεῼξδ

211 3394 566 3467 apertissime
590 3396 829 3451 ostendit
862 3406 1083 3456 sanctus
1103 3395 1440 3467 Augustinus
1465 3394 1518 3450 in
1546 3395 1810 3468 principio

213 3486 499 3559 Evangelii
557 3485 782 3543 Joannis
814 3506 826 3552 ;
860 3506 878 3539 ι
916 3486 1138 3544 Factam
1161 3528 1175 3555 ,
1213 3486 1406 3558 inquit,
1457 3486 1510 3540 in
1567 3495 1810 3556 tempore

211 3578 561 3648 Creaturam,
589 3579 685 3636 sed
705 3580 759 3635 in
783 3587 983 3635 aeterna
1005 3577 1282 3634 Creatoris
1309 3577 1572 3650 sapientia
1595 3576 1810 3649 quando

212 3684 264 3730 et
292 3673 475 3744 qualis
495 3681 781 3729 crearetur
806 3688 1022 3746 semper
1048 3672 1217 3729 fuisse
1240 3672 1598 3746 dispositum;
1624 3681 1679 3727 et
1707 3670 1811 3728 hoc

212 3777 296 3823 est
325 3767 470 3838 quod
500 3767 578 3823 ait
605 3783 619 3821 :
652 3765 805 3834 Quod
827 3767 1024 3838 factum
1049 3767 1204 3846 estin
1225 3767 1337 3838 ipso
1363 3767 1465 3832 pila
1490 3775 1625 3833 erat,
1650 3764 1701 3820 id
1728 3769 1811 3820 est

213 3860 361 3932 quod
393 3858 599 3916 factum
629 3859 684 3915 in
713 3869 974 3931 tempore,
999 3859 1111 3916 sive
1141 3860 1320 3914 vivum
1346 3859 1458 3915 sive
1478 3859 1587 3915 vita
1615 3873 1810 3916 carens

215 3951 494 4024 apparuit,
523 3965 686 4007 omne
710 3951 813 4008 hoc
835 3951 889 4007 in
915 3950 1148 4024 spiritali
1170 3951 1391 4009 factoris
1417 3952 1627 4007 ratione
1650 3951 1808 4023 quasi

215 4057 440 4114 semper
465 4042 675 4098 vixerat
724 4050 780 4098 et
813 4042 946 4098 vivit
981 4060 994 4098 :
1041 4058 1150 4098 non
1179 4043 1305 4114 quia
1340 4051 1669 4100 coaeternum
1725 4051 1811 4100 est

215 4133 468 4194 Creatori
497 4136 640 4208 quod
665 4137 891 4200 creavit,
931 4137 1026 4193 sed
1048 4137 1176 4207 quia
1204 4146 1472 4196 coaeterna
1503 4145 1587 4194 est
1615 4136 1687 4194 illi
1726 4152 1809 4194 ra-

216 4229 294 4286 tio
316 4229 616 4286 voluntatis
642 4245 772 4296 suae,
805 4229 857 4286 in
886 4246 994 4302 qua
1020 4229 1088 4285 ab
1114 4237 1320 4286 aeterno
1349 4230 1537 4286 habuit
1567 4238 1622 4285 et
1644 4230 1809 4287 habet

217 4322 346 4393 quid
373 4330 432 4378 et
460 4322 677 4394 quando
721 4332 954 4394 crearet,
1003 4323 1234 4395 qualiter
1260 4331 1502 4382 creatum
1544 4325 1810 4396 gubernet

215 4424 275 4470 ut
316 4423 559 4482 maneat,
591 4415 657 4471 ad
682 4431 845 4488 quem
875 4417 1034 4471 ﬁnem
1065 4415 1273 4488 singula
1305 4432 1425 4488 qua:
1454 4417 1658 4472 creavit
1682 4433 1807 4490 per-

217 4508 403 4564 ducat.
435 4527 455 4560 ι
486 4507 554 4563 Et
587 4517 804 4564 sanctus
829 4507 1124 4581 Gregorius
1151 4511 1204 4564 in
1232 4509 1369 4566 libro
1394 4509 1673 4566 Moralium
1703 4527 1809 4568 xxv

218 4601 360 4672 (cap.
391 4598 446 4672 7)
484 4601 653 4655 dicit:
684 4620 702 4653 ι
736 4603 956 4658 Cunctis
985 4602 1157 4674 liquet
1179 4603 1323 4674 quod
1348 4603 1402 4658 in
1433 4602 1525 4658 illa
1562 4613 1805 4660 extrema

220 4795 341 4842 lens
375 4786 533 4852 Deus,
583 4794 640 4848 ut
687 4785 822 4842 alios
867 4786 935 4840 ad
987 4795 1255 4843 tormenta
1307 4787 1544 4854 deserat,
1577 4789 1712 4846 alios
1739 4789 1806 4845 ad

218 4879 690 4951 participationem
719 4881 869 4953 regni
895 4881 1133 4937 cmlestis
1163 4879 1434 4936 admittat.
1473 4880 1581 4938 Sed
1621 4891 1678 4938 et
1706 4883 1808 4939 hoc

220 4988 366 5027 nunc
412 4981 626 5030 secreto
651 4970 856 5042 judicio
898 4973 1138 5044 quotidie
1167 4973 1364 5045 agitur,
1405 4974 1547 5044 quod
1585 4984 1710 5030 tunc
1751 4975 1806 5029 in

219 5066 436 5137 publico
463 5066 943 5123 demonstrabitur.
972 5063 1103 5120 Nam
1125 5065 1270 5136 juste
1295 5075 1350 5122 et
1380 5066 1805 5123 misericorditer

220 5160 559 5231 singulorum
583 5160 744 5216 corda
771 5159 853 5216 vel
879 5159 1194 5216 examinans
1224 5160 1304 5214 vel
1336 5160 1648 5234 disponens,
1673 5161 1808 5218 alios

221 5256 274 5311 in
303 5254 577 5312 exteriora
615 5253 844 5326 respuit,
875 5253 1010 5310 alios
1040 5255 1106 5310 ad
1137 5269 1202 5310 ea
1237 5269 1359 5326 qua:
1385 5263 1512 5310 sunt
1559 5253 1811 5310 intrinse-

221 5363 318 5404 cus
345 5347 536 5414 trahit,
571 5346 672 5404 hos
698 5346 946 5402 accendit
983 5345 1195 5402 interna
1242 5355 1518 5422 appetere,
1547 5345 1668 5403 illos
1709 5362 1807 5416 pro

221 5439 586 5510 voluptatibus
613 5437 726 5495 suis
753 5437 955 5494 deserit
989 5438 1260 5494 exteriora
1302 5437 1562 5509 cogitare.
1603 5456 1621 5490 ι
1675 5437 1806 5493 item

223 5543 449 5590 sanctus
472 5531 802 5604 Augustinus
833 5529 888 5586 in
918 5529 1054 5586 libro
1078 5529 1144 5585 de
1166 5529 1647 5586 Praedestinationc
1681 5545 1804 5603 gra-

224 5628 313 5682 tia:
340 5627 480 5696 (cap.
498 5624 580 5700 5),
603 5625 670 5681 ad
695 5624 870 5682 locum
887 5624 1018 5680 dicit
1046 5643 1058 5679 :
1089 5624 1232 5690 Quos
1265 5634 1438 5679 autem
1466 5625 1805 5696 prwdestina—

225 5722 293 5775 sit
330 5719 452 5775 illos
476 5729 524 5774 et
556 5720 772 5786 vocavit,
805 5730 852 5774 et
889 5737 1020 5791 quos
1047 5721 1245 5776 vocavit
1276 5719 1392 5774 illos
1423 5731 1469 5774 et
1496 5720 1809 5791 justiﬁcavit

229 5812 407 5886 (Rom.
442 5816 583 5885 vni).
615 5831 634 5864 ι
671 5813 789 5884 ipse
810 5814 953 5868 enim
979 5813 1124 5868 dedit
1154 5821 1210 5867 ut
1237 5812 1427 5879 simus,
1453 5813 1568 5884 ipse
1597 5822 1655 5868 ut
1682 5813 1807 5871 boni

229 5920 348 5963 esse
372 5905 662 5978 possimus.
695 5904 974 5964 Praescivit
1015 5921 1114 5963 nos
1140 5906 1256 5980 ejus
1290 5906 1566 5973 divinitas,
1602 5906 1811 5980 sapien-

1913 3392 2006 3430 nos
2036 3385 2157 3430 ante
2189 3375 2371 3430 mundi
2397 3375 2818 3429 constitutionem
2850 3371 3027 3446 (Rom.
3047 3385 3132 3439 tv;
3158 3371 3398 3440 Eplmn,
3424 3370 3502 3441 1).

1911 3467 2057 3523 intra
2104 3465 2364 3521 mundum
2395 3465 2523 3521 facti
2565 3481 2774 3531 sumus,
2801 3473 2857 3520 et
2886 3473 3010 3520 ante
3039 3463 3300 3519 mundum
3343 3461 3505 3519 eiecti

1910 3571 2119 3614 sumus.
2143 3558 2321 3628 Atque
2350 3558 2423 3612 ita
2446 3571 2554 3612 uno
2577 3555 2897 3625 eodemque,
2927 3568 3027 3611 nec
3057 3558 3374 3609 transeunte
3403 3565 3512 3607 nee

1910 3649 2116 3715 futuro,
2147 3651 2242 3706 sed
2279 3649 2542 3705 continuo
2565 3657 2828 3720 tempore,
2850 3647 2937 3704 vel
2967 3648 3014 3703 si
3049 3661 3160 3719 quo
3192 3645 3299 3704 alio
3341 3646 3505 3702 modo

1911 3741 2016 3797 dici
2046 3749 2248 3812 potest,
2275 3740 2322 3796 si
2351 3749 2532 3797 tamen
2565 3748 2760 3811 potest,
2785 3741 2927 3811 apud
2954 3739 3122 3796 Deum
3145 3747 3232 3796 est
3260 3748 3318 3794 et
3357 3753 3501 3810 pre-

1908 3833 2071 3899 seire,
2097 3841 2153 3888 et
2179 3831 2380 3897 facere,
2431 3841 2487 3888 et
2533 3831 2752 3905 eligere.
2795 3831 2863 3888 Et
2907 3832 3246 3903 praescientia
3290 3845 3389 3887 sua
3417 3831 3506 3886 in-

1910 3926 2368 3986 commutabiliter
2395 3934 2768 3998 permanente,
2789 3926 3027 3997 elegerat
3065 3925 3340 3982 faciendos
3365 3937 3504 3996 quos

1909 4021 2154 4078 facturus
2179 4021 2356 4077 fuerat
2383 4019 2676 4092 eligendos.
2721 4039 2740 4074 ι
2768 4019 2836 4074 Ει
2872 4018 3106 4091 Prosper
3135 4019 3189 4075 in
3218 4018 3359 4075 libro
3380 4016 3504 4090 Epi-

1912 4119 2275 4184 grammatum
2317 4109 2594 4182 (epigram.
2649 4109 2776 4180 58),
2837 4108 2917 4164 De
2964 4110 3296 4180 intemperati
3349 4124 3502 4179 opere

1916 4204 2050 4260 Dei:
2078 4203 2227 4261 Ordo
2257 4212 2560 4274 temporum
2607 4203 2660 4256 in
2704 4210 2907 4257 aeterna
2936 4201 3033 4257 Dei
3078 4199 3343 4272 sapientia
3381 4200 3504 4257 sine

1912 4307 2154 4370 tempore
2178 4287 2278 4362 est,
2311 4311 2414 4352 nec
2451 4294 2633 4366 aliqua
2673 4302 2800 4352 sunt
2831 4293 2973 4365 apud
3019 4292 3169 4350 illum
3215 4304 3376 4360 nova,
3407 4290 3504 4364 qui

1911 4391 2044 4448 fecit
2071 4405 2191 4461 quae
2231 4389 2412 4445 futura
2453 4395 2601 4444 sunt.

1975 4502 2173 4554 Artiﬁce
2197 4504 2247 4553 in
2271 4514 2460 4553 summo
2481 4502 2589 4551 sine
2616 4505 2842 4564 tempore
2863 4498 3102 4564 temporis
3118 4499 3242 4551 ordo
3257 4503 3357 4563 est,

2034 4565 2188 4628 Inque
2211 4565 2320 4615 Deo
2338 4578 2506 4614 rerum
2529 4576 2624 4628 non
2644 4565 2797 4614 variat
2813 4565 2990 4628 series.

218 4626 360 4672 (cup.
399 4626 446 4672 ι)
484 4626 615 4655 utcu.
640 4626 653 4655 ;
684 4626 701 4653 ι
736 4626 956 4658 uuucua
985 4626 1157 4674 liquet.
1179 4626 1323 4674 quuu
1348 4626 1402 4658 ut
1433 4626 1525 4658 tua
1562 4626 1805 4660 exu'tmta
1895 4679 1914 4692 4.
1973 4626 2175 4686 χείρ-ηιο
2196 4630 2379 4678 auctori
2403 4626 2740 4687 simul'adsum
2756 4626 2917 4680 οιηοίη
2938 4637 3158 4690 semper,

218 4693 578 4765 requisitione
606 4709 836 4750 examen
864 4695 1137 4766 publicum
1175 4693 1416 4752 facturus
1440 4705 1526 4752 cst
1562 4696 1806 4767 omnipo-
1837 4665 1890 4725 Β
2035 4687 2154 4741 cum
2177 4704 2274 4752 quo
2298 4693 2346 4740 in
2365 4689 2602 4740 ἲείειοτυω
2622 4696 2696 4738 εει
2716 4689 2888 4739 Ordine
2908 4687 3143 4752 (ιυίάίιιιὶά

2035 4667 2103 4741 δᾶ
2111 4667 2284 4752 ἇῖρῖῖίῖ
2289 4667 2353 4740 ἐἶτ’
2365 4667 2701 4740 ausast;
2705 4667 3158 4752 BFdih'é’qB'idq'u'iit'
3167 4689 3281 4740 erit.
3309 4667 3311 4671 ’

2441 4807 2649 4849 εριιοοι
2687 4808 2858 4848 CAPUT
2901 4807 2974 4848 IV.

1911 4887 2152 4957 Qualiter
2169 4868 2431 4958 catholica
2453 4883 2692 4942 Ecclesia
2720 4886 2786 4939 de
2813 4885 2988 4955 gratia
3021 4894 3069 4938 et
3098 4883 3260 4938 libero
3283 4882 3502 4938 arbitrio

2605 4964 2797 5010 teneat.

1982 5071 2214 5128 Sanctus
2244 5067 2587 5126 Innocentius
2636 5067 2692 5122 in
2743 5065 2970 5140 epistola
3017 5064 3086 5132 ad
3137 5063 3414 5120 Aurelium
3447 5073 3504 5122 et

1911 5151 2333 5234 Carthaginense
2389 5159 2724 5227 Concilium,
2776 5159 3014 5236 itemque
3059 5163 3280 5214 sanctus
3326 5141 3505 5214 Cale—

1913 5254 2090 5312 stinus
2118 5254 2186 5308 ad
2217 5252 2507 5318 Venerium
2559 5260 2611 5307 et
2667 5259 2895 5307 caeteros
2945 5247 3254 5308 Gallicanos
3299 5248 3504 5321 episco-

1909 5361 2009 5419 pos
2036 5345 2332 5419 (lnnoccnt.
2371 5363 2451 5424 ep.
2476 5344 2565 5412 5i;
2594 5341 2800 5400 (Σωιεσι.
2843 5358 2924 5413 ep.
2949 5341 3004 5414 8)
3032 5359 3045 5397 :
3077 5359 3096 5395 ι
3128 5339 3386 5396 Liberum
3415 5355 3503 5396 ar-

1909 5438 2130 5494 bitrium
2182 5437 2308 5494 olim
2355 5437 2466 5503 ille,
2513 5434 2566 5490 id
2606 5443 2690 5491 est
2725 5433 2932 5505 primus
2977 5433 3139 5488 homo
3186 5445 3500 5508 perpessus,

1912 5531 2037 5585 dum
2103 5530 2215 5587 suis
2280 5526 2634 5586 inconsultius
2695 5527 2864 5582 utitur
2923 5524 3119 5596 bonis,
3183 5527 3383 5583 cadens
3442 5527 3499 5584 in

1909 5619 2372 5692 praevaricationis
2424 5615 2690 5689 profunda
2748 5616 3028 5674 demersus
3075 5623 3196 5686 est,
3250 5624 3306 5678 et
3365 5617 3505 5674 nihil

1911 5712 2366 5787 quemadmodum
2437 5711 2633 5769 exinde
2723 5725 2948 5784 surgere
3019 5720 3203 5782 posset
3269 5711 3498 5784 invenit,

1911 5826 2116 5883 suaque
2195 5809 2249 5866 in
2311 5817 2575 5865 aeternum
2637 5808 2890 5864 libertate
2967 5807 3255 5879 deceptus,
3340 5798 3501 5875 hujus

1912 5906 2082 5962 ruinae
2129 5902 2374 5959 latuisset
2400 5915 2710 5975 oppressus,
2755 5901 2862 5957 nisi
2912 5915 3038 5958 eum
3084 5909 3267 5970 postea
3298 5896 3500 5956 Christi
