3998 6336
577 385 693 454 "ita

1552 385 1886 442 HINCMARI
1922 380 2316 440 RHEMENSIS
2352 381 2896 442 ARCHIEPISCOPI.
3740 399 3818 459 tu

587 522 653 568 ut
674 510 909 580 denique
951 504 1362 563 catechumenis
1411 502 1479 558 ad
1529 502 1960 574 regenerationis
1995 515 2176 558 sacra-
2202 500 2254 566 Α
2280 497 2414 569 lapsi
2443 518 2456 554 :
2491 517 2510 551 ι
2538 497 2595 554 Si
2627 509 2914 571 propterea
2966 517 3066 559 nos
3113 504 3334 560 fecisset
3373 505 3516 562 Deus
3548 517 3604 563 ut
3623 515 3819 586 puniret,

590 595 772 666 menta
797 600 1074 676 perductis
1098 598 1335 658 coalesﬁs
1386 596 1776 654 misericordia:
1805 595 1924 650 aula
1966 609 2178 651 resere-

589 706 696 752 tur.
737 715 756 749 ι
798 694 969 749 Tanta
992 693 1137 748 enim
1162 698 1247 747 est
1279 705 1407 761 erga
1452 704 1644 744 omnes
1671 688 1919 744 homines
1968 687 2181 742 bonitas

591 791 708 856 Dei,
752 797 810 843 ut
860 795 1043 843 nostra
1104 785 1231 841 velit
1279 799 1398 839 esse
1441 782 1634 838 merita
1681 797 1800 852 quae
1843 788 1969 837 sunt
2011 779 2180 851 ipsius

591 886 753 948 dona,
777 890 830 938 et
859 896 956 952 pro
980 879 1066 935 his
1093 894 1214 949 quae
1242 878 1467 948 largitus
1497 887 1579 932 est
1619 883 1820 930 aeterna
1859 875 2080 945 praemia
2110 873 2182 928 sit

590 974 909 1028 donaturus.
936 971 1002 1026 Et
1035 969 1272 1026 Joannes
1318 968 1737 1039 Chrysostomus
1786 966 1839 1020 in
1888 963 2179 1035 Evangelio

591 1064 826 1119 Mattbaei
888 1062 1108 1118 bomilia
1150 1061 1257 1115 25:
1294 1078 1312 1111 ι
1343 1060 1548 1114 idcirco
1575 1058 1742 1124 enim,
1788 1057 1986 1128 inquit,
2022 1056 2178 1112 altari

589 1161 851 1216 assistens
884 1159 1138 1214 sacerdos
1168 1172 1266 1228 pro
1302 1155 1556 1210 universo
1578 1154 1710 1209 orbe
1743 1161 2036 1216 terrarum,
2081 1164 2180 1220 pro

590 1252 910 1308 absentibus
951 1259 1110 1319 atque
1131 1248 1510 1319 praesentibus,
1538 1261 1635 1316 pro
1687 1244 1772 1298 his
1801 1243 1891 1313 qui
1921 1249 2046 1297 ante
2082 1255 2180 1295 nos

590 1343 831 1407 fuerunt,
862 1357 961 1413 pro
997 1341 1198 1410 bisqui
1247 1350 1433 1410 postea
1490 1345 1613 1391 sunt
1668 1335 1858 1399 futuri,
1910 1333 2179 1389 sacriﬁcio

590 1433 684 1488 illo
721 1433 1018 1504 proposito,
1051 1432 1163 1488 Deo
1204 1447 1304 1487 nos
1353 1430 1557 1501 gratias
1602 1428 1760 1498 jubet
1808 1425 2032 1484 referre.
2069 1424 2180 1480 Hoc

590 1527 786 1597 quippe
813 1536 866 1581 et
887 1542 917 1580 a
944 1535 1086 1581 terra
1111 1541 1206 1579 nos
1233 1524 1447 1589 liberat,
1470 1531 1525 1577 et
1548 1521 1853 1592 transponit
1874 1520 1926 1575 in
1952 1518 2176 1584 caelum,

589 1627 751 1688 atque
778 1635 843 1672 cx
870 1619 1180 1672 hominibus
1201 1616 1420 1684 angelus
1446 1613 1594 1670 facit.
1624 1635 1643 1667 ι
1699 1612 1935 1668 Sanctus
1979 1612 2180 1681 Diony-

589 1709 702 1764 sius
733 1708 1083 1778 Arenpagites
1107 1709 1158 1762 in
1184 1707 1321 1762 libro
1352 1707 1418 1760 de
1437 1705 1812 1762 ecclesiastico
1841 1703 2177 1773 Principatu,

588 1817 704 1872 cap.
733 1801 767 1854 2
796 1815 809 1854 :
840 1820 857 1851 ι
897 1799 1220 1856 Ιτιίυιειιιιοιιιιε
1264 1799 1480 1870 quidem
1538 1798 1910 1868 unusquisque
1967 1795 2034 1850 ad
2084 1794 2178 1848 Dei

2283 599 2429 650 recte
2459 593 2780 664 desperares
2805 605 2862 650 et
2888 595 3165 652 dubitares
3200 598 3268 653 de
3291 598 3467 655 salute
3496 610 3581 655 tua
3609 621 3621 658 :
3645 606 3685 659 si
3727 623 3824 668 rem

2280 693 2502 756 propter
2536 685 2839 748 bonitatem
2863 702 3016 742 suam
3056 691 3436 745 tantummodo
3475 707 3570 750 nos
3611 694 3739 762 fecit,
3780 711 3825 757 ιιι

2282 776 2500 832 aeternis
2519 773 2636 844 ejus
2663 776 2820 833 bonis
2840 786 2894 833 et
2929 779 3242 836 muneribus
3267 779 3535 847 fruamur,
3563 792 3710 855 atque
3733 805 3824 860 qua

2283 868 2394 938 agit
2425 867 2493 923 ab
2521 865 2674 920 initio
2709 870 2891 924 saeculi
2920 885 3090 941 usque
3120 873 3188 926 ad
3221 887 3468 942 praisens
3496 882 3688 947 temjnis
3729 897 3824 950 pro-

2281 971 2464 1031 pterea
2489 963 2623 1033 agit,
2656 972 2710 1018 et
2738 972 3021 1033 propterea
3049 974 3252 1028 monet,
3280 974 3346 1020 ut
3371 980 3470 1022 nos
3506 969 3823 1029 misericordia

2281 1071 2378 1111 sua
2403 1054 2592 1118 salvet,
2619 1075 2741 1129 quae
2780 1057 2918 1112 ultra
2953 1058 3109 1112 nobis
3139 1056 3484 1128 desperandi,
3538 1075 3651 1132 quae
3689 1065 3825 1120 ambi-

2281 1149 2438 1218 gendi
2470 1166 2630 1206 causa
2661 1151 2968 1222 supererit?
3004 1170 3022 1203 ι
3055 1151 3123 1206 Ει
3151 1159 3378 1207 sanctus
3421 1151 3752 1223 Hieronymus
3785 1157 3824 1209 in

2281 1241 2602 1297 Commento
2634 1242 2886 1313 Epistulae
2917 1244 2982 1297 ad
3013 1243 3276 1314 Ephesios
3309 1262 3323 1298 :
3366 1241 3543 1298 Nolite
3568 1247 3823 1301 contristare

2285 1333 2534 1404 Spiritum
2559 1347 2798 1390 sanctum
2833 1335 2928 1390 Dei
2961 1334 3176 1406 (Ep/res.
3212 1351 3288 1401 tv,
3314 1336 3407 1406 '50)
3440 1354 3453 1389 :
3491 1354 3510 1390 ι
3541 1336 3720 1391 Hteror
3736 1339 3825 1410 Spi-

2282 1427 2419 1483 ritus
2447 1429 2618 1483 sancti
2645 1429 2724 1484 sic
2751 1427 3128 1499 intelligendus
3174 1436 3282 1495 est,
3333 1429 3600 1498 quomodo
3642 1430 3708 1484 ira
3736 1433 3822 1496 Dei,

2282 1529 2337 1575 et
2376 1537 2620 1585 somnus,
2676 1528 2730 1576 et
2781 1528 2989 1575 caeteras
3022 1521 3073 1574 in
3123 1522 3425 1576 humanam
3474 1520 3823 1576 similitudinem

2282 1611 2583 1682 passiones.
2612 1609 2728 1664 Non
2760 1624 2869 1679 quo
2905 1609 3264 1665 contristetur
3309 1606 3565 1678 Spiritus,
3612 1619 3661 1664 et
3699 1611 3820 1665 ullam

2283 1701 2746 1773 perturbationem
2771 1700 3036 1756 Divinitas
3059 1700 3261 1756 sentiat
3289 1715 3306 1755 :
3341 1701 3441 1756 sed
3469 1716 3574 1770 qun
3599 1716 3660 1756 ex
3686 1703 3824 1759 verbis

2284 1794 2486 1863 nostris
2514 1793 2607 1848 Dei
2634 1794 2904 1849 discamus
2933 1792 3178 1857 aii'ectus,
3207 1792 3356 1862 quod
3383 1801 3607 1847 mereat
3633 1793 3823 1863 quoties-

588 1893 971 1948 similationeut
998 1907 1188 1948 omnes
1215 1892 1460 1948 homines
1485 1890 1671 1946 volens
1725 1889 1957 1954 salvare,
2009 1895 2064 1944 et
2111 1886 2179 1941 ad
2209 1862 2500 1956 Bcunque
2540 1901 2851 1956 peccamus,
2902 1894 2955 1941 et
3012 1884 3205 1940 deﬂeat
3250 1895 3588 1958 peccatores.
3638 1885 3750 1940 Nam
3785 1895 3823 1940 et

589 1987 918 2057 agnitionem
951 1985 1197 2039 veritatis
1229 1984 1434 2048 venire,
1469 1983 1726 2054 praedicat
1753 1981 2008 2036 omnibus
2046 1995 2177 2034 vera

589 2079 880 2147 Evangelia
917 2098 929 2134 :
958 2077 1177 2144 Quanti,
1204 2078 1400 2147 inquit,
1429 2085 1737 2146 acceperunt
1763 2091 1902 2139 eum,
1940 2073 2080 2127 dedit
2103 2074 2178 2127 eis

586 2179 889 2240 potestatem
910 2168 1050 2238 ﬁlios
1083 2169 1176 2224 Dei
1207 2169 1347 2238 ﬁeri,
1393 2167 1721 2222 credentibus
1744 2167 1798 2220 in
1826 2166 2032 2220 nomine
2067 2165 2180 2235 ejus

589 2265 777 2336 (Joan.
809 2280 850 2329 ι,
879 2265 986 2333 i2).
1021 2261 1077 2318 Si
1129 2279 1252 2332 quis
1292 2277 1424 2331 ergo
1473 2261 1702 2316 discedit
1730 2275 1761 2314 a
1786 2274 1912 2314 vero
1955 2258 2178 2323 lumine,

589 2366 685 2411 aut
712 2357 779 2412 de
811 2355 1284 2419 intellectualibus,
1324 2361 1626 2424 spontaneo
1654 2352 1909 2418 arbitrio,
1960 2351 2182 2406 malitia:

517 2501 524 2504 _
587 2449 905 2519 cupiditate,
932 2447 1258 2504 concludens
1287 2445 1608 2501 naturaliter
1642 2445 1920 2515 inspersas
1955 2445 2057 2500 sibi
2114 2443 2180 2497 ad

588 2537 878 2594 illuminari
913 2540 1162 2604 virtutes,
1197 2538 1364 2610 380
1390 2553 1487 2608 per
1513 2538 1749 2608 seipsum
1777 2553 1835 2592 se
1860 2538 2122 2592 destruet.
2157 2556 2176 2588 ι

587 2629 656 2686 Et
682 2639 902 2686 sanctus
932 2631 1234 2702 Cyprianus
1271 2631 1321 2685 in
1349 2631 1486 2685 libro
1517 2631 1582 2685 de
1609 2629 1870 2686 Oratione
1901 2629 2179 2684 Dominica

590 2723 764 2780 dicit:
799 2743 818 2776 ι
848 2723 984 2779 Nam
1012 2740 1138 2780 cum
1166 2723 1414 2794 discipuli
1445 2723 1513 2778 ab
1541 2739 1608 2778 eo
1649 2738 1755 2777 non
1800 2721 1912 2790 jam
1978 2721 2175 2777 terreni

589 2817 953 2886 appellantur,
980 2817 1075 2872 sed
1105 2816 1184 2872 sal
1210 2825 1386 2881 terrae,
1424 2824 1478 2872 et
1499 2816 1790 2888 Apostolus
1820 2816 2051 2888 primum
2093 2817 2184 2872 bo-

589 2910 790 2964 minem
818 2919 973 2966 vocet
1004 2911 1070 2966 de
1095 2920 1253 2966 terra;
1283 2911 1432 2977 limo,
1457 2913 1752 2966 secundum
1779 2926 1906 2966 vero
1928 2911 1993 2967 de
2021 2910 2182 2978 caalo,

587 3008 640 3056 et
668 3015 766 3055 nos
790 3000 884 3071 qui
912 3015 1032 3056 esse
1055 3000 1314 3056 debemus
1350 3001 1496 3056 Patri
1527 3002 1637 3056 Deo
1685 3001 1910 3065 similes,
1965 3001 2058 3071 qui
2099 3016 2186 3056 so-

590 3089 695 3148 lem
723 3105 881 3146 suum
904 3091 1036 3146 oriri
1065 3091 1197 3148 facit
1239 3107 1404 3162 super
1454 3093 1624 3148 bonos
1650 3100 1705 3147 et
1735 3090 1924 3160 malos,
1957 3101 2011 3146 et
2049 3092 2188 3162 pluit

589 3184 950 3256 superjustos
973 3193 1028 3239 et
1055 3185 1305 3256 injustos,
1361 3186 1442 3241 sic
1491 3185 1710 3241 Christo
1761 3193 2016 3240 monente
2059 3200 2178 3240 ora-

591 3293 713 3334 mus
739 3288 795 3334 et
818 3282 1072 3350 petimus,
1101 3288 1158 3333 ut
1185 3294 1400 3350 precem
1431 3295 1529 3352 pro
1557 3280 1798 3336 omnium
1821 3280 1992 3336 salute
2021 3281 2186 3340 facia-

591 3387 734 3439 mus,
764 3382 823 3428 ut
847 3373 1120 3442 quomodo
1147 3374 1201 3428 in
1225 3375 1386 3438 caelo,
1412 3375 1464 3428 id
1491 3382 1575 3429 est
1599 3375 1651 3429 in
1681 3375 1857 3442 nobis,
1905 3391 2004 3447 per
2023 3375 2184 3432 ﬁdem

591 3475 837 3523 nostram
863 3467 1112 3526 voluntas
1137 3467 1232 3523 Dei
1251 3466 1391 3526 facta
1413 3476 1497 3523 est
1521 3475 1578 3522 ut
1599 3481 1845 3523 essemus
1871 3483 1902 3523 e
1927 3468 2088 3535 coelo,
2112 3469 2185 3525 ita

589 3568 648 3614 et
672 3560 726 3615 in
753 3569 916 3626 terra,
951 3562 1055 3616 hoc
1079 3569 1244 3614 estut
1278 3559 1384 3616 illis
1411 3560 1762 3617 credentibus
1785 3560 1878 3616 ﬁat
1936 3562 2186 3617 voluntas

590 3653 708 3719 Dei,
738 3663 797 3708 ut
820 3654 909 3724 qui
941 3654 1118 3709 adhuc
1150 3662 1276 3709 sunt
1298 3654 1472 3725 prima
1500 3654 1782 3710 nativitate
1830 3657 2059 3722 terreni,
2106 3656 2188 3710 in-

592 3747 794 3818 cipiant
815 3763 936 3803 esse
965 3747 1216 3804 calestes
1245 3763 1313 3802 ex
1343 3763 1482 3818 aqua
1526 3757 1580 3804 et
1629 3747 1832 3820 Spiritu
1880 3750 2013 3804 nati.
2051 3769 2069 3802 ι
2117 3748 2187 3805 Et

593 3849 813 3898 sanctus
843 3839 1079 3897 Hilarius
1112 3841 1165 3896 in
1196 3842 1432 3897 secundo
1463 3839 1600 3897 libro
1634 3841 1698 3898 de
1742 3843 1872 3900 Fide
1911 3843 2027 3915 (lib.
2057 3860 2094 3899 ιι
2122 3844 2186 3900 de

593 3929 745 3990 Trin.
783 3941 903 4004 post
937 3933 1239 4005 medium):
1277 3953 1297 3986 ι
1333 3933 1565 3989 Humani
1587 3935 1734 3990 enim
1783 3936 1996 4006 generis
2023 3951 2182 3990 causa

591 4024 687 4081 Dei
721 4024 889 4080 Filius
916 4031 1074 4081 natus
1122 4041 1188 4081 ex
1237 4027 1446 4097 virgine
1485 4036 1590 4094 est,
1634 4038 1686 4084 et
1737 4028 1940 4099 Spiritu
1994 4035 2186 4085 sancto

592 4118 709 4189 ipso
740 4120 842 4178 sibi
871 4121 921 4175 in
950 4121 1053 4176 hac
1075 4122 1392 4192 operatione
1416 4122 1736 4190 famulante,
1767 4134 1821 4180 et
1843 4141 1938 4180 sua
1968 4125 2062 4180 Dei
2107 4125 2184 4180 vi-

591 4211 786 4267 delicet
814 4211 1155 4268 inumbrante
1175 4214 1396 4280 virtute,
1427 4217 1670 4288 corporis
1701 4216 1800 4272 sibi
1853 4217 2002 4271 initia
2047 4232 2182 4274 con-

591 4303 753 4369 sevit,
780 4313 834 4359 et
859 4305 1083 4361 exordia
1112 4309 1295 4362 carnis
1321 4308 1580 4372 instituit,
1613 4319 1670 4364 ut
1692 4310 1854 4365 homo
1895 4311 2073 4367 factus
2114 4327 2181 4367 ex

591 4394 801 4465 virgine
832 4405 1082 4450 naturam
1121 4397 1172 4451 in
1205 4413 1263 4452 se
1289 4399 1580 4470 acciperet,
1636 4415 1840 4470 perque
1886 4401 2044 4471 hujus
2090 4403 2185 4456 ad-

600 4485 876 4539 mistionis
928 4486 1246 4542 societatem
1295 4489 1693 4544 sanctiﬁcatum
1742 4491 1793 4545 in
1841 4506 1907 4545 eo
1945 4493 2182 4548 universi

593 4578 808 4648 generis
833 4578 1279 4649 bumanicorpus
1330 4581 1593 4636 existeret

594 4668 722 4723 dum
741 4683 934 4726 omnes
963 4670 1019 4724 in
1042 4683 1104 4725 se
1128 4686 1228 4740 per
1250 4670 1301 4725 id
1324 4670 1469 4741 quod
1500 4687 1822 4742 corporeum
1859 4690 1981 4730 esse
2012 4675 2181 4731 voluit

595 4760 974 4827 conderentur,
1008 4761 1082 4817 ita
1111 4778 1323 4819 rursum
1348 4764 1400 4818 in
1425 4779 1616 4820 omnes
1650 4766 1763 4836 ipse
1791 4781 1891 4837 per
1930 4768 1983 4823 id
2037 4769 2181 4838 quod

595 4853 713 4924 ejus
745 4863 834 4910 est
883 4854 1154 4911 invisibile
1199 4855 1514 4913 referatur.
1550 4879 1568 4912 ›
1616 4859 1684 4914 Et
1737 4860 1867 4916 item
1898 4879 1910 4915 :
1943 4880 1962 4913 ι
1990 4861 2183 4918 Munus

596 4953 776 5000 autem
817 4945 962 5016 quod
988 4945 1044 5001 in
1072 4945 1286 5003 Christo
1309 4956 1392 5003 est
1419 4949 1671 5004 omnibus
1698 4959 1845 5019 patet
1881 4968 2080 5018 unum;
2129 4964 2185 5007 et

596 5039 742 5109 quod
768 5038 966 5109 ubique
997 5055 1105 5095 non
1127 5041 1278 5096 deest
1301 5041 1356 5096 in
1385 5049 1595 5098 tantum
1629 5043 1790 5098 datur
1820 5045 1872 5098 in
1919 5053 2184 5115 quantum

597 5133 720 5204 quis
748 5132 893 5190 volet
915 5147 1149 5198 sumere,
1197 5133 1250 5188 in
1307 5143 1519 5190 tantum
1573 5135 1776 5191 residet
1823 5136 1874 5190 in
1921 5148 2182 5206 quantum

597 5229 724 5298 quis
759 5227 900 5284 volet
931 5228 1252 5299 promereri.
1276 5249 1300 5282 υ·
1333 5229 1565 5286 Sanctus
1607 5246 1822 5301 quoque
1865 5233 2186 5288 Ambrosius

599 5320 653 5375 in
677 5320 1071 5391 psalmocxvm
1104 5335 1379 5391 exponens
1408 5339 1624 5379 versum
1657 5343 1669 5378 :
1719 5324 2016 5380 Bonitatem
2064 5327 2187 5397 feci-

599 5413 666 5467 sti
695 5429 813 5468 cum
857 5423 1119 5468 servomo
1140 5449 1157 5479 ,-
1186 5415 1408 5471 Domine
1430 5457 1444 5482 ,
1509 5417 1583 5471 ita
1637 5417 1768 5473 dicit
1795 5434 1806 5471 :
1841 5436 1858 5468 ι
1889 5417 2060 5484 Quam
2092 5421 2185 5473 bo-

565 5503 578 5516 ’
599 5521 701 5561 nus
744 5505 908 5560 Israel
937 5507 1077 5563 Deus
1117 5510 1270 5564 rectis
1318 5509 1514 5563 corde!
1543 5506 1720 5580 (Psal.
1749 5526 1916 5576 Lxxu,
1942 5511 2015 5580 i).
2047 5511 2189 5582 Ergo

601 5596 1072 5665 bonus'omnibus,
1101 5599 1226 5671 quia
1250 5615 1441 5655 omnes
1473 5611 1621 5657 recto
1668 5601 1778 5657 vult
1811 5617 1933 5657 esse
1977 5602 2140 5658 corde
2171 5620 2185 5658 :

600 5691 692 5760 qui
715 5698 895 5745 autem
925 5691 1088 5747 corde
1113 5693 1500 5760 declinaverit,
1533 5695 1647 5764 ipse
1688 5711 1718 5749 a
1756 5711 1814 5752 se
1843 5695 2072 5767 gratiam
2104 5697 2187 5751 di-

601 5780 738 5836 vinas
779 5781 1034 5838 bonitatis
1065 5786 1259 5840 avertit
1289 5799 1305 5839 :
1330 5802 1543 5857 semper
1573 5789 1711 5846 Deus
1741 5790 1914 5846 bonus
1941 5800 2042 5846 est.
2076 5810 2093 5843 ι
2123 5791 2190 5848 Ει

1645 4601 1658 4636 :
1712 4591 1769 4637 ttt
1832 4585 2183 4654 quemadmo-
2208 4609 2276 4672 υς

2285 1978 2542 2033 Salvator
2571 1978 2623 2032 in
2659 1993 2888 2049 corpore
2915 1979 3244 2034 constitutus
3273 1977 3426 2034 ﬂevit
3452 1977 3766 2042 Hierusalem,
3785 1991 3822 2032 et

2280 2087 2447 2128 omne
2474 2073 2751 2128 hominum
2789 2088 2960 2142 genus
2990 2074 3044 2127 in
3073 2073 3341 2144 propheta
3368 2071 3608 2142 deplorat
3645 2072 3818 2127 dicens:

2286 2166 2404 2222 Heu
2430 2168 2560 2220 mihi
2589 2169 2765 2221 anima
2785 2168 2805 2222 .'
2829 2168 2951 2237 quia
2988 2169 3142 2238 periit
3180 2184 3417 2223 reverens
3461 2185 3492 2220 a
3524 2177 3674 2232 terra,
3697 2175 3734 2220 et
3757 2168 3821 2237 qui

2286 2263 2513 2332 corrigat
2541 2263 2676 2315 inter
2695 2261 2930 2315 homines
2954 2278 3057 2314 non
3079 2271 3152 2315 est
3179 2276 3198 2315 :
3221 2277 3406 2314 omnes
3430 2264 3482 2314 in
3503 2262 3730 2330 sanguine
3753 2260 3820 2329 ju-

2285 2355 2551 2427 dicantnr,
2591 2374 2609 2405 ι
2643 2354 2710 2408 Ει
2733 2361 2950 2407 sanctus
2979 2351 3316 2424 Augustinus
3345 2353 3397 2407 in
3427 2352 3561 2406 libro
3585 2351 3644 2406 de
3662 2350 3818 2404 Littera

2284 2455 2338 2501 et
2365 2446 2567 2515 Spiritu
2597 2445 2841 2516 (cap.55)
2875 2463 2887 2499 :
2923 2463 2942 2496 ι
2972 2444 3095 2499 Vult
3127 2453 3308 2499 autem
3341 2445 3480 2500 Deus
3497 2458 3671 2500 omnes
3689 2443 3818 2497 homi-

2285 2553 2382 2593 nes
2407 2537 2583 2592 salvos
2615 2536 2755 2600 ﬁeri,
2802 2544 2857 2591 et
2886 2536 2938 2590 in
2971 2537 3306 2607 agnitionem
3353 2536 3595 2590 veritatis
3639 2534 3815 2588 venire:

2285 2648 2392 2688 non
2415 2633 2492 2688 sic
2506 2632 2665 2704 381
2693 2641 2896 2699 tamen,
2916 2641 2975 2686 ut
2993 2633 3074 2687 eis
3095 2632 3301 2687 adimat
3321 2632 3546 2688 liberum
3570 2631 3816 2694 arbitrium,

2286 2742 2394 2796 quo
2424 2725 2506 2780 vel
2529 2725 2662 2781 bene
2684 2725 2768 2780 vel
2797 2725 2935 2781 male
2978 2733 3191 2781 utentes
3231 2726 3531 2796 justissime
3547 2723 3814 2793 iudicentur.

2284 2819 2438 2888 Quod
2465 2836 2588 2876 cum
2636 2821 2715 2887 ﬁt,
2751 2819 2993 2876 inﬁdeles
3042 2820 3262 2890 quidem
3308 2832 3498 2877 contra
3546 2818 3814 2873 voluntatem

2283 2913 2380 2969 Dei
2414 2912 2640 2979 faciunt,
2668 2929 2790 2968 cum
2832 2913 2951 2983 ejus
2978 2913 3272 2984 Evangelio
3304 2929 3411 2968 non
3457 2911 3665 2968 credunt
3698 2927 3708 2962 ε
3745 2920 3817 2961 nec

2287 3007 2408 3061 ideo
2451 3015 2632 3060 tamen
2679 3021 2798 3061 eam
2842 3006 3083 3071 vincunt,
3129 3021 3323 3061 verum
3374 3005 3572 3076 seipsos
3619 3001 3816 3056 fraudant

2285 3113 2482 3170 magno
2516 3107 2571 3152 et
2599 3112 2812 3158 summo
2834 3098 2992 3158 bono,
3040 3095 3312 3167 malisque
3360 3095 3650 3167 pmnalibus
3685 3089 3816 3160 impii-

2289 3200 2434 3257 cant,
2467 3193 2740 3263 experturi
2772 3191 2825 3246 in
2857 3190 3132 3262 suppliciis
3187 3199 3515 3261 potestatem
3553 3187 3670 3256 ejus,
3705 3184 3818 3253 cujtis

2283 3285 2345 3342 'in
2375 3287 2530 3342 donis
2559 3286 2986 3342 misericordiam
3014 3294 3484 3356 contempserunt.
3533 3283 3603 3339 ita
3624 3281 3818 3336 voluntas

2290 3381 2384 3438 Dei
2416 3396 2633 3452 semper
2658 3381 2856 3436 invicta
2906 3389 2989 3435 est
3020 3398 3032 3434 :
3063 3380 3384 3434 vinceretur
3435 3385 3624 3440 autem,
3663 3375 3700 3428 si
3739 3385 3816 3424 non

2289 3474 2559 3530 inveniret
2595 3474 2721 3545 quid
2769 3472 3345 3543 de'contemptoribus
3371 3471 3585 3534 faceret,
3628 3473 3705 3520 aut
3739 3461 3818 3515 ullo

2289 3568 2449 3622 modo
2470 3577 2688 3638 possent
2706 3565 2936 3623 evadere
2963 3566 3104 3636 quod
3126 3567 3193 3622 de
3216 3565 3417 3621 talibus
3433 3564 3518 3619 ille
3531 3556 3810 3619 constituit.»

2288 3659 2353 3714 Et
2383 3660 2436 3714 in
2461 3659 2600 3715 libro
2623 3659 2689 3715 de
2711 3659 3110 3715 catechizandis
3138 3656 3388 3713 Rudibus
3414 3677 3425 3712 :
3457 3675 3477 3707 ι
3511 3655 3653 3717 Vere,
3673 3649 3815 3707 frater.

2288 3751 2379 3806 illa
2411 3767 2603 3824 magna
2627 3760 2679 3807 et
2709 3767 2838 3807 vera
2867 3751 3142 3808 beatitudo
3166 3759 3268 3817 est,
3325 3765 3446 3821 quas
3473 3749 3524 3804 in
3554 3745 3709 3802 intum
3744 3753 3815 3794 sae-

2289 3841 2412 3898 culo
2443 3843 2646 3898 sanctis
2670 3844 3022 3914 promittitur.
3050 3841 3243 3899 Omnia
3271 3857 3408 3898 vero
3433 3838 3646 3896 visibilia
3683 3843 3813 3888 trans-

2288 3946 2438 4000 eunt,
2488 3945 2544 3992 et
2570 3937 2749 3992 omnis
2799 3935 2958 4005 hujus
3006 3935 3186 3992 saeculi
3219 3951 3440 4006 pompa,
3462 3942 3513 3989 et
3547 3928 3739 3992 delicize,
3772 3928 3811 3976 et

2288 4028 2577 4084 curiositas
2611 4028 2927 4095 interibunt,
2957 4038 3011 4084 et
3038 4044 3221 4085 secum
3254 4033 3326 4085 ad
3352 4029 3617 4084 interitum
3642 4021 3812 4077 trahunt

2289 4129 2560 4176 amatores
2591 4135 2737 4175 suos.
2764 4121 2808 4174 Α
2831 4135 2938 4190 quo
2963 4121 3206 4186 interitu,
3254 4120 3362 4176 hoc
3388 4128 3470 4177 est
3509 4115 3666 4191 paruis
3700 4122 3808 4166 sem-

2287 4214 2537 4286 piternis,
2568 4214 2709 4270 Deus
2735 4213 3049 4270 misericors
3075 4213 3262 4271 volens
3290 4229 3483 4271 omnes
3510 4209 3724 4268 homines
3763 4201 3808 4255 li-

2287 4305 2500 4373 berare,
2532 4306 2576 4361 si
2608 4306 2710 4361 sibi
2742 4306 2844 4376 ipsi
2875 4321 2980 4362 non
3009 4306 3120 4362 sint
3151 4305 3381 4372 inimici,
3411 4315 3464 4361 et
3487 4319 3584 4359 non
3609 4297 3808 4355 resistant

2288 4400 2678 4457 misericordiae
2699 4400 2977 4456 Creatoris
3002 4399 3109 4464 sui,
3137 4399 3286 4454 misit
3313 4396 3634 4470 unigenitum
3654 4386 3806 4444 Filium

2288 4505 2463 4556 suum,
2498 4491 2600 4545 hoc
2622 4497 2704 4544 est
2734 4488 2969 4544 Verbum
3002 4503 3158 4544 suum
3187 4489 3398 4558 mquale
3444 4485 3558 4547 sibi,
3590 4494 3675 4552 per
3701 4470 3807 4546 αυοά

2288 4581 2526 4636 condidit
2553 4581 2735 4636 omnia
2767 4597 2780 4634 :
2809 4589 2864 4635 et
2885 4594 3108 4634 manens
3131 4578 3351 4648 quidem
3379 4578 3431 4632 in
3449 4571 3702 4631 divinitate
3715 4576 3805 4625 ωε.

2290 4684 2340 4730 et
2365 4690 2470 4730 non
2501 4675 2759 4729 recedens
2781 4690 2810 4727 a
2844 4672 3030 4738 Patre,
3062 4685 3161 4727 nec
3188 4672 3240 4726 in
3267 4670 3450 4740 aliquo
3473 4671 3704 4723 mutatus.
3738 4667 3805 4708 ιε’

2287 4770 2549 4826 sumendo
2579 4778 2756 4824 tamen
2787 4768 3080 4833 hominem,
3115 4776 3171 4823 et
3200 4767 3255 4822 in
3306 4775 3466 4822 carne
3511 4752 3697 4816 mortali
3734 4748 3805 4802 δο-

2290 4863 2526 4918 minibus
2556 4862 2886 4934 apparendo,
2919 4861 3068 4916 venit
3091 4860 3158 4916 ad
3191 4861 3456 4923 homines,
3496 4861 3553 4909 ut
3593 4836 3802 4919 quemad-

2291 4956 2508 5010 modum
2534 4971 2628 5026 per
2654 4971 2818 5010 unum
2845 4955 3122 5010 hominem
3151 4954 3244 5024 qui
3275 4953 3479 5024 primus
3528 4945 3681 5000 factus
3723 4936 3800 5027 esi.

2291 5044 2344 5100 id
2371 5053 2454 5101 est
2479 5045 2675 5112 Adam,
2705 5061 2851 5101 mors
2880 5045 3101 5101 intravit
3133 5044 3184 5099 in
3207 5057 3377 5115 genus
3401 5042 3686 5096 humanum,
3707 5032 3800 5092 ⁴Ι¹¹¹³

2289 5139 2564 5195 consensit
2592 5137 2806 5194 mulieri
2847 5151 2960 5192 suae
2993 5135 3229 5191 seducta:
3260 5148 3290 5187 a
3312 5126 3516 5187 diabolo
3562 5128 3614 5176 ιιι
3645 5120 3802 5187 Pw”

2288 5239 2439 5302 ptum
2467 5233 2563 5288 Dei
2587 5231 3101 5304 transgrederentur
3132 5247 3145 5284 :
3175 5229 3253 5286 sic
3273 5244 3369 5299 per
3389 5237 3543 5280 unum
3563 5210 3798 5304 hominem.

2291 5297 2565 5393 quietiam
2599 5297 2872 5390 Deusvest,
2899 5323 2993 5378 Dei
3023 5321 3214 5388 Filius,
3252 5297 3433 5377 vlesum
3452 5312 3710 5371 Christum.
3730 5297 3799 5351 ἅθ’

2291 5418 2415 5474 lctis
2443 5417 2696 5473 omnibus
2717 5417 2954 5488 peccatis
2977 5413 3285 5486 praeteritis,
3319 5410 3582 5469 credentes
3624 5399 3668 5454 in
3702 5399 3796 5488 fill“

2292 5524 2482 5567 omnes
2517 5513 2568 5565 in
2591 5483 2852 5566 teternam
2897 5483 3065 5564 vitam
3111 5507 3572 5578 ingrederentur.»
3621 5489 3677 5583 Et
3700 5483 3798 5583 lim:

2291 5618 2416 5674 Sper
2454 5611 2643 5658 contra
2691 5600 3078 5656 Vincentianos
3123 5600 3280 5670 (resp.
3308 5596 3402 5667 2):
3439 5611 3456 5643 ι
3490 5578 3797 5674 Sincerissima

2292 5665 2621 5751 credendum
2653 5704 2817 5764 atque
2863 5665 3237 5763 proﬁtendum
3267 5665 3366 5756 est,
3420 5685 3571 5739 Deum
3614 5667 3723 5726 velle
3755 5665 3795 5710 ιιι

2294 5804 2484 5845 omnes
2514 5763 2762 5844 homines
2792 5787 2928 5842 salvi
2956 5785 3111 5840 ﬁant.
3139 5783 3411 5855 Siquidem
3438 5763 3701 5851 Apostolus,
3721 5764 3792 5855 εει]

603 5869 662 5927 s.
690 5871 929 5932 Joannes
953 5836 2234 5955 c......;..';.'....‘."';;"..I.;.;‘*d;“i;.;p;;;..'.;.;.
2284 5836 3369 5954 .1;';;;.".;.;;;.;.‘.;.;;..;"gaianas...
3418 5836 3650 5944 principii.
3688 5836 3794 5918 «ιυυδ
