3998 6336
621 405 724 470 ﬁt

1469 407 1472 410 ’
1580 399 1914 460 ΗΙΝΟΜΑΒΙ
1952 395 2350 459 ΒΗΕΜΕΝΒΙΒ
2388 393 2935 457 ABGHlEPlSCOPl.

3739 410 3817 469 ιε’

619 531 862 594 ceperunt
905 531 961 575 ut
1007 519 1140 576 salvi
1182 519 1389 588 ﬁerent,
1437 518 1680 572 immittet
1710 516 1817 572 illis
1845 516 1987 571 Deus
2016 532 2205 586 opera-
2231 523 2288 586 Ἀ
2314 515 2444 580 lexi,
2473 514 2724 569 voluntas
2749 513 3073 569 convenitur
3102 513 3358 580 humana,
3394 517 3479 571 ubi
3504 519 3713 575 dicitur:
3740 524 3819 578 No-

621 618 814 671 tionem
871 615 1064 670 erroris
1101 607 1168 666 ut
1213 611 1426 666 credant
1469 611 1766 676 mendacio,
1826 619 1878 663 ut
1904 609 2214 679 judicentur

624 726 799 764 omnes
821 709 911 778 qui
943 723 1044 761 non
1080 705 1412 761 crediderunt
1441 705 1665 769 veritati,
1708 704 1798 758 sed
1841 707 2215 758 consenserunt

621 800 884 870 iniquitati
930 797 1017 868 (ll
1062 797 1240 851 Thess.
1271 813 1334 862 II,
1363 796 1472 866 10).
1510 796 1577 850 Et
1607 796 1672 851 de
1693 795 2080 864 recipientibus
2123 808 2217 848 ve-

625 892 840 946 ritatem
883 888 1128 945 scribens
1167 888 1321 953 dicit,
1363 886 1577 941 Gratias
1615 887 1825 957 agimus
1851 885 1962 941 Deo
1989 885 2104 940 sine
2135 885 2218 938 in-

621 973 963 1047 termissione,
999 981 1140 1053 quod
1168 997 1286 1034 cum
1319 979 1600 1034 audissetis
1630 997 1661 1032 a
1691 980 1839 1033 nobis
1880 980 2088 1032 verbum
2115 993 2215 1031 au-

620 1074 763 1129 ditus
801 1073 920 1139 Dei,
961 1073 1285 1142 suscepistis,
1319 1087 1421 1125 non
1463 1080 1518 1123 ut
1559 1070 1772 1125 uerbum
1795 1070 2085 1135 hominum,
2127 1067 2218 1123 sed

622 1167 758 1220 sicut
781 1175 857 1221 est
886 1181 1000 1221 vere
1039 1165 1250 1220 verbum
1294 1164 1412 1230 Dei,
1451 1164 1590 1232 quod
1632 1174 1680 1218 et
1721 1175 1972 1234 operatur
1998 1165 2054 1218 in
2077 1163 2220 1219 vobis

623 1259 716 1328 qui
765 1258 1060 1312 credidistis
1107 1255 1160 1328 (Ι
1187 1255 1366 1310 Thess.
1392 1271 1454 1320 ll,
1483 1254 1592 1327 l3).
1647 1255 1716 1310 Et
1761 1253 2116 1310 Cassiodorus
2164 1254 2219 1309 in

627 1350 837 1422 psalmo
881 1350 1283 1422 septuagesimo
1330 1349 1600 1418 septimo:
1637 1366 1655 1399 ‹
1686 1347 1830 1403 Misit
1863 1348 1918 1402 in
1946 1363 2040 1403 eos
2082 1346 2219 1402 iram

629 1442 1016 1513 indignationis
1044 1457 1174 1508 sum,
1211 1441 1662 1512 indignationem,
1717 1449 1772 1496 et
1818 1440 1975 1504 iram,
2023 1447 2079 1495 et
2127 1441 2222 1496 tri-

628 1531 980 1600 bulationem,
1027 1533 1417 1589 immissionem
1453 1548 1552 1604 per
1589 1531 1813 1605 angelos
1842 1531 2032 1587 malos.
2075 1531 2221 1588 Ordo

629 1623 880 1679 vindictae
902 1624 1184 1680 verissima
1207 1624 1570 1694 descriptione
1593 1632 1868 1678 narratur.
1895 1624 2052 1679 Prius
2074 1625 2220 1680 enim

634 1720 896 1777 Dominus
947 1719 1190 1790 peccatis
1244 1720 1449 1774 nostris
1499 1719 1753 1774 irascitur
1802 1719 2020 1789 quando
2075 1717 2220 1772 nulla

630 1813 1048 1884 compunctione
1090 1813 1479 1877 convertimur,
1519 1827 1582 1866 ac
1610 1812 1805 1867 deinde
1834 1811 2096 1866 malitiam
2127 1811 2224 1865 hoc

2314 609 2404 662 lite
2441 624 2550 662 esse
2576 609 2712 662 sicut
2749 623 2912 678 equus
2948 616 2996 661 et
3037 605 3230 669 mulus,
3270 609 3452 678 quibus
3493 625 3586 664 non
3619 623 3682 666 est
3711 616 3820 671 intel-

2315 701 2477 758 lectus
2507 700 2682 773 (Psal.
2710 701 2863 772 xxxi)
2895 717 2906 754 :
2940 702 3188 771 quamvis
3229 702 3381 772 pejor
3417 715 3646 774 appareat
3672 707 3724 762 de
3745 725 3822 778 quo

2316 793 2520 848 dictum
2554 800 2637 850 est
2669 810 2682 848 :
2722 792 2904 846 Verbis
2947 810 3049 846 non
3088 793 3444 846 emendabitur
3487 811 3647 850 serrus
3683 799 3820 854 dum.

2319 887 2380 946 Si
2408 889 2544 944 enim
2574 898 2622 944 et
2650 888 2988 954 intellexerit,
3021 905 3124 943 non
3154 890 3418 945 obaudiet.
3463 909 3480 942 ι
3520 891 3580 946 Et
3601 893 3726 963 plura
3748 897 3820 950 hu~

2310 979 2548 1051 jusmodl
2589 984 2940 1040 Inveniuntur
2975 983 3028 1038 in
3063 982 3260 1040 litteris
3310 985 3554 1040 divinitus
3595 989 3821 1059 inapiratis.

2321 1072 2478 1130 Sicut
2505 1075 2650 1129 enim
2677 1075 2976 1130 secundum
3004 1073 3366 1145 Scripturam,
3393 1077 3558 1131 omnia
3577 1095 3825 1148 quacunque

2319 1165 2481 1220 uoluit
2515 1164 2769 1220 Dominus
2804 1166 2924 1236 fecit
2959 1164 3132 1239 (Psal.
3157 1182 3312 1232 cxm,
3341 1167 3425 1235 5),
3470 1168 3537 1222 ita
3563 1169 3684 1224 sicut
3703 1172 3826 1228 voluit

2321 1257 2502 1314 omnia
2544 1258 2683 1314 bona
2716 1256 2845 1314 fecit
2873 1276 2886 1312 :
2916 1259 3042 1329 quia
3076 1273 3180 1314 non
3225 1275 3293 1314 ex
3324 1259 3604 1322 accidente.
3629 1271 3676 1316 et
3693 1278 3824 1318 essur-

2325 1347 2525 1403 tialiter
2569 1349 2738 1404 bonus
2783 1357 2841 1404 et
2887 1348 3264 1420 Omnipotens,
3310 1350 3401 1420 qui
3441 1352 3657 1421 seipsuut
3683 1367 3825 1423 negare

2323 1456 2428 1497 non
2458 1447 2656 1512 potest,
2697 1443 2855 1497 aliter
2880 1457 2980 1498 nec
3014 1443 3149 1499 velle
3176 1444 3351 1513 potuit
3394 1458 3492 1499 nec
3517 1459 3658 1515 posse
3690 1445 3822 1511 voluit,

2323 1543 2386 1590 ut
2414 1534 2604 1590 beatus
2652 1535 2985 1606 Augustinus
3030 1535 3083 1590 in
3132 1549 3386 1591 sermone
3430 1536 3495 1590 de
3535 1534 3752 1606 Symbolo
3781 1535 3824 1589 ad

2325 1629 2626 1700 neophytos
2664 1629 2796 1684 dicit
2824 1647 2836 1683 :
2877 1647 2894 1680 ι
2926 1628 2982 1685 Si
3009 1628 3155 1685 enim
3177 1668 3192 1695 ,
3235 1629 3502 1698 inquiens,
3529 1643 3637 1698 quae
3660 1629 3700 1683 in
3717 1630 3824 1698 prin-

2325 1719 2468 1790 cipio
2503 1719 2647 1775 Deus
2675 1719 2824 1786 fecit,
2853 1735 2921 1775 ex
2947 1719 3118 1774 nihilo
3148 1719 3338 1788 utique
3363 1718 3506 1780 fecit,
3535 1718 3678 1774 etiam
3699 1733 3751 1772 ex
3771 1718 3826 1772 his

2326 1827 2447 1884 qua:
2491 1813 2619 1869 fecit
2647 1813 2908 1884 quidquid
2934 1812 3168 1868 voluerit
3213 1812 3395 1868 facere
3437 1820 3614 1882 potens
3637 1812 3825 1882 est,quia

631 1905 796 1960 minis
817 1905 871 1960 in
895 1898 993 1960 sua
1023 1904 1361 1976 indignitate,
1391 1913 1447 1960 et
1477 1904 1577 1970 ira,
1605 1913 1661 1959 et
1689 1904 2037 1959 tributa-tione
2061 1905 2226 1959 dere;
2248 1901 2297 1965 B
2323 1905 2667 1976 omnipotens
2693 1912 2798 1972 est,
2832 1919 2934 1961 nec
2982 1905 3104 1961 ideo
3138 1906 3380 1961 credant
3409 1903 3567 1975 iniqui
3595 1905 3732 1960 Deam
3753 1918 3826 1959 non

630 1999 845 2071 linquit,
883 1999 1212 2069 utpropriis
1258 1997 1707 2069 perversitatibus
1767 1997 2076 2069 afﬂigantur
2128 1997 2220 2067 qui

631 2093 831 2149 divinis
866 2090 1204 2161 jussionibus
1251 2092 1473 2147 obedire
1519 2097 1892 2148 contemnunt.
1925 2107 1942 2141 ι
1996 2091 2063 2146 Et
2112 2091 2222 2146 Au-

631 2185 882 2258 gustinus
905 2185 961 2240 in
985 2184 1122 2239 libro
1144 2183 1214 2239 de
1231 2183 1415 2238 Gratia
1439 2190 1494 2238 et
1514 2182 1685 2238 libero
1709 2183 1946 2238 Arbitrio
1969 2181 2108 2253 (cap.
2130 2181 2222 2253 5):

635 2297 658 2332 ς
691 2277 790 2342 Qui
833 2291 973 2349 ergo
1011 2283 1279 2331 noverunt
1308 2275 1488 2330 divina
1521 2274 1798 2338 mandata,
1853 2272 2100 2328 aufertur
2143 2273 2225 2328 eis

633 2371 936 2436 excusatio,
982 2385 1146 2441 quam
1194 2368 1369 2424 solent
1424 2369 1626 2423 habere
1677 2367 1922 2422 homines
1972 2368 2038 2420 de
2075 2366 2226 2434 igno-

633 2464 829 2520 rantia.
859 2463 966 2519 Sed
996 2475 1095 2517 nec
1128 2462 1228 2534 ipsi
1255 2461 1373 2517 sine
1401 2475 1561 2531 poena
1592 2469 1752 2514 erunt
1792 2459 1883 2529 qui
1923 2457 2094 2529 legem
2131 2455 2226 2511 Dei

635 2557 902 2612 nesciunt.
929 2555 1048 2621 Qui
1095 2555 1231 2609 enim
1279 2555 1390 2608 sine
1431 2553 1539 2623 lege
1577 2560 1940 2622 prccanerunt,
1981 2552 2094 2605 sine
2119 2549 2228 2620 lege

635 2649 876 2720 peribunt
906 2661 924 2700 :
953 2649 1044 2718 qui
1089 2658 1262 2701 autem
1309 2649 1362 2699 in
1401 2645 1509 2716 lege
1547 2652 1910 2715 peccaverunt,
1952 2658 2044 2714 per
2066 2641 2229 2713 legem

628 2741 1015 2810 iudicabuntur
1053 2738 1232 2810 (Rom.
1258 2754 1319 2804 ll,
1348 2738 1456 2808 l2).
1501 2737 1654 2804 Quod
1698 2737 1830 2791 mihi
1872 2751 1978 2790 non
2019 2735 2232 2790 videtur

635 2832 926 2902 Apostolus
953 2831 1028 2886 ita
1059 2831 1282 2895 dixisse,
1318 2839 1570 2898 tanquam
1605 2828 1755 2899 pejus
1791 2827 1991 2898 aliquid
2018 2826 2232 2897 signill-

635 2924 840 2979 Caverit
862 2937 982 2978 esse
1008 2936 1262 2992 passuros
1291 2921 1381 2992 qui
1423 2920 1593 2990 legem
1627 2919 1878 2975 nesciunt
1907 2920 1960 2973 in
1993 2917 2232 2988 peccatis

2326 2011 2446 2054 esse
2471 1996 2917 2068 omnipotentem,
2949 1997 3076 2066 quia
3103 1998 3277 2052 multa
3318 2005 3502 2052 contra
3535 1997 3639 2066 ejus
3678 1995 3826 2050 faciunt

2330 2089 2685 2156 voluntatem,
2715 2089 2831 2145 sive
2854 2090 3018 2145 homo
3047 2089 3133 2146 vel
3163 2087 3313 2159 juste
3341 2089 3626 2153 damnetur,
3653 2088 3742 2144 sive
3761 2086 3828 2142 mi-

2327 2179 2678 2236 sericorditer
2707 2179 2992 2246 liberetur,
3020 2180 3277 2237 voluntas
3301 2179 3674 2251 Omnipotentis
3696 2177 3826 2248 imple-

2330 2279 2434 2327 tur.
2466 2272 2623 2341 Quod
2647 2286 2778 2342 ergo
2803 2287 2911 2329 non
2938 2272 3052 2326 vult
3078 2271 3452 2342 Omnipotens,
3479 2272 3575 2328 hoc
3598 2271 3736 2327 solum
3756 2284 3826 2323 non

2327 2371 2526 2437 potest.
2557 2363 2740 2421 Utitur
2763 2379 2893 2434 ergo
2914 2363 3090 2430 malis,
3115 2378 3224 2418 non
3253 2364 3541 2420 secndum
3569 2376 3722 2418 eorum
3743 2374 3827 2430 pri-

2329 2473 2488 2525 vam,
2528 2454 2625 2514 sed
2661 2459 2956 2514 secundum
2987 2473 3142 2512 suam
3169 2465 3376 2514 rectam
3401 2456 3710 2512 voluntatem.
3743 2471 3758 2505 ι
3785 2451 3828 2507 Et

2331 2561 2455 2622 post
2484 2565 2654 2621 pauca
2683 2569 2696 2605 :
2733 2568 2753 2602 ‹
2781 2549 2860 2606 Ne
2887 2551 3012 2621 quis
3039 2565 3126 2606 me
3157 2557 3364 2606 temere
3389 2549 3581 2604 dixisse
3610 2545 3828 2602 arbitretur

2333 2643 2538 2713 aliquid
2565 2643 3000 2713 Omnipotentem
3022 2657 3130 2697 non
3153 2656 3337 2712 posse,
3366 2643 3465 2696 hoc
3487 2649 3535 2694 et
3561 2635 3826 2704 beatasApo-

2331 2735 2502 2790 stolus
2533 2735 2671 2790 dixit
2703 2753 2717 2789 :
2750 2733 2808 2791 Si
2834 2751 2940 2790 non
2966 2734 3308 2798 credidimus,
3331 2732 3420 2787 ille
3437 2730 3598 2801 fidelis
3615 2733 3823 2800 pensanti.

2335 2842 2524 2896 negare
2558 2828 2785 2897 seipsum
2816 2841 2921 2880 non
2948 2834 3114 2896 potest
3151 2824 3201 2896 (I
3243 2825 3377 2879 Tim.
3409 2837 3468 2889 ll,
3497 2820 3597 2891 l5).
3636 2817 3721 2875 Sed
3741 2817 3825 2884 quia

2335 2935 2444 2976 non
2472 2921 2588 2975 vult
2631 2935 2738 2976 nou
2785 2929 2976 2991 potest,
3013 2920 3138 2990 quia
3171 2929 3232 2976 et
3271 2918 3407 2974 velle
3431 2933 3532 2974 non
3555 2921 3718 2986 potest.
3749 2909 3825 2964 Non

638 3014 770 3078 suis,
803 3027 967 3084 quam
994 3013 1111 3068 illos
1148 3014 1239 3082 qui
1278 3013 1474 3068 sciunt.
1515 3010 1671 3080 Pejus
1695 3012 1840 3068 enim
1869 3010 2086 3066 videtur
2111 3025 2232 3066 esse

639 3103 841 3174 perire,
873 3119 1035 3174 quam
1067 3103 1324 3172 judicari.
1359 3101 1478 3157 Sed
1520 3117 1644 3157 cum
1679 3104 1781 3158 hoc
1807 3101 1875 3156 de
1897 3101 2152 3173 gentibus
2177 3108 2234 3155 et

2335 3012 2481 3068 enim
2513 3021 2692 3082 potest
2715 3011 2927 3082 justitia
2964 3010 3107 3066 velle
3137 3010 3320 3067 facere
3358 3009 3496 3079 quod
3522 3006 3737 3077 injustam
3755 3006 3824 3060 est.

2338 3113 2432 3160 aut
2479 3104 2742 3176 sapientia
2789 3103 2924 3160 velle
2967 3103 3114 3173 quod
3157 3103 3383 3158 stultum
3425 3108 3530 3165 est,
3569 3104 3652 3152 aut
3686 3091 3826 3148 veritas

640 3197 707 3252 de
737 3196 936 3252 Judreis
979 3196 1312 3267 loqueretur,
1359 3197 1486 3267 quia
1531 3195 1606 3250 illi
1653 3198 1770 3252 sine
1810 3196 1922 3266 lege
1951 3203 2100 3260 sunt,
2145 3195 2230 3250 isti
2337 3197 2475 3252 velle
2497 3197 2643 3268 quod
2671 3196 2866 3252 falsum
2895 3205 2999 3251 est.
3031 3195 3185 3252 Unde
3221 3196 3564 3251 admonemur
3590 3191 3726 3245 Deum
3747 3196 3826 3238 0m-

641 3296 822 3342 autem
854 3286 1028 3359 legem
1056 3294 1404 3358 acceperunt,
1435 3285 1558 3357 quis
1594 3289 1791 3342 audeat
1811 3286 1990 3341 dicere
2018 3285 2233 3341 Judmos
2261 3305 2306 3368 ρ
2338 3291 2692 3362 nipotentem,
2736 3306 2844 3345 non
2875 3291 2979 3345 hoc
3007 3288 3182 3346 solum
3209 3290 3355 3360 quod
3394 3288 3468 3344 ait
3493 3281 3748 3358 Apostolus.
3767 3291 3825 3328 κε’

640 3379 733 3451 qui
767 3381 820 3435 in
852 3377 968 3452 lege
997 3388 1222 3450 peccant
1252 3394 1358 3434 non
1385 3393 1508 3435 esse
1533 3379 1808 3449 perituros
1833 3385 1956 3433 cum
1995 3377 2049 3433 in
2077 3378 2234 3434 Chri-
2335 3397 2462 3452 gare
2484 3383 2714 3452 seipsum
2743 3399 2848 3438 non
2877 3392 3078 3452 potest,
3114 3383 3210 3439 sed
3238 3382 3405 3438 multa
3435 3396 3538 3437 non
3561 3388 3706 3449 pone.
3735 3370 3827 3426 Εοοε

641 3481 741 3546 διο,
771 3488 878 3529 non
921 3473 1308 3528 crediderunt?
1334 3469 1771 3542 quandoquidem
1797 3470 1869 3525 de
1899 3470 2004 3526 illis
2029 3471 2234 3527 dictum
2337 3484 2394 3531 et
2416 3489 2517 3547 ego
2541 3476 2683 3543 dico,
2711 3485 2765 3532 et
2807 3476 2927 3546 ejus
2954 3477 3181 3533 veritate
3225 3477 3409 3532 dicere
3451 3474 3607 3530 audeo
3634 3466 3746 3539 quod
3766 3476 3829 3518 uo-

644 3575 748 3634 est,
773 3584 864 3638 per
888 3567 1052 3638 legem
1086 3565 1520 3636 judicabuntur?
1555 3564 1689 3621 Sine
1727 3564 1831 3620 ﬁde
1856 3566 2000 3621 enim
2031 3565 2233 3622 Christi
2338 3585 2470 3642 gare
2508 3586 2616 3625 non
2645 3572 2837 3638 audeo,
2869 3569 3011 3626 Deus
3036 3572 3380 3641 omnipotens
3421 3584 3520 3625 non
3547 3570 3696 3637 potest
3718 3553 3826 3618 πιοτῖν

651 3673 814 3714 nemo
838 3657 1057 3713 liberari
1087 3667 1285 3728 potest,
1319 3673 1381 3712 ac
1405 3671 1502 3728 per
1533 3657 1634 3712 hoc
1668 3655 2149 3737 ita'judicabuntur
2178 3667 2238 3714 ut

640 3760 889 3822 pereant.
918 3749 1054 3806 Nam
1077 3753 1120 3806 si
1149 3749 1298 3822 pejor
1319 3763 1402 3807 est
1425 3751 1670 3806 conditio
1693 3753 2049 3807 nescientium
2076 3768 2239 3822 quam

647 3843 937 3899 acientium
969 3842 1141 3914 legem
1173 3843 1291 3910 Dei,
1322 3843 1596 3914 quomodo
1635 3858 1822 3899 verum
1870 3845 1977 3900 erit
2005 3845 2148 3914 quod
2183 3845 2257 3910 in

647 3935 940 4007 Erangelio
979 3935 1240 3991 Dominus
1278 3936 1398 3990 ait:
1427 3934 1620 3992 Seruus
1657 3938 1748 4008 qui
1799 3937 1961 3991 nescit
2000 3937 2242 3992 volunta-

651 4039 753 4084 tem
809 4027 1009 4084 domini
1058 4029 1142 4082 sui
1191 4038 1241 4082 et
1296 4028 1424 4096 facit
1494 4031 1653 4100 digna
1713 4029 1920 4101 plagis,
1977 4030 2241 4099 vapulabit

650 4138 855 4192 pauca;
891 4139 1071 4178 servus
1111 4132 1288 4178 autem
1327 4124 1417 4194 qui
1449 4123 1546 4178 scit
1575 4123 1892 4178 uoluntatem
1919 4123 2119 4177 domini
2159 4125 2243 4178 sui

647 4226 695 4270 et
752 4234 855 4273 non
911 4218 1040 4288 facit
1085 4219 1279 4289 digna,
1329 4217 1500 4290 plagis
1554 4217 1818 4289 rapulabit
1874 4217 2041 4275 multa
2088 4217 2241 4287 (Luc.

2340 3677 2446 3718 non
2469 3663 2893 3733 potest‘mutari,
2921 3677 3027 3717 non
3053 3669 3237 3734 potest
3266 3661 3398 3728 falli,
3425 3675 3524 3716 non
3549 3659 3697 3729 potest
3716 3649 3829 3705 mile?

2344 3756 2483 3818 ﬁeri,
2513 3770 2620 3809 non
2649 3764 2829 3824 potest
2853 3755 3016 3810 vinci.
3064 3755 3190 3810 Haec
3237 3762 3399 3826 atque
3441 3743 3704 3822 hujusmodi
3734 3735 3826 3794 absit

2342 3857 2402 3906 ut
2429 3848 2606 3920 possit
2631 3847 2984 3919 Omnipotens
3017 3863 3030 3900 :
3061 3863 3126 3904 ac
3151 3862 3252 3918 per
3282 3849 3384 3904 hoc
3409 3860 3508 3900 non
3533 3839 3680 3898 solum
3699 3839 3826 3890 osten-

2343 3941 2422 3995 dit
2448 3937 2661 3994 Veritas
2706 3941 3129 4010 omnipotentem
3175 3952 3320 4004 esse,
3361 3935 3494 4007 quod
3523 3933 3615 3989 ista
3642 3933 3828 3992 nonpos'

2343 4031 2416 4087 sit
2445 4050 2457 4085 :
2490 4031 2584 4087 sed
2613 4033 2776 4086 etiam
2806 4032 2950 4102 cogit
2983 4029 3197 4086 Veritas
3223 4031 3622 4100 omnipotentem
3646 4032 3730 4072 non
3748 4021 3827 4066 €559

2345 4123 2436 4194 qui
2485 4124 2600 4178 ΙηΡο
2650 4125 2839 4192 possit.
2900 4122 3094 4178 Volens
3139 4123 3282 4177 enim
3331 4130 3412 4178 est
3453 4119 3582 4173 Deus
3617 4107 3730 4183 quod
3760 4110 3824 4157 est.

2346 4215 2605 4270 Eternus
2632 4230 2762 4286 ergo
2808 4223 2864 4268 et
2891 4214 3376 4278 incommutabilis,
3417 4217 3470 4265 et
3494 4219 3637 4263 verax
3673 4207 3716 4255 et
3740 4197 3827 4250 bea-

649 4323 759 4374 xu,
804 4308 917 4380 47).
974 4308 1112 4366 Ecce
1154 4309 1246 4365 ubi
1301 4310 1541 4365 ostendit
1601 4310 1820 4380 gravius
1871 4324 2100 4380 peccare
2148 4309 2245 4364 ho-
2349 4316 2455 4372 tus,
2495 4317 2552 4363 et
2583 4308 2962 4378 insuperabilis
2991 4307 3179 4362 volens
3206 4315 3312 4362 est.
3363 4303 3418 4364 Si
3449 4314 3566 4371 ergo
3588 4294 3828 4366 potestesse

649 4402 850 4458 minem
909 4403 1202 4468 scientem,
1263 4418 1429 4472 quam
1486 4403 1840 4458 nescientem.
1895 4403 2002 4457 Nec
2067 4411 2245 4457 tamen
2346 4402 2489 4472 quod
2519 4417 2628 4456 non
2654 4401 2787 4466 vult,
2818 4401 3165 4470 omnipotens
3194 4416 3300 4454 non
3334 4405 3432 4453 est.
3479 4395 3565 4449 Est
3586 4395 3728 4443 autem
3751 4389 3825 4472 om:

651 4493 774 4548 ideo
795 4463 1213 4563 confugiendum
1254 4463 1338 4548 est
1378 4493 1445 4548 ad
1498 4493 1816 4563 ignorantia:
1867 4495 2145 4558 tenebras,
2187 4501 2248 4548 ut
2349 4463 2599 4566 nipolens
2633 4463 2806 4565 tergo
2837 4463 3096 4562 quidqttid
3126 4491 3242 4546 vult
3291 4497 3475 4562 potest.
3522 4483 3580 4538 Et
3616 4479 3713 4534 ideo
3731 4463 3827 4538 φὀδ

653 4583 708 4637 in
761 4583 844 4638 eis
893 4584 1122 4654 quisque
1177 4584 1422 4654 requirat
1469 4585 1898 4640 excusationem.
1952 4584 2110 4639 Aliud
2163 4593 2258 4656 est,
2351 4600 2458 4640 non
2486 4585 2600 4639 vult
2639 4600 2762 4640 esse
2793 4600 2897 4639 non
2925 4593 3126 4654 potest,
3153 4585 3245 4653 qui
3273 4589 3538 4654 propterea
3563 4572 3724 4628 dicitur
3746 4573 3826 4616 om-

651 4675 794 4729 enim
824 4675 1084 4741 nescisse,
1108 4675 1254 4732 aliud
1283 4676 1428 4732 scire
1456 4675 1713 4731 noluisse.
1753 4675 2017 4732 Voluntas
2045 4661 2319 4748 quippe‘D
2345 4680 2614 4749 nipoteus,
2647 4679 2902 4749 quoniam
2950 4678 3210 4748 quidquid
3245 4677 3358 4732 vult
3377 4678 3556 4746 potest.
3603 4665 3665 4720 De
3686 4669 3766 4727 quo
3792 4656 3828 4702 θί

646 4764 826 4837 389
851 4767 1094 4837 arguitur
1119 4767 1176 4822 in
1204 4782 1270 4823 eo
1299 4768 1366 4823 de
1389 4781 1502 4838 quo
1531 4767 1728 4823 dicitur
1761 4787 1774 4822 :
1811 4767 1998 4824 Noluit
2041 4768 2240 4824 intelli-

647 4877 770 4933 gere
805 4870 862 4916 ut
892 4862 1019 4917 bene
1043 4871 1218 4933 ageret
1242 4861 1416 4934 (Psal.
1447 4878 1614 4928 xxxv,
1641 4863 1720 4932 4).
1752 4863 1858 4918 Sed
1887 4871 1942 4918 et
1970 4863 2057 4918 illa
2086 4865 2239 4934 igno-

651 4956 855 5023 rantia,
895 4971 1017 5027 quae
1060 4971 1176 5011 non
1203 4965 1286 5012 est
1319 4970 1507 5011 eorum
1545 4957 1637 5026 qui
1685 4957 1830 5011 scire
1870 4957 2099 5020 nolunt,
2145 4956 2244 5010 sed

652 5061 844 5104 eorum
871 5049 965 5120 qui
994 5058 1250 5119 tanquam
1291 5048 1610 5118 simpliciter
1645 5049 1898 5105 nesciunt
1917 5073 1952 5114 ,ι
1973 5050 2242 5103 nemiuem

653 5144 734 5200 sic
759 5151 985 5200 excusat
1012 5151 1071 5197 ut
1105 5143 1439 5213 sempiterno
1479 5142 1603 5214 igne
1640 5157 1744 5196 non
1785 5143 2004 5207 ardeat,
2045 5142 2089 5196 si
2121 5156 2244 5210 pro-

651 5245 837 5310 pteren
883 5252 989 5292 non
1034 5237 1264 5292 credidit
1303 5237 1430 5306 quia
1467 5233 1817 5291 non-audivit
1863 5237 2084 5289 omnino
2117 5235 2246 5302 quid

653 5329 904 5384 crederet
943 5343 957 5382 :
990 5329 1084 5382 sed
1113 5328 1342 5383 fortasse
1366 5337 1434 5381 ut
1467 5328 1652 5382 mitius
1689 5326 1896 5381 ardeat.
1946 5325 2060 5380 Non
2097 5325 2245 5380 enim

647 5419 776 5476 sine
800 5434 963 5475 causa
989 5419 1192 5473 dictum
1220 5427 1305 5475 est
1334 5436 1348 5472 :
1384 5418 1614 5488 Eﬁunde
1645 5418 1780 5471 iram
1812 5427 1958 5470 tuam
1989 5418 2042 5470 in
2071 5426 2246 5486 gentes

655 5528 773 5584 qum
812 5523 862 5568 te
913 5529 1020 5568 non
1083 5522 1333 5568 noverunt
1380 5509 1568 5581 (Psal.
1602 5526 1823 5572 Lxxvm,
1865 5511 1954 5580 6).
2007 5508 2076 5563 Et
2119 5509 2248 5564 illud

657 5605 802 5676 quod
854 5606 933 5661 ait
977 5604 1308 5675 Apostolus:
1343 5603 1476 5658 Cum
1517 5605 1710 5657 venerit
1759 5604 1812 5656 in
1856 5604 2074 5673 ﬂamma
2113 5602 2249 5672 ignis

657 5695 789 5750 dare
824 5695 1106 5750 vindictam
1135 5698 1191 5750 in
1221 5712 1308 5750 eos
1343 5696 1433 5766 qui
1471 5696 1715 5766 ignorant
1757 5694 1922 5749 Deum
1950 5692 2036 5766 (II
2069 5693 2247 5748 Thess.

662 5801 700 5854 ι,
732 5786 813 5858 8).
851 5787 1229 5843 Verumtamen
1254 5795 1316 5842 ut
1341 5787 1638 5843 habeamus
1664 5796 1722 5843 et
1750 5786 1920 5858 ipsam
1944 5786 2249 5852 scientiam,

659 5895 737 5948 ne
759 5883 1288 5954 dicatunusquisqne
1312 5883 1710 5952 :Nescivitnon
1735 5885 1936 5952 audivi,
1961 5899 2066 5941 non
2095 5885 2254 5941 intel-

2343 4772 2584 4840 psalrnus
2604 4770 2734 4825 dicit
2769 4788 2784 4823 :
2817 4769 2881 4823 In
2908 4769 3034 4824 caelo
3064 4779 3114 4824 et
3141 4771 3196 4824 in
3224 4779 3360 4824 terra
3382 4764 3553 4820 omnia
3590 4755 3826 4840 ᾳκσεαηφξε

2343 4831 2505 4917 uoluit
2541 4861 2660 4932 fecit
2705 4859 2874 4933 (Psal.
2901 4876 3057 4926 cxul,
3082 4861 3159 4932 5).
3197 4880 3216 4914 ι
3267 4859 3425 4932 θα)
3467 4853 3528 4908 Et
3567 4853 3611 4904 in
3650 4843 3754 4933 Ιίιιςο
3785 4831 3828 4883 άθ

2345 4931 2548 5009 Natura
2577 4965 2632 5009 et
2650 4931 2834 5010 Gratia
2867 4955 3007 5026 (cap.
3035 4931 3127 5024 49)
3160 4971 3172 5009 :
3214 4971 3232 5005 ι
3261 4931 3410 5007 Absit
3435 4963 3462 5001 a
3492 4941 3625 4998 nobis
3647 4943 3693 4988 ut
3713 4931 3826 5026 Deut“

2346 5061 2506 5116 posse
2533 5061 2760 5116 peccare
2794 5045 3057 5100 dicamus.
3089 5021 3203 5098 Non
3240 5042 3412 5103 enim,
3440 5045 3495 5091 ut
3523 5026 3649 5087 stulti
3675 5021 3826 5116 putant:

2348 5137 2469 5192 ideo
2497 5153 2605 5192 non
2634 5138 2738 5192 erit
2767 5139 3130 5208 omnipotens,
3163 5136 3286 5206 quia
3322 5146 3420 5188 nec
3450 5124 3573 5183 mori
3598 5117 3764 5190 patest,
3791 5106 3827 5152 ει

2348 5245 2548 5302 negare
2574 5231 2810 5299 seipsum
2839 5245 2948 5284 non
2969 5236 3166 5298 potest.
3200 5248 3218 5280 ι
3621 5304 3630 5307 Α

2421 5301 2648 5380 Videant
2683 5323 2938 5378 catholici
2989 5338 3151 5393 quam
3199 5319 3336 5377 male
3382 5313 3578 5370 tradunt
3619 5301 3824 5395 uteretthr:

2360 5436 2379 5470 ι
2417 5415 2611 5471 Omnia
2638 5431 2975 5486 quaecunque
3001 5389 3172 5470 voluit
3210 5413 3456 5471 Dominus
3485 5402 3616 5464 fecit,
3648 5414 3664 5446 ι
3695 5389 3827 5486 dicen-

2358 5519 2437 5564 tes
2469 5527 2481 5562 :
2515 5509 2618 5577 Qui
2655 5483 2770 5565 non
2801 5483 3080 5565 salvantur
3107 5525 3213 5565 non
3244 5517 3328 5564 est
3350 5496 3609 5559 voluntatis
3631 5483 3825 5577 Deipw"

2357 5611 2444 5658 tus
2469 5612 2528 5656 ut
2566 5603 2843 5659 salventur
2870 5623 2883 5659 :
2913 5620 3036 5659 cum
3076 5614 3251 5659 ratum
3282 5601 3369 5665 sit,
3406 5605 3459 5651 ut
3481 5589 3560 5661 qui
3591 5583 3645 5639 ad
3664 5574 3824 5676 salutent

2358 5713 2464 5754 non
2490 5708 2792 5770 sequuntur
2833 5699 3167 5755 voluntatem
3199 5694 3399 5754 Domini
3428 5673 3825 5770 invitantcmr‘ll'li’:

2358 5793 2501 5847 niam
2538 5759 2720 5863 justus
2766 5792 3024 5847 Dominus
3081 5792 3314 5863 justitias
3363 5780 3526 5838 dilexit
3547 5815 3560 5840 ν

2358 5885 2481 5940 vidit
2509 5850 2682 5940 uultus
2710 5887 2824 5957 ejus
2858 5885 3031 5955 (Psal.
3057 5850 3112 5952 xv,
3134 5885 3210 5948 8),
3241 5878 3458 5940 gentiam
3482 5886 3541 5927 ει
3562 5850 3824 5936 req-ibuth
