3998 6336
150 416 272 479 455

908 412 998 473 DE
1037 407 1707 479 ΡΒΑΕΒΕΒΤΙΝΔΤΙΟΝΕ
1745 400 2206 473 DISSERTATIO
2242 400 2656 468 POSTERIOR.

143 524 377 596 iustitia
417 523 757 582 voluntatem
802 525 1015 582 Domini
1062 525 1116 582 in
1157 524 1421 597 supplicio
1467 523 1751 585 vindicau-
1777 526 1833 601 Α

3329 406 3439 485 ιὸἑ

2377 534 2587 578 εριωςι
2628 533 2800 577 carus
2840 533 2916 595 vi.

149 570 293 676 iam.
341 617 407 675 Et
445 619 573 675 uidit
616 618 759 676 Deus
782 654 801 687 ,
840 618 1015 690 inquit
1047 570 1327 687 Scripth
1351 657 1367 685 ,
1415 629 1604 673 cuncta
1636 570 1801 689 (lilth
1857 613 2011 681 Quod
2039 612 2279 670 Christus
2300 611 2658 690 proomnibus
2680 590 2979 690 hominibus
3001 626 3188 690 passus
3213 584 3301 680 sit,
3324 610 3445 690 licet

147 710 302 781 fecit,
332 720 378 767 et
414 719 565 767 erant
609 711 759 769 ualde
791 711 946 766 bona.
991 710 1059 767 Et
1090 728 1115 779 εν
1140 708 1292 766 Fecit
1314 710 1459 767 Deus
1490 709 1755 767 hominem

148 804 223 860 ad
245 804 532 875 iuuissent
559 814 607 859 et
628 804 1028 863 similitudinem
1048 821 1201 860 suam
1225 802 1379 877 (Gen.
1410 820 1455 869 I,
1487 800 1587 869 51⁸,
1635 800 1750 872 26).

144 893 233 950 Ad
263 895 555 967 imaginem
589 896 788 968 quippe
813 905 871 952 et
907 894 1317 963 similitudinem
1355 895 1450 951 Dei
1480 910 1602 951 esse
1626 908 1754 967 pro-

146 985 240 1042 cul
264 986 430 1044 dubio
458 988 659 1045 bonum
686 997 791 1044 est.
830 988 901 1043 Et
934 987 1130 1045 iterum
1162 987 1421 1057 scriptum
1449 997 1533 1041 est
1564 1002 1576 1039 :
1606 983 1751 1043 Deus

148 1081 215 1133 ab
238 1077 395 1133 initio
417 1079 692 1133 constituit
717 1077 1006 1147 hominem,
1021 1088 1080 1134 et
1108 1076 1315 1149 reliquit
1336 1075 1486 1133 illum
1508 1076 1564 1131 in
1589 1090 1750 1129 manu

146 1171 362 1228 consilii
407 1173 493 1228 sui
531 1171 738 1243 (Eccli.
775 1187 866 1239 xv,
896 1171 1006 1242 li).
1055 1171 1105 1228 is
1148 1178 1331 1227 autem
1374 1185 1484 1241 quo
1526 1168 1751 1225 consilio

147 1277 290 1319 usus
321 1262 608 1334 potiusque
653 1263 857 1321 abusus
902 1261 1089 1328 fuerit,
1115 1277 1348 1334 quemve
1377 1261 1749 1319 consiliarium

146 1355 459 1413 cbaudierit
483 1394 503 1423 ,
548 1356 605 1413 in
652 1371 752 1413 sua
796 1363 952 1428 paret
997 1357 1332 1430 propagine,
1378 1354 1751 1415 conclamatus

147 1451 417 1523 propheta
439 1468 456 1505 :
481 1447 676 1509 Omnes
695 1451 1005 1516 erravimus,
1029 1451 1084 1504 in
1103 1449 1469 1523 iniquitatibus
1490 1448 1746 1520 concepti,

147 1556 194 1600 et
228 1545 299 1600 in
325 1546 554 1615 peccatis
596 1546 777 1616 geniti,
814 1545 892 1601 ita
930 1554 987 1601 ut
1035 1546 1263 1601 mundus
1300 1544 1476 1601 nullus
1502 1544 1572 1600 sit
1595 1582 1613 1611 ,
1655 1560 1749 1600 nec

148 1637 310 1708 cuius
334 1636 443 1692 vita
476 1645 553 1692 est
578 1630 743 1693 huius
777 1636 884 1695 diei
912 1653 1071 1708 super
1109 1646 1339 1702 terram,
1375 1645 1505 1693 ante
1534 1651 1661 1695 eum
1693 1636 1746 1691 in

148 1726 311 1797 cuius
330 1738 635 1798 conspectu
658 1744 819 1786 nemo
833 1728 1169 1799 justiiicatur
1190 1729 1399 1796 vivens,
1423 1729 1565 1799 apud
1587 1744 1748 1800 quem

147 1837 244 1893 per
275 1836 336 1879 se
364 1821 548 1879 nullus
588 1831 675 1880 est
714 1822 976 1879 innocens
1001 1860 1018 1889 ,
1068 1820 1195 1892 quia
1231 1837 1341 1878 non
1380 1829 1469 1881 est
1500 1821 1666 1881 homo
1691 1819 1746 1877 in

150 1921 294 1968 lem
319 1913 419 1984 qui
467 1911 635 1971 faciat
678 1914 881 1970 bonum
923 1921 980 1970 ει
1026 1928 1135 1969 non
1179 1920 1400 1984 Ρθοεθι,
1437 1922 1493 1971 ει
1536 1928 1602 1969 εκ
1637 1927 1745 1969 υιὶο
1764 1915 1821 1981 .B
1850 1920 2251 1978 interveniente
2270 1928 2520 1991 peccato,
2540 1918 2647 1975 nisi
2670 1917 2863 1975 fuisset
2884 1918 3055 1975 nostri
3075 1917 3314 1993 generis,
3338 1934 3450 1976 non
3548 1944 3553 1949 -

146 2019 339 2079 omnes
383 2004 498 2062 isse
526 2004 581 2062 in
609 2005 1115 2065 condemnationem
1164 2006 1307 2064 idem
1352 2005 1572 2062 divinus
1615 2021 1745 2076 pro-

150 2105 386 2155 tesutur
403 2096 717 2169 Apostolus,
738 2097 868 2168 quia
890 2098 1056 2168 periit
1078 2098 1253 2157 Adam
1278 2097 1487 2169 primus
1508 2099 1577 2159 de
1604 2108 1748 2154 terra

150 2196 406 2246 tes-resina
428 2220 447 2256 ,
500 2199 558 2247 et
604 2188 664 2247 in
694 2190 817 2261 ipso
864 2201 1057 2249 omnes
1093 2190 1430 2262 petivimus,
1477 2191 1750 2249 secundus

147 2280 321 2338 Adam
358 2283 427 2339 de
475 2282 615 2341 colo
657 2283 931 2351 cmlestis,
966 2298 1076 2341 non
1121 2285 1379 2343 amittens
1426 2285 1572 2358 quod
1605 2292 1747 2352 erat,

148 2375 239 2428 sed
271 2384 569 2430 assumens
611 2375 757 2445 quod
807 2390 917 2433 non
964 2383 1117 2443 erat,
1158 2362 1214 2432 in
1261 2377 1468 2434 unitate
1503 2392 1749 2449 personae

149 2478 278 2530 sua,
310 2479 426 2522 non
471 2465 526 2522 in
564 2466 773 2525 mutate
809 2467 1161 2535 substantia},
1195 2476 1419 2539 propter
1442 2468 1589 2540 quod
1616 2468 1749 2525 item

148 2554 356 2613 dictum
407 2564 495 2612 est
546 2574 560 2611 :
617 2554 789 2613 Nemo
844 2558 1081 2615 ascendit
1128 2560 1186 2615 in
1232 2560 1457 2628 uelum,
1512 2561 1617 2617 nisi
1658 2561 1750 2631 qui

148 2648 420 2707 descendis
452 2652 521 2708 de
556 2654 717 2721 colo,
746 2653 924 2711 Filius
966 2655 1229 2722 hominis,
1271 2657 1364 2726 qui
1407 2665 1483 2710 est
1526 2656 1584 2711 ist
1619 2655 1748 2711 creto

151 2742 372 2815 (Ephes.
402 2760 481 2810 iv,
504 2746 582 2819 9),
614 2748 763 2803 venit
782 2756 1031 2820 qumtere
1070 2756 1128 2804 et
1156 2748 1371 2806 salvare
1399 2748 1543 2819 quod
1570 2749 1751 2818 perie-

151 2847 253 2897 rat.
282 2837 496 2896 Omnes
521 2842 846 2911 pcrivimus,
884 2857 1077 2899 omnes
1101 2842 1250 2900 venit
1277 2856 1525 2912 quaerere
1552 2849 1610 2896 et
1634 2840 1749 2897 sal-

151 2944 301 2991 vare.
336 2931 495 2999 Quod
519 2944 702 2990 autem
750 2935 971 3006 quidam
1011 2935 1326 3001 salvantur,
1374 2935 1444 2991 de
1486 2934 1753 2991 salvantis

151 3035 232 3081 est
258 3024 413 3082 dono
437 3040 451 3080 :
477 3029 623 3097 quod
647 3029 868 3100 quidam
890 3038 1139 3099 pereunt,
1170 3028 1240 3085 de
1264 3028 1604 3099 pereuntium
1630 3041 1751 3083 me-

152 3116 281 3184 rito,
316 3128 428 3175 non
457 3118 527 3174 de
558 3116 859 3177 Salvatoris
884 3124 972 3176 est
1000 3129 1126 3177 voto
1145 3160 1161 3188 ,
1190 3121 1285 3192 qui
1312 3121 1465 3177 venit
1502 3135 1752 3191 quaerere

152 3214 201 3261 et
226 3208 453 3266 salvare
478 3210 623 3281 quod
652 3212 912 3283 perieret.
939 3213 1019 3269 De
1037 3228 1145 3284 qua
1173 3213 1413 3286 generali
1442 3215 1750 3283 perditione

1925 702 2030 740 non
2064 699 2242 740 omnes
2262 681 2524 753 passionis
2551 681 2665 751 ejus
2689 682 2936 753 mysteria
2965 681 3035 734 ad
3060 682 3283 738 salutem
3312 686 3444 739 redi-

1926 765 2142 811 mantur
2166 763 2416 809 (sternam
2433 764 2454 807 :
2475 761 2525 806 et
2550 754 2676 823 quia
2702 769 2805 806 non
2832 762 3012 806 omnes
3042 756 3305 823 passionis
3326 755 3440 824 ejus

1924 826 2171 899 mysterio
2182 825 2533 899 redimuntur,
2550 840 2652 877 non
2666 823 2734 876 ad
2747 825 3062 878 sacramenti
3076 825 3336 899 uirtutem,
3349 823 3442 899 sed

1923 893 1999 953 ad
2022 895 2325 966 inﬁdelium
2344 893 2549 966 respicit
2577 904 2779 966 partem
2793 909 2818 966 _:
2841 909 2958 966 cum
2982 896 3196 966 sanguis
3229 894 3444 951 Domini

1924 962 2090 1024 nostri
2116 966 2247 1022 Jesu
2289 962 2485 1038 Christi
2510 962 2736 1038 pretium
2760 962 2824 1017 sit
2854 964 3011 1038 totius
3052 962 3256 1038 mundi,
3285 984 3318 1020 a
3341 984 3443 1038 quo

1923 1040 2089 1110 pretio
2131 1036 2369 1110 extranei
2406 1033 2553 1100 sunt,
2598 1036 2687 1106 qui
2728 1043 2817 1110 aut
2863 1033 3106 1110 delectati
3150 1033 3445 1110 captivitate

1925 1105 2111 1166 redimi
2130 1108 2432 1171 noluerunt,
2450 1116 2543 1160 aut
2564 1105 2678 1176 post
2696 1105 3099 1176 redemptionem
3115 1107 3183 1161 ad
3204 1105 3439 1176 eamdem

1920 1192 2043 1237 sunt
2064 1181 2363 1262 servitutem
2398 1170 2747 1250 perseueranti
2782 1170 3093 1246 inﬁdelitate
3137 1170 3213 1233 vel
3250 1178 3446 1249 iniqui-

1923 1262 2029 1307 tate
2055 1268 2265 1307 reverst.
3052 1314 3057 1323 ‘

1922 1363 2147 1437 Magnus
2206 1362 2317 1419 Leo
2370 1344 2653 1419 catholica:
2696 1348 2752 1418 et
2797 1358 3111 1433 apostolicus
3162 1356 3444 1429 Ecclesiae,

1851 1467 2052 1516 sach
2078 1456 2331 1513 videlicet
2355 1456 2500 1513 sedis
2526 1455 2786 1510 Romanae
2814 1452 3059 1525 pontifex
3082 1494 3100 1520 ,
3131 1452 3189 1510 in
3213 1453 3444 1526 epistola

1851 1552 1919 1607 ad
1944 1549 2261 1608 iuvenalem
2299 1548 2471 1623 (epist.
2518 1549 2608 1622 78')
2654 1547 3204 1623 Hierosolymita‘num
3234 1547 3448 1621 episco-

1850 1659 1979 1716 pum
2025 1644 2159 1701 dicit
2197 1661 2211 1698 :
2263 1663 2283 1696 ι
2333 1641 2533 1698 Veram
2580 1642 2746 1713 igitur
2789 1643 2991 1700 Christi
3034 1642 3445 1719 generationem

1850 1751 1987 1793 crux
2035 1750 2164 1792 vera
2202 1734 2519 1801 confirmat;
2548 1734 2806 1804 quoniam
2837 1735 2951 1806 ipse
2978 1734 3034 1789 in
3070 1736 3256 1791 nostra
3281 1748 3450 1792 carne

1851 1829 2118 1895 nascitur,
2140 1828 2234 1899 qui
2258 1828 2313 1883 in
2352 1834 2537 1883 nostra
2560 1841 2727 1882 carne
2747 1825 3089 1896 cruciﬁgitur
3113 1843 3127 1880 :
3155 1840 3276 1897 quae
3300 1825 3449 1884 nullo

1850 2014 2119 2086 potuisset
2141 2026 2265 2069 esse
2290 2010 2557 2068 mortalis.
2592 2010 2665 2068 Ut
2693 2020 2876 2069 autem
2899 2019 3180 2083 repararet
3207 2012 3450 2070 omnium

1850 2110 2038 2172 vitam,
2069 2106 2278 2177 recepit
2315 2103 2557 2161 omnium
2588 2119 2811 2161 causam
2830 2144 2847 2170 ,
2879 2114 2938 2161 et
2969 2104 3083 2161 vim
3112 2104 3317 2162 veteris
3340 2104 3451 2162 cbi-

1851 2199 2135 2272 rographi,
2179 2196 2325 2269 quod
2371 2196 2520 2254 solus
2560 2197 2704 2253 inter
2740 2211 2931 2254 omnes
2976 2212 3085 2253 non
3116 2197 3327 2264 debuit,
3351 2212 3454 2271 pro

1850 2292 2105 2349 omnibus
2150 2290 2409 2348 solvendo
2463 2289 2720 2346 vacuavit
2766 2307 2780 2343 :
2833 2297 2896 2346 ut
2951 2289 3095 2346 sicut
3137 2304 3239 2362 per
3290 2291 3454 2347 unius

1852 2392 2064 2447 reatum
2086 2396 2283 2439 omnes
2306 2379 2437 2438 facti
2450 2377 2681 2437 .fuerant
2706 2388 3042 2453 peccatores,
3074 2380 3150 2435 ita
3166 2394 3268 2452 per
3287 2379 3452 2437 unius

1851 2474 2220 2533 innocentiam
2251 2487 2444 2530 omnes
2484 2470 2688 2531 tierent
2731 2472 3088 2538 innocentes,
3117 2471 3244 2528 inde
3273 2471 3329 2526 in
3355 2469 3456 2531 b0-

1850 2566 2027 2623 mines
2069 2574 2325 2623 manante
2364 2563 2613 2635 iustitia,
2657 2564 2747 2620 ubi
2778 2572 2863 2620 est
2906 2565 3150 2620 humana
3196 2573 3451 2633 suscepta

1851 2668 2066 2719 natura.
2106 2678 2126 2712 ι
2157 2658 2226 2715 Et
2255 2657 2385 2714 item
2417 2657 2475 2713 in
2503 2656 2735 2728 epistola
2765 2657 2834 2712 ad
2867 2655 3106 2712 Leonem
3136 2654 3442 2726 Augustum

1851 2751 2026 2824 (epist.
2059 2749 2153 2816 97,
2176 2767 2296 2821 cap.
2327 2749 2384 2822 2)
2411 2764 2426 2804 :
2459 2765 2480 2800 ι
2512 2746 2720 2804 Eﬂ‘usio
2757 2747 2903 2803 enim
2926 2743 3061 2817 justi
3095 2761 3197 2817 pro
3232 2744 3453 2816 injustis

1850 2844 2131 2916 sanguinis
2162 2841 2388 2908 Christi,
2421 2850 2533 2899 tam
2558 2841 2663 2897 fuit
2702 2840 2853 2898 dives
2904 2840 2974 2897 ad
3019 2840 3274 2912 pretium,
3304 2848 3364 2895 ut
3399 2839 3450 2896 si

1850 2939 2182 2996 universitas
2209 2939 2553 3010 captivorum
2584 2937 2639 2993 in
2678 2935 3079 3008 redemptorem
3119 2950 3278 2991 suum
3321 2949 3447 2991 cre-

1852 3033 2027 3098 deret,
2056 3030 2263 3087 nullum
2289 3029 2491 3087 diaboli
2532 3027 2749 3085 vincula
2797 3027 3122 3083 retinerent.
3153 3024 3448 3095 Quoniam,

1852 3126 1995 3184 sicut
2018 3124 2098 3180 ait
2123 3123 2457 3195 Apostolus:
2487 3121 2587 3177 Ubi
2625 3131 2800 3177 autem
2827 3119 3119 3179 abundavit
3140 3126 3413 3192 peccatum
3433 3157 3451 3187 ,

1855 3217 2299 3291 superabundavit
2342 3225 2393 3271 et
2434 3216 2610 3288 gratia
2649 3212 2828 3287 (Rom.
2856 3228 2913 3280 v,
2942 3210 3052 3284 10).
3086 3211 3311 3266 Etcum
3350 3206 3452 3267 sub

154 3298 199 3353 si
224 3298 784 3371 nulhnsliberantur,
816 3305 1294 3376 irrepcebensibile
1318 3316 1465 3364 esset
1492 3306 1585 3362 Dei
1604 3305 1750 3376 judi-
1774 3302 1821 3367 C
1851 3312 2058 3387 peccati
2103 3309 2420 3384 prmjudicio
2471 3309 2584 3366 nati
2632 3314 2957 3379 potestatem
3014 3304 3326 3377 acceperint
3380 3302 3451 3358 ad

155 3391 301 3447 cium
333 3408 347 3446 :
376 3394 507 3463 quia
550 3410 682 3452 vero
732 3396 887 3452 multi
933 3396 1273 3464 liberentur,
1329 3396 1617 3456 iaeﬂ‘abilis
1663 3408 1748 3457 est

1866 3405 2109 3463 ustitiam
2164 3402 2508 3468 renascendi,
2563 3400 2796 3457 validius
2843 3398 3049 3455 factum
3102 3405 3189 3454 est
3246 3397 3451 3453 donum

155 3487 348 3557 gratiae
387 3489 511 3560 ejus
544 3489 746 3547 donum
774 3522 790 3557 ,
836 3493 927 3563 qui
955 3505 1147 3550 clunes
1173 3492 1353 3551 salvos
1380 3494 1497 3551 ﬁeri
1537 3494 1749 3562 volens,

151 3578 413 3635 omnibus
436 3580 575 3636 dixit
601 3599 616 3636 :
650 3582 713 3640 Si
741 3584 1018 3641 audieritis
1046 3601 1152 3653 vste,
1180 3586 1316 3643 bona
1338 3596 1515 3654 term,
1541 3588 1751 3645 scilicet

155 3680 317 3728 terra
344 3672 666 3740 viventium,
697 3676 981 3734 comedetis
1020 3676 1156 3749 (ιω.
1181 3695 1221 3746 ι,
1246 3679 1335 3745 lii,
1380 3679 1495 3753 10).
1540 3680 1748 3753 inqua,

153 3766 203 3822 id
229 3776 323 3823 est
351 3764 409 3821 in
439 3780 606 3841 regno
635 3768 763 3834 Dei,
804 3768 997 3827 beatus
1040 3772 1135 3843 qui
1179 3774 1529 3829 mandacabit
1555 3788 1749 3845 panem

153 3858 283 3915 vita
311 3867 555 3926 atem,
585 3869 642 3917 et
684 3860 881 3917 biberit
910 3871 1097 3934 potum
1122 3863 1332 3920 salutis
1366 3874 1667 3936 perpetuas,
1694 3874 1753 3921 et

153 3964 262 4006 non
302 3950 456 4006 sitiet
488 3948 682 4008 iterum
712 3953 880 4021 aliud,
905 3956 1009 4012 nisi
1040 3958 1185 4027 quod
1222 3942 1450 4013 satiatus
1475 3958 1752 4014 incessan-

153 4053 238 4100 ter
277 4055 335 4101 et
368 4046 701 4102 aeternaliter
743 4047 962 4104 biberit.
1009 4049 1069 4106 Si
1098 4060 1272 4105 autem
1309 4066 1392 4105 me
1428 4067 1534 4106 non
1569 4051 1752 4106 audie-

154 4139 308 4205 ritis,
349 4144 409 4194 et
447 4139 516 4194 ad
544 4139 884 4197 incendium
911 4155 1000 4198 me
1038 4143 1499 4213 provocaveritis,
1541 4142 1752 4215 gladius

153 4230 427 4286 descrabit
466 4246 574 4287 vos.
630 4231 749 4292 Hoc
795 4234 974 4307 gladio
1023 4236 1369 4292 absciduntur
1413 4251 1445 4292 a
1490 4236 1753 4294 societate

150 4321 428 4392 iustorum
449 4324 760 4394 quicunque
787 4326 1058 4382 audierint
1081 4342 1183 4399 pro
1210 4327 1501 4384 sterilitate
1525 4342 1753 4400 operum

154 4417 429 4473 bellorum
447 4425 506 4474 et
525 4419 883 4476 retributione
899 4430 1247 4492 peccatorum
1272 4441 1287 4476 :
1314 4420 1576 4476 Discedite
1596 4439 1629 4476 a
1650 4437 1749 4487 me,

153 4509 450 4575 maledicti,
464 4510 521 4566 in
548 4512 722 4583 ignem
756 4523 1030 4579 (sternam,
1061 4514 1153 4586 qui
1185 4523 1402 4586 paratus
1441 4523 1517 4568 est
1541 4512 1753 4568 diabolo

1847 3496 2151 3562 libertatis,
2190 3510 2356 3567 quam
2400 3492 2645 3549 debitum
2692 3491 2992 3548 servitutis.
3050 3509 3069 3543 ι
3121 3488 3189 3544 Ει
3228 3496 3452 3547 sanctus

1848 3586 2184 3659 Augustinus
2225 3586 2280 3641 in
2317 3584 2467 3641 libro
2496 3583 2562 3640 de
2602 3581 2954 3654 Correptioue
2989 3588 3046 3637 et
3081 3579 3269 3639 Gratia
3305 3578 3447 3651 (cap.

1850 3681 1951 3747 16;
1976 3679 2044 3735 de
2067 3677 2224 3735 Civil.
2251 3677 2386 3745 Dei,
2420 3676 2516 3732 lib.
2550 3694 2619 3733 xx
2638 3715 2654 3744 ,
2683 3691 2805 3747 cap.
2829 3674 2905 3746 6).
2947 3693 2966 3727 ι
3006 3672 3139 3743 Quis
3163 3671 3336 3745 magis
3364 3670 3450 3733 di-

1849 3773 1983 3831 lexit
2010 3771 2288 3837 inﬁrmos,
2316 3787 2482 3842 quam
2512 3770 2603 3829 ille
2622 3770 2715 3841 qui
2748 3783 2851 3840 pro
2877 3767 3132 3824 omnibus
3159 3774 3243 3825 est
3270 3764 3449 3823 factus

1852 3865 2123 3931 inﬁrmus,
2149 3873 2206 3920 et
2232 3878 2333 3934 pro
2378 3862 2632 3919 omnibus
2661 3868 2908 3917 mortuus
2934 3868 3045 3925 est,
3080 3866 3141 3915 ut
3162 3867 3220 3916 et
3243 3859 3338 3932 qui
3365 3859 3449 3916 vi-

1852 3966 1987 4012 vunt
2013 3958 2127 4029 jam
2166 3971 2277 4013 non
2307 3954 2411 4011 sibi
2456 3955 2663 4020 vivant,
2690 3953 2786 4009 sed
2811 3953 2861 4010 ei
2892 3954 2987 4024 qui
3010 3967 3108 4024 pro
3136 3951 3270 4025 ipsis
3299 3967 3448 4011 mor-

1852 4059 1983 4105 tuus
2005 4056 2112 4116 est,
2140 4057 2197 4104 et
2222 4048 2554 4105 resurrexit?
2577 4046 2780 4102 Omnes
2812 4046 2995 4116 itaque
3020 4046 3223 4103 mortui
3248 4054 3376 4102 sunt
3396 4046 3452 4102 in

1852 4143 2113 4215 peccatis,
2138 4140 2359 4198 nemine
2380 4154 2608 4212 prorsus
2631 4145 2863 4209 excepto
2881 4176 2897 4201 ,
2928 4137 3044 4192 sive
3071 4136 3450 4209 originalibus,

1853 4237 1970 4293 sive
1990 4235 2155 4292 etiam
2177 4232 2453 4289 voluntate
2477 4230 2797 4298 additis,vel
2818 4228 3144 4301 ignorando,
3168 4227 3249 4282 vel
3273 4227 3453 4284 scien-

1854 4328 1945 4396 do,
1973 4343 2077 4385 nec
2095 4327 2348 4384 faciendo
2369 4328 2513 4398 quod
2527 4326 2734 4397 justum
2760 4321 3127 4397 est:et393
3152 4335 3250 4392 pro
3277 4317 3453 4379 omni-

1855 4420 1956 4477 bus
1981 4419 2214 4478 mortuis
2250 4419 2407 4475 vivus
2438 4425 2695 4474 mortuus.
2714 4423 2800 4473 est
2828 4430 3000 4480 unus,
3032 4414 3088 4469 id
3117 4420 3201 4468 est
3244 4409 3451 4468 nullum

1856 4513 2063 4569 habens
2105 4513 2335 4570 omnino
2368 4518 2678 4582 peccatum,
2719 4517 2779 4564 ut
2816 4508 2911 4579 qui
2948 4522 3046 4578 per
3074 4506 3449 4565 remissionem

155 4611 199 4656 et
224 4599 435 4672 angelis
452 4602 566 4673 ejus
587 4600 805 4675 (Matth.
830 4618 957 4671 xxv,
986 4602 1098 4673 il).
1137 4605 1255 4673 Quo
1284 4605 1463 4676 gladio
1491 4604 1753 4676 separatis
1782 4669 1823 4680 _
1857 4615 2206 4678 peccatorum
2254 4608 2471 4675 vivunt,
2494 4606 2607 4680 jam
2641 4620 2753 4662 non
2781 4604 2882 4661 sibi
2923 4604 3131 4671 vivant,
3157 4602 3254 4659 sed
3280 4601 3331 4657 ei
3354 4599 3451 4672 qui
3510 4633 3522 4645 ι

156 4669 319 4747 malis
352 4693 423 4747 de
656 4669 956 4764 iustorum,
994 4669 1362 4764 perducentur
1392 4695 1525 4766 justi
1551 4669 1622 4749 ad
1659 4709 1750 4750 so-
1782 4669 1833 4730 D
1858 4669 1958 4771 pro
1992 4700 2248 4756 omnibus
2298 4669 2548 4756 mortuus
2582 4708 2679 4754 est
2710 4705 2932 4768 propter
2975 4669 3450 4768 peccatalnostra,

155 4787 415 4841 cietatem
444 4795 502 4841 et
528 4787 781 4858 gaudium
826 4788 1141 4864 angelorum
1164 4830 1179 4855 ,
1221 4790 1310 4846 ubi
1351 4789 1753 4845 misericordias

158 4876 381 4932 Domini
412 4877 469 4931 in
487 4885 753 4934 aeternum
775 4881 1114 4936 cantabunt:
1141 4881 1298 4952 cuius
1324 4881 1497 4952 gratia
1525 4881 1577 4936 in
1602 4880 1750 4937 illum

156 4969 411 5035 credere,
443 4978 564 5026 eam
600 4970 787 5041 sequi,
821 4979 878 5026 et
908 4987 1033 5042 quas
1056 4972 1292 5043 iusserat
1341 4965 1754 5044 perseveranter

156 5063 375 5133 operari
422 5074 737 5121 merserunt
779 5084 794 5121 :
838 5080 1001 5137 quem
1052 5068 1325 5125 credendo
1367 5069 1552 5139 sequi,
1594 5079 1652 5125 et
1698 5071 1753 5124 in

158 5170 267 5226 quo
302 5154 465 5228 391
506 5172 829 5228 permanere
875 5160 980 5216 ﬂde
1024 5167 1171 5216 recta
1217 5169 1275 5217 et
1313 5160 1475 5217 bonis
1498 5160 1755 5233 operibus

162 5247 315 5318 impii
343 5254 813 5321 ctmtempserunt;
846 5251 938 5322 qui
966 5253 1262 5309 secundum
1284 5253 1592 5311 doctruiam
1620 5269 1752 5324 apo-

160 5341 429 5398 stolorum
458 5341 607 5400 Petri
628 5352 686 5400 et
707 5345 855 5401 Pauli
881 5354 1043 5417 atque
1079 5345 1304 5403 Joannis
1332 5361 1348 5402 :
1372 5347 1441 5402 In
1464 5348 1563 5402 hoc
1576 5364 1754 5419 appa-

162 5433 268 5487 ruit
319 5431 492 5489 Filius
536 5432 661 5501 Dei,
711 5444 767 5490 u‘t
809 5438 1062 5492 dissolvat
1114 5454 1271 5509 opera
1324 5438 1550 5503 diaboli,
1594 5439 1755 5511 cujus

161 5525 501 5598 suggestioui
522 5531 869 5586 consentiens
898 5531 1106 5601 primus
1130 5533 1294 5586 homo
1316 5532 1570 5601 perierat.
1603 5531 1754 5591 Unde

162 5617 338 5690 ipsius
367 5619 606 5677 hominis
648 5626 896 5678 naturam
920 5663 935 5689 ,
976 5632 1082 5679 non
1112 5623 1359 5695 culpam,
1405 5625 1547 5681 idem
1584 5624 1754 5681 Filius

163 5706 302 5775 Dei,
352 5717 414 5765 nt
462 5710 733 5780 diximus,
781 5727 880 5784 pro
924 5714 1203 5770 hominum
1250 5716 1619 5787 redemptione
1672 5724 1760 5773 est

165 5802 420 5876 dignatus
459 5818 764 5873 assumere,
803 5809 897 5880 qui
938 5824 1130 5868 omnes
1158 5811 1406 5869 hornines
1434 5810 1547 5868 vult
1576 5809 1758 5869 salvos

136 5914 139 5919 ·
167 5894 312 5965 ﬁeri,
334 5904 394 5953 et
418 5898 690 5957 neminem
712 5900 830 5957 vult
848 5903 1052 5972 perire.

1857 4800 1914 4849 et
1944 4791 2243 4848 resurrexit
2271 4799 2494 4861 propter
2515 4787 3265 4857 justiticationemnostrams
3293 4804 3323 4840 ι
3360 4832 3397 4853 ε,

1929 4884 2000 4940 Et
2026 4885 2283 4956 quoniam
2323 4880 2803 4938 Pnedestinatiani
2850 4879 3065 4937 naviter
3108 4875 3345 4934 reexorti
3373 4875 3453 4931 ui-

1861 4978 2031 5033 mium
2073 4976 2399 5049 profitentur
2439 4989 2722 5041 errorem,
2766 4972 2827 5030 si-
2852 4986 3065 5044 passus.
3099 4969 3357 5027 credatur
3395 4975 3452 5024 et

1857 5069 2076 5126 dicatur
2097 5067 2348 5124 Christus
2368 5080 2469 5137 pro
2491 5063 2768 5130 omnibus,
2784 5064 3110 5121 devocantes
3131 5061 3187 5119 in
3213 5059 3449 5119 medium

1858 5161 1930 5218 ad
1977 5177 2132 5218 suam
2181 5158 2614 5217 continuandam
2662 5155 3027 5222 sententiam,
3080 5152 3277 5224 impios
3323 5158 3451 5209 ante

1850 5256 2165 5327 passionem
2210 5251 2781 5320 Dominicam,etiam
2829 5247 3001 5305 etab
3047 5245 3215 5317 ipsius
3263 5244 3450 5301 mundi

1858 5350 2112 5417 exordio,
2141 5363 2242 5420 pro
2269 5347 2386 5405 suis
2412 5345 2706 5403 sceleribus
2737 5341 2934 5398 inferni
2962 5339 3139 5412 pmuis
3180 5336 3451 5397 teternali-
3508 5356 3511 5361 ·

1858 5453 1943 5498 ter
1964 5443 2371 5507 condemnatos,
2398 5448 2456 5496 et
2478 5446 2602 5510 post
2631 5435 2967 5507 triumphum
2994 5433 3173 5491 omnis
3201 5431 3448 5499 vividam,

1854 5534 2250 5591 Antichristum
2275 5549 2340 5589 ac
2362 5538 2590 5589 caeteros
2611 5527 2930 5601 perditionis
2946 5525 3115 5595 (ﬁlios,
3135 5540 3235 5597 pro
3252 5524 3451 5596 quibus

1860 5642 1964 5685 non
1992 5628 2191 5684 debeat
2235 5625 2385 5683 credi
2428 5638 2643 5695 passus,
2690 5620 2939 5694 qundam
2979 5619 3053 5676 de
3078 5618 3452 5691 superioribus

1860 5727 2190 5792 repetentes,
2236 5715 2463 5774 brevius
2500 5716 2880 5773 demonstrem
2936 5713 3273 5771 censuimus.
3313 5711 3461 5793 Quia

1856 5826 1965 5867 una
1992 5811 2128 5869 ﬁdes
2161 5809 2461 5881 eodemque
2486 5822 2615 5880 epos
2656 5807 2848 5866 salutis
2882 5806 3052 5867 fuerit
3088 5815 3219 5887 ante
3243 5805 3454 5879 passio-

1852 5919 1993 5961 nem.
2026 5903 2266 5973 Domini,
2313 5908 2370 5960 et
2412 5908 2537 5973 post
2574 5902 2885 5977 passionem
2908 5898 3071 5965 illim.
3098 5898 3455 5967 sit-omnibus
