3888 5492
557 459 664 515 ‘55
1526 453 1858 511 lllNCMARl
1891 451 2286 511 RHEMENSIS
2318 451 2841 512 ARCHIEPISCOPI
3674 456 3751 513 £56

554 572 775 637 sanctis,
803 569 856 627 iu
879 569 1135 626 ell‘usione
1162 567 1437 640 sanguinis
1466 566 1636 639 ipsius
1657 566 1755 622 Dei
1774 573 1830 622 et
1855 565 2134 622 hominum
2161 567 2215 628 Α
2237 575 2352 623 stos
2379 567 2595 623 sanavit
2639 566 2923 637 antiquos,
2960 578 3083 634 quae
3121 562 3284 620 etiam
3329 573 3479 620 sanat
3503 575 3554 620 et
3585 581 3693 634 nos,
3714 570 3756 628 id

555 663 888 722 mediatoris.
929 663 1128 718 Deinde
1154 662 1282 733 quid
1315 646 1526 718 cunctis
1553 659 1876 733 generaliter
1891 657 2054 728 justis
2080 666 2137 715 et
2241 666 2327 714 est
2350 660 2668 721 mediatoris
2691 659 2783 716 Dei
2807 668 2864 716 et
2885 658 3163 715 hominum
3185 659 3416 715 hominis
3433 657 3613 716 Christi
3629 659 3753 720 less:

555 757 755 829 impiis,
785 769 919 824 quos
946 753 1100 809 nobis
1140 751 1606 808 Praedestinatiani
1639 749 1920 821 objiciunt,
1950 749 2006 804 in
2037 763 2136 805 sua
2239 749 2376 806 ﬁdes
2399 752 2677 823 sanguinis
2699 750 2837 821 ejus,
2870 751 3006 806 ﬁdes
3027 751 3204 807 crucis
3227 751 3364 822 ejus.
3393 751 3517 807 ﬁdes
3539 755 3699 811 mortis
3714 765 3756 812 et

554 848 826 919 impietate
851 845 1118 903 defunctis
1141 844 1560 915 contulitpassio
1575 842 1973 913 Redemptoris.
1997 840 2139 897 Dici-
2241 845 2657 901 resurrectionis
2683 845 2820 916 ejus.
2854 843 3119 900 Habentes
3155 861 3277 916 ergo
3309 845 3536 900 eumdem
3567 848 3756 917 spiritui

553 957 672 997 tuus
702 949 878 996 autem
913 938 1093 1010 justos
1137 954 1244 995 non
1273 937 1480 993 viribus
1494 936 1624 992 'suis
1642 933 2004 1005 justificatos,
2042 933 2138 990 sed
2237 936 2364 1006 ﬁdei
2388 949 2436 992 et
2473 955 2568 993 nos
2591 939 2877 1004 credimus,
2914 947 3127 1008 propter
3169 937 3308 1008 quod
3347 947 3396 992 et
3435 937 3664 1009 loquimur
3693 941 3754 1009 (ll

553 1030 725 1104 gratia
752 1029 868 1099 eius
894 1029 985 1100 qui
1020 1029 1199 1099 justus
1236 1043 1337 1100 pro
1381 1027 1598 1100 iniustis
1637 1035 1722 1082 est
1763 1036 2008 1082 mortuus
2040 1043 2053 1080 :
2085 1035 2141 1082 et
2240 1026 2363 1082 Cor.
2391 1043 2464 1094 ιν,
2487 1028 2598 1100 15).
2631 1048 2650 1083 ι
2685 1028 2754 1084 Ει
2783 1037 3004 1084 sanctus
3028 1027 3322 1099 Gregorius
3348 1027 3400 1082 in
3434 1028 3631 1084 homilia
3655 1030 3755 1086 Eze-

551 1123 782 1179 dieimus
810 1122 1003 1194 impios
1023 1136 1132 1176 non
1167 1128 1360 1174 natura
1387 1117 1716 1175 conditionis
1742 1117 1934 1184 malos,
1964 1131 2140 1187 neque
2239 1120 2431 1176 chielis
2453 1121 2520 1176 15
2541 1122 2674 1178 dicit
2701 1137 2716 1176 :
2755 1139 2774 1174 ι
2809 1121 2878 1177 Et
2903 1121 3120 1192 quidem
3158 1121 3227 1176 ab
3249 1121 3382 1178 Abel
3409 1123 3645 1191 sanguine
3666 1138 3757 1193 pas-

551 1217 620 1272 ab
648 1217 736 1274 illo
758 1215 928 1272 factos
954 1215 1171 1284 impios,
1196 1214 1288 1284 qui
1317 1213 1516 1270 multos
1534 1211 1799 1282 justiﬁeat
1832 1211 2048 1281 impios,
2082 1218 2139 1266 et
2239 1212 2320 1268 sio
2339 1212 2452 1282 jam
2468 1213 2922 1282 cmpitEcclesiie,
2940 1221 2998 1269 et
3023 1229 3128 1269 una
3153 1222 3241 1269 est
3265 1213 3501 1269 Ecclesia
3523 1213 3756 1270 electorum

550 1316 612 1362 ut
632 1307 828 1376 Paulus
846 1307 912 1362 ad
937 1305 1208 1362 Romanos
1228 1304 1552 1376 scribit,pro
1574 1305 1751 1376 impiis
1769 1314 1844 1359 est
1867 1312 2136 1358 mortuus:
2237 1306 2658 1377 praecedentium
2684 1315 2849 1377 atque
2890 1307 3255 1378 sequentium.
3297 1325 3316 1358 ι
3347 1305 3415 1361 Et
3456 1305 3512 1361 S.
3548 1305 3756 1378 Hierony-

551 1399 644 1455 sed
677 1399 742 1453 de
770 1398 940 1454 Adam
971 1397 1130 1463 bono,
1162 1405 1349 1469 utpote
1375 1412 1405 1453 a
1424 1396 1565 1454 bono
1580 1396 1692 1453 Deo
1719 1395 1880 1460 facto,
1905 1395 2137 1451 etliber-
2240 1414 2361 1454 mus
2388 1398 2440 1454 in
2463 1407 2773 1455 commento
2787 1398 3040 1469 Epistulae
3059 1398 3209 1454 Pauli
3230 1399 3297 1454 ad
3311 1397 3526 1454 Galatas
3547 1417 3561 1454 :
3585 1399 3757 1454 «lieres

551 1500 661 1547 tate
689 1489 898 1546 arbitrii
930 1490 1154 1562 perdito
1181 1490 1422 1563 genitos,
1461 1498 1622 1560 atque
1663 1490 1717 1546 in
1760 1488 2008 1561 originali
2044 1495 2140 1543 aut
2237 1487 2344 1544 iste
2364 1489 2646 1559 parvulus,
2673 1489 2764 1560 qui
2792 1489 2925 1545 nihil
2947 1489 3180 1546 differta
3207 1504 3388 1556 servo,
3411 1505 3528 1544 eum
3546 1489 3607 1545 sit
3626 1488 3758 1544 Domi-

550 1597 648 1637 sua
690 1581 963 1652 impietate
1006 1580 1124 1637 sine
1160 1581 1266 1636 ﬁde
1311 1580 1699 1652 redemptionis
1723 1579 1963 1649 ejusdem
1993 1596 2137 1635 mor—
2237 1595 2341 1634 nus
2359 1579 2623 1646 omnium,
2651 1579 2754 1636 sub
2781 1581 3049 1637 tutoribus
3071 1590 3128 1640 et
3147 1581 3428 1638 actoribus
3453 1589 3532 1636 est
3553 1595 3693 1652 usque
3711 1581 3756 1634 sd

550 1680 692 1739 tuos,
710 1672 800 1742 qui
829 1687 928 1744 pro
955 1671 1205 1728 omnibus
1237 1672 1572 1730 debitoribus
1599 1673 1792 1729 mortis
1819 1672 1966 1728 solus
1991 1672 2137 1728 inter
2237 1670 2565 1742 praeﬁnitum
2595 1679 2807 1742 tempus
2835 1687 2867 1728 a
2889 1671 3082 1744 Patre,
3115 1681 3284 1729 totum
3323 1663 3606 1729 humanum
3636 1688 3756 1744 genus

548 1771 790 1819 mortuos
809 1762 994 1820 libera
1014 1763 1196 1819 debito
1215 1763 1407 1820 mortis
1427 1772 1511 1821 est
1534 1773 1800 1820 mortuus.
1831 1763 1961 1822 Post
1983 1779 2133 1830 vero,
2236 1776 2410 1834 usque
2446 1762 2517 1818 ad
2559 1762 2853 1820 adventum
2895 1765 3126 1832 Christi,
3158 1774 3215 1822 et
3240 1775 3301 1821 ut
3344 1766 3565 1836 amplius
3595 1765 3754 1829 dicam,

547 1856 673 1927 quia
698 1855 1004 1927 specialiter
1032 1856 1377 1913 credentibus
1410 1856 1477 1912 ad
1505 1857 1732 1914 salutem
1763 1873 1916 1913 mors
1935 1857 2135 1928 profuit
2164 1924 2202 1929 Α
2235 1869 2410 1924 usque
2455 1855 2523 1912 ad
2558 1857 3079 1914 consummationem
3118 1858 3305 1914 mundi
3344 1857 3615 1929 signiﬁcat.
3650 1859 3756 1923 Quo-

549 1924 873 2015 Salvatoris,
920 1963 1027 2004 non
1075 1948 1420 2006 credentibus
1460 1959 1639 2004 autem
1684 1951 1737 2005 in
1771 1924 2038 2020 judicium
2080 1958 2138 2005 et
2164 1924 2212 1986 Β
2238 1947 2399 2003 modo
2425 1947 2572 2004 enim
2599 1963 2790 2005 omnes
2814 1949 2868 2005 in
2898 1949 3232 2020 protoplasto
3250 1924 3424 2007 Adam
3451 1953 3655 2008 necdum
3672 1952 3754 2006 nati

548 2039 1047 2096 condemnationem
1084 2041 1155 2096 sit
1183 2049 1489 2112 contempta
1521 2041 1692 2112 ipsius
1729 2042 1902 2114 gratia
1927 2041 2136 2113 passio-
2237 2039 2569 2106 moriuntur,
2600 2040 2676 2096 ita
2706 2057 2899 2098 omnes
2920 2083 2935 2108 ,
2963 2043 3128 2098 etiam
3160 2043 3215 2098 hi
3253 2044 3350 2115 qui
3381 2053 3504 2100 ante
3531 2044 3755 2100 adventum

548 2129 650 2186 nis.
697 2130 832 2186 Tum
870 2130 1099 2201 qualiter
1142 2147 1318 2203 quave
1361 2132 1687 2190 discretione
1734 2133 2025 2190 orthodoxi
2069 2150 2136 2190 ex
2237 2131 2440 2189 Christi
2491 2134 2605 2189 nati
2648 2143 2804 2202 sunt,
2851 2135 2906 2190 in
2957 2134 3197 2192 secundo
3245 2135 3421 2192 Adam
3462 2135 3754 2192 viviﬁcantnr.

548 2220 844 2294 Scripturis
866 2223 1247 2281 intellexerunt
1264 2235 1318 2280 et
1337 2225 1568 2282 docuere
1587 2227 2136 2298 doctores,quoniam
2236 2224 2413 2296 Atque
2439 2225 2511 2281 ita
2541 2226 2626 2293 ﬁt,
2654 2235 2716 2282 ut
2747 2242 2846 2283 nos
2869 2225 2975 2299 legi
3008 2227 3364 2284 servierimus
3387 2227 3443 2283 in
3470 2226 3701 2299 patribus,
3721 2234 3758 2279 et

545 2329 739 2385 passus
763 2323 845 2370 est
867 2315 1116 2372 Christus
1145 2332 1242 2387 pro
1269 2318 1544 2387 omnibus,
1567 2318 1691 2375 licet
1720 2335 1827 2375 non
1857 2336 2048 2376 omnes
2069 2321 2136 2376 ad
2237 2315 2314 2371 illi
2341 2318 2517 2388 gratia
2545 2317 2825 2374 salventur
2858 2317 2914 2372 in
2955 2317 3100 2374 ﬁliis.
3139 2337 3157 2371 ι
3192 2317 3251 2374 lu
3279 2318 3386 2375 hac
3422 2335 3524 2375 una
3545 2317 3754 2379 Ecclesia.

544 2415 799 2460 tetcmam
821 2405 1046 2461 salutem
1063 2407 1335 2477 passionis
1354 2407 1469 2477 ejus
1492 2409 1752 2481 mysterio
1774 2411 2132 2467 redimantur.
2237 2424 2358 2480 quae
2381 2417 2592 2466 constat
2620 2410 2693 2466 ab
2724 2408 2884 2466 initio
2912 2411 3094 2467 saeculi
3121 2426 3293 2482 usque
3319 2412 3390 2468 ad
3415 2412 3584 2468 linem.
3605 2409 3666 2465 De
3682 2423 3756 2480 qua

545 2493 700 2552 Nunc
745 2511 842 2565 per
879 2496 1090 2568 singula
1136 2498 1447 2569 replicando
1493 2515 1804 2572 pergamus.
1849 2501 1987 2568 Quia
2029 2517 2134 2556 una
2237 2513 2456 2559 sanctus
2475 2503 2769 2576 Gregorius
2812 2505 2867 2559 in
2899 2505 3118 2561 homilia
3163 2505 3376 2561 decima
3424 2507 3629 2576 septima
3662 2503 3755 2558 Ete-

545 2587 678 2644 ﬁdes
705 2589 1003 2660 eademque
1047 2605 1171 2661 spes
1214 2590 1404 2646 salutis
1446 2589 1611 2647 fuerit
1655 2600 1781 2648 ante
1828 2593 2135 2664 passionem
2237 2594 2432 2651 chielis
2461 2595 2633 2651 dicit:
2669 2614 2688 2648 ι
2724 2595 2794 2650 Et
2815 2597 2906 2668 qui
2945 2597 3232 2667 pra-ibant,
3264 2607 3317 2652 et
3341 2598 3433 2669 qui
3461 2597 3753 2669 sequebantur.

545 2679 775 2746 Domini,
801 2688 855 2735 et
874 2689 996 2751 post
1023 2681 1333 2752 passionem
1358 2681 1502 2738 illius
1527 2684 1597 2738 sit
1621 2683 1873 2740 omnibus
1903 2684 2132 2751 sanctis,
2237 2684 2536 2741 clamabant
2561 2686 2779 2742 Osanna
2804 2686 3018 2759 (Matth.
3045 2703 3159 2752 χχι,
3183 2687 3496 2758 9).Osanna
3514 2688 3674 2745 Latina
3687 2686 3755 2739 lin-

545 2775 598 2832 in
635 2775 895 2832 effusione
925 2777 1202 2848 sanguinis
1225 2777 1391 2848 ipsius
1416 2777 1512 2833 Dei
1537 2785 1593 2833 et
1615 2777 1850 2834 hominis
1871 2779 2133 2835 mediato-
2237 2791 2376 2848 gua,
2425 2778 2571 2834 salua
2614 2797 2707 2835 nos
2756 2781 2975 2838 dicitur.
3026 2780 3109 2836 Ab
3146 2780 3265 2852 ipso
3313 2780 3463 2836 enim
3499 2777 3687 2835 salutem
3719 2784 3755 2830 et

545 2867 650 2935 ris,
681 2868 954 2939 apostolus
985 2869 1176 2926 Petrus
1213 2869 1268 2924 in
1296 2870 1524 2927 Actibus
1551 2871 1918 2942 apostolorum
1954 2873 2086 2928 dicit
2115 2887 2130 2927 :
2235 2867 2448 2939 priores
2475 2870 2828 2939 quaesierunt,
2861 2878 2917 2926 et
2948 2879 3248 2943 praesentes
3274 2879 3544 2940 quaerunt,
3565 2877 3612 2924 et
3633 2867 3753 2923 bene-

546 2960 652 3016 Per
671 2963 895 3034 gratiam
919 2962 1134 3016 Domini
1173 2961 1304 3018 Iesu
1341 2965 1603 3019 credimus
1641 2965 1860 3030 salvari,
1882 2965 2134 3036 quemad—
2237 2957 2439 3014 dielum
2466 2959 2558 3029 qui
2579 2959 2729 3016 Venit
2750 2961 2804 3016 in
2827 2961 3046 3018 nomine
3068 2959 3282 3016 Domini
3317 2955 3642 3024 conﬁtentur:
3664 2972 3756 3027 συθ·

544 3053 757 3106 modum
785 3061 831 3107 et
858 3051 937 3105 iui
964 3052 1099 3123 (Act.
1124 3067 1193 3107 xv
1215 3092 1230 3118 ,
1263 3052 1375 3125 ie).
1412 3053 1551 3110 Hinc
1579 3055 1762 3111 Beda:
1795 3076 1812 3108 ι
1845 3055 1902 3112 Si
1932 3072 2062 3126 ergo
2079 3065 2136 3112 et
2236 3049 2384 3106 niam
2418 3065 2524 3105 una
2550 3065 2677 3122 spes
2698 3091 2715 3119 .
2759 3066 2870 3107 una
2915 3052 3050 3108 ﬁdes
3084 3061 3170 3109 est
3213 3052 3616 3124 praecedentium
3641 3057 3754 3117 atque

545 3143 641 3210 illi,
687 3144 740 3200 id
781 3152 866 3199 est
901 3142 1115 3211 Patres,
1143 3153 1361 3215 portare
1393 3146 1582 3216 jugum
1620 3145 1754 3220 legis
1796 3149 1998 3204 veteris
2024 3163 2133 3205 non
2235 3143 2577 3214 sequentium
2619 3144 2962 3216 populorum.
3018 3143 3154 3200 Nam
3199 3145 3346 3201 sicut
3396 3143 3471 3200 illi
3514 3148 3753 3213 exspectata

546 3235 801 3300 valentes,
825 3249 922 3306 per
945 3236 1174 3307 gratiam
1206 3236 1418 3292 Domini
1443 3236 1622 3294 salvos
1652 3253 1711 3294 se
1743 3237 1862 3294 ﬁeri
1887 3240 2132 3296 credide-
2162 3286 2205 3310 η
2235 3235 2489 3306 passione
2524 3251 2589 3292 ac
2618 3238 3017 3294 resurrectione
3045 3237 3164 3310 ejus
3209 3237 3393 3294 sanati
3421 3243 3568 3302 sunt,
3601 3233 3660 3290 ita
3687 3245 3754 3285 nos

543 3340 690 3396 runt,
715 3329 1061 3386 manifestum
1089 3337 1174 3386 est
1197 3330 1341 3402 quod
1371 3330 1486 3387 haec
1512 3330 1685 3402 gratia
1713 3340 1817 3398 est,
1847 3348 1969 3404 quae
1993 3333 2135 3389 anti-
2161 3286 2207 3352 Ο
2238 3329 2519 3399 praeterita
2551 3329 2806 3400 passione
2833 3329 3010 3400 illius,
3050 3286 3116 3387 ac
3158 3329 3499 3402 permanenti
3535 3328 3584 3384 in
3615 3321 3752 3382 siculis

543 3439 678 3493 quos
697 3421 875 3494 justos
897 3423 1083 3478 vivere
1121 3423 1270 3487 fecit,
1295 3423 1420 3493 quia
1445 3422 1629 3493 justus
1647 3437 1716 3479 ex
1751 3423 1856 3480 ﬁde
1879 3425 2033 3480 vivit.
2057 3425 2139 3481 'Et
2239 3423 2642 3478 resurrectione
2662 3421 2959 3479 salvamur.
2995 3441 3016 3477 ι

544 3515 666 3570 ideo
694 3523 1034 3571 sacramenta
1079 3529 1201 3570 esse
1244 3522 1541 3586 potuerunt
1578 3529 1678 3585 pro
1705 3522 2009 3585 temporum
2037 3530 2133 3571 va-
2308 3509 2478 3584 Hujus
2499 3513 2755 3571 Ecclesiae
2780 3513 2983 3580 unitas,
3016 3529 3137 3585 qua:
3165 3530 3274 3572 non
3317 3515 3499 3572 minus
3521 3527 3607 3584 per
3628 3506 3752 3582 peni-

544 3607 739 3664 rietate
786 3608 1032 3674 diversa,
1077 3607 1146 3662 ad
1190 3607 1452 3664 unitatem
1496 3617 1674 3663 tamen
1718 3608 1960 3680 ejusdem
2010 3608 2079 3664 ﬁd

2299 3603 2466 3660 ntiam
2514 3615 2750 3676 peracta:
2803 3607 3148 3678 insipientia,
3195 3623 3359 3678 quam
3407 3625 3502 3681 per
3539 3600 3750 3677 sapientis

544 3699 968 3757 concordissime
989 3701 1343 3757 recurrentia.
1371 3720 1390 3754 ι
1408 3701 1475 3758 Et
1499 3701 1833 3773 Augustinus
1854 3704 1909 3758 in
1927 3702 2135 3774 psalmo
2238 3695 2510 3753 discendae
2533 3699 2857 3756 industriam
2888 3700 3116 3757 Domino
3142 3701 3486 3767 conciliatur,
3510 3709 3566 3755 ut
3586 3709 3749 3753 Venen-

545 3791 821 3866 trigesimo
851 3801 1043 3850 sexto:
1085 3814 1103 3846 ι
1142 3793 1395 3865 Nunquid
1436 3793 1535 3850 soli
1563 3810 1691 3863 nos,
1721 3806 1778 3852 et
1817 3812 1922 3852 non
1968 3798 2133 3854 etiam
2235 3787 2360 3845 bilis
2408 3789 2557 3845 Beda
2612 3791 2936 3862 presbyter,
2997 3807 3064 3847 ex
3121 3792 3539 3862 praecedentium
3587 3789 3750 3844 Patrum

544 3885 620 3942 illi
647 3885 739 3957 qui
765 3884 985 3941 fuerunt
1015 3894 1141 3942 ante
1176 3903 1295 3954 nos,
1323 3902 1512 3944 omnes
1542 3889 1635 3958 qui
1667 3887 1735 3944 ab
1773 3889 1928 3945 initio
1955 3891 2133 3948 saeculi
2237 3880 2398 3937 dielis
2420 3920 2437 3947 9
2480 3881 2537 3936 in
2577 3879 2899 3939 οοωωθηιο
2941 3883 3222 3954 Evanselii
3254 3883 3416 3941 Luca?
3452 3880 3681 3941 οθωηάίίν
3705 3889 3750 3928 ⁸⁸

545 3975 763 4033 fuerunt
784 3975 950 4045 justi,
991 3985 1151 4048 caput
1195 3975 1475 4034 Christum
1516 3979 1753 4035 habent?
1797 3979 1951 4036 Illum
1991 3983 2133 4038 enim
2239 3973 2449 4031 duabus
2488 3975 2735 4046 partibus
2775 3984 3172 4048 congregatur,
3221 3990 3410 4032 eorum
3445 3973 3664 4031 Videlit‘el
3691 3965 3750 4036 (1⁸³⁵

541 4077 831 4124 venturum
857 4083 976 4125 esse
998 4068 1364 4138 crediderunt,
1395 4086 1557 4143 quem
1585 4073 1931 4145 venissejam
1961 4075 2136 4132 credi-
2237 4082 2465 4138 peccare
2507 4070 2785 4137 nesciunt,
2813 4077 2868 4124 et
2894 4084 3081 4125 eorum
3132 4070 3225 4140 qui
3272 4083 3498 4141 peccare
3531 4065 3748 4130 desistunt.

542 4176 683 4228 mus,
702 4170 755 4217 et
780 4161 835 4216 in
857 4159 972 4231 ejus
991 4160 1098 4217 ﬁde
1116 4170 1170 4218 et
1192 4163 1294 4234 ipsi
1317 4163 1430 4219 nati
1450 4171 1599 4231 sunt,
1615 4164 1669 4219 in
1693 4163 1846 4234 cujus
1865 4175 1920 4221 et
1942 4175 2136 4232 nos,ut
2236 4159 2565 4216 Poenitenlia
2591 4160 2734 4216 enim
2765 4159 3020 4216 delictum
3045 4159 3246 4227 abolet.
3273 4159 3534 4232 sapientia
3559 4148 3747 4214 cam-1"

543 4253 705 4326 393
739 4257 883 4310 eéset
925 4255 1041 4325 ipse
1094 4254 1259 4310 totius
1307 4263 1470 4326 caput
1514 4256 1757 4314 civitatis
1802 4257 2132 4327 Jerusalem,
2238 4251 2403 4326 395
2438 4253 2634 4322 quibus
2664 4253 2730 4308 de
2760 4259 2874 4309 toto
2902 4268 3031 4324 pars
3056 4255 3218 4312 debet
3237 4260 3456 4311 ostensa
3488 4247 3652 4309 lectori
3673 4240 3748 4300 sui.

543 4349 796 4404 omnibus
821 4349 1225 4404 connumeratis
1261 4348 1508 4404 ﬁdelibus
1546 4350 1615 4405 ab
1661 4350 1819 4407 initio
1862 4367 2033 4424 usque
2065 4353 2134 4409 ad
2237 4344 2402 4400 ﬁcere
2436 4343 2527 4400 illo
2555 4343 2850 4416 Scriptura:
2875 4360 3000 4412 usu,
3030 4355 3300 4418 quatenus
3323 4347 3418 4402 uni
3446 4344 3527 4402 vel
3548 4339 3696 4415 paucis
3711 4340 3748 4388 ει

546 4441 730 4505 finem,
766 4438 1030 4508 adjunctis
1057 4439 1223 4494 etiam
1257 4439 1561 4508 legionibus
1587 4448 1643 4496 et
1673 4443 2004 4500 exercitibus
2043 4457 2137 4500 an-
2238 4434 2294 4489 in
2323 4444 2564 4507 tempore
2594 4436 2830 4504 dictum.
2863 4437 3206 4509 generalitati
3247 4454 3313 4496 ac
3355 4438 3558 4495 cunctis
3591 4440 3747 4490 πωπω

548 4530 814 4601 gelorum,
835 4539 894 4583 ut
924 4529 1016 4582 ﬁat
1044 4527 1132 4582 illa
1158 4543 1269 4583 una
1293 4528 1488 4584 civitas
1509 4529 1609 4585 sub
1637 4545 1746 4585 uno
1776 4546 1924 4602 rege,
1953 4540 2008 4587 et
2027 4547 2135 4588 una
2239 4527 2678 4584 successionibus
2703 4527 2908 4584 dictum
2940 4528 3274 4600 intelligatur
3298 4548 3311 4584 :
3335 4538 3396 4586 ut
3417 4536 3502 4584 est
3525 4523 3634 4582 illud
3651 4514 3747 4591 quod

549 4620 792 4690 quaedam
825 4619 1102 4690 provincia
1133 4619 1234 4674 sub
1255 4633 1363 4674 uno
1384 4619 1734 4690 imperatore,
1765 4620 1894 4677 felix
1926 4623 1979 4678 in
2009 4639 2136 4695 per-
2161 4669 2213 4695 η
2239 4619 2452 4692 Moyses
2483 4630 2691 4677 tantum
2721 4622 2777 4678 in
2805 4607 2940 4679 rubo
2961 4623 3190 4691 audivit,
3212 4632 3268 4679 et
3287 4623 3540 4679 Dominus
3566 4621 3612 4674 in
3629 4615 3748 4671 Evan-

548 4721 708 4784 petua
738 4725 869 4782 pace
898 4725 963 4765 ac
989 4709 1185 4776 salute,
1215 4709 1442 4766 laudans
1469 4711 1636 4766 Deum
1664 4712 1785 4768 sine
1813 4713 1950 4782 ﬁne,
1977 4714 2132 4772 beata
2162 4709 2213 4731 ν
2243 4712 2382 4783 gelio
2411 4712 2730 4783 recapitulat
2757 4713 2968 4780 dicens,
2989 4713 3068 4770 De
3092 4716 3464 4771 resurrectione
3481 4722 3634 4768 om
3653 4717 3747 4759 κοτ-

556 4802 674 4858 sine
703 4803 828 4857 ﬁne.
864 4821 882 4852 ι
924 4799 992 4854 Ει
1018 4808 1237 4856 sanctus
1257 4801 1577 4858 Ambrosius
1599 4801 1654 4857 in
1687 4802 1825 4859 libro
1843 4805 1910 4860 de
1931 4805 2135 4878 Spiritu
2244 4811 2452 4857 morum
2496 4819 2599 4858 non
2636 4803 2832 4875 legistis
2877 4805 3016 4876 quod
3065 4807 3265 4861 dictum
3304 4817 3378 4861 est
3404 4824 3437 4860 α
3477 4805 3580 4860 Deo
3603 4798 3747 4854 dim“

557 4903 742 4951 sancto
772 4892 926 4964 (libro
967 4909 1021 4960 ι,
1064 4893 1121 4947 in
1153 4893 1456 4965 prowmio),
1496 4911 1772 4966 exponens
1817 4899 2135 4954 sententiam
2242 4895 2386 4951 vobis
2407 4895 2623 4962 (Matth.
2652 4911 2790 4964 xxii,
2821 4897 2947 4971 51);
2978 4907 3054 4966 et,
3079 4898 3234 4966 Quod
3257 4899 3399 4955 vobis
3433 4899 3544 4952 dico
3573 4887 3745 4949 omni”

548 4986 670 5042 libri
700 4985 949 5042 Iudicum
981 4984 1151 5040 dicit:
1185 5004 1203 5036 ι
1239 4983 1424 5041 Solum
1463 4988 1792 5045 sacriﬁcium
1821 4989 1930 5048 Deo
1957 4991 2139 5047 Domi-
2240 4986 2574 5058 dico-(Marc.
2599 5005 2720 5056 xm,
2745 4989 2872 5062 '57);
2896 4999 2975 5057 et,
3001 4988 3177 5061 Usque
3217 4989 3371 5044 hodie
3403 4987 3580 5059 legitur
3598 4981 3745 5046 Μυσία

549 5079 686 5132 nicas
709 5077 980 5146 passionis
1010 5091 1109 5148 pro
1144 5074 1407 5146 religione
1430 5077 1612 5150 populi
1646 5080 2022 5136 deferendum.
2051 5081 2142 5136 Et—
2239 5081 2326 5152 (ll
2359 5079 2480 5137 Cor.
2505 5099 2588 5149 ιιι,
2612 5084 2736 5156 15);
2766 5093 2840 5150 et,
2871 5083 3001 5139 "rec
3034 5085 3161 5138 dicit
3190 5083 3446 5138 Dominus
3472 5081 3525 5134 in
3551 5068 3744 5148 ρτορέείίί

551 5171 694 5226 enim
738 5171 961 5236 vitulus,
1013 5170 1219 5240 inquit,
1271 5170 1360 5226 ille
1395 5171 1450 5226 in
1493 5181 1620 5245 typo
1650 5171 1887 5240 Christi,
1935 5175 1990 5230 in
2031 5189 2139 5244 quo
2241 5175 2428 5246 (Hebr.
2458 5192 2499 5243 ι,
2529 5176 2605 5247 1).
2633 5175 2700 5230 Ει
2724 5176 2870 5246 quod
2898 5175 2953 5230 in
2982 5174 3074 5230 illo
3101 5183 3340 5244 tempore
3366 5173 3588 5228 dixerat.
3615 5157 3744 5218 Ιιοάίθ·
3824 5233 3825 5238 η

553 5271 755 5332 septem
789 5261 1115 5334 Spiritalium
1161 5261 1446 5334 plenitudo
1475 5265 1771 5331 virtutum,
1801 5267 1942 5322 sicut
1967 5266 2136 5322 Isaias
2241 5283 2346 5338 que
2375 5277 2430 5322 et
2450 5283 2622 5338 usque
2647 5267 2703 5322 in
2727 5267 2980 5329 saeculum
3022 5267 3152 5322 dicit
3188 5265 3344 5322 Iesus
3382 5256 3633 5331 discipulis
3652 5247 3742 5306 suis
3824 5249 3825 5262 ‘

553 5351 687 5402 tlix'it
714 5393 726 5398 -
771 5352 995 5399 habitat-
1050 5351 1205 5406 Hunc
1257 5353 1484 5405 vitulum
1531 5362 1588 5404 et
1637 5355 1910 5402 Abraham
1957 5356 2096 5410 vidit,
2117 5397 2132 5410 ,
2242 5358 2310 5410 Et
2336 5359 2478 5412 sicut
2502 5360 2556 5412 in
2580 5358 2671 5412 illo
2693 5367 2954 5418 tempore.
2979 5374 3104 5412 etim
3135 5359 3307 5416 turbae
3337 5354 3570 5412 nlui-im
3603 5351 3742 5401 00m“
