3998 6336
612 290 718 345 459

1595 276 1930 339 HINCMARI
1965 272 2360 333 RHEMENSIS
2397 272 2923 337 ARCHIEPISCOPI

3726 286 3808 371 ἐφ

618 406 767 468 item,
796 400 908 472 Ego
937 416 1051 455 sum
1085 399 1235 468 panis
1264 399 1406 451 vivus
1434 395 1523 468 qui
1549 396 1613 451 de
1653 394 1779 449 creto
1827 391 2068 446 descendi
2095 403 2112 442 :
2151 390 2196 444 si

2314 404 2422 443 rum
2443 397 2527 445 est
2552 390 2850 459 accipiendi
2878 404 3073 459 corpus
3093 390 3330 457 Domini,
3347 391 3458 464 jam
3477 394 3561 451 hic
3577 394 3811 473 imaginem

619 498 735 569 auis
783 491 1168 548 manducauerit
1215 506 1279 542 ea:
1328 490 1424 541 hoc
1460 504 1617 557 pane,
1661 487 1787 540 vivet
1843 483 1895 538 in
1950 491 2202 537 aeternum

624 587 805 661 (Joan.
836 602 911 651 Li,
940 584 1063 655 52),
1087 583 1241 653 cujus
1280 570 1698 652 praedicamenta
1731 576 1954 632 fuerunt
2000 573 2201 646 lignum

619 679 745 733 Vitae
785 677 839 731 in
878 675 1055 730 medio
1080 671 1314 744 paradisi
1344 670 1675 742 plantatum,
1708 667 1835 723 Adae
1884 680 2203 722 concessum

621 770 737 826 esui
762 777 887 822 ante
917 774 1219 836 peceatum,
1245 760 1461 833 quando
1485 759 1559 816 illi
1586 767 1673 814 est
1700 759 1900 814 dictum
1919 798 1934 823 ,
1962 754 2037 810 De
2061 754 2205 809 omni

620 860 763 929 ligno
799 855 1036 926 paradisi
1063 853 1323 919 comedes,
1352 852 1416 906 de
1445 850 1586 923 ligno
1621 858 1796 904 autem
1830 847 2060 902 scientia:
2085 844 2205 900 boni

619 964 667 1007 et
715 950 840 1005 mali
890 966 953 1005 ne
1004 948 1243 1003 comedas
1291 943 1443 1020 (Gen.
1475 943 1659 1017 n,16)
1698 962 1711 997 :
1749 948 1873 1012 post
1921 948 2204 1011 peccatum

620 1051 822 1109 autem,
854 1041 1071 1098 dicente
1112 1039 1364 1104 Domino,
1410 1034 1600 1093 Videte
1643 1054 1706 1093 ne
1751 1034 1886 1107 forte
1934 1044 2109 1089 sumat
2141 1032 2206 1087 de

620 1136 762 1207 ligno
815 1135 932 1189 vita:
981 1144 1031 1187 et
1083 1134 1221 1187 vivat
1269 1133 1323 1186 in
1375 1140 1628 1185 retentum
1671 1124 1823 1201 (Gen.
1858 1124 2091 1196 111,22),
2126 1131 2210 1180 est

620 1225 841 1280 omnino
866 1223 1218 1294 prohibitum,
1250 1235 1423 1292 usque
1452 1220 1578 1273 dum
1630 1216 1841 1272 veniret
1880 1214 1970 1286 qui
2021 1213 2209 1287 praesi-

620 1329 819 1391 gnatus
850 1327 955 1384 est,
989 1324 1043 1373 et
1076 1317 1142 1373 de
1176 1330 1281 1386 quo
1301 1314 1466 1369 etiam
1494 1311 1695 1367 dictum
1720 1318 1825 1374 est,
1857 1309 2061 1381 lignum
2087 1310 2208 1363 vitae

622 1417 708 1465 est
731 1410 834 1471 his,
852 1409 1100 1465 Christus
1125 1405 1373 1462 videlicet
1399 1403 1493 1459 Dei
1518 1401 1694 1456 virtus
1717 1409 1772 1455 et
1798 1398 1891 1454 Dei
1919 1397 2206 1469 sapientia,

618 1503 716 1573 qui
744 1500 1201 1573 apprehenderint.
1233 1513 1377 1552 eam.
1421 1496 1489 1551 Et
1531 1496 1729 1551 iterum
1766 1493 2006 1569 ejusdem
2052 1490 2208 1562 panis

623 1596 733 1651 vivi
757 1604 813 1650 et
843 1594 1027 1649 calicis
1054 1593 1181 1648 vitis
1206 1606 1349 1645 verae
1381 1592 1667 1662 signarunt
1697 1587 1981 1659 aenigmata
2010 1583 2209 1655 ﬁgura-

620 1704 770 1753 rum,
797 1688 862 1743 de
878 1687 1072 1758 quibus
1101 1686 1229 1741 item
1257 1684 1458 1740 Paulus
1492 1682 1642 1748 dicit,
1674 1678 1741 1734 Et
1772 1695 1947 1734 omnes
1971 1675 2207 1731 eamdem

2298 477 2489 547 j'udicii
2521 480 2759 535 ostendit
2788 479 2841 536 in
2871 496 2966 535 cos
2996 479 3087 550 qui
3127 480 3519 540 inconsiderate
3546 500 3713 558 corpus
3732 492 3811 547 Do-

2304 569 2437 645 mini
2465 579 2799 641 acceperant,
2833 572 2956 625 dum
2985 569 3227 626 febribus
3248 581 3302 626 et
3339 573 3710 634 inﬁrmitatibus
3725 568 3814 635 cur.

2305 660 2659 745 ripiebantur,
2688 671 2740 718 et
2774 662 2924 717 multi
2961 648 3353 719 moriebantur.
3397 686 3415 716 ο
3442 656 3659 723 Tandem
3692 670 3815 744 igitur

2305 752 2416 810 Leo
2447 769 2585 826 papa
2622 755 2677 837 in
2704 756 2922 812 homilia
2952 758 3107 813 tertia
3138 760 3203 813 de
3232 757 3421 815 Natale
3456 761 3648 818 Domini
3681 766 3813 821 dicit:

2312 846 2333 898 ά
2368 846 2589 902 Cessent
2615 848 2780 919 igitur
2800 848 3012 904 illorum
3030 850 3263 922 querela:
3279 851 3391 923 qui,
3414 851 3571 926 impio
3594 872 3817 917 murmure

2306 935 2505 994 divinis
2546 937 3033 1009 dispensationibus
3072 940 3423 1015 obloquentes
3444 986 3459 1015 ,
3490 945 3551 1001 de
3585 932 3818 1005 Dominicis

2308 1027 2607 1084 nativitatis
2641 1031 2891 1085 tarditate
2938 1036 3265 1098 causantur,
3308 1040 3554 1104 tanquam
3589 1039 3819 1108 prmieritis

2311 1122 2643 1192 temporibus
2672 1134 2778 1178 non
2805 1122 2875 1178 sit
2904 1124 3206 1196 impensum
3232 1127 3375 1197 quod
3404 1126 3455 1181 in
3486 1128 3655 1184 ultima
3681 1112 3819 1187 mundi

2309 1206 2469 1267 aetate
2496 1221 2581 1267 est
2622 1222 2850 1284 gestum.
2881 1212 3042 1271 Verbi
3081 1215 3227 1275 enim
3269 1198 3565 1285 ineat-natio
3602 1218 3694 1279 hoc
3727 1202 3821 1276 con-

2312 1302 2434 1358 tulit
2473 1303 2717 1359 l'acienda
2750 1306 2890 1376 quod
2936 1306 3111 1376 facta,
3155 1290 3211 1362 et
3252 1314 3636 1383 sacramentum
3677 1314 3821 1371 salutis

2311 1395 2562 1449 humanae
2583 1395 2636 1449 in
2668 1396 2809 1451 nulla
2842 1413 3077 1468 unquam
3103 1398 3429 1471 antiquitate
3453 1401 3682 1471 cessavit,
3707 1398 3818 1471 Quod

2311 1484 2738 1555 praedicaverunt
2783 1488 3031 1559 apostoli,
3060 1489 3164 1545 hoc
3192 1475 3635 1569 annuntiavcrunt
3657 1470 3818 1571 etpro-
3906 1526 3907 1537 ι

2311 1575 2488 1646 pheta:
2514 1594 2526 1629 :
2562 1593 2662 1632 nec
2689 1594 2810 1634 sero
2837 1588 2919 1633 est
2947 1580 3225 1652 impletum
3256 1560 3626 1675 quodSemper
3648 1560 3819 1657 est

2315 1667 2506 1723 ditmu.
2538 1667 2654 1725 Non
2688 1670 2871 1742 itaque
2902 1688 3039 1727 novo
3067 1669 3296 1729 consilio
3332 1673 3472 1749 Deus
3506 1667 3651 1753 rebus
3683 1677 3819 1735 huma-

616 1782 909 1856 ὀρξνὶεαιεπι
938 1797 1108 1836 escam
1136 1779 1605 1841 manducaverunl,
1651 1784 1699 1829 et
1744 1788 1919 1828 omnes
1972 1767 2211 1825 eumdem
2238 1755 2289 1816 B
2315 1759 2401 1814 nis
2430 1776 2530 1816 nec
2551 1777 2672 1819 sera
2719 1763 3068 1818 miseratione
3110 1763 3412 1837 consuluit,
3444 1766 3535 1847 sed
3563 1784 3595 1827 a
3623 1767 3818 1822 constitu-

620 1885 805 1945 potum
833 1873 1120 1945 spiritalem
1146 1871 1382 1926 biberunt
1408 1885 1426 1924 :
1454 1868 1544 1922 sed
1568 1884 1671 1922 non
1699 1865 1753 1920 in
1784 1862 2021 1919 omnibus
2055 1858 2209 1914 bene-

620 1965 877 2033 placitum
907 1960 1005 2032 fuit
1057 1960 1282 2015 Domino
1344 1958 1397 2031 (ι
1429 1956 1550 2012 Cor.
1582 1972 1637 2020 x,
1665 1952 1743 2028 '5),
1800 1954 1941 2008 sicut
1992 1955 2212 2006 sanctus

620 2056 957 2127 Augustinus
999 2068 1068 2108 ex
1111 2051 1294 2108 verbis
1340 2049 1514 2105 sancti
1546 2042 1825 2115 Evangelii
1852 2044 2211 2127 demonstrat,

616 2149 833 2214 dicens,
868 2144 1078 2212 Patres,
1104 2144 1311 2217 inquit,
1332 2143 1487 2198 vestri
1521 2140 1967 2196 manducaverunt
1992 2120 2212 2195 manna,

620 2251 675 2296 et
706 2240 899 2296 mortui
922 2249 1043 2295 sunt
1064 2236 1247 2311 (Joan.
1270 2250 1347 2301 vt,
1372 2233 1485 2305 49).
1511 2228 1974 2287 Manducaverun't
2002 2226 2213 2296 Moyses

624 2342 682 2389 et
709 2334 886 2389 Aaron
938 2340 994 2388 et
1043 2329 1224 2388 exteri
1275 2327 1451 2384 sancti
1503 2326 1594 2397 qui
1646 2324 1872 2379 'l'uerunt
1908 2320 1965 2376 in
2016 2318 2213 2392 populo

620 2442 844 2487 manna,
871 2434 926 2481 et
962 2438 1069 2481 non
1110 2430 1235 2479 sunt
1271 2420 1494 2487 mortui,
1521 2418 1647 2490 quia
1673 2414 1990 2487 spiritaliter
2027 2411 2215 2467 visibi-

619 2519 736 2573 ‘iem
765 2516 946 2573 cibum
973 2512 1378 2578 intellexerunt,
1401 2509 1723 2582 spiritaliter
1748 2505 2076 2564 esurierunt.
2109 2502 2213 2557 Alii

620 2614 757 2666 ‘vero
781 2608 1265 2671 manducaverunt,
1283 2613 1339 2660 et
1362 2608 1777 2675 permanserunt
1798 2601 1853 2655 in
1876 2595 2213 2659 inﬁdelitate,

624 2703 768 2758 sicut
797 2699 964 2757 Judaei
997 2700 1285 2755 audierunt
1312 2696 1622 2766 loquentem
1667 2682 1961 2757 Christum,
2002 2696 2059 2743 et
2107 2700 2215 2741 non

624 2792 945 2865 spiritaliter
970 2794 1139 2847 verba
1168 2791 1286 2862 ejus
1314 2787 1719 2844 intellexerunt.
1753 2782 1877 2839 ideo
1927 2776 2064 2837 dixit
2110 2780 2213 2845 eis,

633 2887 821 2941 Patres
846 2885 999 2940 vestri
1019 2883 1468 2938 manducauerunt
1490 2888 1683 2932 manna
1707 2877 1761 2931 in
1786 2877 1988 2931 deserto
2007 2883 2054 2929 et
2070 2888 2216 2926 mor-

632 2977 710 3031 tui
735 2984 876 3031 sunt.
899 2974 1019 3041 Qua
1038 2980 1217 3028 morte
1244 2968 1350 3025 nisi
1379 2967 1748 3024 infidelitatis?
1789 2981 1913 3020 nam
1943 2952 2215 3019 communi

628 3077 810 3123 morte
837 3065 1037 3123 mortui
1062 3074 1189 3121 sunt
1217 3071 1270 3119 et
1306 3060 1477 3117 sancti
1508 3060 1601 3130 qui
1636 3057 1855 3114 fuerunt
1905 3055 2051 3116 hner‘
2098 3068 2213 3110 eos.

632 3162 712 3216 De
738 3159 888 3214 Novo
934 3166 1114 3212 autem
1150 3153 1533 3217 Testamento,
1562 3166 1631 3206 ex
1675 3163 1816 3221 pane
1858 3148 2045 3219 utique
2093 3145 2218 3200 vitae

630 3260 849 3309 aeternae
871 3260 926 3305 et
955 3249 1125 3305 calice
1153 3246 1342 3302 salutis
1368 3251 1665 3316 perpetuae,
1710 3240 1951 3295 ostendit
1994 3234 2215 3302 Paulus,

629 3351 686 3399 et
730 3342 952 3414 exponit
999 3336 1317 3396 Ambrosius
1374 3336 1445 3390 de
1498 3332 1737 3403 Epistoia
1795 3331 1862 3386 ad
1907 3328 2218 3389 Corinthios

626 3435 840 3499 dicens,
874 3431 1186 3500 Quicunque
1242 3425 1404 3481 ederit
1459 3439 1647 3496 panem
1706 3422 1866 3488 hunc,
1927 3430 1976 3474 et
2036 3416 2217 3473 biberit

628 3530 847 3583 calicem
878 3526 1088 3579 Domini
1106 3521 1342 3591 indigne,
1370 3534 1485 3571 reus
1512 3517 1609 3570 erit
1641 3514 1872 3585 corporis
1910 3522 1958 3567 et
1997 3513 2216 3582 sangui-

633 3624 715 3675 nis
768 3620 978 3674 Domini
1026 3614 1311 3689 (100ml,
1342 3610 1457 3681 2’1).
1506 3606 1773 3677 Quoniam
1820 3603 2061 3659 futurum
2112 3604 2215 3669 est,

633 3713 813 3783 inquit
834 3710 1167 3781 Ambrosius,
1194 3706 1477 3777 judicium,
1504 3710 1561 3757 ut
1588 3698 2040 3773 quemadmodum
2063 3706 2219 3754 acce-

630 3805 713 3860 dit
740 3802 1127 3872 unusquisque,
1158 3798 1353 3855 reddat
1376 3810 1571 3851 causas
1604 3795 1657 3848 in
1686 3793 1771 3849 die
1803 3789 2016 3846 Domini
2042 3784 2216 3845 nostri

630 3893 760 3957 Jesu
787 3892 1023 3959 Christi,
1047 3890 1173 3961 quia
1200 3890 1319 3943 sine
1349 3885 1632 3956 disciplina
1662 3881 1970 3938 traditionis
1999 3888 2057 3936 et
2084 3893 2219 3936 con-

631 3985 957 4041 versationis
983 3983 1077 4055 qui
1106 3981 1386 4045 accedunt,
1424 3978 1499 4033 rei
1530 3985 1657 4032 sunt
1695 3970 1940 4046 corporis
1990 3983 2046 4030 et
2091 3986 2216 4029 san-

629 4077 811 4148 guinis
834 4076 1067 4130 Domini.
1092 4072 1238 4141 Quid
1260 4079 1344 4127 est
1375 4077 1555 4124 autem
1586 4082 1707 4123 reos
1733 4078 1875 4132 esse,
1897 4063 2002 4120 nisi
2027 4076 2218 4134 poenas
2269 4078 2275 4083 '

632 4169 763 4225 dare
784 4170 973 4224 mortis
996 4165 1248 4222 Domini?
1284 4163 1510 4222 Occisus
1531 4168 1614 4217 est
1640 4159 1783 4216 enim
1835 4173 1932 4230 pro
1997 4156 2082 4212 his
2125 4154 2217 4225 qui

630 4261 953 4317 beneﬁcium
1003 4259 1120 4331 ejus
1166 4256 1219 4313 in
1270 4257 1484 4311 irritum
1533 4254 1756 4309 ducunt.
1804 4248 1997 4304 Probet
2044 4238 2219 4303 autem

628 4352 858 4420 seipsum
888 4350 1063 4413 homo,
1092 4357 1139 4402 et
1170 4347 1244 4401 sic
1270 4346 1336 4399 de
1372 4360 1508 4414 pane
1544 4341 1636 4396 illo
1678 4340 1798 4395 edat
1842 4349 1891 4393 et
1939 4337 2003 4393 de
2056 4332 2220 4392 calice

628 4443 775 4497 bibat
823 4458 840 4494 :
894 4442 985 4511 qui
1025 4441 1161 4494 enim
1208 4436 1494 4490 manducat
1546 4442 1594 4487 et
1648 4431 1773 4486 bibit
1824 4428 2070 4501 indigne,
2120 4424 2217 4498 ju-

629 4534 828 4591 dicium
865 4530 1027 4603 Μ
1069 4530 1167 4584 sibi
1194 4528 1477 4582 manducat
1506 4534 1554 4580 et
1579 4523 1734 4587 bibit,
1766 4538 1870 4578 non
1918 4518 2218 4578 discernens

628 4640 822 4694 corpus
866 4623 1077 4678 Domini
1126 4621 1315 4692 (ibid.,
1356 4617 1480 4690 28).
1529 4616 1667 4673 Hinc
1692 4615 1823 4673 item
1854 4612 2215 4671 Ambrosius:

638 4731 661 4765 ι
691 4714 894 4771 Devoto
919 4715 1099 4768 animo
1118 4720 1176 4768 et
1208 4726 1331 4767 eum
1362 4710 1555 4765 timore
1583 4706 1945 4765 accedendum
1966 4704 2045 4763 ad
2066 4716 2216 4764 com-

632 4805 945 4861 munionem
971 4802 1150 4868 docet,
1180 4809 1239 4856 ut
1260 4802 1400 4857 sciat
1432 4814 1585 4856 mens
1616 4798 1975 4856 reverentiam
2018 4815 2077 4855 se
2119 4798 2217 4853 (ie-

630 4898 763 4954 bere
780 4897 831 4953 ei
855 4897 921 4951 ad
942 4895 1097 4968 cujus
1121 4904 1318 4962 corpus
1343 4892 1661 4948 sumendum
1689 4891 1917 4947 accedit.
1941 4886 2219 4946 Hoc‘enim

631 4989 771 5059 apud
800 5000 860 5043 se
884 4986 1048 5042 debet
1081 4984 1350 5055 judicare,
1383 4982 1507 5055 quia
1552 4981 1810 5037 Dominus
1837 4988 1940 5047 est,
1981 4978 2217 5059 cujusvin

633 5054 894 5151 mysterio
932 5054 1133 5147 corpus
1160 5076 1452 5131 mandueat
1477 5083 1533 5130 et
1568 5074 1885 5144 sanguinem
1912 5076 2093 5143 potat,
2123 5054 2217 5141 qui

634 5172 790 5228 testis
816 5180 902 5226 est
929 5169 1177 5226 beneﬁcii
1208 5169 1327 5225 Dei.
1365 5167 1538 5236 Quem
1567 5182 1665 5221 nos
1692 5167 1737 5220 si
1779 5181 1905 5221 eum
1934 5163 2215 5234 disciplina

628 5265 987 5334 accipiamus,
1014 5275 1120 5317 non
1155 5262 1360 5317 erimus
1393 5260 1595 5331 indigni
1618 5272 1844 5329 corpore
1872 5265 1930 5313 et
1952 5256 2217 5328 sanguine

630 5354 848 5411 Domini
886 5373 902 5408 :
949 5355 1125 5425 gratia
1182 5355 1324 5408 enim
1371 5352 1646 5407 videbitur
1682 5350 2032 5422 redemptori.
2085 5370 2102 5401 ι
2151 5350 2218 5405 Et

631 5447 765 5509 itetu
790 5448 924 5503 didi.
953 5465 966 5502 :
994 5466 1025 5499 ·‹
1057 5447 1320 5502 Medicina
1352 5446 1496 5502 enim
1525 5445 1786 5515 spiritalis
1816 5454 1915 5508 est,
1946 5459 2066 5513 qua:
2092 5460 2218 5500 cum

636 5544 941 5597 reverentia
968 5543 1273 5613 'degustata
1319 5540 1572 5611 puriﬁcat
1624 5538 1731 5593 sibi
1781 5539 2051 5593 devotum.
2084 5560 2105 5591 ›
2151 5539 2217 5594 Et

632 5633 766 5688 item
797 5652 811 5688 :
848 5654 865 5686 ‹
898 5634 1026 5689 Ideo
1055 5633 1206 5688 multi
1234 5634 1291 5686 in
1307 5634 1449 5687 vobis
1471 5631 1691 5686 invalidi
1717 5640 1765 5686 et
1786 5634 1987 5702 (egroti,
2020 5645 2068 5687 et
2088 5634 2214 5688 dor-

635 5728 805 5780 miunt
833 5725 1001 5781 multi.
1033 5724 1102 5782 Ut
1129 5736 1316 5781 verum
1340 5724 1598 5796 probaret
1628 5724 1754 5794 quia
1799 5739 2024 5780 examen
2067 5724 2212 5781 futu-

2317 1852 2464 1908 tione
2519 1853 2701 1908 mundi
2764 1870 2925 1915 unam
2977 1856 3333 1929 eamdemque
3377 1846 3614 1914 dntnibus
3659 1874 3820 1929 causam

2316 1942 2505 1997 Salutis
2530 1943 2782 2001 instituit.
2813 1964 2831 1996 ι

2389 2035 2529 2104 Quid
2555 2044 2737 2093 autem
2777 2038 2989 2094 cunctis
3032 2036 3361 2111 generaliter
3400 2034 3554 2113 iustis
3580 2048 3628 2097 et
3658 2008 3818 2112 impiis,

2317 2146 2454 2202 quos
2483 2130 2637 2185 nobis
2659 2130 3127 2188 Praedestinatiani
3172 2116 3440 2204 objiciunt
3457 2132 3551 2202 ,'in
3576 2149 3661 2189 sua
3684 2134 3821 2204 impie-

2319 2222 2428 2312 tate
2481 2220 2746 2276 defunctis
2797 2221 3025 2277 contulit
3076 2221 3256 2295 passio
3308 2210 3678 2312 Redemptoris,
3720 2221 3820 2279 dicat

2317 2300 2542 2379 Paulus,
2578 2321 2632 2368 et
2660 2324 2895 2397 exponat
2933 2314 3250 2371 Ambrosius
3304 2316 3356 2371 in
3402 2297 3680 2397 commento
3703 2313 3821 2387 ipsius

2318 2404 2562 2475 epistola:
2592 2422 2669 2477 τε(
2716 2390 2830 2460 Hoc
2876 2402 3045 2470 dicit,
3097 2404 3222 2476 quia
3264 2388 3604 2466 sicut‘Adaim
3648 2417 3821 2479 peccans

2319 2505 2547 2551 mortem
2578 2495 2811 2579 invenit,
2840 2505 2894 2551 et
2927 2497 3097 2551 tenuit
3135 2504 3195 2550 ut
3223 2512 3414 2555 omnes
3449 2515 3512 2551 ex
3546 2496 3646 2568 ejus
3671 2495 3821 2567 origine

2321 2588 2687 2643 dissolvantur
2717 2588 2736 2660 (
2762 2587 2791 2641 Ι
2819 2588 2941 2642 Cor.
2978 2604 3082 2655 xv,
3113 2587 3219 2659 22)
3250 2608 3262 2642 :
3314 2582 3385 2663 ita
3428 2594 3481 2663 et
3504 2586 3717 2647 Christus
3747 2601 3820 2641 non

2319 2672 2570 2753 peccans,
2602 2692 2656 2738 et
2685 2699 2782 2755 per
2829 2683 2934 2738 hoc
2966 2682 3191 2739 vincens
3232 2660 3459 2738 mertcni
3492 2681 3633 2754 (quia
3657 2681 3727 2753 qui
3748 2694 3821 2732 non

2319 2777 2507 2849 peccat
2540 2774 2708 2832 vincit
2739 2782 2989 2842 mortem,
3017 2776 3141 2849 quia
3180 2793 3328 2833 mors
3369 2794 3433 2831 ex
3463 2772 3718 2849 peccato),
3744 2787 3822 2826 om-

2319 2856 2479 2924 nibus
2507 2885 2572 2924 ex
2604 2870 2721 2941 ejus
2748 2884 2975 2938 corpore
3005 2868 3298 2940 acquisivit
3321 2862 3509 2941 vitam.
3538 2852 3675 2939 idest
3698 2878 3823 2919 resur-

2323 2946 2641 3016 rectionem.
2669 2958 2927 3029 Quamvis
2944 2975 3071 3031 ergo
3094 2944 3428 3031 generaliter
3452 2956 3675 3014 tribuerit
3699 2971 3825 3011 resur-

2324 3054 2642 3118 rectionem,
2675 3062 2734 3108 ω
2773 3054 2911 3109 sicut
2941 3053 2994 3109 in
3032 3050 3204 3108 Adam
3248 3069 3443 3109 omnes
3471 3042 3575 3108 sive
3608 3048 3717 3123 justi
3746 3047 3826 3103 sive

2248 3136 2296 3199 μ
2328 3143 2510 3216 injusti
2538 3136 2877 3210 moriuntur,
2898 3146 2970 3199 ita
3004 3153 3059 3199 et
3088 3144 3142 3199 in
3173 3142 3397 3200 Christo
3426 3136 3604 3199 omnes
3635 3150 3722 3195 tam
3742 3151 3823 3191 cre-

2325 3239 2516 3295 dentes
2548 3254 2710 3311 quam
2740 3234 3038 3294 diliidentes
3064 3228 3391 3311 resurgant,
3416 3216 3537 3293 licet
3558 3234 3617 3290 ad
3632 3245 3822 3304 poenam:

2323 3331 2587 3389 increduli
2616 3341 2795 3387 tamen
2818 3331 3077 3387 viviﬁcari
3110 3328 3383 3397 videntur,
3411 3328 3532 3404 quia
3558 3336 3824 3401 eorporasua

2323 3422 2588 3511 recipient
2624 3421 2737 3492 jam
2768 3437 2875 3477 non
2904 3422 3185 3490 morituri,
3208 3424 3329 3499 ’scd
3368 3404 3571 3499 passuri
3594 3433 3767 3493 pmnam
3790 3412 3824 3467 in

2323 3506 2404 3569 eis
2435 3513 2552 3568 sine
2580 3512 2686 3568 line
2710 3554 2724 3579 ,
2771 3514 2913 3583 quod
2940 3513 3163 3570 credere
3195 3504 3503 3570 noluerunt.
3537 3533 3554 3565 ι
3582 3508 3639 3567 Et
3676 3510 3771 3565 item
3789 3504 3825 3558 in

2322 3598 2563 3685 Epistola
2597 3605 2663 3659 ad
2689 3604 3028 3671 Corinthios,
3068 3626 3086 3657 ‹
3118 3606 3242 3679 quia
3296 3584 3590 3671 resurrexit,
3625 3599 3825 3673 inquiens,

2324 3682 2478 3751 tertia
2501 3698 2584 3750 die
2610 3695 2671 3768 (1
2700 3696 2822 3751 Cor.
2852 3713 2942 3762 xv,
2974 3696 3053 3769 4).
3086 3696 3142 3753 In
3181 3692 3406 3769 ChristQ
3431 3682 3566 3751 enim
3593 3705 3747 3750 omnes
3768 3701 3825 3742 re-

2324 3782 2648 3853 Surrexisse,
2682 3788 2821 3843 sicut
2849 3789 2901 3843 in
2927 3787 3099 3843 Adam
3138 3761 3406 3846 mortuos‘r
3412 3804 3556 3855 esse,
3583 3799 3714 3841 nemo
3737 3779 3826 3833 tida.

2322 3866 2452 3967 lium
2480 3884 2726 3955 denegat.
2763 3903 2781 3936 ι
2814 3882 2882 3939 Ει
2924 3884 3051 3939 item
3085 3902 3097 3937 :
3137 3905 3153 3935 ι
3190 3881 3303 3938 Per
3341 3884 3589 3938 hominem
3630 3892 3763 3938 mors,
3794 3878 3825 3923 α

2320 3994 2415 4048 per
2463 3977 2723 4057 hominem
2770 3980 3079 4033 resurrectio
3125 3988 3453 4033 mortuorum
3495 3967 3827 4048 (iln'd.,21)."i

2323 4070 2449 4140 quia
2483 4082 2708 4142 peccato
2744 4070 2979 4145 hominis
3015 4086 3160 4125 mors
3199 4070 3420 4125 inventa
3466 4077 3557 4130 est,
3587 4056 3825 4129 Cltristiju-

2324 4154 2474 4216 stitia
2497 4148 2951 4217 resurrectionem
2974 4161 3171 4215 meruit
3198 4170 3550 4215 mortuorum.
3571 4177 3588 4209 ι
3614 4154 3671 4211 Ει
3688 4151 3825 4208 beatus

2321 4240 2558 4308 ioannes
2582 4250 2999 4324 Chrysostomus
3022 4250 3073 4305 in
3098 4251 3235 4305 libro
3262 4251 3330 4307 de
3352 4250 3680 4321 lic-paratione
3702 4237 3821 4310 lapsi:

2330 4334 2349 4397 ἃ
2383 4336 2664 4421 Scriptura
2684 4385 2699 4409 ,
2730 4343 2923 4414 inquit,
2950 4342 3079 4398 dicit
3108 4343 3234 4414 quia
3260 4353 3315 4399 et
3344 4351 3640 4421 peccatores
3665 4332 3826 4421 inducat

2324 4424 2814 4508 incorruptionem,
2840 4435 3047 4491 scilicet
3083 4452 3188 4490 non
3232 4437 3301 4491 ad
3335 4414 3580 4489 honorem
3609 4418 3732 4487 vitm,
3760 4414 3823 4508 Sid

2328 4526 2397 4582 ad
2427 4504 2831 4583 diuturnitatem
2887 4522 3129 4597 supplirii
3169 4520 3523 4597 profuturam.
3560 4540 3578 4571 ι
3620 4511 3752 4589 398
3781 4504 3824 4560 Ει

2329 4618 2548 4675 sanctus
2576 4616 2809 4674 Hilarius
2834 4618 2888 4672 in
2921 4616 3256 4687 expositione
3280 4612 3469 4687 psalmi
3502 4625 3678 4667 omn:
3710 4622 3725 4653 σ
3746 4597 3821 4654 ΕΙ·

2327 4713 2552 4785 probrat
2575 4711 2998 4782 enim‘superbis
3036 4718 3199 4781 atque
3230 4709 3524 4765 maledictis
3548 4720 3632 4769 cur
3666 4693 3765 4754 nihil
3787 4691 3821 4744 in

2329 4810 2669 4861 sacramento
2699 4803 2977 4874 sanguinis
3003 4802 3085 4858 sui
3113 4811 3276 4873 atque
3303 4802 3489 4857 mortis
3517 4789 3726 4852 utilitatis
3747 4794 3821 4838 sum

2328 4908 2450 4952 esse
2483 4897 2930 4959 existimaverint,
2962 4910 3085 4950 cum
3127 4893 3214 4949 ille
3245 4893 3413 4951 nostri
3442 4874 3591 4948 causa
3624 4892 3669 4939 et
3692 4886 3819 4937 natus.

2326 4998 2380 5046 et
2409 5000 2622 5062 passus,
2658 4999 2713 5045 et
2744 4999 2987 5047 mortuus
3038 4989 3129 5045 sit.
3163 5009 3181 5042 ι
3217 4986 3285 5044 Et
3323 4988 3447 5045 item
3493 4985 3622 5040 idem
3661 4978 3819 5031 sancti

2326 5081 2564 5140 Hilarius
2598 5083 2932 5139 COIICOl‘dJilS
2974 5094 3164 5139 sancto
3190 5078 3473 5137 Ambrosio
3497 5068 3551 5132 in
3572 5069 3741 5147 psalmo
3756 5073 3818 5121 LV.

2327 5177 2457 5232 dicit
2497 5196 2510 5231 :
2569 5197 2586 5229 ι
2640 5176 2789 5234 Sicut
2835 5186 3253 5247 exspectaverunt
3304 5175 3526 5230 animam
3578 5166 3817 5247 tmi_.i"_°

2326 5268 2488 5323 nihilo
2514 5266 2683 5322 salvos
2701 5267 2863 5337 facies
2894 5240 3035 5332 illos,
3062 5267 3114 5320 in
3137 5267 3215 5322 ira
3242 5262 3454 5339 populos
3476 5242 3669 5325 deduce:
3691 5240 3815 5329 (ξ’δαίσ

2327 5357 2508 5428 Lv,8).
2538 5356 2720 5412 Novus
2744 5359 2832 5413 hic
2855 5358 3130 5429 prephette
3154 5338 3328 5414 sermo
3354 5364 3455 5419 est,
3481 5360 3534 5406 ut
3556 5362 3637 5405 eos
3659 5338 3818 5419 (lui-9'"

2326 5457 2571 5518 spectant
2613 5450 2848 5504 animam
2898 5465 3050 5505 suam
3081 5450 3146 5504 ad
3189 5448 3407 5505 nihilum
3447 5445 3575 5500 Deus
3611 5430 3816 5518 salicti“

2326 5556 2447 5598 cum
2473 5540 2614 5596 aliud
2654 5540 2723 5595 sit
2761 5543 2826 5597 ad
2856 5539 3081 5596 nihilum
3108 5583 3122 5608 ,
3154 5540 3292 5596 aliud
3322 5534 3545 5601 salvari,
3573 5539 3690 5586 nunc
3710 5514 3813 5587 5.3"“

2325 5651 2443 5706 qua:
2475 5635 2527 5689 in
2556 5634 2675 5690 illos
2705 5634 2799 5690 {iet
2822 5634 2888 5689 ad
2922 5635 3144 5690 nihilum
3175 5635 3264 5692 sit.
3286 5632 3381 5688 Est
3401 5644 3521 5702 ergo
3552 5618 3672 5696 quod
3686 5609 3813 5706 salie-

2326 5702 2414 5784 t—Ur
2457 5727 2509 5781 in
2549 5727 2772 5782 nihilum
2796 5768 2809 5795 ,
2855 5737 2937 5783 est
2981 5728 3139 5799 plane
3166 5770 3180 5796 ,
3217 5724 3467 5811 quidquid
3504 5702 3812 5781 resurrectio“.
