3888 5676
164 354 270 445 tu
946 354 1033 412 ns
1069 351 1743 416 rubesrtm'rtoue

1858 352 2240 417 securam
2271 358 2682 431 common.
3324 369 3437 443 se;

170 492 435 539 concessa
480 473 847 535 demutatione
889 487 996 530 non
1042 472 1260 547 dignum
1306 483 1408 529 est.
1456 470 1590 527 Nam
1627 485 1748 525 cum
1780 471 1829 531 Α
1857 480 2162 530 commento
2190 473 2340 530 isaize
2365 477 2625 534 vaticinio
2656 477 2868 547 ﬁrmat,
2914 480 3039 555 quia
3068 482 3438 551 Antichristus

169 569 346 629 omnis
371 582 506 626 caro
534 565 807 636 redempta
848 563 901 618 in
931 562 1151 619 Christo
1191 564 1263 618 sit
1304 573 1363 617 ut
1401 572 1675 633 resurgat,
1702 568 1758 615 et
1852 577 2030 633 ,usque
2061 564 2125 618 ad
2155 566 2517 622 summitatem
2548 569 2749 626 montis
2776 568 2972 628 Oliveti
3004 574 3219 642 veniet,
3265 586 3322 633 et
3362 578 3437 635 ibi

168 677 389 722 omnem
417 659 675 719 assistere
699 664 825 713 ante
850 655 1083 712 tribunal
1120 653 1237 724 ejus
1262 670 1483 711 necesse
1503 655 1575 710 sit
1603 672 1616 708 :
1648 669 1755 713 non
1848 654 2073 724 peribit.
2109 654 2220 711 Hoc
2250 657 2396 712 enim
2426 657 2541 726 ﬁet,
2564 660 2706 716 sicut
2732 658 2937 735 passim
2966 663 3220 722 doctores
3244 667 3433 737 dicunt

160 728 354 811 tamen
374 751 630 809 omnibus
651 748 818 819 gloria
841 755 897 804 et
913 748 1086 805 honor
1106 755 1190 805 est
1206 749 1548 818 promiscuus
1575 763 1759 804 resur-

162 834 351 923 igendi.
383 842 593 913 Quibus
634 854 765 912 ergo
799 847 1008 919 tantum
1046 840 1404 906 resurrectio,
1446 853 1551 894 non
1592 840 1758 895 etiam

156 918 473 1015 'desngtatio
509 940 596 990 est
640 932 874 996 tributa,
898 931 961 1010 .hi
1005 930 1283 1007 salvantur
1328 930 1381 984 in
1418 929 1665 987 nihilum.
1696 929 1757 985 ιιι

168 1026 249 1083 ira
273 1026 426 1082 enim
450 1021 781 1079 deducentur
808 1020 864 1075 hi
890 1020 1094 1092 populi,
1124 1020 1320 1090 quibus
1348 1022 1415 1076 ad
1438 1034 1611 1090 paena:
1636 1034 1761 1079 sen-

166 1131 288 1181 sum
316 1114 471 1181 salus
500 1110 914 1181 resurrectionis
940 1118 1024 1181 est
1051 1110 1367 1166 constituta.
1398 1130 1416 1163 ι
1445 1109 1512 1165 Ει
1533 1108 1677 1169 Beda
1703 1109 1759 1164 in

156 1166 486 1281 coniugati)
515 1176 679 1262 Lucae
702 1219 773 1260 ex
812 1166 1341 1275 vcrbislAugustini:
1377 1222 1397 1255 ι
1430 1202 1623 1259 Altiori
1660 1216 1758 1258 au-

170 1310 279 1358 tem
303 1312 494 1365 sensu,
518 1295 728 1353 facilius
747 1302 830 1351 est
853 1292 1124 1373 Christum
1148 1294 1263 1369 pati
1288 1309 1389 1364 pro
1410 1294 1761 1350 dilectoribus
1787 1284 1795 1291 ’

172 1390 381 1457 seculi,
412 1405 577 1465 quam
602 1388 883 1445 dilectores
908 1385 1086 1441 seculi
1121 1385 1187 1440 ad
1220 1384 1494 1440 Christum
1536 1399 1762 1441 conver-

174 1484 231 1545 ti.
262 1503 281 1536 ι
308 1483 380 1543 Et
400 1490 623 1545 sanctus
641 1478 956 1551 Ambrosius
976 1479 1029 1534 in
1053 1476 1290 1547 Epistola
1318 1476 1384 1531 ad
1408 1475 1719 1533 Corinthios
1743 1495 1757 1531 :

178 1592 196 1627 ι
222 1574 367 1643 Quid
393 1581 482 1631 est
511 1579 690 1637 autem
716 1585 837 1626 reos
864 1584 1014 1632 esse,
1048 1567 1153 1621 nisi
1194 1580 1383 1637 pinnas
1410 1565 1541 1620 dare
1572 1567 1763 1622 mortis

170 1653 425 1729 Domini?
442 1664 655 1719 occisus
674 1669 759 1733 est
781 1659 924 1716 enim
951 1673 1051 1730 pro
1075 1657 1161 1714 bis
1183 1657 1273 1728 qui
1301 1655 1624 1712 beneﬁcium
1647 1655 1763 1726 ejus

267 1757 494 1813 irritum
545 1754 770 1811 ducunt.
806 1771 826 1806 ο
874 1750 942 1807 Et
989 1748 1120 1807 item
1155 1757 1374 1804 sanctus
1423 1746 1658 1803 Hilarius
1704 1749 1763 1804 in

1850 745 2134 815 catholici,
2154 749 2410 819 quoniam
2433 761 2697 823 quantum
2717 760 2894 822 potest
2916 755 3205 814 assimiiari
3230 758 3436 834 falsitas

1859 837 2107 903 veritati,
2156 839 2225 893 ad
2266 839 2439 896 instar
2466 840 2667 898 Christi
2697 842 2792 900 Dei
2818 846 3021 913 nostri,
3062 849 3190 918 qui,
3226 851 3436 911 devicto

1848 926 2102 1000 principe
2127 931 2501 997 tenebrarum,
2531 942 2769 991 montem
2797 935 3015 993 luminis
3043 948 3100 997 et
3126 941 3436 1001 chrismatis

1860 1020 2138 1087 ascendit,
2184 1022 2326 1083 unde
2365 1023 2625 1081 caelorum
2669 1026 2778 1083 alta
2820 1036 3112 1099 penetrans
3136 1032 3288 1089 misit
3312 1050 3439 1099 san:-

1860 1117 2007 1181 ctum
2040 1110 2319 1182 Spiritum,
2356 1114 2509 1185 cujus
2538 1117 2724 1172 unctio
2752 1117 2910 1177 docet
2945 1135 3045 1177 nos
3071 1123 3137 1181 de
3165 1124 3434 1193 omnibus,

1852 1211 1982 1287 post
2007 1205 2285 1259 mentitam
2312 1208 2760 1267 resurrectionem
2788 1225 2942 1267 suam
2966 1227 2998 1287 a
3022 1215 3270 1281 mortuis,
3294 1216 3438 1275 idem

1860 1280 2025 1353 homo
2052 1299 2391 1368 perditionis,
2419 1302 2630 1367 eodem,
2661 1318 2820 1374 quem
2849 1280 3098 1369 Christus
3126 1322 3226 1381 per
3251 1280 3440 1367 trium-

1860 1386 2025 1456 phum
2049 1388 2245 1454 crucis,
2262 1400 2319 1444 et
2338 1393 2750 1450 resurrectionis
2769 1395 3075 1464 victoriam,
3093 1400 3441 1457 tenebrarum

1864 1487 2077 1533 rectore
2117 1478 2393 1537 devicerat
2435 1481 2660 1552 plenus,
2700 1485 2924 1542 subiens
2951 1495 3192 1545 montem
3220 1488 3438 1554 Oliveti,

1864 1569 2055 1637 spiritu
2082 1572 2196 1626 oris
2213 1571 2429 1629 Domini
2452 1571 2578 1630 Jesu
2605 1574 2983 1645 interﬁcietur,
3007 1588 3059 1634 et
3081 1579 3442 1639 illustratione

1865 1661 2129 1718 adventus
2158 1664 2327 1735 ipsius
2355 1665 2688 1724 destruetur.
2737 1667 2892 1726 Sicut
2925 1679 2980 1728 et
3012 1670 3200 1727 Simon
3231 1671 3442 1745 Magus,

1864 1755 2131 1811 mentiens
2167 1772 2227 1812 se
2265 1759 2631 1816 resurrexisse
2675 1775 2706 1819 a
2748 1761 3007 1830 mortuis,
3054 1772 3109 1818 et
3149 1764 3440 1819 ascendere

168 1849 312 1909 libro
357 1864 423 1907 ιιι
468 1847 535 1905 de
563 1845 696 1902 Fide
726 1863 741 1901 :
775 1862 793 1895 ι
825 1843 921 1901 Dei
951 1840 1124 1898 Filius
1169 1837 1520 1937 cruciﬁgitur,
1561 1839 1759 1937 sed‘in
1784 1856 1837 1925 β
1865 1856 1924 1898 se
1953 1844 2018 1899 ad
2050 1844 2217 1902 cados
2246 1848 2586 1917 promittens,
2618 1852 2956 1929 orationibus
2982 1863 3038 1909 et
3063 1854 3290 1937 imp‘erio
3315 1870 3438 1927 apo.

165 1954 331 2003 cruce
381 1938 620 1996 hominis
670 1947 899 1993 mortem
944 1935 1088 1990 Deus
1132 1931 1342 1988 vincit:
1387 1929 1635 1987 Christus
1664 1930 1762 1988 Dei

154 2018 209 2095 ἰε’
215 2033 341 2089 ilius
360 2031 619 2099 moritur,
635 2029 728 2087 sed
747 2027 925 2103 omnis
945 2042 1074 2083 caro
1101 2026 1403 2082 viviﬁcatur
1417 2031 1471 2082 in
1491 2025 1756 2081 Christo.»

148 2102 237 2187 Et
260 2129 487 2191 sanctus
510 2118 845 2201 :Augustinus
878 2115 930 2170 in
964 2112 1101 2170 libro
1131 2115 1393 2187 vigesimo
1418 2120 1567 2188 (cap.
1598 2113 1663 2189 6)
1694 2113 1762 2169 de

166 2214 405 2283 civitate
425 2211 524 2268 Dei
552 2229 567 2266 :
604 2231 622 2263 ι
659 2209 858 2266 Omnes
884 2208 1065 2278 itaque
1094 2206 1294 2262 mortui
1324 2216 1451 2262 sunt
1482 2208 1534 2261 in
1564 2221 1764 2278 pecea-

162 2304 256 2372 tis,
289 2298 511 2359 nemine
539 2317 761 2374 prorsus
796 2309 1021 2372 excepto
1040 2340 1055 2366 ,
1086 2298 1200 2355 sive
1227 2296 1580 2372 originalibus
1600 2340 1616 2367 ,
1648 2299 1763 2355 sive

165 2380 334 2471 etiam
360 2395 641 2473 voluntate
664 2388 891 2457 additis,
937 2390 1019 2447 vel
1046 2390 1373 2462 ignorando,
1399 2390 1485 2447 vel
1519 2391 1759 2465 sciendo,

288 2466 558 2544 iaciendo
587 2484 730 2559 quod
749 2482 960 2557 justum
986 2493 1090 2550 est,
1122 2492 1177 2540 et
1204 2499 1302 2555 pro
1330 2483 1580 2557 omnibus
1609 2498 1761 2539 mor-

166 2578 273 2639 tuis
299 2581 463 2637 vivus
508 2587 758 2649 mortuus
795 2587 881 2635 est
905 2592 1047 2659 unus
1068 2616 1085 2646 ,
1112 2570 1167 2633 id
1195 2586 1279 2634 est
1304 2577 1508 2634 nullum
1554 2578 1761 2637 habens

162 2674 390 2731 omnino
418 2660 726 2746 peccatum.
756 2691 777 2733 ι

233 2766 311 2821 De
331 2758 677 2823 Antichristo
705 2772 909 2833 autem,
934 2778 1033 2838 per
1057 2779 1217 2836 quem
1261 2779 1383 2820 cum
1408 2778 1636 2836 corpore
1663 2779 1761 2821 suo

160 2871 357 2914 omnes
381 2854 593 2912 scilicet
633 2852 893 2927 reprobos
935 2842 1401 2916 PrmdeStinatiani
1432 2869 1533 2910 nos
1572 2864 1763 2926 putant

152 2966 218 3021 ise
242 2965 414 3023 posse
440 2946 798 3020 concludere,
834 2947 1105 3018 accipiant
1152 2946 1282 3017 quid
1311 2955 1532 3001 sanctus
1557 2943 1761 3017 (ἶνεςοα

159 3042 275 3099 rius
310 3040 367 3095 in
414 3039 556 3096 libro
583 3037 862 3096 Moralium
906 3034 1459 3111 trigesimo'sccundo
1497 3037 1635 3109 (cap.
1669 3023 1758 3115 t2)

160 3134 330 3188 dicit:
369 3153 389 3184 ι
428 3131 566 3213 Quia
613 3124 1012 3213 ergo,"inquit,
1038 3146 1141 3213 per
1173 3129 1531 3186 undenarium
1572 3144 1760 3187 nume-

1854 1937 2123 2019 1stolorum
2149 1938 2289 1996 Petri
2312 1951 2367 1997 et
2386 1940 2537 1998 Pauli
2566 1958 2595 1997 a
2618 1945 2953 2007 daemonibus
2978 1962 3010 2009 a
3035 1948 3233 2019 quibus
3264 1959 3433 2018 porta-

1862 2024 2022 2084 batur
2050 2027 2327 2097 dimissus,
2356 2047 2519 2103 super
2539 2032 2771 2105 lapidem
2798 2036 3011 2093 cecidit.
3045 2030 3114 2093 Et
3138 2041 3440 2097 concedens

1852 2108 2138 2189 'Aretium,
2172 2130 2230 2176 ut
2258 2123 2557 2196 Egesippus
2579 2141 2744 2182 verax
2774 2128 3242 2202 historiographus
3266 2132 3321 2186 in
3352 2134 3419 2187 ad

1863 2212 2083 2266 modum
2115 2212 2235 2268 utili
2268 2214 2496 2270 historia
2528 2216 2765 2288 scripsit,
2797 2218 3120 2293 crurifragio
3146 2221 3326 2292 periit.
3368 2223 3441 2281 De

1850 2315 1973 2377 quo
2000 2309 2055 2358 et
2078 2302 2271 2359 beatus
2298 2302 2661 2378 Hieronymus
2691 2307 2745 2363 in
2775 2308 3183 2368 Commentario
3209 2313 3442 2371 Mattbaci

1861 2389 2027 2448 dicit:
2063 2412 2082 2447 ι
2116 2391 2275 2449 Multi
2309 2396 2506 2451 venient
2550 2398 2606 2452 in
2649 2400 2857 2456 nomine
2886 2418 2999 2457 meo
3029 2403 3258 2459 dicentes
3279 2419 3299 2457 ε
3328 2404 3441 2478 Ego

1861 2500 1978 2538 sum
2010 2484 2281 2554 Christus,
2334 2497 2382 2541 et
2432 2487 2622 2544 multos
2668 2490 2913 2546 seducent
2941 2490 3156 2564 (Matth.
3181 2510 3329 2559 xxxv,
3364 2495 3420 2567 5)

1854 2568 2104 2646 'Quorum
2130 2593 2269 2636 unus
2290 2588 2373 2636 est
2394 2578 2583 2638 Simon
2605 2580 3004 2652 Samaritanus,
3028 2602 3188 2656 quem
3217 2587 3272 2641 in
3295 2586 3437 2644 Acti-

1860 2671 1963 2726 bus
2010 2671 2379 2742 apostolorum
2428 2670 2675 2745 legimus,
2724 2675 2815 2746 qui
2861 2691 2915 2729 se
2961 2692 3208 2746 magnam
3240 2677 3441 2732 dicebat

1862 2777 1973 2816 esse
1995 2762 2235 2823 virtutem
2257 2762 2395 2835 (Act.
2419 2779 2540 2833 vin,
2568 2763 2676 2835 10),
2711 2765 2825 2821 haec
2847 2781 3060 2837 quoque
3086 2766 3227 2823 inter
3248 2776 3441 2827 caetera

1862 2852 1919 2906 in
1964 2850 2079 2907 suis
2124 2850 2490 2910 voluminibus
2541 2858 2742 2928 scripta
2793 2856 3108 2912 dimittens:
3158 2859 3273 2931 Ego
3323 2877 3440 2916 sum

1863 2957 2043 2997 sermo
2073 2942 2198 3015 Dei,
2239 2958 2339 3016 ego
2374 2960 2492 3000 sum
2521 2945 2818 3017 speciosus,
2861 2962 2961 3020 ego
2987 2949 3311 3018 paracletus,
3344 2965 3443 3023 ego

1862 3036 2226 3106 omnipotens,
2248 3052 2346 3107 ego
2369 3038 2547 3093 omnia
2570 3038 2685 3095 Dei.
2714 3038 2819 3094 Sed
2841 3048 2895 3096 et
2912 3036 3148 3097 Joannes
3170 3043 3443 3114 apostolus

1852 3122 1918 3180 in
1954 3125 2180 3196 epistola
2220 3142 2317 3183 sua
2356 3127 2631 3200 loquitur:
2666 3128 2903 3185 Audistis
2938 3131 3063 3202 quia
3091 3132 3443 3191 Antichristus

160 3244 278 3283 rum
305 3224 683 3296 transgressio
699 3223 1042 3296 exprimitur,
1070 3220 1231 3295 hujus
1255 3221 1442 3279 bestia).
1462 3237 1632 3278 cornu
1655 3238 1756 3278 un-
1776 3224 1833 3289 ε
1863 3226 2107 3272 venturus
2163 3228 2239 3273 est
2277 3231 2295 3271 :
2352 3236 2489 3274 nunc
2541 3230 2716 3275 autem
2767 3222 3074 3278 Antichristi
3122 3225 3276 3279 multi
3323 3236 3445 3283 sunt

159 3315 374 3372 decimo
412 3315 531 3389 ipse
567 3323 757 3375 auctor
787 3312 1238 3386 transgressionis
1278 3313 1570 3369 indicatur.
1603 3311 1760 3381 Quod

156 3408 417 3463 videlicet
432 3406 723 3479 parvulum
747 3394 951 3472 oritur,
967 3403 1095 3476 quia
1137 3419 1308 3478 purus
1333 3404 1497 3460 homo
1525 3419 1756 3487 genera-

160 3514 272 3563 tur,
297 3501 397 3558 sed
429 3500 744 3556 immaniter
765 3501 986 3569 crescit,
1008 3499 1101 3577 qui
1126 3515 1298 3572 usque
1324 3499 1392 3556 ad
1416 3499 1759 3569 conjunctam

158 3593 261 3650 sibi
292 3594 405 3648 vim
428 3592 688 3665 angelica:
708 3591 1040 3649 fortitudinis
1061 3592 1298 3666 proﬁcit.
1328 3611 1347 3645 ι
1376 3592 1443 3648 Et
1466 3593 1595 3648 item
1618 3592 1757 3664 (cap.

158 3687 251 3759 18)
278 3705 293 3740 :
321 3707 338 3738 ι
372 3686 710 3756 Principium
731 3687 942 3741 viarum
965 3685 1060 3742 Dei
1085 3687 1383 3763 Bebemotb
1400 3687 1617 3754 dicitur,
1632 3685 1759 3757 quia

157 3776 420 3832 nimirum
466 3792 592 3831 eum
634 3784 829 3833 cuncta
866 3793 1059 3847 creatis
1098 3786 1312 3848 ageret,
1348 3777 1492 3835 hunc
1524 3776 1760 3848 primum

156 3868 426 3933 condidit,
459 3880 619 3939 quem
646 3867 868 3938 reliquis
889 3852 1093 3945 angelis
1110 3858 1537 3925 eminentiorem
1563 3867 1711 3922 fecit.
1733 3886 1753 3920 ι

158 3960 231 4014 Et
278 3961 410 4014 item
444 3958 585 4031 (cap.
636 3960 771 4031 12):
807 3981 825 4012 ι
862 3960 1001 4028 Quid
1038 3970 1215 4016 autem
1247 3961 1418 4016 cauda
1462 3958 1759 4015 Behemoth

153 4052 321 4107 istius
348 4052 450 4105 nisi
484 4051 574 4105 illa
599 4052 803 4122 antiqui
838 4052 1011 4109 hostis
1032 4052 1351 4107 extremitas
1378 4051 1601 4133 dicitur,
1634 4064 1755 4104 cum

154 4160 257 4197 vas
305 4144 583 4215 proprium
625 4143 771 4197 illum
815 4144 1082 4213 perditum
1126 4143 1396 4197 hominem
1434 4140 1755 4214 ingreditur,

152 4236 251 4305 qui
295 4235 605 4306 specialiter
642 4234 1009 4290 Antichristus
1053 4244 1416 4305 nuncupatur.
1451 4252 1470 4285 ι
1520 4233 1589 4285 Et
1629 4231 1758 4285 item

153 4329 301 4400 (cap.
317 4328 459 4401 eod.)
479 4326 1092 4393 :«TuncAntichristus,
1112 4326 1294 4381 mundi
1310 4323 1533 4397 gloriam
1550 4332 1758 4393 tempo-

152 4419 348 4472 raliter
370 4420 648 4485 obtinens,
676 4435 960 4477 mensuras
992 4419 1272 4489 hominum
1308 4427 1363 4471 ct
1389 4415 1612 4470 honoris
1645 4414 1758 4470 cul-

149 4510 308 4566 mine
332 4513 671 4583 etsignorum
689 4521 958 4581 potestate
974 4510 1327 4566 transcendit.
1345 4507 1581 4578 Spiritus
1596 4506 1756 4579 quipp

1851 3305 1914 3391 '(I
1945 3307 2108 3364 Joan.
2138 3325 2210 3377 ιι,
2249 3309 2359 3382 18).
2390 3330 2409 3364 ι
2466 3311 2534 3367 Et
2578 3310 2726 3368 Beda
2772 3314 2824 3369 in
2873 3314 3192 3372 Commento
3242 3318 3441 3375 Lucae:
3500 3324 3510 3332 ”

1852 3417 1885 3477 ¹ι
1916 3398 1986 3455 Ει
2013 3399 2196 3457 dicent
2221 3400 2374 3459 vobis
2399 3420 2416 3458 :
2445 3402 2585 3460 Ecce
2608 3402 2699 3460 hic
2731 3402 3001 3473 Christus,
3032 3419 3162 3471 ecce
3189 3408 3315 3475 illic,
3346 3426 3445 3465 no-

1858 3489 1956 3548 lite
1986 3491 2097 3559 ire,
2132 3506 2307 3567 neque
2334 3494 2633 3550 sectemini.
2685 3494 2811 3551 Haec
2836 3496 3105 3553 sententia
3132 3514 3239 3569 non
3269 3498 3442 3556 solum

1861 3582 1928 3637 ad
1961 3590 2203 3655 tempus,
2244 3585 2339 3641 sed
2367 3586 2531 3643 etiam
2567 3586 2635 3641 ad
2667 3602 2954 3658 personam
2983 3600 3164 3659 posset
3194 3589 3439 3663 intelligi.

1860 3676 1929 3731 Et
1957 3677 2023 3731 ad
2054 3687 2264 3747 tempus
2292 3680 2540 3748 quidem,
2580 3680 2705 3751 quia
2735 3681 2991 3737 exstitere
3028 3683 3303 3751 nonnulli,
3351 3684 3441 3755 qui

1861 3767 2130 3823 curricula
2158 3778 2535 3839 computantes
2561 3779 2810 3839 attalum,
2851 3784 3059 3829 certum
3095 3791 3152 3830 se
3186 3792 3441 3832 consum-

1862 3861 2115 3917 mationis
2158 3862 2341 3917 saeculi
2382 3878 2615 3930 annum,
2662 3864 2834 3932 diem,
2882 3875 2937 3922 et
2971 3867 3161 3922 horam
3203 3870 3445 3927 dicerent

1862 3950 2155 4017 invenisse,
2180 3962 2366 4008 contra
2388 3955 2765 4011 auctoritatem
2790 3956 3000 4012 Domini
3029 3960 3288 4016 dicentis:
3319 3958 3443 4016 Non

1859 4053 1933 4099 est
1974 4053 2197 4098 vestrum
2237 4062 2386 4100 nosse
2424 4056 2657 4116 tempora
2699 4047 2774 4103 vel
2816 4060 3075 4104 momenta
3104 4051 3239 4122 (Act.
3271 4069 3320 4117 ι,
3347 4038 3439 4121 7):

1862 4135 1928 4190 ad
1956 4150 2243 4206 personam
2276 4152 2425 4204 vero,
2464 4139 2588 4207 quia
2620 4138 2773 4192 multi
2807 4149 2992 4193 contra
3022 4140 3319 4197 Ecclesiam
3353 4159 3443 4199 ve-

1862 4242 2023 4293 nere,
2066 4227 2220 4281 multi
2248 4230 2459 4283 venturi
2501 4239 2625 4284 sunt
2664 4229 2935 4297 haeretici,
2977 4232 3069 4302 qui
3109 4235 3341 4289 cbristos
3382 4248 3441 4290 se

1861 4327 2171 4374 asseverent
2195 4333 2210 4372 :
2241 4335 2467 4389 quorum
2496 4321 2701 4390 primus
2726 4322 2913 4377 Simon
2936 4321 3141 4395 Magus,
3164 4334 3441 4382 extremus

1863 4421 2040 4466 autem
2082 4410 2170 4465 iUe
2210 4410 2382 4479 major
2419 4413 2628 4467 czetcris
2665 4422 2747 4470 est
2777 4414 3164 4473 Antichristus.
3200 4438 3219 4470 ›
3273 4420 3341 4474 Ει
3384 4421 3441 4478 in

1860 4503 2147 4559 undecimo
2196 4503 2332 4559 libro
2382 4503 2663 4560 Moralium
2711 4505 3043 4577 Gregorius:
3087 4526 3104 4557 ι
3144 4507 3296 4579 Quod
3344 4526 3442 4579 per

138 4586 222 4677 :pe
243 4601 414 4676 399
433 4602 486 4657 in
506 4601 594 4657 illo
615 4612 718 4669 est,
742 4605 833 4673 qui
865 4602 917 4657 in
941 4601 1260 4658 sublimibus
1289 4599 1555 4664 conditus,
1571 4586 1842 4670 poten-lD
1865 4593 2139 4650 Danielem
2185 4594 2542 4665 subjungitur,
2585 4595 2748 4669 400
2784 4599 2895 4657 sine
2937 4615 3113 4673 manu
3148 4610 3442 4681 conteretur

151 4695 295 4748 tiam
324 4690 535 4748 naturae
562 4709 673 4748 sum
698 4710 804 4747 non
830 4694 1063 4765 perdidit
1083 4691 1167 4767 vel
1193 4692 1449 4765 dejectus.
1475 4710 1495 4744 ι
1527 4691 1595 4747 Et
1618 4691 1748 4746 item

142 4768 213 4838 ἰιι
234 4784 418 4838 edicto
444 4782 654 4839 civibus
674 4780 939 4839 Romanis
965 4778 1245 4857 proposito
1260 4780 1465 4855 (lib.x1,
1490 4783 1641 4854 epist.
1657 4779 1745 4855 5):

156 4894 177 4926 s
205 4874 474 4931 Pervenit
513 4875 580 4930 ad
627 4890 715 4930 me
758 4872 1023 4944 quosdam
1064 4874 1431 4951 presbyteros,
1463 4890 1750 4946 perversos

152 4952 373 5043 scilicet
399 4964 670 5032 homines,
708 4980 878 5036 prava
918 4964 1062 5019 inter
1089 4980 1186 5020 vos
1228 4960 1407 5034 aliqua
1451 4974 1504 5020 et
1541 4976 1749 5023 sancta:

152 5052 287 5114 ﬁdei
320 5055 549 5111 adversa
587 5056 911 5119 seminasse,
958 5055 1032 5109 ita
1071 5062 1131 5109 ut
1167 5054 1261 5111 die
1288 5053 1508 5111 Sabbati
1543 5056 1748 5131 aliquid

148 5148 378 5221 operari
404 5149 785 5217 prohiberent,
812 5160 950 5215 quos
974 5145 1103 5217 quid
1131 5145 1275 5201 aliud
1301 5146 1404 5200 nisi
1430 5146 1752 5207 Antichristi

140 5234 545 5315 praedicatores
577 5239 844 5303 dixerim,
875 5236 964 5307 qui
992 5239 1213 5296 veniens
1241 5238 1385 5293 diem
1416 5236 1637 5299 Sabbati
1667 5248 1751 5295 at-

142 5340 263 5407 ‘q'ue
314 5330 651 5392 Dominieum
705 5330 781 5387 ab
832 5329 976 5384 omni
1026 5329 1187 5386 faciet
1228 5345 1393 5401 opere
1440 5331 1752 5392 custodiri?

150 5430 295 5488 Cuia
326 5426 472 5472 enim
501 5430 630 5458 *⁸-³
667 5443 678 5450 ‘
791 5421 805 5428 ’
909 5420 919 5423 Α

1859 4685 2020 4759 (Dan.
2046 4687 2304 4758 vm,2‘2),
2348 4687 2453 4741 hoc
2493 4702 2590 4758 per
2632 4687 2853 4743 Paulum
2899 4691 3242 4760 exprimitur,
3286 4709 3439 4763 quem

1859 4776 2114 4833 Dominus
2143 4778 2297 4833 Iesus
2334 4779 2608 4849 interﬁciet
2641 4782 2827 4850 spiritu
2857 4783 2963 4849 oris
2992 4785 3097 4850 sui,
3133 4793 3179 4838 et
3213 4768 3442 4839 destruet

1855 4868 2206 4949 illustrations
2227 4872 2476 4928 adventus
2499 4876 2580 4928 sui
2607 4872 2691 4945 (II
2719 4873 2898 4932 Thess.
2928 4893 2988 4941 ll,
3012 4878 3089 4948 8).
3124 4878 3252 4932 Sine
3279 4894 3441 4931 manu

1858 4963 2066 5019 scilicet
2098 4973 2433 5029 conteretur,
2472 4968 2600 5036 quia
2636 4982 2742 5021 non
2784 4968 3098 5034 angelorum
3136 4968 3296 5030 bello,
3334 4984 3443 5033 non

1857 5064 2170 5112 sanctorum
2197 5058 2515 5122 certamine,
2544 5058 2639 5117 sed
2664 5072 2764 5128 per
2790 5061 3083 5118 adventum
3104 5058 3301 5127 judicis
3326 5059 3445 5114 solo

1854 5145 1967 5202 oris
2012 5149 2096 5203 sui
2126 5148 2320 5219 spiritu
2358 5158 2565 5208 aeterna
2604 5157 2783 5206 morte
2812 5149 3060 5208 ferietur.
3092 5171 3127 5225 )_
3166 5148 3233 5204 Et
3272 5148 3442 5203 item:

1860 5256 1878 5288 ι
1910 5234 2021 5292 Sed
2063 5240 2188 5310 quia
2234 5238 2394 5307 quale
2437 5241 2512 5295 sit
2555 5242 2869 5288 inim-mum
2919 5250 3080 5284 ρειηιιι
3123 5238 3422 5280 οιπιινίηυεα

1856 5344 1999 5370 nnnn
2040 5331 2072 5358 ι-
2119 5331 2130 5344 ⁸
