  <div class='ocr_page' id='page_1' title='image "/cluster/home/n/w/nwhite01/storage/ocr_20150623/125/hvd.32044015471667/247.png"; bbox 0 0 1999 3168; ppageno 0'>
   <div class='ocr_carea' id='block_1_1' title="bbox 315 141 370 176">
    <p class='ocr_par' dir='ltr' id='par_1_1' title="bbox 315 141 370 176">
     <span class='ocr_line' id='line_1_1' title="bbox 315 141 370 176; baseline -0.018 0"><span class='ocrx_word' id='word_1_1' title='bbox 315 141 370 176; x_wconf 64' lang='lat'><strong>1&#39;85</strong></span> 
     </span>
    </p>
   </div>
   <div class='ocr_carea' id='block_1_2' title="bbox 794 143 1455 174">
    <p class='ocr_par' dir='ltr' id='par_1_2' title="bbox 794 143 1455 174">
     <span class='ocr_line' id='line_1_2' title="bbox 794 143 1455 174; baseline 0.003 -2"><span class='ocrx_word' id='word_1_2' title='bbox 794 144 959 173; x_wconf 80' lang='lat' dir='ltr'><strong>HINCMARI</strong></span> <span class='ocrx_word' id='word_1_3' title='bbox 977 143 1175 173; x_wconf 75' lang='lat' dir='ltr'><strong>RHEMENSIS</strong></span> <span class='ocrx_word' id='word_1_4' title='bbox 1193 144 1455 174; x_wconf 79' lang='lat' dir='ltr'><strong>ARCHIEPISCOPI</strong></span> 
     </span>
    </p>
   </div>
   <div class='ocr_carea' id='block_1_3' title="bbox 1889 151 1934 181">
    <p class='ocr_par' dir='ltr' id='par_1_3' title="bbox 1889 151 1934 181">
     <span class='ocr_line' id='line_1_3' title="bbox 1889 151 1934 181; baseline -0.044 0"><span class='ocrx_word' id='word_1_5' title='bbox 1889 151 1934 181; x_wconf 63' lang='grc'><strong>484</strong></span> 
     </span>
    </p>
   </div>
   <div class='ocr_carea' id='block_1_4' title="bbox 314 201 1934 243">
    <p class='ocr_par' dir='ltr' id='par_1_4' title="bbox 314 201 1934 243">
     <span class='ocr_line' id='line_1_4' title="bbox 314 201 1934 243; baseline 0.004 -14"><span class='ocrx_word' id='word_1_6' title='bbox 314 203 380 238; x_wconf 87' lang='lat' dir='ltr'><strong>piat,</strong></span> <span class='ocrx_word' id='word_1_7' title='bbox 395 206 422 230; x_wconf 90' lang='lat' dir='ltr'><strong>et</strong></span> <span class='ocrx_word' id='word_1_8' title='bbox 436 202 480 230; x_wconf 85' lang='lat' dir='ltr'><strong>det</strong></span> <span class='ocrx_word' id='word_1_9' title='bbox 490 202 686 238; x_wconf 77' lang='lat' dir='ltr'><strong>paenitentiam,</strong></span> <span class='ocrx_word' id='word_1_10' title='bbox 702 207 730 230; x_wconf 89' lang='lat' dir='ltr'><strong>et</strong></span> <span class='ocrx_word' id='word_1_11' title='bbox 743 207 855 238; x_wconf 88' lang='lat' dir='ltr'><strong>accepto</strong></span> <span class='ocrx_word' id='word_1_12' title='bbox 875 202 1009 230; x_wconf 82' lang='lat' dir='ltr'><strong>sacriﬁcio</strong></span> <span class='ocrx_word' id='word_1_13' title='bbox 1025 202 1103 237; x_wconf 81' lang='lat' dir='ltr'><strong>spiri-</strong></span> <span class='ocrx_word' id='word_1_14' title='bbox 1118 205 1142 233; x_wconf 85' lang='grc' dir='ltr'>Α</span> <span class='ocrx_word' id='word_1_15' title='bbox 1191 201 1247 229; x_wconf 79' lang='lat' dir='ltr'><strong>XL.</strong></span> <span class='ocrx_word' id='word_1_16' title='bbox 1266 203 1327 230; x_wconf 75' lang='lat' dir='ltr'><strong>lianc</strong></span> <span class='ocrx_word' id='word_1_17' title='bbox 1340 208 1382 230; x_wconf 83' lang='lat' dir='ltr'><strong>est</strong></span> <span class='ocrx_word' id='word_1_18' title='bbox 1396 211 1500 231; x_wconf 85' lang='lat' dir='ltr'><strong>summa</strong></span> <span class='ocrx_word' id='word_1_19' title='bbox 1511 204 1592 232; x_wconf 88' lang='lat' dir='ltr'><strong>totius</strong></span> <span class='ocrx_word' id='word_1_20' title='bbox 1602 211 1659 232; x_wconf 67' lang='lat' dir='ltr'><strong>suae</strong></span> <span class='ocrx_word' id='word_1_21' title='bbox 1670 203 1854 240; x_wconf 61' lang='lat' dir='ltr'><strong>blasphemia,</strong></span> <span class='ocrx_word' id='word_1_22' title='bbox 1866 215 1934 243; x_wconf 84' lang='lat' dir='ltr'><strong>quam</strong></span> 
     </span>
    </p>
   </div>
   <div class='ocr_carea' id='block_1_5' title="bbox 314 247 1104 282">
    <p class='ocr_par' dir='ltr' id='par_1_5' title="bbox 314 247 1104 282">
     <span class='ocr_line' id='line_1_5' title="bbox 314 247 1104 282; baseline 0 -7"><span class='ocrx_word' id='word_1_23' title='bbox 314 252 356 276; x_wconf 89' lang='lat' dir='ltr'><strong>tus</strong></span> <span class='ocrx_word' id='word_1_24' title='bbox 371 248 542 276; x_wconf 89' lang='lat' dir='ltr'><strong>contribulati</strong></span> <span class='ocrx_word' id='word_1_25' title='bbox 567 256 597 275; x_wconf 89' lang='lat' dir='ltr'><strong>ac</strong></span> <span class='ocrx_word' id='word_1_26' title='bbox 617 248 705 275; x_wconf 82' lang='lat' dir='ltr'><strong>cordis</strong></span> <span class='ocrx_word' id='word_1_27' title='bbox 724 248 845 281; x_wconf 89' lang='lat' dir='ltr'><strong>contriti,</strong></span> <span class='ocrx_word' id='word_1_28' title='bbox 864 256 878 275; x_wconf 92' lang='lat' dir='ltr'><strong>a</strong></span> <span class='ocrx_word' id='word_1_29' title='bbox 894 254 967 275; x_wconf 90' lang='lat' dir='ltr'><strong>reatu</strong></span> <span class='ocrx_word' id='word_1_30' title='bbox 980 247 1104 282; x_wconf 84' lang='lat' dir='ltr'><strong>quamvis</strong></span> 
     </span>
    </p>
   </div>
   <div class='ocr_carea' id='block_1_6' title="bbox 310 292 1104 335">
    <p class='ocr_par' dir='ltr' id='par_1_6' title="bbox 310 292 1104 335">
     <span class='ocr_line' id='line_1_6' title="bbox 310 292 1104 335; baseline -0.001 -14"><span class='ocrx_word' id='word_1_31' title='bbox 310 293 390 335; x_wconf 70' lang='lat' dir='ltr'><strong>juslm</strong></span> <span class='ocrx_word' id='word_1_32' title='bbox 403 293 582 320; x_wconf 68' lang='lat' dir='ltr'><strong>damnationis</strong></span> <span class='ocrx_word' id='word_1_33' title='bbox 604 292 736 325; x_wconf 87' lang='lat' dir='ltr'><strong>absolvat,</strong></span> <span class='ocrx_word' id='word_1_34' title='bbox 753 293 963 328; x_wconf 77' lang='lat' dir='ltr'><strong>damnatumque</strong></span> <span class='ocrx_word' id='word_1_35' title='bbox 979 294 1036 328; x_wconf 84' lang='lat' dir='ltr'><strong>ipse</strong></span> <span class='ocrx_word' id='word_1_36' title='bbox 1051 301 1104 320; x_wconf 89' lang='lat' dir='ltr'><strong>non</strong></span> 
     </span>
    </p>
   </div>
   <div class='ocr_carea' id='block_1_7' title="bbox 313 338 1104 373">
    <p class='ocr_par' dir='ltr' id='par_1_7' title="bbox 313 338 1104 373">
     <span class='ocr_line' id='line_1_7' title="bbox 313 338 1104 373; baseline 0.001 -8"><span class='ocrx_word' id='word_1_37' title='bbox 313 339 432 366; x_wconf 88' lang='lat' dir='ltr'><strong>damnet.</strong></span> <span class='ocrx_word' id='word_1_38' title='bbox 458 338 605 366; x_wconf 83' lang='lat' dir='ltr'><strong>Pastoralis</strong></span> <span class='ocrx_word' id='word_1_39' title='bbox 619 343 708 365; x_wconf 89' lang='lat' dir='ltr'><strong>tamen</strong></span> <span class='ocrx_word' id='word_1_40' title='bbox 726 339 874 366; x_wconf 73' lang='lat' dir='ltr'><strong>necessitas</strong></span> <span class='ocrx_word' id='word_1_41' title='bbox 887 339 980 371; x_wconf 82' lang='lat' dir='ltr'><strong>habet,</strong></span> <span class='ocrx_word' id='word_1_42' title='bbox 1003 347 1035 366; x_wconf 89' lang='lat' dir='ltr'><strong>ne</strong></span> <span class='ocrx_word' id='word_1_43' title='bbox 1056 346 1104 373; x_wconf 87' lang='lat' dir='ltr'><strong>per</strong></span> 
     </span>
    </p>
   </div>
   <div class='ocr_carea' id='block_1_8' title="bbox 314 384 1104 420">
    <p class='ocr_par' dir='ltr' id='par_1_8' title="bbox 314 384 1104 420">
     <span class='ocr_line' id='line_1_8' title="bbox 314 384 1104 420; baseline 0.003 -10"><span class='ocrx_word' id='word_1_44' title='bbox 314 384 404 420; x_wconf 89' lang='lat' dir='ltr'><strong>plures</strong></span> <span class='ocrx_word' id='word_1_45' title='bbox 426 389 537 419; x_wconf 90' lang='lat' dir='ltr'><strong>serpant</strong></span> <span class='ocrx_word' id='word_1_46' title='bbox 561 384 618 411; x_wconf 90' lang='lat' dir='ltr'><strong>dira</strong></span> <span class='ocrx_word' id='word_1_47' title='bbox 641 385 764 420; x_wconf 76' lang='lat' dir='ltr'><strong>contagia</strong></span> <span class='ocrx_word' id='word_1_48' title='bbox 778 405 785 417; x_wconf 93' lang='lat'><strong>,</strong></span> <span class='ocrx_word' id='word_1_49' title='bbox 808 392 935 419; x_wconf 88' lang='lat' dir='ltr'><strong>separare</strong></span> <span class='ocrx_word' id='word_1_50' title='bbox 952 385 985 412; x_wconf 90' lang='lat' dir='ltr'><strong>ab</strong></span> <span class='ocrx_word' id='word_1_51' title='bbox 1009 385 1104 412; x_wconf 89' lang='lat' dir='ltr'><strong>ovibus</strong></span> 
     </span>
    </p>
   </div>
   <div class='ocr_carea' id='block_1_9' title="bbox 312 429 1104 466">
    <p class='ocr_par' dir='ltr' id='par_1_9' title="bbox 312 429 1104 466">
     <span class='ocr_line' id='line_1_9' title="bbox 312 429 1104 466; baseline 0.004 -10"><span class='ocrx_word' id='word_1_52' title='bbox 312 429 386 457; x_wconf 88' lang='lat' dir='ltr'><strong>sanis</strong></span> <span class='ocrx_word' id='word_1_53' title='bbox 409 429 571 463; x_wconf 88' lang='lat' dir='ltr'><strong>morbidam,</strong></span> <span class='ocrx_word' id='word_1_54' title='bbox 591 430 626 457; x_wconf 90' lang='lat' dir='ltr'><strong>ab</strong></span> <span class='ocrx_word' id='word_1_55' title='bbox 650 430 694 458; x_wconf 92' lang='lat' dir='ltr'><strong>illo</strong></span> <span class='ocrx_word' id='word_1_56' title='bbox 713 431 756 458; x_wconf 92' lang='lat' dir='ltr'><strong>cui</strong></span> <span class='ocrx_word' id='word_1_57' title='bbox 778 430 844 458; x_wconf 87' lang='lat' dir='ltr'><strong>nihil</strong></span> <span class='ocrx_word' id='word_1_58' title='bbox 872 436 915 458; x_wconf 87' lang='lat' dir='ltr'><strong>est</strong></span> <span class='ocrx_word' id='word_1_59' title='bbox 940 431 1104 466; x_wconf 79' lang='lat' dir='ltr'><strong>impossibile</strong></span> 
     </span>
    </p>
   </div>
   <div class='ocr_carea' id='block_1_10' title="bbox 295 474 1104 511">
    <p class='ocr_par' dir='ltr' id='par_1_10' title="bbox 295 474 1104 511">
     <span class='ocr_line' id='line_1_10' title="bbox 295 474 1104 511; baseline 0.002 -9"><span class='ocrx_word' id='word_1_60' title='bbox 295 477 297 480; x_wconf 84' lang='grc'><strong>’</strong></span> <span class='ocrx_word' id='word_1_61' title='bbox 314 475 371 511; x_wconf 85' lang='lat' dir='ltr'><strong>ipsa</strong></span> <span class='ocrx_word' id='word_1_62' title='bbox 388 475 502 503; x_wconf 84' lang='lat' dir='ltr'><strong>forsitan</strong></span> <span class='ocrx_word' id='word_1_63' title='bbox 515 476 684 511; x_wconf 87' lang='lat' dir='ltr'><strong>separatione</strong></span> <span class='ocrx_word' id='word_1_64' title='bbox 696 477 853 503; x_wconf 84' lang='lat' dir='ltr'><strong>sanandam.</strong></span> <span class='ocrx_word' id='word_1_65' title='bbox 869 474 1104 504; x_wconf 84' lang='lat' dir='ltr'><strong>Nescientesenim</strong></span> 
     </span>
    </p>
   </div>
   <div class='ocr_carea' id='block_1_11' title="bbox 311 520 1103 557">
    <p class='ocr_par' dir='ltr' id='par_1_11' title="bbox 311 520 1103 557">
     <span class='ocr_line' id='line_1_11' title="bbox 311 520 1103 557; baseline 0 -9"><span class='ocrx_word' id='word_1_66' title='bbox 311 521 371 555; x_wconf 83' lang='lat' dir='ltr'><strong>quis</strong></span> <span class='ocrx_word' id='word_1_67' title='bbox 397 521 532 556; x_wconf 85' lang='lat' dir='ltr'><strong>pertineat</strong></span> <span class='ocrx_word' id='word_1_68' title='bbox 549 520 582 548; x_wconf 87' lang='lat' dir='ltr'><strong>ad</strong></span> <span class='ocrx_word' id='word_1_69' title='bbox 606 521 860 557; x_wconf 68' lang='lat' dir='ltr'><strong>prmdestinalorum</strong></span> <span class='ocrx_word' id='word_1_70' title='bbox 886 529 1039 553; x_wconf 80' lang='lat' dir='ltr'><strong>numerum,</strong></span> <span class='ocrx_word' id='word_1_71' title='bbox 1056 520 1103 556; x_wconf 87' lang='lat' dir='ltr'><strong>qui</strong></span> 
     </span>
    </p>
   </div>
   <div class='ocr_carea' id='block_1_12' title="bbox 310 566 1102 601">
    <p class='ocr_par' dir='ltr' id='par_1_12' title="bbox 310 566 1102 601">
     <span class='ocr_line' id='line_1_12' title="bbox 310 566 1102 601; baseline 0.001 -8"><span class='ocrx_word' id='word_1_72' title='bbox 310 574 364 594; x_wconf 91' lang='lat' dir='ltr'><strong>non</strong></span> <span class='ocrx_word' id='word_1_73' title='bbox 384 566 526 601; x_wconf 87' lang='lat' dir='ltr'><strong>pertineat,</strong></span> <span class='ocrx_word' id='word_1_74' title='bbox 549 567 589 594; x_wconf 88' lang='lat' dir='ltr'><strong>sic</strong></span> <span class='ocrx_word' id='word_1_75' title='bbox 599 567 666 594; x_wconf 80' lang='lat' dir='ltr'><strong>allici</strong></span> <span class='ocrx_word' id='word_1_76' title='bbox 682 567 811 595; x_wconf 83' lang='lat' dir='ltr'><strong>debemus</strong></span> <span class='ocrx_word' id='word_1_77' title='bbox 834 567 975 595; x_wconf 87' lang='lat' dir='ltr'><strong>charitatis</strong></span> <span class='ocrx_word' id='word_1_78' title='bbox 993 567 1102 600; x_wconf 81' lang='lat' dir='ltr'><strong>affectu,</strong></span> 
     </span>
    </p>
   </div>
   <div class='ocr_carea' id='block_1_13' title="bbox 286 612 1103 649">
    <p class='ocr_par' dir='ltr' id='par_1_13' title="bbox 286 612 1103 649">
     <span class='ocr_line' id='line_1_13' title="bbox 286 612 1103 649; baseline 0 -9"><span class='ocrx_word' id='word_1_79' title='bbox 286 617 288 624; x_wconf 76' lang='grc'>⁵</span> <span class='ocrx_word' id='word_1_80' title='bbox 310 617 340 640; x_wconf 87' lang='lat' dir='ltr'><strong>ut</strong></span> <span class='ocrx_word' id='word_1_81' title='bbox 359 620 454 641; x_wconf 87' lang='lat' dir='ltr'><strong>omnes</strong></span> <span class='ocrx_word' id='word_1_82' title='bbox 468 613 582 641; x_wconf 87' lang='lat' dir='ltr'><strong>velimus</strong></span> <span class='ocrx_word' id='word_1_83' title='bbox 596 613 685 640; x_wconf 84' lang='lat' dir='ltr'><strong>salvos</strong></span> <span class='ocrx_word' id='word_1_84' title='bbox 710 612 850 641; x_wconf 35' lang='lat' dir='ltr'><strong>fierialloc</strong></span> <span class='ocrx_word' id='word_1_85' title='bbox 866 614 964 649; x_wconf 90' lang='lat' dir='ltr'><strong>quippe</strong></span> <span class='ocrx_word' id='word_1_86' title='bbox 981 613 1020 646; x_wconf 89' lang='lat' dir='ltr'><strong>fit,</strong></span> <span class='ocrx_word' id='word_1_87' title='bbox 1041 621 1103 640; x_wconf 93' lang='lat' dir='ltr'><strong>cum</strong></span> 
     </span>
    </p>
   </div>
   <div class='ocr_carea' id='block_1_14' title="bbox 310 657 1103 694">
    <p class='ocr_par' dir='ltr' id='par_1_14' title="bbox 310 657 1103 694">
     <span class='ocr_line' id='line_1_14' title="bbox 310 657 1103 694; baseline 0.001 -8"><span class='ocrx_word' id='word_1_88' title='bbox 310 657 430 693; x_wconf 80' lang='lat' dir='ltr'><strong>singulos</strong></span> <span class='ocrx_word' id='word_1_89' title='bbox 442 666 562 693; x_wconf 90' lang='lat' dir='ltr'><strong>quosque</strong></span> <span class='ocrx_word' id='word_1_90' title='bbox 574 663 602 685; x_wconf 93' lang='lat' dir='ltr'><strong>ut</strong></span> <span class='ocrx_word' id='word_1_91' title='bbox 615 659 794 692; x_wconf 68' lang='lat' dir='ltr'><strong>occurret-int,</strong></span> <span class='ocrx_word' id='word_1_92' title='bbox 803 667 863 686; x_wconf 91' lang='lat' dir='ltr'><strong>cum</strong></span> <span class='ocrx_word' id='word_1_93' title='bbox 875 660 972 694; x_wconf 84' lang='lat' dir='ltr'><strong>quibus</strong></span> <span class='ocrx_word' id='word_1_94' title='bbox 985 659 1010 686; x_wconf 88' lang='lat' dir='ltr'><strong>id</strong></span> <span class='ocrx_word' id='word_1_95' title='bbox 1023 667 1103 694; x_wconf 80' lang='lat' dir='ltr'><strong>agere</strong></span> 
     </span>
    </p>
   </div>
   <div class='ocr_carea' id='block_1_15' title="bbox 309 704 1102 740">
    <p class='ocr_par' dir='ltr' id='par_1_15' title="bbox 309 704 1102 740">
     <span class='ocr_line' id='line_1_15' title="bbox 309 704 1102 740; baseline 0.003 -10"><span class='ocrx_word' id='word_1_96' title='bbox 309 704 456 737; x_wconf 80' lang='lat' dir='ltr'><strong>valeamus,</strong></span> <span class='ocrx_word' id='word_1_97' title='bbox 480 704 513 731; x_wconf 87' lang='lat' dir='ltr'><strong>ad</strong></span> <span class='ocrx_word' id='word_1_98' title='bbox 529 704 579 732; x_wconf 91' lang='lat' dir='ltr'><strong>hoc</strong></span> <span class='ocrx_word' id='word_1_99' title='bbox 595 712 725 732; x_wconf 83' lang='lat' dir='ltr'><strong>conamur</strong></span> <span class='ocrx_word' id='word_1_100' title='bbox 742 704 890 737; x_wconf 83' lang='lat' dir='ltr'><strong>inﬂectere,</strong></span> <span class='ocrx_word' id='word_1_101' title='bbox 917 709 946 732; x_wconf 90' lang='lat' dir='ltr'><strong>ut</strong></span> <span class='ocrx_word' id='word_1_102' title='bbox 962 705 1102 740; x_wconf 86' lang='lat' dir='ltr'><strong>justificati</strong></span> 
     </span>
    </p>
   </div>
   <div class='ocr_carea' id='block_1_16' title="bbox 308 750 1103 787">
    <p class='ocr_par' dir='ltr' id='par_1_16' title="bbox 308 750 1103 787">
     <span class='ocr_line' id='line_1_16' title="bbox 308 750 1103 787; baseline 0.001 -10"><span class='ocrx_word' id='word_1_103' title='bbox 308 755 342 777; x_wconf 77' lang='lat' dir='ltr'><strong>ex</strong></span> <span class='ocrx_word' id='word_1_104' title='bbox 360 750 412 778; x_wconf 85' lang='lat' dir='ltr'><strong>fide</strong></span> <span class='ocrx_word' id='word_1_105' title='bbox 429 758 523 786; x_wconf 88' lang='lat' dir='ltr'><strong>pacem</strong></span> <span class='ocrx_word' id='word_1_106' title='bbox 543 751 660 779; x_wconf 84' lang='lat' dir='ltr'><strong>habeant</strong></span> <span class='ocrx_word' id='word_1_107' title='bbox 679 752 712 778; x_wconf 90' lang='lat' dir='ltr'><strong>ad</strong></span> <span class='ocrx_word' id='word_1_108' title='bbox 727 751 822 783; x_wconf 89' lang='lat' dir='ltr'><strong>Deum,</strong></span> <span class='ocrx_word' id='word_1_109' title='bbox 834 759 916 786; x_wconf 85' lang='lat' dir='ltr'><strong>quam</strong></span> <span class='ocrx_word' id='word_1_110' title='bbox 938 752 1103 787; x_wconf 61' lang='lat' dir='ltr'><strong>prmdicabat</strong></span> 
     </span>
    </p>
   </div>
   <div class='ocr_carea' id='block_1_17' title="bbox 297 795 1102 833">
    <p class='ocr_par' dir='ltr' id='par_1_17' title="bbox 297 795 1102 833">
     <span class='ocr_line' id='line_1_17' title="bbox 297 795 1102 833; baseline 0.002 -11"><span class='ocrx_word' id='word_1_111' title='bbox 297 795 450 831; x_wconf 45' lang='lat' dir='ltr'><strong>‘Aposlolus</strong></span> <span class='ocrx_word' id='word_1_112' title='bbox 463 797 546 824; x_wconf 92' lang='lat' dir='ltr'><strong>etiam</strong></span> <span class='ocrx_word' id='word_1_113' title='bbox 568 804 629 824; x_wconf 91' lang='lat' dir='ltr'><strong>cum</strong></span> <span class='ocrx_word' id='word_1_114' title='bbox 651 797 757 824; x_wconf 87' lang='lat' dir='ltr'><strong>dicebat</strong></span> <span class='ocrx_word' id='word_1_115' title='bbox 780 806 786 824; x_wconf 89' lang='lat'>:</span> <span class='ocrx_word' id='word_1_116' title='bbox 802 796 856 824; x_wconf 82' lang='lat' dir='ltr'><strong>I’ro</strong></span> <span class='ocrx_word' id='word_1_117' title='bbox 871 796 975 824; x_wconf 76' lang='lat' dir='ltr'><strong>Christo</strong></span> <span class='ocrx_word' id='word_1_118' title='bbox 989 805 1050 833; x_wconf 84' lang='lat' dir='ltr'><strong>ergo</strong></span> <span class='ocrx_word' id='word_1_119' title='bbox 1065 797 1102 824; x_wconf 90' lang='lat' dir='ltr'><strong>le-</strong></span> 
     </span>
    </p>
   </div>
   <div class='ocr_carea' id='block_1_18' title="bbox 308 843 1099 879">
    <p class='ocr_par' dir='ltr' id='par_1_18' title="bbox 308 843 1099 879">
     <span class='ocr_line' id='line_1_18' title="bbox 308 843 1099 879; baseline 0.001 -10"><span class='ocrx_word' id='word_1_120' title='bbox 308 843 412 877; x_wconf 80' lang='lat' dir='ltr'><strong>gatione</strong></span> <span class='ocrx_word' id='word_1_121' title='bbox 436 843 582 879; x_wconf 82' lang='lat' dir='ltr'><strong>fungimur,</strong></span> <span class='ocrx_word' id='word_1_122' title='bbox 607 848 730 879; x_wconf 81' lang='lat' dir='ltr'><strong>tanquam</strong></span> <span class='ocrx_word' id='word_1_123' title='bbox 746 843 801 870; x_wconf 82' lang='lat' dir='ltr'><strong>Deo</strong></span> <span class='ocrx_word' id='word_1_124' title='bbox 820 844 973 870; x_wconf 72' lang='lat' dir='ltr'><strong>exhortante</strong></span> <span class='ocrx_word' id='word_1_125' title='bbox 987 852 1033 879; x_wconf 88' lang='lat' dir='ltr'><strong>per</strong></span> <span class='ocrx_word' id='word_1_126' title='bbox 1044 852 1099 876; x_wconf 77' lang='lat' dir='ltr'><strong>nos,</strong></span> 
     </span>
    </p>
   </div>
   <div class='ocr_carea' id='block_1_19' title="bbox 1157 247 1933 287">
    <p class='ocr_par' dir='ltr' id='par_1_19' title="bbox 1157 247 1933 287">
     <span class='ocr_line' id='line_1_19' title="bbox 1157 247 1933 287; baseline 0.009 -13"><span class='ocrx_word' id='word_1_127' title='bbox 1157 247 1219 274; x_wconf 91' lang='lat' dir='ltr'><strong>hinc</strong></span> <span class='ocrx_word' id='word_1_128' title='bbox 1233 248 1337 282; x_wconf 72' lang='lat' dir='ltr'><strong>prolixo</strong></span> <span class='ocrx_word' id='word_1_129' title='bbox 1357 256 1481 276; x_wconf 85' lang='lat' dir='ltr'><strong>sermone</strong></span> <span class='ocrx_word' id='word_1_130' title='bbox 1502 249 1629 283; x_wconf 80' lang='lat' dir='ltr'><strong>confecit,</strong></span> <span class='ocrx_word' id='word_1_131' title='bbox 1648 250 1675 278; x_wconf 94' lang='lat' dir='ltr'><strong>in</strong></span> <span class='ocrx_word' id='word_1_132' title='bbox 1695 258 1750 285; x_wconf 91' lang='lat' dir='ltr'><strong>quo</strong></span> <span class='ocrx_word' id='word_1_133' title='bbox 1760 256 1790 279; x_wconf 89' lang='lat' dir='ltr'><strong>ut</strong></span> <span class='ocrx_word' id='word_1_134' title='bbox 1804 252 1889 287; x_wconf 85' lang='lat' dir='ltr'><strong>piscis,</strong></span> <span class='ocrx_word' id='word_1_135' title='bbox 1899 256 1933 283; x_wconf 74' lang='lat' dir='ltr'><strong>vel</strong></span> 
     </span>
    </p>
   </div>
   <div class='ocr_carea' id='block_1_20' title="bbox 1156 294 1931 332">
    <p class='ocr_par' dir='ltr' id='par_1_20' title="bbox 1156 294 1931 332">
     <span class='ocr_line' id='line_1_20' title="bbox 1156 294 1931 332; baseline 0.01 -13"><span class='ocrx_word' id='word_1_136' title='bbox 1156 294 1224 327; x_wconf 89' lang='lat' dir='ltr'><strong>avis,</strong></span> <span class='ocrx_word' id='word_1_137' title='bbox 1247 299 1292 321; x_wconf 88' lang='lat' dir='ltr'><strong>aut.</strong></span> <span class='ocrx_word' id='word_1_138' title='bbox 1311 295 1449 330; x_wconf 82' lang='lat' dir='ltr'><strong>quodlibet</strong></span> <span class='ocrx_word' id='word_1_139' title='bbox 1471 295 1581 328; x_wconf 83' lang='lat' dir='ltr'><strong>animal,</strong></span> <span class='ocrx_word' id='word_1_140' title='bbox 1607 303 1656 330; x_wconf 87' lang='lat' dir='ltr'><strong>per</strong></span> <span class='ocrx_word' id='word_1_141' title='bbox 1681 296 1888 332; x_wconf 86' lang='lat' dir='ltr'><strong>inquietudinem</strong></span> <span class='ocrx_word' id='word_1_142' title='bbox 1910 308 1931 327; x_wconf 75' lang='lat' dir='ltr'><strong>se</strong></span> 
     </span>
    </p>
   </div>
   <div class='ocr_carea' id='block_1_21' title="bbox 1156 339 1931 377">
    <p class='ocr_par' dir='ltr' id='par_1_21' title="bbox 1156 339 1931 377">
     <span class='ocr_line' id='line_1_21' title="bbox 1156 339 1931 377; baseline 0.009 -12"><span class='ocrx_word' id='word_1_143' title='bbox 1156 339 1277 372; x_wconf 87' lang='lat' dir='ltr'><strong>volvens,</strong></span> <span class='ocrx_word' id='word_1_144' title='bbox 1301 340 1415 376; x_wconf 86' lang='lat' dir='ltr'><strong>amplius</strong></span> <span class='ocrx_word' id='word_1_145' title='bbox 1433 341 1558 375; x_wconf 86' lang='lat' dir='ltr'><strong>pessimis</strong></span> <span class='ocrx_word' id='word_1_146' title='bbox 1583 341 1812 377; x_wconf 83' lang='lat' dir='ltr'><strong>blasphemiarum</strong></span> <span class='ocrx_word' id='word_1_147' title='bbox 1835 345 1931 372; x_wconf 78' lang='lat' dir='ltr'><strong>maculis</strong></span> 
     </span>
    </p>
   </div>
   <div class='ocr_carea' id='block_1_22' title="bbox 1155 385 1931 421">
    <p class='ocr_par' dir='ltr' id='par_1_22' title="bbox 1155 385 1931 421">
     <span class='ocr_line' id='line_1_22' title="bbox 1155 385 1931 421; baseline 0.006 -10"><span class='ocrx_word' id='word_1_148' title='bbox 1155 389 1182 412; x_wconf 88' lang='lat' dir='ltr'><strong>et</strong></span> <span class='ocrx_word' id='word_1_149' title='bbox 1196 385 1272 412; x_wconf 92' lang='lat' dir='ltr'><strong>nodis</strong></span> <span class='ocrx_word' id='word_1_150' title='bbox 1294 385 1474 413; x_wconf 85' lang='lat' dir='ltr'><strong>strictioribus</strong></span> <span class='ocrx_word' id='word_1_151' title='bbox 1492 386 1638 413; x_wconf 83' lang='lat' dir='ltr'><strong>irretiendo</strong></span> <span class='ocrx_word' id='word_1_152' title='bbox 1651 391 1739 414; x_wconf 87' lang='lat' dir='ltr'><strong>semet</strong></span> <span class='ocrx_word' id='word_1_153' title='bbox 1752 387 1880 421; x_wconf 77' lang='lat' dir='ltr'><strong>innexuit,</strong></span> <span class='ocrx_word' id='word_1_154' title='bbox 1892 397 1931 417; x_wconf 82' lang='lat' dir='ltr'><strong>ro-</strong></span> 
     </span>
    </p>
   </div>
   <div class='ocr_carea' id='block_1_23' title="bbox 1154 430 1931 470">
    <p class='ocr_par' dir='ltr' id='par_1_23' title="bbox 1154 430 1931 470">
     <span class='ocr_line' id='line_1_23' title="bbox 1154 430 1931 470; baseline 0.005 -12"><span class='ocrx_word' id='word_1_155' title='bbox 1154 430 1213 458; x_wconf 89' lang='lat' dir='ltr'><strong>lens</strong></span> <span class='ocrx_word' id='word_1_156' title='bbox 1225 431 1326 466; x_wconf 89' lang='lat' dir='ltr'><strong>proprii</strong></span> <span class='ocrx_word' id='word_1_157' title='bbox 1341 439 1436 459; x_wconf 81' lang='lat' dir='ltr'><strong>sensus</strong></span> <span class='ocrx_word' id='word_1_158' title='bbox 1449 432 1657 466; x_wconf 79' lang='lat' dir='ltr'><strong>assertionibus,</strong></span> <span class='ocrx_word' id='word_1_159' title='bbox 1671 432 1731 470; x_wconf 82' lang='lat' dir='ltr'><strong>sine</strong></span> <span class='ocrx_word' id='word_1_160' title='bbox 1749 432 1892 468; x_wconf 73' lang='lat' dir='ltr'><strong>Scriptum</strong></span> <span class='ocrx_word' id='word_1_161' title='bbox 1904 440 1931 462; x_wconf 84' lang='lat' dir='ltr'><strong>te-</strong></span> 
     </span>
    </p>
   </div>
   <div class='ocr_carea' id='block_1_24' title="bbox 1154 476 1932 516">
    <p class='ocr_par' dir='ltr' id='par_1_24' title="bbox 1154 476 1932 516">
     <span class='ocr_line' id='line_1_24' title="bbox 1154 476 1932 516; baseline 0.006 -13"><span class='ocrx_word' id='word_1_162' title='bbox 1154 476 1300 509; x_wconf 88' lang='lat' dir='ltr'><strong>stimoniis,</strong></span> <span class='ocrx_word' id='word_1_163' title='bbox 1321 477 1433 512; x_wconf 85' lang='lat' dir='ltr'><strong>sineque</strong></span> <span class='ocrx_word' id='word_1_164' title='bbox 1447 477 1641 505; x_wconf 87' lang='lat' dir='ltr'><strong>catholicorum</strong></span> <span class='ocrx_word' id='word_1_165' title='bbox 1656 478 1814 511; x_wconf 77' lang='lat' dir='ltr'><strong>sententiis,</strong></span> <span class='ocrx_word' id='word_1_166' title='bbox 1832 479 1932 516; x_wconf 67' lang='lat' dir='ltr'><strong>allegare</strong></span> 
     </span>
    </p>
   </div>
   <div class='ocr_carea' id='block_1_25' title="bbox 1155 522 1930 559">
    <p class='ocr_par' dir='ltr' id='par_1_25' title="bbox 1155 522 1930 559">
     <span class='ocr_line' id='line_1_25' title="bbox 1155 522 1930 559; baseline 0.006 -11"><span class='ocrx_word' id='word_1_167' title='bbox 1155 522 1217 557; x_wconf 83' lang='lat' dir='ltr'><strong>quia</strong></span> <span class='ocrx_word' id='word_1_168' title='bbox 1233 522 1303 549; x_wconf 89' lang='lat' dir='ltr'><strong>sicut</strong></span> <span class='ocrx_word' id='word_1_169' title='bbox 1320 522 1389 550; x_wconf 91' lang='lat' dir='ltr'><strong>Deus</strong></span> <span class='ocrx_word' id='word_1_170' title='bbox 1404 523 1564 550; x_wconf 81' lang='lat' dir='ltr'><strong>naturaliter</strong></span> <span class='ocrx_word' id='word_1_171' title='bbox 1576 531 1646 550; x_wconf 87' lang='lat' dir='ltr'><strong>unus</strong></span> <span class='ocrx_word' id='word_1_172' title='bbox 1664 527 1693 551; x_wconf 88' lang='lat' dir='ltr'><strong>et</strong></span> <span class='ocrx_word' id='word_1_173' title='bbox 1704 524 1881 559; x_wconf 72' lang='lat' dir='ltr'><strong>personaliter</strong></span> <span class='ocrx_word' id='word_1_174' title='bbox 1896 526 1930 553; x_wconf 90' lang='lat' dir='ltr'><strong>di-</strong></span> 
     </span>
    </p>
   </div>
   <div class='ocr_carea' id='block_1_26' title="bbox 1154 566 1933 606">
    <p class='ocr_par' dir='ltr' id='par_1_26' title="bbox 1154 566 1933 606">
     <span class='ocr_line' id='line_1_26' title="bbox 1154 566 1933 606; baseline 0.006 -13"><span class='ocrx_word' id='word_1_175' title='bbox 1154 566 1225 594; x_wconf 90' lang='lat' dir='ltr'><strong>citur</strong></span> <span class='ocrx_word' id='word_1_176' title='bbox 1243 568 1341 600; x_wconf 87' lang='lat' dir='ltr'><strong>trinus,</strong></span> <span class='ocrx_word' id='word_1_177' title='bbox 1357 568 1394 595; x_wconf 88' lang='lat' dir='ltr'><strong>ita</strong></span> <span class='ocrx_word' id='word_1_178' title='bbox 1408 568 1496 596; x_wconf 86' lang='lat' dir='ltr'><strong>deitas</strong></span> <span class='ocrx_word' id='word_1_179' title='bbox 1515 568 1677 597; x_wconf 81' lang='lat' dir='ltr'><strong>naturaliter</strong></span> <span class='ocrx_word' id='word_1_180' title='bbox 1687 577 1744 597; x_wconf 84' lang='lat' dir='ltr'><strong>una</strong></span> <span class='ocrx_word' id='word_1_181' title='bbox 1763 574 1795 601; x_wconf 83' lang='lat' dir='ltr'><strong>et</strong></span> <span class='ocrx_word' id='word_1_182' title='bbox 1816 578 1933 606; x_wconf 79' lang='lat' dir='ltr'><strong>persona-</strong></span> 
     </span>
    </p>
   </div>
   <div class='ocr_carea' id='block_1_27' title="bbox 1153 611 1935 651">
    <p class='ocr_par' dir='ltr' id='par_1_27' title="bbox 1153 611 1935 651">
     <span class='ocr_line' id='line_1_27' title="bbox 1153 611 1935 651; baseline 0.006 -12"><span class='ocrx_word' id='word_1_183' title='bbox 1153 611 1215 639; x_wconf 88' lang='lat' dir='ltr'><strong>liter</strong></span> <span class='ocrx_word' id='word_1_184' title='bbox 1229 613 1299 640; x_wconf 87' lang='lat' dir='ltr'><strong>trina</strong></span> <span class='ocrx_word' id='word_1_185' title='bbox 1315 613 1366 641; x_wconf 89' lang='lat' dir='ltr'><strong>dici</strong></span> <span class='ocrx_word' id='word_1_186' title='bbox 1383 614 1490 642; x_wconf 82' lang='lat' dir='ltr'><strong>debeat.</strong></span> <span class='ocrx_word' id='word_1_187' title='bbox 1510 614 1563 642; x_wconf 88' lang='lat' dir='ltr'><strong>Sed</strong></span> <span class='ocrx_word' id='word_1_188' title='bbox 1578 615 1651 650; x_wconf 86' lang='lat' dir='ltr'><strong>quod</strong></span> <span class='ocrx_word' id='word_1_189' title='bbox 1671 615 1736 643; x_wconf 82' lang='lat' dir='ltr'><strong>dicit</strong></span> <span class='ocrx_word' id='word_1_190' title='bbox 1752 614 1837 644; x_wconf 88' lang='lat' dir='ltr'><strong>Deum</strong></span> <span class='ocrx_word' id='word_1_191' title='bbox 1852 623 1935 651; x_wconf 82' lang='lat' dir='ltr'><strong>perso-</strong></span> 
     </span>
    </p>
   </div>
   <div class='ocr_carea' id='block_1_28' title="bbox 1153 658 1934 695">
    <p class='ocr_par' dir='ltr' id='par_1_28' title="bbox 1153 658 1934 695">
     <span class='ocr_line' id='line_1_28' title="bbox 1153 658 1934 695; baseline 0.005 -11"><span class='ocrx_word' id='word_1_192' title='bbox 1153 658 1251 688; x_wconf 88' lang='lat' dir='ltr'><strong>naliter</strong></span> <span class='ocrx_word' id='word_1_193' title='bbox 1275 658 1374 686; x_wconf 90' lang='lat' dir='ltr'><strong>trinum</strong></span> <span class='ocrx_word' id='word_1_194' title='bbox 1399 664 1426 688; x_wconf 89' lang='lat' dir='ltr'><strong>et</strong></span> <span class='ocrx_word' id='word_1_195' title='bbox 1452 659 1612 688; x_wconf 88' lang='lat' dir='ltr'><strong>naturaliter</strong></span> <span class='ocrx_word' id='word_1_196' title='bbox 1631 668 1725 695; x_wconf 89' lang='lat' dir='ltr'><strong>unum,</strong></span> <span class='ocrx_word' id='word_1_197' title='bbox 1748 668 1845 690; x_wconf 81' lang='lat' dir='ltr'><strong>verum</strong></span> <span class='ocrx_word' id='word_1_198' title='bbox 1862 662 1934 690; x_wconf 85' lang='lat' dir='ltr'><strong>dicit:</strong></span> 
     </span>
    </p>
   </div>
   <div class='ocr_carea' id='block_1_29' title="bbox 1153 705 1933 744">
    <p class='ocr_par' dir='ltr' id='par_1_29' title="bbox 1153 705 1933 744">
     <span class='ocr_line' id='line_1_29' title="bbox 1153 705 1933 744; baseline 0.006 -13"><span class='ocrx_word' id='word_1_199' title='bbox 1153 705 1224 739; x_wconf 90' lang='lat' dir='ltr'><strong>quod</strong></span> <span class='ocrx_word' id='word_1_200' title='bbox 1243 709 1333 733; x_wconf 89' lang='lat' dir='ltr'><strong>autem</strong></span> <span class='ocrx_word' id='word_1_201' title='bbox 1349 706 1413 734; x_wconf 84' lang='lat' dir='ltr'><strong>dicit</strong></span> <span class='ocrx_word' id='word_1_202' title='bbox 1430 706 1552 734; x_wconf 90' lang='lat' dir='ltr'><strong>confiteri</strong></span> <span class='ocrx_word' id='word_1_203' title='bbox 1574 707 1673 735; x_wconf 82' lang='lat' dir='ltr'><strong>debere</strong></span> <span class='ocrx_word' id='word_1_204' title='bbox 1686 708 1816 735; x_wconf 82' lang='lat' dir='ltr'><strong>deitatem</strong></span> <span class='ocrx_word' id='word_1_205' title='bbox 1832 708 1873 736; x_wconf 80' lang='lat' dir='ltr'><strong>sic</strong></span> <span class='ocrx_word' id='word_1_206' title='bbox 1886 716 1933 744; x_wconf 85' lang='lat' dir='ltr'><strong>per-</strong></span> 
     </span>
    </p>
   </div>
   <div class='ocr_carea' id='block_1_30' title="bbox 1153 749 1934 788">
    <p class='ocr_par' dir='ltr' id='par_1_30' title="bbox 1153 749 1934 788">
     <span class='ocr_line' id='line_1_30' title="bbox 1153 749 1934 788; baseline 0.008 -12"><span class='ocrx_word' id='word_1_207' title='bbox 1153 749 1282 777; x_wconf 86' lang='lat' dir='ltr'><strong>sonaliler</strong></span> <span class='ocrx_word' id='word_1_208' title='bbox 1296 751 1405 784; x_wconf 87' lang='lat' dir='ltr'><strong>trinam,</strong></span> <span class='ocrx_word' id='word_1_209' title='bbox 1431 751 1502 785; x_wconf 79' lang='lat' dir='ltr'><strong>sicut</strong></span> <span class='ocrx_word' id='word_1_210' title='bbox 1526 751 1687 780; x_wconf 85' lang='lat' dir='ltr'><strong>naturaliter</strong></span> <span class='ocrx_word' id='word_1_211' title='bbox 1712 760 1806 785; x_wconf 89' lang='lat' dir='ltr'><strong>unam,</strong></span> <span class='ocrx_word' id='word_1_212' title='bbox 1827 754 1934 788; x_wconf 78' lang='lat' dir='ltr'><strong>profecto</strong></span> 
     </span>
    </p>
   </div>
   <div class='ocr_carea' id='block_1_31' title="bbox 1153 795 1935 834">
    <p class='ocr_par' dir='ltr' id='par_1_31' title="bbox 1153 795 1935 834">
     <span class='ocr_line' id='line_1_31' title="bbox 1153 795 1935 834; baseline 0.009 -14"><span class='ocrx_word' id='word_1_213' title='bbox 1153 795 1293 822; x_wconf 90' lang='lat' dir='ltr'><strong>mentitur.</strong></span> <span class='ocrx_word' id='word_1_214' title='bbox 1321 795 1389 828; x_wconf 85' lang='lat' dir='ltr'><strong>Quia</strong></span> <span class='ocrx_word' id='word_1_215' title='bbox 1417 796 1503 824; x_wconf 88' lang='lat' dir='ltr'><strong>deitas</strong></span> <span class='ocrx_word' id='word_1_216' title='bbox 1527 796 1586 832; x_wconf 83' lang='lat' dir='ltr'><strong>ipsa</strong></span> <span class='ocrx_word' id='word_1_217' title='bbox 1610 801 1652 826; x_wconf 81' lang='lat' dir='ltr'><strong>est</strong></span> <span class='ocrx_word' id='word_1_218' title='bbox 1671 802 1769 825; x_wconf 82' lang='lat' dir='ltr'><strong>natura</strong></span> <span class='ocrx_word' id='word_1_219' title='bbox 1794 798 1935 834; x_wconf 78' lang='lat' dir='ltr'><strong>pluralitate</strong></span> 
     </span>
    </p>
   </div>
   <div class='ocr_carea' id='block_1_32' title="bbox 1153 843 1936 878">
    <p class='ocr_par' dir='ltr' id='par_1_32' title="bbox 1153 843 1936 878">
     <span class='ocr_line' id='line_1_32' title="bbox 1153 843 1936 878; baseline 0.009 -12"><span class='ocrx_word' id='word_1_220' title='bbox 1153 846 1250 867; x_wconf 85' lang='lat' dir='ltr'><strong>carens</strong></span> <span class='ocrx_word' id='word_1_221' title='bbox 1263 844 1291 867; x_wconf 90' lang='lat' dir='ltr'><strong>et</strong></span> <span class='ocrx_word' id='word_1_222' title='bbox 1302 848 1426 874; x_wconf 87' lang='lat' dir='ltr'><strong>numero,</strong></span> <span class='ocrx_word' id='word_1_223' title='bbox 1442 849 1494 877; x_wconf 88' lang='lat' dir='ltr'><strong>qua</strong></span> <span class='ocrx_word' id='word_1_224' title='bbox 1508 846 1607 870; x_wconf 87' lang='lat' dir='ltr'><strong>natura</strong></span> <span class='ocrx_word' id='word_1_225' title='bbox 1622 843 1664 870; x_wconf 85' lang='lat' dir='ltr'><strong>vel</strong></span> <span class='ocrx_word' id='word_1_226' title='bbox 1687 843 1800 878; x_wconf 83' lang='lat' dir='ltr'><strong>deitate,</strong></span> <span class='ocrx_word' id='word_1_227' title='bbox 1818 849 1936 873; x_wconf 72' lang='lat' dir='ltr'><strong>sanctast</strong></span> 
     </span>
    </p>
   </div>
   <div class='ocr_carea' id='block_1_33' title="bbox 308 883 1934 927">
    <p class='ocr_par' dir='ltr' id='par_1_33' title="bbox 308 883 1934 927">
     <span class='ocr_line' id='line_1_33' title="bbox 308 883 1934 927; baseline 0.002 -12"><span class='ocrx_word' id='word_1_228' title='bbox 308 888 472 916; x_wconf 78' lang='lat' dir='ltr'><strong>obsecramus</strong></span> <span class='ocrx_word' id='word_1_229' title='bbox 485 898 531 924; x_wconf 88' lang='lat' dir='ltr'><strong>pro</strong></span> <span class='ocrx_word' id='word_1_230' title='bbox 555 888 669 921; x_wconf 71' lang='lat' dir='ltr'><strong>Christo,</strong></span> <span class='ocrx_word' id='word_1_231' title='bbox 693 888 897 916; x_wconf 68' lang='lat' dir='ltr'><strong>rcconciliamini</strong></span> <span class='ocrx_word' id='word_1_232' title='bbox 911 888 965 916; x_wconf 86' lang='lat' dir='ltr'><strong>Deo</strong></span> <span class='ocrx_word' id='word_1_233' title='bbox 978 888 1020 924; x_wconf 92' lang='lat' dir='ltr'><strong>(II</strong></span> <span class='ocrx_word' id='word_1_234' title='bbox 1037 888 1099 916; x_wconf 89' lang='lat' dir='ltr'><strong>Cor.</strong></span> <span class='ocrx_word' id='word_1_235' title='bbox 1115 883 1140 914; x_wconf 78' lang='grc' dir='ltr'><strong><em>Β</em></strong></span> <span class='ocrx_word' id='word_1_236' title='bbox 1153 885 1342 921; x_wconf 82' lang='lat' dir='ltr'><strong>inseparabilis</strong></span> <span class='ocrx_word' id='word_1_237' title='bbox 1365 886 1500 921; x_wconf 86' lang='lat' dir='ltr'><strong>Trinitas,</strong></span> <span class='ocrx_word' id='word_1_238' title='bbox 1524 888 1594 915; x_wconf 84' lang='lat' dir='ltr'><strong>sicut</strong></span> <span class='ocrx_word' id='word_1_239' title='bbox 1619 889 1752 927; x_wconf 69' lang='lat' dir='ltr'><strong>spriptum</strong></span> <span class='ocrx_word' id='word_1_240' title='bbox 1771 894 1825 922; x_wconf 81' lang='lat' dir='ltr'><strong>est,</strong></span> <span class='ocrx_word' id='word_1_241' title='bbox 1849 890 1912 917; x_wconf 78' lang='lat' dir='ltr'><strong>Audi</strong></span> <span class='ocrx_word' id='word_1_242' title='bbox 1928 899 1934 917; x_wconf 92' lang='lat'>:</span> 
     </span>
    </p>
   </div>
   <div class='ocr_carea' id='block_1_34' title="bbox 308 934 1102 971">
    <p class='ocr_par' dir='ltr' id='par_1_34' title="bbox 308 934 1102 971">
     <span class='ocr_line' id='line_1_34' title="bbox 308 934 1102 971; baseline 0 -9"><span class='ocrx_word' id='word_1_243' title='bbox 308 935 334 967; x_wconf 88' lang='lat'><strong>5,</strong></span> <span class='ocrx_word' id='word_1_244' title='bbox 346 934 403 971; x_wconf 76' lang='lat'><strong>‘20).</strong></span> <span class='ocrx_word' id='word_1_245' title='bbox 418 935 546 970; x_wconf 87' lang='lat' dir='ltr'><strong>Quisquis</strong></span> <span class='ocrx_word' id='word_1_246' title='bbox 559 941 650 963; x_wconf 83' lang='lat' dir='ltr'><strong>autem</strong></span> <span class='ocrx_word' id='word_1_247' title='bbox 662 944 676 963; x_wconf 89' lang='lat' dir='ltr'><strong>a</strong></span> <span class='ocrx_word' id='word_1_248' title='bbox 689 936 822 963; x_wconf 88' lang='lat' dir='ltr'><strong>catholica</strong></span> <span class='ocrx_word' id='word_1_249' title='bbox 834 935 955 963; x_wconf 89' lang='lat' dir='ltr'><strong>Ecclesia</strong></span> <span class='ocrx_word' id='word_1_250' title='bbox 969 934 1050 962; x_wconf 84' lang='lat' dir='ltr'><strong>fuerit</strong></span> <span class='ocrx_word' id='word_1_251' title='bbox 1062 942 1102 962; x_wconf 91' lang='lat' dir='ltr'><strong>se-</strong></span> 
     </span>
    </p>
   </div>
   <div class='ocr_carea' id='block_1_35' title="bbox 307 981 1101 1016">
    <p class='ocr_par' dir='ltr' id='par_1_35' title="bbox 307 981 1101 1016">
     <span class='ocr_line' id='line_1_35' title="bbox 307 981 1101 1016; baseline 0.001 -9"><span class='ocrx_word' id='word_1_252' title='bbox 307 985 430 1015; x_wconf 81' lang='lat' dir='ltr'><strong>paratus,</strong></span> <span class='ocrx_word' id='word_1_253' title='bbox 446 981 643 1016; x_wconf 86' lang='lat' dir='ltr'><strong>quantumlibet</strong></span> <span class='ocrx_word' id='word_1_254' title='bbox 664 981 836 1009; x_wconf 88' lang='lat' dir='ltr'><strong>laudabiliter</strong></span> <span class='ocrx_word' id='word_1_255' title='bbox 855 988 884 1008; x_wconf 88' lang='lat' dir='ltr'><strong>se</strong></span> <span class='ocrx_word' id='word_1_256' title='bbox 898 982 989 1009; x_wconf 89' lang='lat' dir='ltr'><strong>vivere</strong></span> <span class='ocrx_word' id='word_1_257' title='bbox 1009 981 1101 1008; x_wconf 86' lang='lat' dir='ltr'><strong>existi-</strong></span> 
     </span>
    </p>
   </div>
   <div class='ocr_carea' id='block_1_36' title="bbox 308 1027 1102 1064">
    <p class='ocr_par' dir='ltr' id='par_1_36' title="bbox 308 1027 1102 1064">
     <span class='ocr_line' id='line_1_36' title="bbox 308 1027 1102 1064; baseline 0 -9"><span class='ocrx_word' id='word_1_258' title='bbox 308 1032 374 1063; x_wconf 89' lang='lat' dir='ltr'><strong>met,</strong></span> <span class='ocrx_word' id='word_1_259' title='bbox 388 1028 440 1056; x_wconf 92' lang='lat' dir='ltr'><strong>hoc</strong></span> <span class='ocrx_word' id='word_1_260' title='bbox 454 1029 512 1056; x_wconf 90' lang='lat' dir='ltr'><strong>solo</strong></span> <span class='ocrx_word' id='word_1_261' title='bbox 523 1029 635 1062; x_wconf 84' lang='lat' dir='ltr'><strong>scelere,</strong></span> <span class='ocrx_word' id='word_1_262' title='bbox 650 1028 722 1063; x_wconf 90' lang='lat' dir='ltr'><strong>quod</strong></span> <span class='ocrx_word' id='word_1_263' title='bbox 734 1036 749 1055; x_wconf 89' lang='lat' dir='ltr'><strong>a</strong></span> <span class='ocrx_word' id='word_1_264' title='bbox 766 1029 866 1057; x_wconf 89' lang='lat' dir='ltr'><strong>Christi</strong></span> <span class='ocrx_word' id='word_1_265' title='bbox 884 1029 988 1056; x_wconf 87' lang='lat' dir='ltr'><strong>unitate</strong></span> <span class='ocrx_word' id='word_1_266' title='bbox 999 1027 1102 1064; x_wconf 88' lang='lat' dir='ltr'><strong>disjun-</strong></span> 
     </span>
    </p>
   </div>
   <div class='ocr_carea' id='block_1_37' title="bbox 307 1073 1101 1106">
    <p class='ocr_par' dir='ltr' id='par_1_37' title="bbox 307 1073 1101 1106">
     <span class='ocr_line' id='line_1_37' title="bbox 307 1073 1101 1106; baseline -0.001 -5"><span class='ocrx_word' id='word_1_267' title='bbox 307 1077 367 1101; x_wconf 88' lang='lat' dir='ltr'><strong>etus</strong></span> <span class='ocrx_word' id='word_1_268' title='bbox 385 1078 438 1106; x_wconf 89' lang='lat' dir='ltr'><strong>est,</strong></span> <span class='ocrx_word' id='word_1_269' title='bbox 458 1081 511 1101; x_wconf 91' lang='lat' dir='ltr'><strong>non</strong></span> <span class='ocrx_word' id='word_1_270' title='bbox 527 1073 637 1101; x_wconf 83' lang='lat' dir='ltr'><strong>habebit</strong></span> <span class='ocrx_word' id='word_1_271' title='bbox 662 1075 753 1105; x_wconf 89' lang='lat' dir='ltr'><strong>vitam,</strong></span> <span class='ocrx_word' id='word_1_272' title='bbox 776 1074 823 1101; x_wconf 88' lang='lat' dir='ltr'><strong>sed</strong></span> <span class='ocrx_word' id='word_1_273' title='bbox 836 1073 876 1100; x_wconf 89' lang='lat' dir='ltr'><strong>ira</strong></span> <span class='ocrx_word' id='word_1_274' title='bbox 891 1073 939 1100; x_wconf 89' lang='lat' dir='ltr'><strong>Dei</strong></span> <span class='ocrx_word' id='word_1_275' title='bbox 951 1077 1042 1100; x_wconf 88' lang='lat' dir='ltr'><strong>manet</strong></span> <span class='ocrx_word' id='word_1_276' title='bbox 1056 1081 1101 1101; x_wconf 90' lang='lat' dir='ltr'><strong>su-</strong></span> 
     </span>
    </p>
   </div>
   <div class='ocr_carea' id='block_1_38' title="bbox 305 1118 1099 1154">
    <p class='ocr_par' dir='ltr' id='par_1_38' title="bbox 305 1118 1099 1154">
     <span class='ocr_line' id='line_1_38' title="bbox 305 1118 1099 1154; baseline -0.001 -8"><span class='ocrx_word' id='word_1_277' title='bbox 305 1126 354 1154; x_wconf 86' lang='lat' dir='ltr'><strong>per</strong></span> <span class='ocrx_word' id='word_1_278' title='bbox 367 1126 429 1146; x_wconf 91' lang='lat' dir='ltr'><strong>eum</strong></span> <span class='ocrx_word' id='word_1_279' title='bbox 449 1126 463 1150; x_wconf 72' lang='grc' dir='ltr'><strong>ε,</strong></span> <span class='ocrx_word' id='word_1_280' title='bbox 476 1123 503 1146; x_wconf 92' lang='lat' dir='ltr'><strong>et</strong></span> <span class='ocrx_word' id='word_1_281' title='bbox 516 1119 638 1154; x_wconf 89' lang='lat' dir='ltr'><strong>quisquis</strong></span> <span class='ocrx_word' id='word_1_282' title='bbox 660 1119 687 1146; x_wconf 91' lang='lat' dir='ltr'><strong>in</strong></span> <span class='ocrx_word' id='word_1_283' title='bbox 703 1119 754 1146; x_wconf 89' lang='lat' dir='ltr'><strong>hac</strong></span> <span class='ocrx_word' id='word_1_284' title='bbox 769 1118 890 1146; x_wconf 80' lang='lat' dir='ltr'><strong>Ecclesia</strong></span> <span class='ocrx_word' id='word_1_285' title='bbox 909 1119 978 1146; x_wconf 85' lang='lat' dir='ltr'><strong>bene</strong></span> <span class='ocrx_word' id='word_1_286' title='bbox 991 1118 1099 1152; x_wconf 83' lang='lat' dir='ltr'><strong>vixerit,</strong></span> 
     </span>
    </p>
   </div>
   <div class='ocr_carea' id='block_1_39' title="bbox 310 1163 1099 1200">
    <p class='ocr_par' dir='ltr' id='par_1_39' title="bbox 310 1163 1099 1200">
     <span class='ocr_line' id='line_1_39' title="bbox 310 1163 1099 1200; baseline -0.001 -8"><span class='ocrx_word' id='word_1_287' title='bbox 310 1163 376 1192; x_wconf 90' lang='lat' dir='ltr'><strong>nihil</strong></span> <span class='ocrx_word' id='word_1_288' title='bbox 390 1164 415 1192; x_wconf 88' lang='lat' dir='ltr'><strong>ei</strong></span> <span class='ocrx_word' id='word_1_289' title='bbox 430 1163 607 1200; x_wconf 71' lang='lat' dir='ltr'><strong>praeiudicant</strong></span> <span class='ocrx_word' id='word_1_290' title='bbox 621 1164 706 1192; x_wconf 88' lang='lat' dir='ltr'><strong>aliena</strong></span> <span class='ocrx_word' id='word_1_291' title='bbox 732 1169 855 1200; x_wconf 90' lang='lat' dir='ltr'><strong>peccata,</strong></span> <span class='ocrx_word' id='word_1_292' title='bbox 877 1164 940 1199; x_wconf 85' lang='lat' dir='ltr'><strong>quia</strong></span> <span class='ocrx_word' id='word_1_293' title='bbox 961 1164 1099 1199; x_wconf 59' lang='lat' dir='ltr'><strong>unusquisv</strong></span> 
     </span>
    </p>
   </div>
   <div class='ocr_carea' id='block_1_40' title="bbox 305 1208 1100 1248">
    <p class='ocr_par' dir='ltr' id='par_1_40' title="bbox 305 1208 1100 1248">
     <span class='ocr_line' id='line_1_40' title="bbox 305 1208 1100 1248; baseline 0.001 -12"><span class='ocrx_word' id='word_1_294' title='bbox 305 1217 355 1245; x_wconf 81' lang='lat' dir='ltr'><strong>que</strong></span> <span class='ocrx_word' id='word_1_295' title='bbox 369 1209 396 1236; x_wconf 92' lang='lat' dir='ltr'><strong>in</strong></span> <span class='ocrx_word' id='word_1_296' title='bbox 413 1217 445 1236; x_wconf 89' lang='lat' dir='ltr'><strong>ea</strong></span> <span class='ocrx_word' id='word_1_297' title='bbox 457 1210 592 1248; x_wconf 83' lang='lat' dir='ltr'><strong>proprium</strong></span> <span class='ocrx_word' id='word_1_298' title='bbox 613 1218 678 1237; x_wconf 76' lang='lat' dir='ltr'><strong>onus</strong></span> <span class='ocrx_word' id='word_1_299' title='bbox 694 1209 808 1245; x_wconf 83' lang='lat' dir='ltr'><strong>portabit</strong></span> <span class='ocrx_word' id='word_1_300' title='bbox 823 1208 895 1245; x_wconf 87' lang='lat' dir='ltr'><strong>(Gal.</strong></span> <span class='ocrx_word' id='word_1_301' title='bbox 907 1218 946 1243; x_wconf 89' lang='lat' dir='ltr'><strong>vt,</strong></span> <span class='ocrx_word' id='word_1_302' title='bbox 968 1209 1007 1244; x_wconf 80' lang='lat'><strong>5),</strong></span> <span class='ocrx_word' id='word_1_303' title='bbox 1030 1209 1100 1237; x_wconf 86' lang='lat' dir='ltr'><strong>sicut</strong></span> 
     </span>
    </p>
   </div>
   <div class='ocr_carea' id='block_1_41' title="bbox 303 1254 1098 1292">
    <p class='ocr_par' dir='ltr' id='par_1_41' title="bbox 303 1254 1098 1292">
     <span class='ocr_line' id='line_1_41' title="bbox 303 1254 1098 1292; baseline 0.003 -10"><span class='ocrx_word' id='word_1_304' title='bbox 303 1254 448 1291; x_wconf 77' lang='lat' dir='ltr'><strong>Apostolus</strong></span> <span class='ocrx_word' id='word_1_305' title='bbox 470 1254 546 1288; x_wconf 83' lang='lat' dir='ltr'><strong>dicit,</strong></span> <span class='ocrx_word' id='word_1_306' title='bbox 567 1260 595 1283; x_wconf 90' lang='lat' dir='ltr'><strong>et</strong></span> <span class='ocrx_word' id='word_1_307' title='bbox 616 1256 770 1292; x_wconf 90' lang='lat' dir='ltr'><strong>quicunque</strong></span> <span class='ocrx_word' id='word_1_308' title='bbox 784 1256 811 1284; x_wconf 91' lang='lat' dir='ltr'><strong>in</strong></span> <span class='ocrx_word' id='word_1_309' title='bbox 838 1264 870 1283; x_wconf 88' lang='lat' dir='ltr'><strong>ea</strong></span> <span class='ocrx_word' id='word_1_310' title='bbox 885 1264 984 1292; x_wconf 92' lang='lat' dir='ltr'><strong>corpus</strong></span> <span class='ocrx_word' id='word_1_311' title='bbox 998 1256 1098 1284; x_wconf 87' lang='lat' dir='ltr'><strong>Christi</strong></span> 
     </span>
    </p>
   </div>
   <div class='ocr_carea' id='block_1_42' title="bbox 304 1301 1097 1340">
    <p class='ocr_par' dir='ltr' id='par_1_42' title="bbox 304 1301 1097 1340">
     <span class='ocr_line' id='line_1_42' title="bbox 304 1301 1097 1340; baseline 0.003 -11"><span class='ocrx_word' id='word_1_312' title='bbox 304 1301 509 1330; x_wconf 90' lang='lat' dir='ltr'><strong>manducaverit</strong></span> <span class='ocrx_word' id='word_1_313' title='bbox 534 1311 564 1330; x_wconf 90' lang='lat' dir='ltr'><strong>ac</strong></span> <span class='ocrx_word' id='word_1_314' title='bbox 581 1303 681 1330; x_wconf 91' lang='lat' dir='ltr'><strong>biberit</strong></span> <span class='ocrx_word' id='word_1_315' title='bbox 700 1303 859 1339; x_wconf 81' lang='lat' dir='ltr'><strong>sanguinem</strong></span> <span class='ocrx_word' id='word_1_316' title='bbox 882 1304 1001 1340; x_wconf 79' lang='lat' dir='ltr'><strong>indigne,</strong></span> <span class='ocrx_word' id='word_1_317' title='bbox 1023 1303 1097 1340; x_wconf 73' lang='lat' dir='ltr'><strong>judi-</strong></span> 
     </span>
    </p>
   </div>
   <div class='ocr_carea' id='block_1_43' title="bbox 304 1348 1098 1385">
    <p class='ocr_par' dir='ltr' id='par_1_43' title="bbox 304 1348 1098 1385">
     <span class='ocr_line' id='line_1_43' title="bbox 304 1348 1098 1385; baseline 0.001 -10"><span class='ocrx_word' id='word_1_318' title='bbox 304 1348 376 1376; x_wconf 88' lang='lat' dir='ltr'><strong>cium</strong></span> <span class='ocrx_word' id='word_1_319' title='bbox 388 1348 437 1376; x_wconf 89' lang='lat' dir='ltr'><strong>sibi</strong></span> <span class='ocrx_word' id='word_1_320' title='bbox 451 1348 596 1376; x_wconf 88' lang='lat' dir='ltr'><strong>manducat</strong></span> <span class='ocrx_word' id='word_1_321' title='bbox 607 1354 635 1376; x_wconf 92' lang='lat' dir='ltr'><strong>et</strong></span> <span class='ocrx_word' id='word_1_322' title='bbox 643 1349 719 1377; x_wconf 92' lang='lat' dir='ltr'><strong>bibit.</strong></span> <span class='ocrx_word' id='word_1_323' title='bbox 735 1349 801 1377; x_wconf 91' lang='lat' dir='ltr'><strong>Cum</strong></span> <span class='ocrx_word' id='word_1_324' title='bbox 810 1350 882 1377; x_wconf 90' lang='lat' dir='ltr'><strong>enim</strong></span> <span class='ocrx_word' id='word_1_325' title='bbox 893 1349 1098 1385; x_wconf 84' lang='lat' dir='ltr'><strong>dicitjudicium</strong></span> 
     </span>
    </p>
   </div>
   <div class='ocr_carea' id='block_1_44' title="bbox 303 1388 1097 1431">
    <p class='ocr_par' dir='ltr' id='par_1_44' title="bbox 303 1388 1097 1431">
     <span class='ocr_line' id='line_1_44' title="bbox 303 1388 1097 1431; baseline 0.004 -11"><span class='ocrx_word' id='word_1_326' title='bbox 303 1388 352 1420; x_wconf 74' lang='lat' dir='ltr'><strong>sibi</strong></span> <span class='ocrx_word' id='word_1_327' title='bbox 363 1395 503 1421; x_wconf 80' lang='lat' dir='ltr'><strong>mamlucat</strong></span> <span class='ocrx_word' id='word_1_328' title='bbox 519 1394 544 1430; x_wconf 87' lang='grc' dir='ltr'><strong>(Ι</strong></span> <span class='ocrx_word' id='word_1_329' title='bbox 558 1393 620 1422; x_wconf 85' lang='lat' dir='ltr'><strong>Cor.</strong></span> <span class='ocrx_word' id='word_1_330' title='bbox 635 1403 664 1428; x_wconf 87' lang='lat' dir='ltr'><strong>ll,</strong></span> <span class='ocrx_word' id='word_1_331' title='bbox 688 1395 744 1431; x_wconf 84' lang='lat' dir='ltr'><strong>l9),</strong></span> <span class='ocrx_word' id='word_1_332' title='bbox 759 1396 825 1423; x_wconf 90' lang='lat' dir='ltr'><strong>satis</strong></span> <span class='ocrx_word' id='word_1_333' title='bbox 838 1395 957 1424; x_wconf 86' lang='lat' dir='ltr'><strong>ostendit</strong></span> <span class='ocrx_word' id='word_1_334' title='bbox 970 1396 1033 1431; x_wconf 86' lang='lat' dir='ltr'><strong>quia</strong></span> <span class='ocrx_word' id='word_1_335' title='bbox 1043 1403 1097 1423; x_wconf 93' lang='lat' dir='ltr'><strong>non</strong></span> 
     </span>
    </p>
   </div>
   <div class='ocr_carea' id='block_1_45' title="bbox 305 1437 1097 1481">
    <p class='ocr_par' dir='ltr' id='par_1_45' title="bbox 305 1437 1097 1481">
     <span class='ocr_line' id='line_1_45' title="bbox 305 1437 1097 1481; baseline 0.005 -17"><span class='ocrx_word' id='word_1_336' title='bbox 305 1437 384 1465; x_wconf 87' lang='lat' dir='ltr'><strong>alteri</strong></span> <span class='ocrx_word' id='word_1_337' title='bbox 399 1438 531 1473; x_wconf 87' lang='lat' dir='ltr'><strong>judicium</strong></span> <span class='ocrx_word' id='word_1_338' title='bbox 547 1441 701 1481; x_wconf 75' lang='lat' dir='ltr'><strong>mapducat,</strong></span> <span class='ocrx_word' id='word_1_339' title='bbox 713 1441 760 1468; x_wconf 87' lang='lat' dir='ltr'><strong>sed</strong></span> <span class='ocrx_word' id='word_1_340' title='bbox 772 1441 822 1468; x_wconf 86' lang='lat' dir='ltr'><strong>sibi</strong></span> <span class='ocrx_word' id='word_1_341' title='bbox 837 1450 844 1468; x_wconf 89' lang='lat'><strong>:</strong></span> <span class='ocrx_word' id='word_1_342' title='bbox 861 1441 923 1476; x_wconf 89' lang='lat' dir='ltr'><strong>quia</strong></span> <span class='ocrx_word' id='word_1_343' title='bbox 944 1442 1097 1469; x_wconf 87' lang='lat' dir='ltr'><strong>communio</strong></span> 
     </span>
    </p>
   </div>
   <div class='ocr_carea' id='block_1_46' title="bbox 306 1484 1097 1522">
    <p class='ocr_par' dir='ltr' id='par_1_46' title="bbox 306 1484 1097 1522">
     <span class='ocr_line' id='line_1_46' title="bbox 306 1484 1097 1522; baseline 0.006 -12"><span class='ocrx_word' id='word_1_344' title='bbox 306 1484 437 1511; x_wconf 89' lang='lat' dir='ltr'><strong>malormn</strong></span> <span class='ocrx_word' id='word_1_345' title='bbox 464 1493 517 1512; x_wconf 92' lang='lat' dir='ltr'><strong>non</strong></span> <span class='ocrx_word' id='word_1_346' title='bbox 539 1486 659 1514; x_wconf 87' lang='lat' dir='ltr'><strong>maculat</strong></span> <span class='ocrx_word' id='word_1_347' title='bbox 688 1487 804 1522; x_wconf 87' lang='lat' dir='ltr'><strong>aliquem</strong></span> <span class='ocrx_word' id='word_1_348' title='bbox 826 1487 1031 1522; x_wconf 84' lang='lat' dir='ltr'><strong>participatione</strong></span> <span class='ocrx_word' id='word_1_349' title='bbox 1053 1496 1097 1515; x_wconf 84' lang='lat' dir='ltr'><strong>sa-</strong></span> 
     </span>
    </p>
   </div>
   <div class='ocr_carea' id='block_1_47' title="bbox 304 1532 1094 1564">
    <p class='ocr_par' dir='ltr' id='par_1_47' title="bbox 304 1532 1094 1564">
     <span class='ocr_line' id='line_1_47' title="bbox 304 1532 1094 1564; baseline 0.006 -8"><span class='ocrx_word' id='word_1_350' title='bbox 304 1535 515 1564; x_wconf 86' lang='lat' dir='ltr'><strong>cramentorum,</strong></span> <span class='ocrx_word' id='word_1_351' title='bbox 531 1533 577 1560; x_wconf 85' lang='lat' dir='ltr'><strong>sed</strong></span> <span class='ocrx_word' id='word_1_352' title='bbox 593 1533 769 1562; x_wconf 87' lang='lat' dir='ltr'><strong>consensione</strong></span> <span class='ocrx_word' id='word_1_353' title='bbox 787 1532 929 1561; x_wconf 85' lang='lat' dir='ltr'><strong>factorum.</strong></span> <span class='ocrx_word' id='word_1_354' title='bbox 941 1534 1009 1561; x_wconf 85' lang='lat' dir='ltr'><strong>Nam</strong></span> <span class='ocrx_word' id='word_1_355' title='bbox 1024 1535 1047 1561; x_wconf 89' lang='lat' dir='ltr'><strong>si</strong></span> <span class='ocrx_word' id='word_1_356' title='bbox 1068 1534 1094 1562; x_wconf 92' lang='lat' dir='ltr'><strong>in</strong></span> 
     </span>
    </p>
   </div>
   <div class='ocr_carea' id='block_1_48' title="bbox 304 1576 1096 1614">
    <p class='ocr_par' dir='ltr' id='par_1_48' title="bbox 304 1576 1096 1614">
     <span class='ocr_line' id='line_1_48' title="bbox 304 1576 1096 1614; baseline 0.005 -11"><span class='ocrx_word' id='word_1_357' title='bbox 304 1576 383 1604; x_wconf 80' lang='lat' dir='ltr'><strong>factis</strong></span> <span class='ocrx_word' id='word_1_358' title='bbox 404 1576 481 1605; x_wconf 86' lang='lat' dir='ltr'><strong>malis</strong></span> <span class='ocrx_word' id='word_1_359' title='bbox 500 1586 552 1606; x_wconf 92' lang='lat' dir='ltr'><strong>non</strong></span> <span class='ocrx_word' id='word_1_360' title='bbox 572 1578 611 1606; x_wconf 87' lang='lat' dir='ltr'><strong>eis</strong></span> <span class='ocrx_word' id='word_1_361' title='bbox 624 1579 738 1614; x_wconf 84' lang='lat' dir='ltr'><strong>quisque</strong></span> <span class='ocrx_word' id='word_1_362' title='bbox 752 1579 914 1612; x_wconf 87' lang='lat' dir='ltr'><strong>consentiat,</strong></span> <span class='ocrx_word' id='word_1_363' title='bbox 928 1584 1019 1614; x_wconf 82' lang='lat' dir='ltr'><strong>portat</strong></span> <span class='ocrx_word' id='word_1_364' title='bbox 1040 1588 1096 1607; x_wconf 83' lang='lat' dir='ltr'><strong>Ina-</strong></span> 
     </span>
    </p>
   </div>
   <div class='ocr_carea' id='block_1_49' title="bbox 303 1622 1097 1662">
    <p class='ocr_par' dir='ltr' id='par_1_49' title="bbox 303 1622 1097 1662">
     <span class='ocr_line' id='line_1_49' title="bbox 303 1622 1097 1662; baseline 0.008 -13"><span class='ocrx_word' id='word_1_365' title='bbox 303 1622 344 1650; x_wconf 92' lang='lat' dir='ltr'><strong>lus</strong></span> <span class='ocrx_word' id='word_1_366' title='bbox 363 1631 471 1651; x_wconf 88' lang='lat' dir='ltr'><strong>causam</strong></span> <span class='ocrx_word' id='word_1_367' title='bbox 498 1633 586 1658; x_wconf 89' lang='lat' dir='ltr'><strong>suam,</strong></span> <span class='ocrx_word' id='word_1_368' title='bbox 613 1630 641 1653; x_wconf 92' lang='lat' dir='ltr'><strong>et</strong></span> <span class='ocrx_word' id='word_1_369' title='bbox 666 1634 781 1661; x_wconf 85' lang='lat' dir='ltr'><strong>persona</strong></span> <span class='ocrx_word' id='word_1_370' title='bbox 808 1634 856 1654; x_wconf 90' lang='lat' dir='ltr'><strong>sua</strong></span> <span class='ocrx_word' id='word_1_371' title='bbox 871 1634 925 1654; x_wconf 92' lang='lat' dir='ltr'><strong>non</strong></span> <span class='ocrx_word' id='word_1_372' title='bbox 941 1628 1097 1662; x_wconf 69' lang='lat' dir='ltr'><strong>prtejudicat</strong></span> 
     </span>
    </p>
   </div>
   <div class='ocr_carea' id='block_1_50' title="bbox 303 1662 1095 1708">
    <p class='ocr_par' dir='ltr' id='par_1_50' title="bbox 303 1662 1095 1708">
     <span class='ocr_line' id='line_1_50' title="bbox 303 1662 1095 1708; baseline 0.005 -12"><span class='ocrx_word' id='word_1_373' title='bbox 303 1662 392 1703; x_wconf 86' lang='lat' dir='ltr'><strong>alteri,</strong></span> <span class='ocrx_word' id='word_1_374' title='bbox 408 1679 487 1706; x_wconf 88' lang='lat' dir='ltr'><strong>quem</strong></span> <span class='ocrx_word' id='word_1_375' title='bbox 504 1671 529 1698; x_wconf 94' lang='lat' dir='ltr'><strong>in</strong></span> <span class='ocrx_word' id='word_1_376' title='bbox 545 1671 715 1700; x_wconf 84' lang='lat' dir='ltr'><strong>confessione</strong></span> <span class='ocrx_word' id='word_1_377' title='bbox 729 1672 791 1699; x_wconf 87' lang='lat' dir='ltr'><strong>mali</strong></span> <span class='ocrx_word' id='word_1_378' title='bbox 805 1673 896 1708; x_wconf 87' lang='lat' dir='ltr'><strong>operis</strong></span> <span class='ocrx_word' id='word_1_379' title='bbox 915 1673 1019 1700; x_wconf 79' lang='lat' dir='ltr'><strong>socium</strong></span> <span class='ocrx_word' id='word_1_380' title='bbox 1043 1680 1095 1700; x_wconf 94' lang='lat' dir='ltr'><strong>non</strong></span> 
     </span>
    </p>
   </div>
   <div class='ocr_carea' id='block_1_51' title="bbox 303 1716 1096 1753">
    <p class='ocr_par' dir='ltr' id='par_1_51' title="bbox 303 1716 1096 1753">
     <span class='ocr_line' id='line_1_51' title="bbox 303 1716 1096 1753; baseline 0.005 -11"><span class='ocrx_word' id='word_1_381' title='bbox 303 1716 383 1743; x_wconf 86' lang='lat' dir='ltr'><strong>habet</strong></span> <span class='ocrx_word' id='word_1_382' title='bbox 399 1717 532 1745; x_wconf 86' lang='lat' dir='ltr'><strong>criminis.</strong></span> <span class='ocrx_word' id='word_1_383' title='bbox 545 1717 607 1744; x_wconf 72' lang='lat' dir='ltr'><strong>llaec</strong></span> <span class='ocrx_word' id='word_1_384' title='bbox 622 1718 648 1745; x_wconf 92' lang='lat' dir='ltr'><strong>in</strong></span> <span class='ocrx_word' id='word_1_385' title='bbox 663 1718 820 1753; x_wconf 69' lang='lat' dir='ltr'><strong>prmfatione</strong></span> <span class='ocrx_word' id='word_1_386' title='bbox 833 1718 865 1746; x_wconf 91' lang='lat' dir='ltr'><strong>de</strong></span> <span class='ocrx_word' id='word_1_387' title='bbox 878 1723 1034 1746; x_wconf 89' lang='lat' dir='ltr'><strong>sanctorum</strong></span> <span class='ocrx_word' id='word_1_388' title='bbox 1048 1719 1096 1746; x_wconf 87' lang='lat' dir='ltr'><strong>Pa-</strong></span> 
     </span>
    </p>
   </div>
   <div class='ocr_carea' id='block_1_52' title="bbox 303 1763 1094 1793">
    <p class='ocr_par' dir='ltr' id='par_1_52' title="bbox 303 1763 1094 1793">
     <span class='ocr_line' id='line_1_52' title="bbox 303 1763 1094 1793; baseline 0.006 -5"><span class='ocrx_word' id='word_1_389' title='bbox 303 1766 374 1789; x_wconf 90' lang='lat' dir='ltr'><strong>trum</strong></span> <span class='ocrx_word' id='word_1_390' title='bbox 389 1763 478 1791; x_wconf 85' lang='lat' dir='ltr'><strong>verbis</strong></span> <span class='ocrx_word' id='word_1_391' title='bbox 488 1769 516 1791; x_wconf 89' lang='lat' dir='ltr'><strong>et</strong></span> <span class='ocrx_word' id='word_1_392' title='bbox 527 1765 650 1792; x_wconf 88' lang='lat' dir='ltr'><strong>sensibus</strong></span> <span class='ocrx_word' id='word_1_393' title='bbox 666 1765 773 1791; x_wconf 88' lang='lat' dir='ltr'><strong>interim</strong></span> <span class='ocrx_word' id='word_1_394' title='bbox 788 1765 857 1792; x_wconf 90' lang='lat' dir='ltr'><strong>dicta</strong></span> <span class='ocrx_word' id='word_1_395' title='bbox 870 1765 1005 1792; x_wconf 78' lang='lat' dir='ltr'><strong>sufﬁciant</strong></span> <span class='ocrx_word' id='word_1_396' title='bbox 1019 1773 1026 1791; x_wconf 90' lang='lat'><strong><em>:</em></strong></span> <span class='ocrx_word' id='word_1_397' title='bbox 1046 1766 1094 1793; x_wconf 92' lang='lat' dir='ltr'><strong>ab-</strong></span> 
     </span>
    </p>
   </div>
   <div class='ocr_carea' id='block_1_53' title="bbox 304 1806 1130 1846">
    <p class='ocr_par' dir='ltr' id='par_1_53' title="bbox 304 1806 1130 1846">
     <span class='ocr_line' id='line_1_53' title="bbox 304 1806 1130 1846; baseline 0.006 -12"><span class='ocrx_word' id='word_1_398' title='bbox 304 1806 367 1835; x_wconf 87' lang='lat' dir='ltr'><strong>hinc</strong></span> <span class='ocrx_word' id='word_1_399' title='bbox 384 1809 543 1836; x_wconf 86' lang='lat' dir='ltr'><strong>eorumdem</strong></span> <span class='ocrx_word' id='word_1_400' title='bbox 564 1809 750 1842; x_wconf 85' lang='lat' dir='ltr'><strong>nihilominus,</strong></span> <span class='ocrx_word' id='word_1_401' title='bbox 777 1811 823 1837; x_wconf 87' lang='lat' dir='ltr'><strong>sed</strong></span> <span class='ocrx_word' id='word_1_402' title='bbox 846 1815 873 1838; x_wconf 90' lang='lat' dir='ltr'><strong>et</strong></span> <span class='ocrx_word' id='word_1_403' title='bbox 896 1811 1096 1846; x_wconf 85' lang='lat' dir='ltr'><strong>quampluriqu</strong></span> <span class='ocrx_word' id='word_1_404' title='bbox 1126 1831 1130 1835; x_wconf 64' lang='grc'><strong>›</strong></span> 
     </span>
    </p>
   </div>
   <div class='ocr_carea' id='block_1_54' title="bbox 303 1852 1096 1891">
    <p class='ocr_par' dir='ltr' id='par_1_54' title="bbox 303 1852 1096 1891">
     <span class='ocr_line' id='line_1_54' title="bbox 303 1852 1096 1891; baseline 0.006 -13"><span class='ocrx_word' id='word_1_405' title='bbox 303 1852 417 1880; x_wconf 90' lang='lat' dir='ltr'><strong>aliorum</strong></span> <span class='ocrx_word' id='word_1_406' title='bbox 432 1854 627 1882; x_wconf 86' lang='lat' dir='ltr'><strong>catholicorum</strong></span> <span class='ocrx_word' id='word_1_407' title='bbox 653 1855 847 1883; x_wconf 72' lang='lat' dir='ltr'><strong>assertionibus</strong></span> <span class='ocrx_word' id='word_1_408' title='bbox 871 1857 905 1883; x_wconf 89' lang='lat' dir='ltr'><strong>ad</strong></span> <span class='ocrx_word' id='word_1_409' title='bbox 920 1856 1024 1891; x_wconf 80' lang='lat' dir='ltr'><strong>singula</strong></span> <span class='ocrx_word' id='word_1_410' title='bbox 1050 1865 1096 1891; x_wconf 87' lang='lat' dir='ltr'><strong>pc-</strong></span> 
     </span>
    </p>
   </div>
   <div class='ocr_carea' id='block_1_55' title="bbox 302 1898 1096 1938">
    <p class='ocr_par' dir='ltr' id='par_1_55' title="bbox 302 1898 1096 1938">
     <span class='ocr_line' id='line_1_55' title="bbox 302 1898 1096 1938; baseline 0.005 -13"><span class='ocrx_word' id='word_1_411' title='bbox 302 1899 387 1926; x_wconf 84' lang='lat' dir='ltr'><strong>stiferi</strong></span> <span class='ocrx_word' id='word_1_412' title='bbox 398 1898 567 1928; x_wconf 87' lang='lat' dir='ltr'><strong>Gothcscalci</strong></span> <span class='ocrx_word' id='word_1_413' title='bbox 578 1901 799 1934; x_wconf 80' lang='lat' dir='ltr'><strong>verba,lcthil‘era</strong></span> <span class='ocrx_word' id='word_1_414' title='bbox 808 1903 969 1937; x_wconf 86' lang='lat' dir='ltr'><strong>respondere</strong></span> <span class='ocrx_word' id='word_1_415' title='bbox 976 1903 1096 1938; x_wconf 80' lang='lat' dir='ltr'><strong>singilla-</strong></span> 
     </span>
    </p>
   </div>
   <div class='ocr_carea' id='block_1_56' title="bbox 302 1945 1094 1982">
    <p class='ocr_par' dir='ltr' id='par_1_56' title="bbox 302 1945 1094 1982">
     <span class='ocr_line' id='line_1_56' title="bbox 302 1945 1094 1982; baseline 0.004 -11"><span class='ocrx_word' id='word_1_416' title='bbox 302 1945 360 1978; x_wconf 90' lang='lat' dir='ltr'><strong>tim,</strong></span> <span class='ocrx_word' id='word_1_417' title='bbox 378 1945 484 1973; x_wconf 77' lang='lat' dir='ltr'><strong>favente</strong></span> <span class='ocrx_word' id='word_1_418' title='bbox 498 1954 550 1973; x_wconf 91' lang='lat' dir='ltr'><strong>una</strong></span> <span class='ocrx_word' id='word_1_419' title='bbox 565 1952 592 1973; x_wconf 88' lang='lat' dir='ltr'><strong>et</strong></span> <span class='ocrx_word' id='word_1_420' title='bbox 607 1947 779 1981; x_wconf 85' lang='lat' dir='ltr'><strong>inseparabili</strong></span> <span class='ocrx_word' id='word_1_421' title='bbox 794 1946 909 1979; x_wconf 82' lang='lat' dir='ltr'><strong>Deitate,</strong></span> <span class='ocrx_word' id='word_1_422' title='bbox 925 1947 1094 1982; x_wconf 84' lang='lat' dir='ltr'><strong>incipiemus.</strong></span> 
     </span>
    </p>
   </div>
   <div class='ocr_carea' id='block_1_57' title="bbox 338 1990 1095 2021">
    <p class='ocr_par' dir='ltr' id='par_1_57' title="bbox 338 1990 1095 2021">
     <span class='ocr_line' id='line_1_57' title="bbox 338 1990 1095 2021; baseline 0.001 -2"><span class='ocrx_word' id='word_1_423' title='bbox 338 1990 413 2019; x_wconf 89' lang='lat' dir='ltr'><strong>Sicut</strong></span> <span class='ocrx_word' id='word_1_424' title='bbox 427 1992 540 2020; x_wconf 78' lang='lat' dir='ltr'><strong>venefici</strong></span> <span class='ocrx_word' id='word_1_425' title='bbox 562 1998 588 2020; x_wconf 87' lang='lat' dir='ltr'><strong>et</strong></span> <span class='ocrx_word' id='word_1_426' title='bbox 602 1993 736 2020; x_wconf 70' lang='lat' dir='ltr'><strong>sortiaria:</strong></span> <span class='ocrx_word' id='word_1_427' title='bbox 749 1993 802 2020; x_wconf 87' lang='lat' dir='ltr'><strong>mel</strong></span> <span class='ocrx_word' id='word_1_428' title='bbox 818 1994 851 2020; x_wconf 84' lang='lat' dir='ltr'><strong>ad</strong></span> <span class='ocrx_word' id='word_1_429' title='bbox 866 2002 896 2020; x_wconf 88' lang='lat' dir='ltr'><strong>os</strong></span> <span class='ocrx_word' id='word_1_430' title='bbox 908 1994 1009 2020; x_wconf 86' lang='lat' dir='ltr'><strong>vasculi</strong></span> <span class='ocrx_word' id='word_1_431' title='bbox 1022 1994 1095 2021; x_wconf 88' lang='lat' dir='ltr'><strong>virus</strong></span> 
     </span>
    </p>
   </div>
   <div class='ocr_carea' id='block_1_58' title="bbox 301 2038 1095 2074">
    <p class='ocr_par' dir='ltr' id='par_1_58' title="bbox 301 2038 1095 2074">
     <span class='ocr_line' id='line_1_58' title="bbox 301 2038 1095 2074; baseline 0.003 -9"><span class='ocrx_word' id='word_1_432' title='bbox 301 2038 414 2066; x_wconf 75' lang='lat' dir='ltr'><strong>celantia</strong></span> <span class='ocrx_word' id='word_1_433' title='bbox 427 2046 528 2074; x_wconf 88' lang='lat' dir='ltr'><strong>ponere</strong></span> <span class='ocrx_word' id='word_1_434' title='bbox 542 2039 639 2072; x_wconf 84' lang='lat' dir='ltr'><strong>solent,</strong></span> <span class='ocrx_word' id='word_1_435' title='bbox 659 2040 697 2067; x_wconf 88' lang='lat' dir='ltr'><strong>sic</strong></span> <span class='ocrx_word' id='word_1_436' title='bbox 710 2039 903 2068; x_wconf 84' lang='lat' dir='ltr'><strong>Gothescalcus</strong></span> <span class='ocrx_word' id='word_1_437' title='bbox 918 2041 945 2067; x_wconf 91' lang='lat' dir='ltr'><strong>in</strong></span> <span class='ocrx_word' id='word_1_438' title='bbox 961 2041 1038 2067; x_wconf 92' lang='lat' dir='ltr'><strong>initio</strong></span> <span class='ocrx_word' id='word_1_439' title='bbox 1049 2048 1095 2068; x_wconf 88' lang='lat' dir='ltr'><strong>su—</strong></span> 
     </span>
    </p>
   </div>
   <div class='ocr_carea' id='block_1_59' title="bbox 298 2087 1096 2122">
    <p class='ocr_par' dir='ltr' id='par_1_59' title="bbox 298 2087 1096 2122">
     <span class='ocr_line' id='line_1_59' title="bbox 298 2087 1096 2122; baseline 0.003 -9"><span class='ocrx_word' id='word_1_440' title='bbox 298 2087 456 2122; x_wconf 79' lang='lat' dir='ltr'><strong>prascriptae</strong></span> <span class='ocrx_word' id='word_1_441' title='bbox 475 2095 530 2114; x_wconf 74' lang='lat' dir='ltr'><strong>sua:</strong></span> <span class='ocrx_word' id='word_1_442' title='bbox 551 2088 747 2122; x_wconf 87' lang='lat' dir='ltr'><strong>compilationis</strong></span> <span class='ocrx_word' id='word_1_443' title='bbox 769 2088 958 2115; x_wconf 54' lang='lat' dir='ltr'><strong>hagreticorum</strong></span> <span class='ocrx_word' id='word_1_444' title='bbox 986 2096 1096 2116; x_wconf 89' lang='lat' dir='ltr'><strong>errores</strong></span> 
     </span>
    </p>
   </div>
   <div class='ocr_carea' id='block_1_60' title="bbox 299 2134 1096 2168">
    <p class='ocr_par' dir='ltr' id='par_1_60' title="bbox 299 2134 1096 2168">
     <span class='ocr_line' id='line_1_60' title="bbox 299 2134 1096 2168; baseline 0.004 -9"><span class='ocrx_word' id='word_1_445' title='bbox 299 2134 436 2167; x_wconf 82' lang='lat' dir='ltr'><strong>proponit,</strong></span> <span class='ocrx_word' id='word_1_446' title='bbox 451 2137 477 2160; x_wconf 88' lang='lat' dir='ltr'><strong>et</strong></span> <span class='ocrx_word' id='word_1_447' title='bbox 491 2134 654 2161; x_wconf 87' lang='lat' dir='ltr'><strong>verbotenus</strong></span> <span class='ocrx_word' id='word_1_448' title='bbox 671 2134 783 2168; x_wconf 86' lang='lat' dir='ltr'><strong>respuit,</strong></span> <span class='ocrx_word' id='word_1_449' title='bbox 797 2138 827 2160; x_wconf 89' lang='lat' dir='ltr'><strong>ut</strong></span> <span class='ocrx_word' id='word_1_450' title='bbox 841 2134 997 2162; x_wconf 85' lang='lat' dir='ltr'><strong>credibilius</strong></span> <span class='ocrx_word' id='word_1_451' title='bbox 1010 2142 1039 2162; x_wconf 86' lang='lat' dir='ltr'><strong>se</strong></span> <span class='ocrx_word' id='word_1_452' title='bbox 1051 2142 1096 2162; x_wconf 84' lang='lat' dir='ltr'><strong>ca-</strong></span> 
     </span>
    </p>
   </div>
   <div class='ocr_carea' id='block_1_61' title="bbox 300 2178 1095 2213">
    <p class='ocr_par' dir='ltr' id='par_1_61' title="bbox 300 2178 1095 2213">
     <span class='ocr_line' id='line_1_61' title="bbox 300 2178 1095 2213; baseline 0.004 -9"><span class='ocrx_word' id='word_1_453' title='bbox 300 2178 429 2204; x_wconf 87' lang='lat' dir='ltr'><strong>tholicqu</strong></span> <span class='ocrx_word' id='word_1_454' title='bbox 442 2179 587 2210; x_wconf 87' lang='lat' dir='ltr'><strong>mentiens,</strong></span> <span class='ocrx_word' id='word_1_455' title='bbox 603 2178 769 2213; x_wconf 83' lang='lat' dir='ltr'><strong>simplicibus</strong></span> <span class='ocrx_word' id='word_1_456' title='bbox 793 2178 905 2206; x_wconf 88' lang='lat' dir='ltr'><strong>illudere</strong></span> <span class='ocrx_word' id='word_1_457' title='bbox 928 2184 956 2206; x_wconf 90' lang='lat' dir='ltr'><strong>et</strong></span> <span class='ocrx_word' id='word_1_458' title='bbox 974 2187 1003 2207; x_wconf 84' lang='lat' dir='ltr'><strong>se</strong></span> <span class='ocrx_word' id='word_1_459' title='bbox 1019 2187 1095 2207; x_wconf 85' lang='lat' dir='ltr'><strong>com-</strong></span> 
     </span>
    </p>
   </div>
   <div class='ocr_carea' id='block_1_62' title="bbox 300 2223 1095 2261">
    <p class='ocr_par' dir='ltr' id='par_1_62' title="bbox 300 2223 1095 2261">
     <span class='ocr_line' id='line_1_62' title="bbox 300 2223 1095 2261; baseline 0.004 -11"><span class='ocrx_word' id='word_1_460' title='bbox 300 2223 478 2252; x_wconf 80' lang='lat' dir='ltr'><strong>mendabilem</strong></span> <span class='ocrx_word' id='word_1_461' title='bbox 491 2225 604 2252; x_wconf 86' lang='lat' dir='ltr'><strong>reddere</strong></span> <span class='ocrx_word' id='word_1_462' title='bbox 611 2226 708 2259; x_wconf 86' lang='lat' dir='ltr'><strong>possit,</strong></span> <span class='ocrx_word' id='word_1_463' title='bbox 719 2230 746 2252; x_wconf 87' lang='lat' dir='ltr'><strong>et</strong></span> <span class='ocrx_word' id='word_1_464' title='bbox 756 2225 898 2252; x_wconf 60' lang='lat' dir='ltr'><strong>haereticus</strong></span> <span class='ocrx_word' id='word_1_465' title='bbox 906 2226 1019 2261; x_wconf 86' lang='lat' dir='ltr'><strong>loquens</strong></span> <span class='ocrx_word' id='word_1_466' title='bbox 1029 2234 1095 2253; x_wconf 88' lang='lat' dir='ltr'><strong>con-</strong></span> 
     </span>
    </p>
   </div>
   <div class='ocr_carea' id='block_1_63' title="bbox 300 2270 1093 2306">
    <p class='ocr_par' dir='ltr' id='par_1_63' title="bbox 300 2270 1093 2306">
     <span class='ocr_line' id='line_1_63' title="bbox 300 2270 1093 2306; baseline 0.005 -11"><span class='ocrx_word' id='word_1_467' title='bbox 300 2273 342 2295; x_wconf 89' lang='lat' dir='ltr'><strong>tra</strong></span> <span class='ocrx_word' id='word_1_468' title='bbox 351 2270 503 2303; x_wconf 75' lang='lat' dir='ltr'><strong>haereticos,</strong></span> <span class='ocrx_word' id='word_1_469' title='bbox 511 2270 589 2305; x_wconf 88' lang='lat' dir='ltr'><strong>lupus</strong></span> <span class='ocrx_word' id='word_1_470' title='bbox 602 2271 660 2297; x_wconf 88' lang='lat' dir='ltr'><strong>ovis</strong></span> <span class='ocrx_word' id='word_1_471' title='bbox 668 2270 736 2306; x_wconf 88' lang='lat' dir='ltr'><strong>pelle</strong></span> <span class='ocrx_word' id='word_1_472' title='bbox 746 2271 859 2306; x_wconf 89' lang='lat' dir='ltr'><strong>palliare</strong></span> <span class='ocrx_word' id='word_1_473' title='bbox 867 2279 896 2298; x_wconf 84' lang='lat' dir='ltr'><strong>se</strong></span> <span class='ocrx_word' id='word_1_474' title='bbox 906 2271 999 2299; x_wconf 80' lang='lat' dir='ltr'><strong>volens</strong></span> <span class='ocrx_word' id='word_1_475' title='bbox 1012 2272 1093 2300; x_wconf 91' lang='lat' dir='ltr'><strong>dicit:</strong></span> 
     </span>
    </p>
   </div>
   <div class='ocr_carea' id='block_1_64' title="bbox 691 2317 711 2343">
    <p class='ocr_par' dir='ltr' id='par_1_64' title="bbox 691 2317 711 2343">
     <span class='ocr_line' id='line_1_64' title="bbox 691 2317 711 2343; baseline 0 0"><span class='ocrx_word' id='word_1_476' title='bbox 691 2317 711 2343; x_wconf 85' lang='lat' dir='ltr'><strong>l.</strong></span> 
     </span>
    </p>
   </div>
   <div class='ocr_carea' id='block_1_65' title="bbox 334 2362 1094 2403">
    <p class='ocr_par' dir='ltr' id='par_1_65' title="bbox 334 2362 1094 2403">
     <span class='ocr_line' id='line_1_65' title="bbox 334 2362 1094 2403; baseline 0.009 -16"><span class='ocrx_word' id='word_1_477' title='bbox 334 2364 369 2395; x_wconf 64' lang='grc' dir='ltr'><strong>ξ-</strong></span> <span class='ocrx_word' id='word_1_478' title='bbox 381 2372 390 2387; x_wconf 75' lang='grc' dir='ltr'><strong><em>ι</em></strong></span> <span class='ocrx_word' id='word_1_479' title='bbox 403 2362 467 2403; x_wconf 75' lang='lat' dir='ltr'><strong>Aisi</strong></span> <span class='ocrx_word' id='word_1_480' title='bbox 478 2367 601 2391; x_wconf 90' lang='lat' dir='ltr'><strong>metuens</strong></span> <span class='ocrx_word' id='word_1_481' title='bbox 613 2364 786 2391; x_wconf 82' lang='lat' dir='ltr'><strong>anathemate</strong></span> <span class='ocrx_word' id='word_1_482' title='bbox 798 2363 848 2391; x_wconf 86' lang='lat' dir='ltr'><strong>rite</strong></span> <span class='ocrx_word' id='word_1_483' title='bbox 861 2364 981 2399; x_wconf 84' lang='lat' dir='ltr'><strong>percelli,</strong></span> <span class='ocrx_word' id='word_1_484' title='bbox 993 2370 1019 2393; x_wconf 86' lang='lat' dir='ltr'><strong>et</strong></span> <span class='ocrx_word' id='word_1_485' title='bbox 1029 2365 1094 2394; x_wconf 90' lang='lat' dir='ltr'><strong>illud</strong></span> 
     </span>
    </p>
   </div>
   <div class='ocr_carea' id='block_1_66' title="bbox 268 2406 1095 2446">
    <p class='ocr_par' dir='ltr' id='par_1_66' title="bbox 268 2406 1095 2446">
     <span class='ocr_line' id='line_1_66' title="bbox 268 2406 1095 2446; baseline 0.005 -12"><span class='ocrx_word' id='word_1_486' title='bbox 268 2406 271 2409; x_wconf 90' lang='grc'><em>’</em></span> <span class='ocrx_word' id='word_1_487' title='bbox 302 2409 315 2433; x_wconf 81' lang='lat' dir='ltr'><strong>t&#39;</strong></span> <span class='ocrx_word' id='word_1_488' title='bbox 329 2416 390 2446; x_wconf 84' lang='lat' dir='ltr'><strong>cum</strong></span> <span class='ocrx_word' id='word_1_489' title='bbox 400 2408 610 2444; x_wconf 80' lang='lat' dir='ltr'><strong>Patripassianis</strong></span> <span class='ocrx_word' id='word_1_490' title='bbox 622 2410 687 2446; x_wconf 87' lang='lat' dir='ltr'><strong>pati,</strong></span> <span class='ocrx_word' id='word_1_491' title='bbox 701 2410 933 2437; x_wconf 83' lang='lat' dir='ltr'><strong>dixeritdeitatem</strong></span> <span class='ocrx_word' id='word_1_492' title='bbox 945 2418 1004 2438; x_wconf 88' lang='lat' dir='ltr'><strong>esse</strong></span> <span class='ocrx_word' id='word_1_493' title='bbox 1018 2416 1095 2438; x_wconf 88' lang='lat' dir='ltr'><strong>natu-</strong></span> 
     </span>
    </p>
   </div>
   <div class='ocr_carea' id='block_1_67' title="bbox 301 2448 1093 2494">
    <p class='ocr_par' dir='ltr' id='par_1_67' title="bbox 301 2448 1093 2494">
     <span class='ocr_line' id='line_1_67' title="bbox 301 2448 1093 2494; baseline 0.006 -14"><span class='ocrx_word' id='word_1_494' title='bbox 301 2463 310 2479; x_wconf 70' lang='grc' dir='ltr'><em>α</em></span> <span class='ocrx_word' id='word_1_495' title='bbox 329 2448 423 2483; x_wconf 82' lang='lat' dir='ltr'><strong>raliter</strong></span> <span class='ocrx_word' id='word_1_496' title='bbox 435 2463 517 2494; x_wconf 74' lang='lat' dir='ltr'><strong>tutam</strong></span> <span class='ocrx_word' id='word_1_497' title='bbox 526 2475 534 2489; x_wconf 86' lang='lat'><strong>,</strong></span> <span class='ocrx_word' id='word_1_498' title='bbox 552 2457 603 2483; x_wconf 93' lang='lat' dir='ltr'><strong>hoc</strong></span> <span class='ocrx_word' id='word_1_499' title='bbox 616 2461 812 2491; x_wconf 86' lang='lat' dir='ltr'><strong>consequenter</strong></span> <span class='ocrx_word' id='word_1_500' title='bbox 820 2456 900 2484; x_wconf 85' lang='lat' dir='ltr'><strong>debet</strong></span> <span class='ocrx_word' id='word_1_501' title='bbox 912 2461 938 2484; x_wconf 90' lang='lat' dir='ltr'><strong>et</strong></span> <span class='ocrx_word' id='word_1_502' title='bbox 952 2458 1093 2491; x_wconf 85' lang='lat' dir='ltr'><strong>confiteri,</strong></span> 
     </span>
    </p>
   </div>
   <div class='ocr_carea' id='block_1_68' title="bbox 280 2496 1093 2540">
    <p class='ocr_par' dir='ltr' id='par_1_68' title="bbox 280 2496 1093 2540">
     <span class='ocr_line' id='line_1_68' title="bbox 280 2496 1093 2540; baseline 0.004 -12"><span class='ocrx_word' id='word_1_503' title='bbox 280 2504 281 2507; x_wconf 80' lang='lat'>‘</span> <span class='ocrx_word' id='word_1_504' title='bbox 303 2511 310 2527; x_wconf 80' lang='grc' dir='ltr'><em>ι</em></span> <span class='ocrx_word' id='word_1_505' title='bbox 327 2500 410 2538; x_wconf 62' lang='grc'><strong>422</strong></span> <span class='ocrx_word' id='word_1_506' title='bbox 429 2501 452 2540; x_wconf 79' lang='lat' dir='ltr'><strong>si</strong></span> <span class='ocrx_word' id='word_1_507' title='bbox 473 2506 563 2529; x_wconf 88' lang='lat' dir='ltr'><strong>tamen</strong></span> <span class='ocrx_word' id='word_1_508' title='bbox 578 2502 635 2540; x_wconf 79' lang='lat' dir='ltr'><strong>Vl_.lll</strong></span> <span class='ocrx_word' id='word_1_509' title='bbox 651 2503 756 2529; x_wconf 89' lang='lat' dir='ltr'><strong>veniam</strong></span> <span class='ocrx_word' id='word_1_510' title='bbox 774 2503 887 2535; x_wconf 85' lang='lat' dir='ltr'><strong>mereri,</strong></span> <span class='ocrx_word' id='word_1_511' title='bbox 904 2510 1017 2537; x_wconf 82' lang='lat' dir='ltr'><strong>prorsus</strong></span> <span class='ocrx_word' id='word_1_512' title='bbox 1032 2496 1093 2531; x_wconf 80' lang='lat' dir='ltr'><strong>esse</strong></span> 
     </span>
    </p>
   </div>
   <div class='ocr_carea' id='block_1_69' title="bbox 300 2548 1093 2587">
    <p class='ocr_par' dir='ltr' id='par_1_69' title="bbox 300 2548 1093 2587">
     <span class='ocr_line' id='line_1_69' title="bbox 300 2548 1093 2587; baseline 0.005 -13"><span class='ocrx_word' id='word_1_513' title='bbox 300 2557 309 2573; x_wconf 87' lang='grc'><strong>‹</strong></span> <span class='ocrx_word' id='word_1_514' title='bbox 328 2548 455 2578; x_wconf 86' lang='lat' dir='ltr'><strong>deitatem</strong></span> <span class='ocrx_word' id='word_1_515' title='bbox 469 2548 649 2587; x_wconf 83' lang='lat' dir='ltr'><strong>personaliter</strong></span> <span class='ocrx_word' id='word_1_516' title='bbox 664 2549 772 2582; x_wconf 87' lang='lat' dir='ltr'><strong>trinam,</strong></span> <span class='ocrx_word' id='word_1_517' title='bbox 787 2549 867 2586; x_wconf 78' lang='lat' dir='ltr'><strong>sicuti</strong></span> <span class='ocrx_word' id='word_1_518' title='bbox 881 2550 984 2577; x_wconf 82' lang='lat' dir='ltr'><strong>scilicet</strong></span> <span class='ocrx_word' id='word_1_519' title='bbox 1007 2550 1093 2578; x_wconf 88' lang='lat' dir='ltr'><strong>Deum</strong></span> 
     </span>
    </p>
   </div>
   <div class='ocr_carea' id='block_1_70' title="bbox 301 2594 1093 2632">
    <p class='ocr_par' dir='ltr' id='par_1_70' title="bbox 301 2594 1093 2632">
     <span class='ocr_line' id='line_1_70' title="bbox 301 2594 1093 2632; baseline 0.004 -11"><span class='ocrx_word' id='word_1_520' title='bbox 301 2603 310 2620; x_wconf 77' lang='grc' dir='ltr'>ι</span> <span class='ocrx_word' id='word_1_521' title='bbox 329 2594 491 2623; x_wconf 89' lang='lat' dir='ltr'><strong>naturaliter</strong></span> <span class='ocrx_word' id='word_1_522' title='bbox 504 2602 585 2622; x_wconf 90' lang='lat' dir='ltr'><strong>unum</strong></span> <span class='ocrx_word' id='word_1_523' title='bbox 598 2598 705 2623; x_wconf 84' lang='lat' dir='ltr'><strong>constat</strong></span> <span class='ocrx_word' id='word_1_524' title='bbox 719 2602 790 2627; x_wconf 84' lang='lat' dir='ltr'><strong>esse,</strong></span> <span class='ocrx_word' id='word_1_525' title='bbox 799 2595 894 2630; x_wconf 83' lang='lat' dir='ltr'><strong>procul</strong></span> <span class='ocrx_word' id='word_1_526' title='bbox 905 2596 986 2624; x_wconf 90' lang='lat' dir='ltr'><strong>dubio</strong></span> <span class='ocrx_word' id='word_1_527' title='bbox 1000 2604 1093 2632; x_wconf 89' lang='lat' dir='ltr'><strong>perso-</strong></span> 
     </span>
    </p>
   </div>
   <div class='ocr_carea' id='block_1_71' title="bbox 300 2642 1092 2678">
    <p class='ocr_par' dir='ltr' id='par_1_71' title="bbox 300 2642 1092 2678">
     <span class='ocr_line' id='line_1_71' title="bbox 300 2642 1092 2678; baseline 0.003 -9"><span class='ocrx_word' id='word_1_528' title='bbox 300 2650 309 2668; x_wconf 75' lang='grc' dir='ltr'><strong><em>ι</em></strong></span> <span class='ocrx_word' id='word_1_529' title='bbox 329 2642 426 2675; x_wconf 79' lang='lat' dir='ltr'><strong>naliter</strong></span> <span class='ocrx_word' id='word_1_530' title='bbox 441 2642 549 2670; x_wconf 91' lang='lat' dir='ltr'><strong>trinum.</strong></span> <span class='ocrx_word' id='word_1_531' title='bbox 569 2652 577 2669; x_wconf 84' lang='lat'><strong>)</strong></span> <span class='ocrx_word' id='word_1_532' title='bbox 593 2642 628 2669; x_wconf 86' lang='lat' dir='ltr'><strong>Et</strong></span> <span class='ocrx_word' id='word_1_533' title='bbox 637 2646 697 2678; x_wconf 89' lang='lat' dir='ltr'><strong>post</strong></span> <span class='ocrx_word' id='word_1_534' title='bbox 713 2642 849 2677; x_wconf 88' lang='lat' dir='ltr'><strong>aliquanta</strong></span> <span class='ocrx_word' id='word_1_535' title='bbox 865 2651 871 2669; x_wconf 88' lang='lat'><strong><em>:</em></strong></span> <span class='ocrx_word' id='word_1_536' title='bbox 887 2652 895 2668; x_wconf 89' lang='grc'><strong>‹</strong></span> <span class='ocrx_word' id='word_1_537' title='bbox 908 2643 984 2670; x_wconf 80' lang='lat' dir='ltr'><strong>Sicut</strong></span> <span class='ocrx_word' id='word_1_538' title='bbox 999 2651 1092 2671; x_wconf 90' lang='lat' dir='ltr'><strong>unam-</strong></span> 
     </span>
    </p>
   </div>
   <div class='ocr_carea' id='block_1_72' title="bbox 301 2687 1093 2725">
    <p class='ocr_par' dir='ltr' id='par_1_72' title="bbox 301 2687 1093 2725">
     <span class='ocr_line' id='line_1_72' title="bbox 301 2687 1093 2725; baseline 0.004 -11"><span class='ocrx_word' id='word_1_539' title='bbox 301 2698 309 2714; x_wconf 77' lang='grc' dir='ltr'>ι</span> <span class='ocrx_word' id='word_1_540' title='bbox 329 2696 464 2725; x_wconf 85' lang='lat' dir='ltr'><strong>quamque</strong></span> <span class='ocrx_word' id='word_1_541' title='bbox 477 2696 509 2716; x_wconf 81' lang='lat' dir='ltr'><strong>ex</strong></span> <span class='ocrx_word' id='word_1_542' title='bbox 535 2687 668 2716; x_wconf 88' lang='lat' dir='ltr'><strong>Trinitate</strong></span> <span class='ocrx_word' id='word_1_543' title='bbox 684 2696 826 2723; x_wconf 86' lang='lat' dir='ltr'><strong>personam</strong></span> <span class='ocrx_word' id='word_1_544' title='bbox 842 2689 964 2723; x_wconf 90' lang='lat' dir='ltr'><strong>quisquis</strong></span> <span class='ocrx_word' id='word_1_545' title='bbox 987 2694 1028 2716; x_wconf 86' lang='lat' dir='ltr'><strong>est</strong></span> <span class='ocrx_word' id='word_1_546' title='bbox 1047 2697 1093 2717; x_wconf 86' lang='lat' dir='ltr'><strong>ca-</strong></span> 
     </span>
    </p>
   </div>
   <div class='ocr_carea' id='block_1_73' title="bbox 279 2730 1092 2772">
    <p class='ocr_par' dir='ltr' id='par_1_73' title="bbox 279 2730 1092 2772">
     <span class='ocr_line' id='line_1_73' title="bbox 279 2730 1092 2772; baseline 0.002 -11"><span class='ocrx_word' id='word_1_547' title='bbox 279 2767 285 2770; x_wconf 91' lang='lat'>_</span> <span class='ocrx_word' id='word_1_548' title='bbox 300 2730 312 2772; x_wconf 48' lang='grc' dir='ltr'><strong>ιξ</strong></span> <span class='ocrx_word' id='word_1_549' title='bbox 326 2735 442 2772; x_wconf 71' lang='lat' dir='ltr'><strong>tholicus</strong></span> <span class='ocrx_word' id='word_1_550' title='bbox 452 2735 538 2763; x_wconf 87' lang='lat' dir='ltr'><strong>credit</strong></span> <span class='ocrx_word' id='word_1_551' title='bbox 549 2739 577 2762; x_wconf 87' lang='lat' dir='ltr'><strong>et</strong></span> <span class='ocrx_word' id='word_1_552' title='bbox 590 2735 735 2762; x_wconf 85' lang='lat' dir='ltr'><strong>confitetur</strong></span> <span class='ocrx_word' id='word_1_553' title='bbox 744 2735 889 2770; x_wconf 79' lang='lat' dir='ltr'><strong>integrum,</strong></span> <span class='ocrx_word' id='word_1_554' title='bbox 902 2735 1021 2769; x_wconf 88' lang='lat' dir='ltr'><strong>plenum,</strong></span> <span class='ocrx_word' id='word_1_555' title='bbox 1031 2743 1092 2771; x_wconf 87' lang='lat' dir='ltr'><strong>per-</strong></span> 
     </span>
    </p>
   </div>
   <div class='ocr_carea' id='block_1_74' title="bbox 277 2772 1092 2816">
    <p class='ocr_par' dir='ltr' id='par_1_74' title="bbox 277 2772 1092 2816">
     <span class='ocr_line' id='line_1_74' title="bbox 277 2772 1092 2816; baseline 0.004 -11"><span class='ocrx_word' id='word_1_556' title='bbox 277 2772 313 2805; x_wconf 40' lang='grc' dir='ltr'><strong>Ψ(</strong></span> <span class='ocrx_word' id='word_1_557' title='bbox 327 2780 428 2808; x_wconf 83' lang='lat' dir='ltr'><strong>fectum</strong></span> <span class='ocrx_word' id='word_1_558' title='bbox 440 2780 548 2816; x_wconf 90' lang='lat' dir='ltr'><strong>penitus</strong></span> <span class='ocrx_word' id='word_1_559' title='bbox 557 2781 652 2813; x_wconf 85' lang='lat' dir='ltr'><strong>Deum,</strong></span> <span class='ocrx_word' id='word_1_560' title='bbox 661 2781 700 2807; x_wconf 84' lang='lat' dir='ltr'><strong>sic</strong></span> <span class='ocrx_word' id='word_1_561' title='bbox 709 2780 854 2815; x_wconf 81' lang='lat' dir='ltr'><strong>unicuique</strong></span> <span class='ocrx_word' id='word_1_562' title='bbox 871 2788 994 2815; x_wconf 73' lang='lat' dir='ltr'><strong>persona:</strong></span> <span class='ocrx_word' id='word_1_563' title='bbox 1015 2789 1092 2808; x_wconf 89' lang='lat' dir='ltr'><strong>suam</strong></span> 
     </span>
    </p>
   </div>
   <div class='ocr_carea' id='block_1_75' title="bbox 300 2827 1091 2862">
    <p class='ocr_par' dir='ltr' id='par_1_75' title="bbox 300 2827 1091 2862">
     <span class='ocr_line' id='line_1_75' title="bbox 300 2827 1091 2862; baseline 0.004 -10"><span class='ocrx_word' id='word_1_564' title='bbox 300 2836 309 2852; x_wconf 77' lang='grc' dir='ltr'>ι</span> <span class='ocrx_word' id='word_1_565' title='bbox 327 2827 463 2861; x_wconf 86' lang='lat' dir='ltr'><strong>propriam</strong></span> <span class='ocrx_word' id='word_1_566' title='bbox 487 2828 615 2855; x_wconf 87' lang='lat' dir='ltr'><strong>deitatem</strong></span> <span class='ocrx_word' id='word_1_567' title='bbox 637 2828 780 2862; x_wconf 81' lang='lat' dir='ltr'><strong>integram,</strong></span> <span class='ocrx_word' id='word_1_568' title='bbox 795 2827 919 2861; x_wconf 78' lang='lat' dir='ltr'><strong>plenam,</strong></span> <span class='ocrx_word' id='word_1_569' title='bbox 943 2827 1091 2862; x_wconf 81' lang='lat' dir='ltr'><strong>perfectam</strong></span> 
     </span>
    </p>
   </div>
   <div class='ocr_carea' id='block_1_76' title="bbox 301 2869 1084 2907">
    <p class='ocr_par' dir='ltr' id='par_1_76' title="bbox 301 2869 1084 2907">
     <span class='ocr_line' id='line_1_76' title="bbox 301 2869 1084 2907; baseline 0.003 -7"><span class='ocrx_word' id='word_1_570' title='bbox 301 2883 308 2900; x_wconf 81' lang='grc' dir='ltr'>ι</span> <span class='ocrx_word' id='word_1_571' title='bbox 327 2869 439 2904; x_wconf 68' lang='grc' dir='ltr'><strong>ηθιιίωέ</strong></span> <span class='ocrx_word' id='word_1_572' title='bbox 450 2874 548 2907; x_wconf 56' lang='lat' dir='ltr'><strong>inesse</strong></span> <span class='ocrx_word' id='word_1_573' title='bbox 566 2875 660 2906; x_wconf 79' lang='lat' dir='ltr'><strong>credat</strong></span> <span class='ocrx_word' id='word_1_574' title='bbox 678 2877 704 2901; x_wconf 87' lang='lat' dir='ltr'><strong>et</strong></span> <span class='ocrx_word' id='word_1_575' title='bbox 720 2873 883 2902; x_wconf 85' lang='lat' dir='ltr'><strong>conﬁteatur</strong></span> <span class='ocrx_word' id='word_1_576' title='bbox 897 2878 924 2902; x_wconf 89' lang='lat' dir='ltr'><strong>et</strong></span> <span class='ocrx_word' id='word_1_577' title='bbox 939 2878 1052 2906; x_wconf 81' lang='lat' dir='ltr'><strong>asserat.</strong></span> <span class='ocrx_word' id='word_1_578' title='bbox 1075 2884 1084 2903; x_wconf 83' lang='grc'><strong>›</strong></span> 
     </span>
    </p>
   </div>
   <div class='ocr_carea' id='block_1_77' title="bbox 1153 931 1935 972">
    <p class='ocr_par' dir='ltr' id='par_1_77' title="bbox 1153 931 1935 972">
     <span class='ocr_line' id='line_1_77' title="bbox 1153 931 1935 972; baseline 0.008 -14"><span class='ocrx_word' id='word_1_579' title='bbox 1153 931 1250 965; x_wconf 82' lang='lat' dir='ltr'><strong>Israel,</strong></span> <span class='ocrx_word' id='word_1_580' title='bbox 1264 932 1390 960; x_wconf 78' lang='lat' dir='ltr'><strong>Dominus</strong></span> <span class='ocrx_word' id='word_1_581' title='bbox 1399 933 1469 961; x_wconf 80' lang='lat' dir='ltr'><strong>Deus</strong></span> <span class='ocrx_word' id='word_1_582' title='bbox 1480 938 1541 961; x_wconf 73' lang='lat' dir='ltr'><strong>tuus</strong></span> <span class='ocrx_word' id='word_1_583' title='bbox 1551 934 1622 966; x_wconf 70' lang='lat' dir='ltr'><strong>Deus</strong></span> <span class='ocrx_word' id='word_1_584' title='bbox 1633 943 1700 962; x_wconf 73' lang='lat' dir='ltr'><strong>unus</strong></span> <span class='ocrx_word' id='word_1_585' title='bbox 1711 940 1749 963; x_wconf 75' lang='lat' dir='ltr'><strong>ut</strong></span> <span class='ocrx_word' id='word_1_586' title='bbox 1764 935 1855 971; x_wconf 78' lang='lat' dir='ltr'><strong>(Deut.</strong></span> <span class='ocrx_word' id='word_1_587' title='bbox 1864 944 1897 969; x_wconf 77' lang='lat' dir='ltr'><strong>rt,</strong></span> <span class='ocrx_word' id='word_1_588' title='bbox 1904 937 1935 972; x_wconf 75' lang='grc' dir='ltr'><strong>ι),</strong></span> 
     </span>
    </p>
   </div>
   <div class='ocr_carea' id='block_1_78' title="bbox 1153 977 1937 1020">
    <p class='ocr_par' dir='ltr' id='par_1_78' title="bbox 1153 977 1937 1020">
     <span class='ocr_line' id='line_1_78' title="bbox 1153 977 1937 1020; baseline 0.009 -15"><span class='ocrx_word' id='word_1_589' title='bbox 1153 977 1234 1006; x_wconf 85' lang='lat' dir='ltr'><strong>Pater</strong></span> <span class='ocrx_word' id='word_1_590' title='bbox 1247 979 1363 1012; x_wconf 86' lang='lat' dir='ltr'><strong>scilicet,</strong></span> <span class='ocrx_word' id='word_1_591' title='bbox 1375 986 1402 1007; x_wconf 88' lang='lat' dir='ltr'><strong>et</strong></span> <span class='ocrx_word' id='word_1_592' title='bbox 1414 979 1510 1013; x_wconf 82' lang='lat' dir='ltr'><strong>Filius,</strong></span> <span class='ocrx_word' id='word_1_593' title='bbox 1519 985 1546 1008; x_wconf 90' lang='lat' dir='ltr'><strong>et</strong></span> <span class='ocrx_word' id='word_1_594' title='bbox 1555 980 1673 1016; x_wconf 87' lang='lat' dir='ltr'><strong>Spiritus</strong></span> <span class='ocrx_word' id='word_1_595' title='bbox 1683 987 1806 1015; x_wconf 84' lang='lat' dir='ltr'><strong>sanctus,</strong></span> <span class='ocrx_word' id='word_1_596' title='bbox 1819 991 1937 1020; x_wconf 80' lang='lat' dir='ltr'><strong>persona-</strong></span> 
     </span>
    </p>
   </div>
   <div class='ocr_carea' id='block_1_79' title="bbox 1152 1024 1937 1057">
    <p class='ocr_par' dir='ltr' id='par_1_79' title="bbox 1152 1024 1937 1057">
     <span class='ocr_line' id='line_1_79' title="bbox 1152 1024 1937 1057; baseline 0.009 -7"><span class='ocrx_word' id='word_1_597' title='bbox 1152 1024 1215 1051; x_wconf 85' lang='lat' dir='ltr'><strong>liter</strong></span> <span class='ocrx_word' id='word_1_598' title='bbox 1229 1024 1328 1057; x_wconf 86' lang='lat' dir='ltr'><strong>trinus,</strong></span> <span class='ocrx_word' id='word_1_599' title='bbox 1350 1032 1419 1053; x_wconf 88' lang='lat' dir='ltr'><strong>unus</strong></span> <span class='ocrx_word' id='word_1_600' title='bbox 1440 1031 1481 1054; x_wconf 88' lang='lat' dir='ltr'><strong>est</strong></span> <span class='ocrx_word' id='word_1_601' title='bbox 1496 1026 1656 1055; x_wconf 86' lang='lat' dir='ltr'><strong>naturaliter</strong></span> <span class='ocrx_word' id='word_1_602' title='bbox 1667 1026 1748 1055; x_wconf 88' lang='lat' dir='ltr'><strong>Deus.</strong></span> <span class='ocrx_word' id='word_1_603' title='bbox 1765 1027 1841 1056; x_wconf 88' lang='lat' dir='ltr'><strong>Unde</strong></span> <span class='ocrx_word' id='word_1_604' title='bbox 1863 1028 1937 1057; x_wconf 79' lang='lat' dir='ltr'><strong>Filius</strong></span> 
     </span>
    </p>
   </div>
   <div class='ocr_carea' id='block_1_80' title="bbox 1151 1068 1935 1107">
    <p class='ocr_par' dir='ltr' id='par_1_80' title="bbox 1151 1068 1935 1107">
     <span class='ocr_line' id='line_1_80' title="bbox 1151 1068 1935 1107; baseline 0.009 -12"><span class='ocrx_word' id='word_1_605' title='bbox 1151 1068 1200 1096; x_wconf 89' lang='lat' dir='ltr'><strong>Dei</strong></span> <span class='ocrx_word' id='word_1_606' title='bbox 1221 1069 1287 1096; x_wconf 87' lang='lat' dir='ltr'><strong>dicit</strong></span> <span class='ocrx_word' id='word_1_607' title='bbox 1306 1069 1385 1105; x_wconf 77' lang='lat' dir='ltr'><strong>:Ego</strong></span> <span class='ocrx_word' id='word_1_608' title='bbox 1409 1075 1432 1097; x_wconf 89' lang='lat' dir='ltr'><strong>et</strong></span> <span class='ocrx_word' id='word_1_609' title='bbox 1458 1069 1539 1097; x_wconf 79' lang='lat' dir='ltr'><strong>Pater</strong></span> <span class='ocrx_word' id='word_1_610' title='bbox 1569 1080 1648 1098; x_wconf 83' lang='lat' dir='ltr'><strong>unum</strong></span> <span class='ocrx_word' id='word_1_611' title='bbox 1671 1080 1762 1100; x_wconf 73' lang='lat' dir='ltr'><strong>sumus</strong></span> <span class='ocrx_word' id='word_1_612' title='bbox 1790 1073 1881 1107; x_wconf 82' lang='lat' dir='ltr'><strong>(Joau.</strong></span> <span class='ocrx_word' id='word_1_613' title='bbox 1902 1082 1935 1102; x_wconf 63' lang='grc' dir='ltr'><strong>κ</strong></span> 
     </span>
    </p>
   </div>
   <div class='ocr_carea' id='block_1_81' title="bbox 1150 1114 1937 1153">
    <p class='ocr_par' dir='ltr' id='par_1_81' title="bbox 1150 1114 1937 1153">
     <span class='ocr_line' id='line_1_81' title="bbox 1150 1114 1937 1153; baseline 0.005 -11"><span class='ocrx_word' id='word_1_614' title='bbox 1150 1114 1209 1151; x_wconf 76' lang='grc'><strong>50).</strong></span> <span class='ocrx_word' id='word_1_615' title='bbox 1225 1115 1284 1142; x_wconf 76' lang='lat' dir='ltr'><strong>Non</strong></span> <span class='ocrx_word' id='word_1_616' title='bbox 1297 1115 1372 1149; x_wconf 91' lang='lat' dir='ltr'><strong>dicit,</strong></span> <span class='ocrx_word' id='word_1_617' title='bbox 1384 1123 1453 1143; x_wconf 90' lang='lat' dir='ltr'><strong>unus</strong></span> <span class='ocrx_word' id='word_1_618' title='bbox 1466 1124 1569 1149; x_wconf 90' lang='lat' dir='ltr'><strong>sumus,</strong></span> <span class='ocrx_word' id='word_1_619' title='bbox 1594 1117 1640 1145; x_wconf 88' lang='lat' dir='ltr'><strong>sed</strong></span> <span class='ocrx_word' id='word_1_620' title='bbox 1659 1125 1743 1144; x_wconf 87' lang='lat' dir='ltr'><strong>unum</strong></span> <span class='ocrx_word' id='word_1_621' title='bbox 1755 1125 1858 1151; x_wconf 85' lang='lat' dir='ltr'><strong>sumus,</strong></span> <span class='ocrx_word' id='word_1_622' title='bbox 1873 1118 1937 1153; x_wconf 87' lang='lat' dir='ltr'><strong>quod</strong></span> 
     </span>
    </p>
   </div>
   <div class='ocr_carea' id='block_1_82' title="bbox 1150 1162 1936 1192">
    <p class='ocr_par' dir='ltr' id='par_1_82' title="bbox 1150 1162 1936 1192">
     <span class='ocr_line' id='line_1_82' title="bbox 1150 1162 1936 1192; baseline 0.004 -4"><span class='ocrx_word' id='word_1_623' title='bbox 1150 1166 1254 1189; x_wconf 75' lang='lat' dir='ltr'><strong>naturae</strong></span> <span class='ocrx_word' id='word_1_624' title='bbox 1268 1162 1310 1189; x_wconf 88' lang='lat' dir='ltr'><strong>vel</strong></span> <span class='ocrx_word' id='word_1_625' title='bbox 1325 1162 1433 1190; x_wconf 86' lang='lat' dir='ltr'><strong>deitatis</strong></span> <span class='ocrx_word' id='word_1_626' title='bbox 1444 1164 1574 1190; x_wconf 87' lang='lat' dir='ltr'><strong>unitatem</strong></span> <span class='ocrx_word' id='word_1_627' title='bbox 1589 1163 1767 1192; x_wconf 88' lang='lat' dir='ltr'><strong>demonstrat.</strong></span> <span class='ocrx_word' id='word_1_628' title='bbox 1779 1164 1936 1192; x_wconf 87' lang='lat' dir='ltr'><strong>Undeetiam</strong></span> 
     </span>
    </p>
   </div>
   <div class='ocr_carea' id='block_1_83' title="bbox 1150 1207 1937 1246">
    <p class='ocr_par' dir='ltr' id='par_1_83' title="bbox 1150 1207 1937 1246">
     <span class='ocr_line' id='line_1_83' title="bbox 1150 1207 1937 1246; baseline 0.006 -12"><span class='ocrx_word' id='word_1_629' title='bbox 1150 1207 1227 1243; x_wconf 86' lang='lat' dir='ltr'><strong>dicit,</strong></span> <span class='ocrx_word' id='word_1_630' title='bbox 1239 1208 1297 1243; x_wconf 83' lang='lat' dir='ltr'><strong>Ego</strong></span> <span class='ocrx_word' id='word_1_631' title='bbox 1307 1209 1335 1235; x_wconf 86' lang='lat' dir='ltr'><strong>in</strong></span> <span class='ocrx_word' id='word_1_632' title='bbox 1346 1208 1427 1236; x_wconf 89' lang='lat' dir='ltr'><strong>Patre</strong></span> <span class='ocrx_word' id='word_1_633' title='bbox 1437 1214 1460 1236; x_wconf 87' lang='lat' dir='ltr'><strong>et</strong></span> <span class='ocrx_word' id='word_1_634' title='bbox 1474 1208 1554 1236; x_wconf 89' lang='lat' dir='ltr'><strong>Pater</strong></span> <span class='ocrx_word' id='word_1_635' title='bbox 1566 1210 1593 1236; x_wconf 88' lang='lat' dir='ltr'><strong>in</strong></span> <span class='ocrx_word' id='word_1_636' title='bbox 1606 1217 1645 1237; x_wconf 79' lang='lat' dir='ltr'><strong>me</strong></span> <span class='ocrx_word' id='word_1_637' title='bbox 1655 1215 1692 1237; x_wconf 78' lang='lat' dir='ltr'><strong>est</strong></span> <span class='ocrx_word' id='word_1_638' title='bbox 1705 1210 1937 1246; x_wconf 75' lang='lat' dir='ltr'><strong>(Joan.x,38);et,</strong></span> 
     </span>
    </p>
   </div>
   <div class='ocr_carea' id='block_1_84' title="bbox 1150 1251 1937 1292">
    <p class='ocr_par' dir='ltr' id='par_1_84' title="bbox 1150 1251 1937 1292">
     <span class='ocr_line' id='line_1_84' title="bbox 1150 1251 1937 1292; baseline 0.006 -13"><span class='ocrx_word' id='word_1_639' title='bbox 1150 1251 1232 1280; x_wconf 85' lang='lat' dir='ltr'><strong>Pater</strong></span> <span class='ocrx_word' id='word_1_640' title='bbox 1246 1254 1274 1281; x_wconf 79' lang='lat' dir='ltr'><strong>in</strong></span> <span class='ocrx_word' id='word_1_641' title='bbox 1288 1261 1328 1280; x_wconf 86' lang='lat' dir='ltr'><strong>me</strong></span> <span class='ocrx_word' id='word_1_642' title='bbox 1339 1262 1445 1281; x_wconf 79' lang='lat' dir='ltr'><strong>manens</strong></span> <span class='ocrx_word' id='word_1_643' title='bbox 1462 1255 1514 1289; x_wconf 79' lang='lat' dir='ltr'><strong>ipse</strong></span> <span class='ocrx_word' id='word_1_644' title='bbox 1530 1254 1593 1289; x_wconf 80' lang='lat' dir='ltr'><strong>facit</strong></span> <span class='ocrx_word' id='word_1_645' title='bbox 1609 1264 1687 1290; x_wconf 84' lang='lat' dir='ltr'><strong>opera</strong></span> <span class='ocrx_word' id='word_1_646' title='bbox 1702 1256 1794 1291; x_wconf 80' lang='lat' dir='ltr'><strong>(Joan.</strong></span> <span class='ocrx_word' id='word_1_647' title='bbox 1812 1265 1868 1289; x_wconf 77' lang='lat' dir='ltr'><strong>nv,</strong></span> <span class='ocrx_word' id='word_1_648' title='bbox 1881 1257 1937 1292; x_wconf 77' lang='lat' dir='ltr'><strong>l0);</strong></span> 
     </span>
    </p>
   </div>
   <div class='ocr_carea' id='block_1_85' title="bbox 1151 1299 1936 1340">
    <p class='ocr_par' dir='ltr' id='par_1_85' title="bbox 1151 1299 1936 1340">
     <span class='ocr_line' id='line_1_85' title="bbox 1151 1299 1936 1340; baseline 0.004 -13"><span class='ocrx_word' id='word_1_649' title='bbox 1151 1304 1178 1327; x_wconf 88' lang='lat' dir='ltr'><strong>et</strong></span> <span class='ocrx_word' id='word_1_650' title='bbox 1191 1308 1197 1325; x_wconf 87' lang='lat'>:</span> <span class='ocrx_word' id='word_1_651' title='bbox 1212 1299 1264 1332; x_wconf 81' lang='lat' dir='ltr'><strong>Qui</strong></span> <span class='ocrx_word' id='word_1_652' title='bbox 1289 1300 1354 1327; x_wconf 80' lang='lat' dir='ltr'><strong>videt</strong></span> <span class='ocrx_word' id='word_1_653' title='bbox 1376 1309 1417 1327; x_wconf 85' lang='lat' dir='ltr'><strong>me</strong></span> <span class='ocrx_word' id='word_1_654' title='bbox 1441 1301 1519 1334; x_wconf 82' lang='lat' dir='ltr'><strong>videt,</strong></span> <span class='ocrx_word' id='word_1_655' title='bbox 1538 1301 1604 1328; x_wconf 81' lang='lat' dir='ltr'><strong>videt</strong></span> <span class='ocrx_word' id='word_1_656' title='bbox 1620 1306 1644 1329; x_wconf 81' lang='lat' dir='ltr'><strong>et</strong></span> <span class='ocrx_word' id='word_1_657' title='bbox 1659 1300 1769 1329; x_wconf 81' lang='lat' dir='ltr'><strong>Patrem</strong></span> <span class='ocrx_word' id='word_1_658' title='bbox 1783 1302 1872 1338; x_wconf 75' lang='lat' dir='ltr'><strong>(Joaa.</strong></span> <span class='ocrx_word' id='word_1_659' title='bbox 1886 1311 1936 1340; x_wconf 76' lang='lat' dir='ltr'><strong>xtv,</strong></span> 
     </span>
    </p>
   </div>
   <div class='ocr_carea' id='block_1_86' title="bbox 1149 1346 1937 1387">
    <p class='ocr_par' dir='ltr' id='par_1_86' title="bbox 1149 1346 1937 1387">
     <span class='ocr_line' id='line_1_86' title="bbox 1149 1346 1937 1387; baseline 0.005 -13"><span class='ocrx_word' id='word_1_660' title='bbox 1149 1346 1176 1382; x_wconf 91' lang='lat'><strong>9)</strong></span> <span class='ocrx_word' id='word_1_661' title='bbox 1191 1356 1196 1373; x_wconf 86' lang='lat'><strong>:</strong></span> <span class='ocrx_word' id='word_1_662' title='bbox 1210 1352 1237 1374; x_wconf 86' lang='lat' dir='ltr'><strong>et</strong></span> <span class='ocrx_word' id='word_1_663' title='bbox 1253 1347 1285 1375; x_wconf 88' lang='lat' dir='ltr'><strong>de</strong></span> <span class='ocrx_word' id='word_1_664' title='bbox 1300 1347 1401 1383; x_wconf 88' lang='lat' dir='ltr'><strong>Spiritu</strong></span> <span class='ocrx_word' id='word_1_665' title='bbox 1419 1354 1524 1381; x_wconf 87' lang='lat' dir='ltr'><strong>sancto,</strong></span> <span class='ocrx_word' id='word_1_666' title='bbox 1540 1347 1617 1387; x_wconf 77' lang='lat' dir='ltr'><strong>Cum,</strong></span> <span class='ocrx_word' id='word_1_667' title='bbox 1641 1349 1742 1386; x_wconf 83' lang='lat' dir='ltr'><strong>inquit,</strong></span> <span class='ocrx_word' id='word_1_668' title='bbox 1756 1352 1851 1377; x_wconf 73' lang='lat' dir='ltr'><strong>venerit</strong></span> <span class='ocrx_word' id='word_1_669' title='bbox 1864 1359 1937 1386; x_wconf 72' lang='lat' dir='ltr'><strong>para-</strong></span> 
     </span>
    </p>
   </div>
   <div class='ocr_carea' id='block_1_87' title="bbox 1150 1392 1938 1429">
    <p class='ocr_par' dir='ltr' id='par_1_87' title="bbox 1150 1392 1938 1429">
     <span class='ocr_line' id='line_1_87' title="bbox 1150 1392 1938 1429; baseline 0.008 -11"><span class='ocrx_word' id='word_1_670' title='bbox 1150 1392 1227 1419; x_wconf 76' lang='lat' dir='ltr'><strong>clitus</strong></span> <span class='ocrx_word' id='word_1_671' title='bbox 1241 1401 1317 1428; x_wconf 81' lang='lat' dir='ltr'><strong>quem</strong></span> <span class='ocrx_word' id='word_1_672' title='bbox 1329 1395 1375 1429; x_wconf 74' lang='lat' dir='ltr'><strong>ego</strong></span> <span class='ocrx_word' id='word_1_673' title='bbox 1389 1394 1492 1425; x_wconf 79' lang='lat' dir='ltr'><strong>mittmn</strong></span> <span class='ocrx_word' id='word_1_674' title='bbox 1512 1395 1582 1422; x_wconf 72' lang='lat' dir='ltr'><strong>vobis</strong></span> <span class='ocrx_word' id='word_1_675' title='bbox 1594 1403 1610 1420; x_wconf 87' lang='lat' dir='ltr'><strong>a</strong></span> <span class='ocrx_word' id='word_1_676' title='bbox 1627 1393 1718 1428; x_wconf 79' lang='lat' dir='ltr'><strong>Patre,</strong></span> <span class='ocrx_word' id='word_1_677' title='bbox 1738 1395 1866 1425; x_wconf 72' lang='lat' dir='ltr'><strong>Spiritum</strong></span> <span class='ocrx_word' id='word_1_678' title='bbox 1879 1397 1938 1424; x_wconf 72' lang='lat' dir='ltr'><strong>veri-</strong></span> 
     </span>
    </p>
   </div>
   <div class='ocr_carea' id='block_1_88' title="bbox 1149 1436 1936 1475">
    <p class='ocr_par' dir='ltr' id='par_1_88' title="bbox 1149 1436 1936 1475">
     <span class='ocr_line' id='line_1_88' title="bbox 1149 1436 1936 1475; baseline 0.005 -12"><span class='ocrx_word' id='word_1_679' title='bbox 1149 1437 1211 1463; x_wconf 81' lang='lat' dir='ltr'><strong>tatis</strong></span> <span class='ocrx_word' id='word_1_680' title='bbox 1222 1437 1266 1472; x_wconf 88' lang='lat' dir='ltr'><strong>qui</strong></span> <span class='ocrx_word' id='word_1_681' title='bbox 1282 1446 1298 1463; x_wconf 83' lang='grc' dir='ltr'><em>α</em></span> <span class='ocrx_word' id='word_1_682' title='bbox 1312 1436 1394 1464; x_wconf 83' lang='lat' dir='ltr'><strong>Patre</strong></span> <span class='ocrx_word' id='word_1_683' title='bbox 1403 1439 1530 1473; x_wconf 77' lang='lat' dir='ltr'><strong>procedit,</strong></span> <span class='ocrx_word' id='word_1_684' title='bbox 1542 1439 1586 1466; x_wconf 82' lang='lat' dir='ltr'><strong>ille</strong></span> <span class='ocrx_word' id='word_1_685' title='bbox 1608 1440 1784 1467; x_wconf 77' lang='lat' dir='ltr'><strong>testimonium</strong></span> <span class='ocrx_word' id='word_1_686' title='bbox 1801 1441 1936 1475; x_wconf 73' lang='lat' dir='ltr'><strong>per/libebit</strong></span> 
     </span>
    </p>
   </div>
   <div class='ocr_carea' id='block_1_89' title="bbox 1148 1476 1938 1519">
    <p class='ocr_par' dir='ltr' id='par_1_89' title="bbox 1148 1476 1938 1519">
     <span class='ocr_line' id='line_1_89' title="bbox 1148 1476 1938 1519; baseline 0.008 -11"><span class='ocrx_word' id='word_1_687' title='bbox 1148 1482 1180 1509; x_wconf 85' lang='lat' dir='ltr'><strong>dc</strong></span> <span class='ocrx_word' id='word_1_688' title='bbox 1194 1491 1234 1509; x_wconf 89' lang='lat' dir='ltr'><strong>me</strong></span> <span class='ocrx_word' id='word_1_689' title='bbox 1246 1482 1336 1519; x_wconf 86' lang='lat' dir='ltr'><strong>(.loan.</strong></span> <span class='ocrx_word' id='word_1_690' title='bbox 1350 1491 1394 1516; x_wconf 73' lang='lat' dir='ltr'><strong>xv,</strong></span> <span class='ocrx_word' id='word_1_691' title='bbox 1410 1484 1467 1519; x_wconf 69' lang='lat'><strong>26);</strong></span> <span class='ocrx_word' id='word_1_692' title='bbox 1480 1489 1507 1511; x_wconf 90' lang='lat' dir='ltr'><strong>et</strong></span> <span class='ocrx_word' id='word_1_693' title='bbox 1522 1476 1602 1511; x_wconf 79' lang='lat' dir='ltr'><strong>:Cunt</strong></span> <span class='ocrx_word' id='word_1_694' title='bbox 1614 1486 1709 1512; x_wconf 80' lang='lat' dir='ltr'><strong>uenerit</strong></span> <span class='ocrx_word' id='word_1_695' title='bbox 1720 1486 1764 1512; x_wconf 84' lang='lat' dir='ltr'><strong>ille</strong></span> <span class='ocrx_word' id='word_1_696' title='bbox 1775 1486 1891 1519; x_wconf 70' lang='lat' dir='ltr'><strong>Spiritus</strong></span> <span class='ocrx_word' id='word_1_697' title='bbox 1902 1495 1938 1514; x_wconf 77' lang='lat' dir='ltr'><strong>ue-</strong></span> 
     </span>
    </p>
   </div>
   <div class='ocr_carea' id='block_1_90' title="bbox 1149 1529 1937 1567">
    <p class='ocr_par' dir='ltr' id='par_1_90' title="bbox 1149 1529 1937 1567">
     <span class='ocr_line' id='line_1_90' title="bbox 1149 1529 1937 1567; baseline 0.005 -13"><span class='ocrx_word' id='word_1_698' title='bbox 1149 1529 1243 1559; x_wconf 72' lang='lat' dir='ltr'><strong>ritatis,</strong></span> <span class='ocrx_word' id='word_1_699' title='bbox 1260 1529 1360 1555; x_wconf 82' lang='lat' dir='ltr'><strong>docebit</strong></span> <span class='ocrx_word' id='word_1_700' title='bbox 1372 1537 1414 1556; x_wconf 82' lang='lat' dir='ltr'><strong>ras</strong></span> <span class='ocrx_word' id='word_1_701' title='bbox 1430 1538 1530 1556; x_wconf 74' lang='lat' dir='ltr'><strong>attinent</strong></span> <span class='ocrx_word' id='word_1_702' title='bbox 1546 1531 1688 1558; x_wconf 78' lang='lat' dir='ltr'><strong>veritatem.</strong></span> <span class='ocrx_word' id='word_1_703' title='bbox 1698 1530 1760 1557; x_wconf 72' lang='lat' dir='ltr'><strong>Non</strong></span> <span class='ocrx_word' id='word_1_704' title='bbox 1776 1532 1844 1558; x_wconf 85' lang='lat' dir='ltr'><strong>enim</strong></span> <span class='ocrx_word' id='word_1_705' title='bbox 1855 1532 1937 1567; x_wconf 74' lang='lat' dir='ltr'><strong>loque-</strong></span> 
     </span>
    </p>
   </div>
   <div class='ocr_carea' id='block_1_91' title="bbox 1150 1574 1938 1611">
    <p class='ocr_par' dir='ltr' id='par_1_91' title="bbox 1150 1574 1938 1611">
     <span class='ocr_line' id='line_1_91' title="bbox 1150 1574 1938 1611; baseline 0.006 -11"><span class='ocrx_word' id='word_1_706' title='bbox 1150 1578 1193 1600; x_wconf 88' lang='lat' dir='ltr'><strong>tur</strong></span> <span class='ocrx_word' id='word_1_707' title='bbox 1207 1574 1383 1609; x_wconf 81' lang='lat' dir='ltr'><strong>asemetipso,</strong></span> <span class='ocrx_word' id='word_1_708' title='bbox 1406 1575 1450 1601; x_wconf 83' lang='lat' dir='ltr'><strong>sed</strong></span> <span class='ocrx_word' id='word_1_709' title='bbox 1478 1584 1638 1611; x_wconf 77' lang='lat' dir='ltr'><strong>quwcunque</strong></span> <span class='ocrx_word' id='word_1_710' title='bbox 1664 1577 1752 1603; x_wconf 82' lang='lat' dir='ltr'><strong>audiet</strong></span> <span class='ocrx_word' id='word_1_711' title='bbox 1775 1577 1903 1611; x_wconf 75' lang='lat' dir='ltr'><strong>loquetur,</strong></span> <span class='ocrx_word' id='word_1_712' title='bbox 1917 1584 1938 1605; x_wconf 80' lang='lat' dir='ltr'><strong>et</strong></span> 
     </span>
    </p>
   </div>
   <div class='ocr_carea' id='block_1_92' title="bbox 1142 1622 1937 1658">
    <p class='ocr_par' dir='ltr' id='par_1_92' title="bbox 1142 1622 1937 1658">
     <span class='ocr_line' id='line_1_92' title="bbox 1142 1622 1937 1658; baseline 0.006 -12"><span class='ocrx_word' id='word_1_713' title='bbox 1142 1628 1207 1654; x_wconf 68' lang='lat' dir='ltr'><strong>&#39;qutc</strong></span> <span class='ocrx_word' id='word_1_714' title='bbox 1217 1624 1323 1647; x_wconf 79' lang='lat' dir='ltr'><strong>ventum</strong></span> <span class='ocrx_word' id='word_1_715' title='bbox 1334 1625 1394 1647; x_wconf 82' lang='lat' dir='ltr'><strong>sunt</strong></span> <span class='ocrx_word' id='word_1_716' title='bbox 1412 1622 1577 1648; x_wconf 84' lang='lat' dir='ltr'><strong>annumiabit</strong></span> <span class='ocrx_word' id='word_1_717' title='bbox 1592 1622 1661 1649; x_wconf 80' lang='lat' dir='ltr'><strong>vobis</strong></span> <span class='ocrx_word' id='word_1_718' title='bbox 1675 1631 1684 1650; x_wconf 88' lang='lat'><em>:</em></span> <span class='ocrx_word' id='word_1_719' title='bbox 1701 1622 1744 1649; x_wconf 80' lang='lat' dir='ltr'><strong>ille</strong></span> <span class='ocrx_word' id='word_1_720' title='bbox 1755 1632 1796 1650; x_wconf 83' lang='lat' dir='ltr'><strong>me</strong></span> <span class='ocrx_word' id='word_1_721' title='bbox 1808 1623 1937 1658; x_wconf 73' lang='lat' dir='ltr'><strong>clariﬁca-</strong></span> 
     </span>
    </p>
   </div>
   <div class='ocr_carea' id='block_1_93' title="bbox 1149 1667 1935 1704">
    <p class='ocr_par' dir='ltr' id='par_1_93' title="bbox 1149 1667 1935 1704">
     <span class='ocr_line' id='line_1_93' title="bbox 1149 1667 1935 1704; baseline 0.009 -11"><span class='ocrx_word' id='word_1_722' title='bbox 1149 1667 1196 1700; x_wconf 88' lang='lat' dir='ltr'><strong>bit,</strong></span> <span class='ocrx_word' id='word_1_723' title='bbox 1207 1668 1269 1702; x_wconf 83' lang='lat' dir='ltr'><strong>quia</strong></span> <span class='ocrx_word' id='word_1_724' title='bbox 1284 1668 1316 1694; x_wconf 85' lang='lat' dir='ltr'><strong>de</strong></span> <span class='ocrx_word' id='word_1_725' title='bbox 1328 1676 1385 1695; x_wconf 89' lang='lat' dir='ltr'><strong>meo</strong></span> <span class='ocrx_word' id='word_1_726' title='bbox 1397 1669 1515 1704; x_wconf 80' lang='lat' dir='ltr'><strong>accipiet,</strong></span> <span class='ocrx_word' id='word_1_727' title='bbox 1529 1674 1553 1696; x_wconf 88' lang='lat' dir='ltr'><strong>et</strong></span> <span class='ocrx_word' id='word_1_728' title='bbox 1564 1671 1731 1698; x_wconf 84' lang='lat' dir='ltr'><strong>annuntiabit</strong></span> <span class='ocrx_word' id='word_1_729' title='bbox 1749 1672 1830 1699; x_wconf 75' lang='lat' dir='ltr'><strong>vobis.</strong></span> <span class='ocrx_word' id='word_1_730' title='bbox 1846 1671 1935 1700; x_wconf 76' lang='lat' dir='ltr'><strong>Omnia</strong></span> 
     </span>
    </p>
   </div>
   <div class='ocr_carea' id='block_1_94' title="bbox 1148 1713 1937 1752">
    <p class='ocr_par' dir='ltr' id='par_1_94' title="bbox 1148 1713 1937 1752">
     <span class='ocr_line' id='line_1_94' title="bbox 1148 1713 1937 1752; baseline 0.006 -13"><span class='ocrx_word' id='word_1_731' title='bbox 1148 1721 1309 1748; x_wconf 79' lang='lat' dir='ltr'><strong>qutccunque</strong></span> <span class='ocrx_word' id='word_1_732' title='bbox 1319 1713 1394 1740; x_wconf 82' lang='lat' dir='ltr'><strong>habet</strong></span> <span class='ocrx_word' id='word_1_733' title='bbox 1408 1713 1489 1741; x_wconf 81' lang='lat' dir='ltr'><strong>Pater</strong></span> <span class='ocrx_word' id='word_1_734' title='bbox 1507 1723 1563 1742; x_wconf 86' lang='lat' dir='ltr'><strong>mea</strong></span> <span class='ocrx_word' id='word_1_735' title='bbox 1575 1721 1636 1742; x_wconf 70' lang='lat' dir='ltr'><strong>sunt</strong></span> <span class='ocrx_word' id='word_1_736' title='bbox 1645 1723 1654 1741; x_wconf 88' lang='lat'><strong>.&#39;</strong></span> <span class='ocrx_word' id='word_1_737' title='bbox 1663 1722 1800 1751; x_wconf 81' lang='lat' dir='ltr'><strong>propterea</strong></span> <span class='ocrx_word' id='word_1_738' title='bbox 1811 1717 1868 1744; x_wconf 67' lang='lat' dir='ltr'><strong>diri</strong></span> <span class='ocrx_word' id='word_1_739' title='bbox 1881 1718 1937 1752; x_wconf 78' lang='lat' dir='ltr'><strong>quia</strong></span> 
     </span>
    </p>
   </div>
   <div class='ocr_carea' id='block_1_95' title="bbox 1148 1761 1936 1799">
    <p class='ocr_par' dir='ltr' id='par_1_95' title="bbox 1148 1761 1936 1799">
     <span class='ocr_line' id='line_1_95' title="bbox 1148 1761 1936 1799; baseline 0.006 -13"><span class='ocrx_word' id='word_1_740' title='bbox 1148 1761 1180 1787; x_wconf 85' lang='lat' dir='ltr'><strong>de</strong></span> <span class='ocrx_word' id='word_1_741' title='bbox 1194 1768 1251 1787; x_wconf 90' lang='lat' dir='ltr'><strong>meo</strong></span> <span class='ocrx_word' id='word_1_742' title='bbox 1267 1761 1374 1795; x_wconf 79' lang='lat' dir='ltr'><strong>accipiet</strong></span> <span class='ocrx_word' id='word_1_743' title='bbox 1396 1765 1420 1788; x_wconf 90' lang='lat' dir='ltr'><strong>et</strong></span> <span class='ocrx_word' id='word_1_744' title='bbox 1437 1762 1602 1789; x_wconf 83' lang='lat' dir='ltr'><strong>annuntiabit</strong></span> <span class='ocrx_word' id='word_1_745' title='bbox 1624 1763 1695 1789; x_wconf 73' lang='lat' dir='ltr'><strong>vobis</strong></span> <span class='ocrx_word' id='word_1_746' title='bbox 1708 1762 1800 1799; x_wconf 82' lang='lat' dir='ltr'><strong>(Joan.</strong></span> <span class='ocrx_word' id='word_1_747' title='bbox 1817 1772 1874 1796; x_wconf 77' lang='lat' dir='ltr'><strong>xvr,</strong></span> <span class='ocrx_word' id='word_1_748' title='bbox 1888 1765 1936 1798; x_wconf 77' lang='lat' dir='ltr'><strong>l5).</strong></span> 
     </span>
    </p>
   </div>
   <div class='ocr_carea' id='block_1_96' title="bbox 1148 1806 1936 1844">
    <p class='ocr_par' dir='ltr' id='par_1_96' title="bbox 1148 1806 1936 1844">
     <span class='ocr_line' id='line_1_96' title="bbox 1148 1806 1936 1844; baseline 0.004 -11"><span class='ocrx_word' id='word_1_749' title='bbox 1148 1806 1187 1833; x_wconf 87' lang='lat' dir='ltr'><strong>De</strong></span> <span class='ocrx_word' id='word_1_750' title='bbox 1201 1806 1242 1833; x_wconf 88' lang='lat' dir='ltr'><strong>his</strong></span> <span class='ocrx_word' id='word_1_751' title='bbox 1255 1807 1323 1833; x_wconf 77' lang='lat' dir='ltr'><strong>dixit</strong></span> <span class='ocrx_word' id='word_1_752' title='bbox 1333 1815 1393 1841; x_wconf 71' lang='lat' dir='ltr'><strong>qutr.</strong></span> <span class='ocrx_word' id='word_1_753' title='bbox 1417 1807 1449 1834; x_wconf 88' lang='lat' dir='ltr'><strong>ad</strong></span> <span class='ocrx_word' id='word_1_754' title='bbox 1463 1807 1548 1841; x_wconf 88' lang='lat' dir='ltr'><strong>ipsam</strong></span> <span class='ocrx_word' id='word_1_755' title='bbox 1573 1807 1660 1834; x_wconf 81' lang='lat' dir='ltr'><strong>Patris</strong></span> <span class='ocrx_word' id='word_1_756' title='bbox 1672 1807 1842 1835; x_wconf 79' lang='lat' dir='ltr'><strong>divinitatem</strong></span> <span class='ocrx_word' id='word_1_757' title='bbox 1859 1810 1936 1844; x_wconf 85' lang='lat' dir='ltr'><strong>perti-</strong></span> 
     </span>
    </p>
   </div>
   <div class='ocr_carea' id='block_1_97' title="bbox 1148 1853 1937 1891">
    <p class='ocr_par' dir='ltr' id='par_1_97' title="bbox 1148 1853 1937 1891">
     <span class='ocr_line' id='line_1_97' title="bbox 1148 1853 1937 1891; baseline 0.006 -12"><span class='ocrx_word' id='word_1_758' title='bbox 1148 1858 1223 1885; x_wconf 88' lang='lat' dir='ltr'><strong>nent,</strong></span> <span class='ocrx_word' id='word_1_759' title='bbox 1240 1853 1266 1880; x_wconf 93' lang='lat' dir='ltr'><strong>in</strong></span> <span class='ocrx_word' id='word_1_760' title='bbox 1280 1854 1378 1888; x_wconf 88' lang='lat' dir='ltr'><strong>quibus</strong></span> <span class='ocrx_word' id='word_1_761' title='bbox 1392 1854 1429 1880; x_wconf 89' lang='lat' dir='ltr'><strong>illi</strong></span> <span class='ocrx_word' id='word_1_762' title='bbox 1453 1854 1565 1889; x_wconf 70' lang='lat' dir='ltr'><strong>tequalis</strong></span> <span class='ocrx_word' id='word_1_763' title='bbox 1593 1859 1634 1882; x_wconf 87' lang='lat' dir='ltr'><strong>est</strong></span> <span class='ocrx_word' id='word_1_764' title='bbox 1661 1856 1751 1882; x_wconf 80' lang='lat' dir='ltr'><strong>omnia</strong></span> <span class='ocrx_word' id='word_1_765' title='bbox 1774 1864 1835 1891; x_wconf 66' lang='lat' dir='ltr'><strong>quae</strong></span> <span class='ocrx_word' id='word_1_766' title='bbox 1862 1857 1937 1884; x_wconf 79' lang='lat' dir='ltr'><strong>habet</strong></span> 
     </span>
    </p>
   </div>
   <div class='ocr_carea' id='block_1_98' title="bbox 1148 1898 1937 1935">
    <p class='ocr_par' dir='ltr' id='par_1_98' title="bbox 1148 1898 1937 1935">
     <span class='ocr_line' id='line_1_98' title="bbox 1148 1898 1937 1935; baseline 0.006 -10"><span class='ocrx_word' id='word_1_767' title='bbox 1148 1898 1229 1925; x_wconf 81' lang='lat' dir='ltr'><strong>Pater</strong></span> <span class='ocrx_word' id='word_1_768' title='bbox 1257 1900 1391 1926; x_wconf 77' lang='lat' dir='ltr'><strong>habentia.</strong></span> <span class='ocrx_word' id='word_1_769' title='bbox 1419 1899 1511 1934; x_wconf 81' lang='lat' dir='ltr'><strong>Neque</strong></span> <span class='ocrx_word' id='word_1_770' title='bbox 1536 1900 1608 1927; x_wconf 92' lang='lat' dir='ltr'><strong>enim</strong></span> <span class='ocrx_word' id='word_1_771' title='bbox 1631 1900 1749 1935; x_wconf 82' lang='lat' dir='ltr'><strong>Spiritus</strong></span> <span class='ocrx_word' id='word_1_772' title='bbox 1774 1907 1887 1931; x_wconf 84' lang='lat' dir='ltr'><strong>sanctus</strong></span> <span class='ocrx_word' id='word_1_773' title='bbox 1907 1904 1937 1930; x_wconf 82' lang='lat' dir='ltr'><strong>de</strong></span> 
     </span>
    </p>
   </div>
   <div class='ocr_carea' id='block_1_99' title="bbox 1148 1944 1937 1983">
    <p class='ocr_par' dir='ltr' id='par_1_99' title="bbox 1148 1944 1937 1983">
     <span class='ocr_line' id='line_1_99' title="bbox 1148 1944 1937 1983; baseline 0.005 -12"><span class='ocrx_word' id='word_1_774' title='bbox 1148 1949 1273 1971; x_wconf 88' lang='lat' dir='ltr'><strong>creatura</strong></span> <span class='ocrx_word' id='word_1_775' title='bbox 1288 1952 1347 1979; x_wconf 64' lang='lat' dir='ltr'><strong>quae</strong></span> <span class='ocrx_word' id='word_1_776' title='bbox 1358 1944 1431 1972; x_wconf 82' lang='lat' dir='ltr'><strong>Patri</strong></span> <span class='ocrx_word' id='word_1_777' title='bbox 1444 1950 1485 1972; x_wconf 82' lang='lat' dir='ltr'><strong>est</strong></span> <span class='ocrx_word' id='word_1_778' title='bbox 1499 1945 1618 1979; x_wconf 84' lang='lat' dir='ltr'><strong>subjecta</strong></span> <span class='ocrx_word' id='word_1_779' title='bbox 1631 1951 1657 1973; x_wconf 87' lang='lat' dir='ltr'><strong>et</strong></span> <span class='ocrx_word' id='word_1_780' title='bbox 1669 1946 1735 1973; x_wconf 85' lang='lat' dir='ltr'><strong>Filio</strong></span> <span class='ocrx_word' id='word_1_781' title='bbox 1746 1952 1806 1974; x_wconf 84' lang='lat' dir='ltr'><strong>erat</strong></span> <span class='ocrx_word' id='word_1_782' title='bbox 1818 1953 1937 1983; x_wconf 85' lang='lat' dir='ltr'><strong>acceptu-</strong></span> 
     </span>
    </p>
   </div>
   <div class='ocr_carea' id='block_1_100' title="bbox 1149 1990 1937 2027">
    <p class='ocr_par' dir='ltr' id='par_1_100' title="bbox 1149 1990 1937 2027">
     <span class='ocr_line' id='line_1_100' title="bbox 1149 1990 1937 2027; baseline 0.006 -11"><span class='ocrx_word' id='word_1_783' title='bbox 1149 1997 1204 2020; x_wconf 83' lang='lat' dir='ltr'><strong>rus,</strong></span> <span class='ocrx_word' id='word_1_784' title='bbox 1217 1990 1288 2023; x_wconf 86' lang='lat' dir='ltr'><strong>quod</strong></span> <span class='ocrx_word' id='word_1_785' title='bbox 1304 1991 1342 2017; x_wconf 91' lang='lat' dir='ltr'><strong>ait</strong></span> <span class='ocrx_word' id='word_1_786' title='bbox 1365 1991 1396 2017; x_wconf 87' lang='lat' dir='ltr'><strong>de</strong></span> <span class='ocrx_word' id='word_1_787' title='bbox 1411 1999 1466 2018; x_wconf 84' lang='lat' dir='ltr'><strong>meo</strong></span> <span class='ocrx_word' id='word_1_788' title='bbox 1482 1992 1599 2027; x_wconf 85' lang='lat' dir='ltr'><strong>accipiet,</strong></span> <span class='ocrx_word' id='word_1_789' title='bbox 1619 1993 1666 2019; x_wconf 87' lang='lat' dir='ltr'><strong>sed</strong></span> <span class='ocrx_word' id='word_1_790' title='bbox 1695 1993 1787 2027; x_wconf 86' lang='lat' dir='ltr'><strong>utique</strong></span> <span class='ocrx_word' id='word_1_791' title='bbox 1801 1994 1834 2021; x_wconf 88' lang='lat' dir='ltr'><strong>de</strong></span> <span class='ocrx_word' id='word_1_792' title='bbox 1851 1994 1937 2026; x_wconf 71' lang='lat' dir='ltr'><strong>Patte,</strong></span> 
     </span>
    </p>
   </div>
   <div class='ocr_carea' id='block_1_101' title="bbox 1148 2036 1935 2074">
    <p class='ocr_par' dir='ltr' id='par_1_101' title="bbox 1148 2036 1935 2074">
     <span class='ocr_line' id='line_1_101' title="bbox 1148 2036 1935 2074; baseline 0.008 -12"><span class='ocrx_word' id='word_1_793' title='bbox 1148 2036 1182 2063; x_wconf 88' lang='lat' dir='ltr'><strong>de</strong></span> <span class='ocrx_word' id='word_1_794' title='bbox 1206 2044 1259 2070; x_wconf 90' lang='lat' dir='ltr'><strong>quo</strong></span> <span class='ocrx_word' id='word_1_795' title='bbox 1284 2037 1402 2071; x_wconf 87' lang='lat' dir='ltr'><strong>procedit</strong></span> <span class='ocrx_word' id='word_1_796' title='bbox 1428 2037 1557 2072; x_wconf 88' lang='lat' dir='ltr'><strong>Spiritus,</strong></span> <span class='ocrx_word' id='word_1_797' title='bbox 1572 2040 1605 2066; x_wconf 89' lang='lat' dir='ltr'><strong>de</strong></span> <span class='ocrx_word' id='word_1_798' title='bbox 1623 2047 1676 2074; x_wconf 90' lang='lat' dir='ltr'><strong>quo</strong></span> <span class='ocrx_word' id='word_1_799' title='bbox 1700 2045 1779 2067; x_wconf 87' lang='lat' dir='ltr'><strong>natus</strong></span> <span class='ocrx_word' id='word_1_800' title='bbox 1793 2041 1935 2068; x_wconf 69' lang='lat' dir='ltr'><strong>estP‘ilius.</strong></span> 
     </span>
    </p>
   </div>
   <div class='ocr_carea' id='block_1_102' title="bbox 1148 2082 1936 2118">
    <p class='ocr_par' dir='ltr' id='par_1_102' title="bbox 1148 2082 1936 2118">
     <span class='ocr_line' id='line_1_102' title="bbox 1148 2082 1936 2118; baseline 0.005 -9"><span class='ocrx_word' id='word_1_801' title='bbox 1148 2082 1247 2109; x_wconf 84' lang='lat' dir='ltr'><strong>Natura</strong></span> <span class='ocrx_word' id='word_1_802' title='bbox 1265 2083 1355 2118; x_wconf 78' lang='lat' dir='ltr'><strong>igitur,</strong></span> <span class='ocrx_word' id='word_1_803' title='bbox 1372 2084 1397 2110; x_wconf 91' lang='lat' dir='ltr'><strong>id</strong></span> <span class='ocrx_word' id='word_1_804' title='bbox 1410 2088 1450 2111; x_wconf 87' lang='lat' dir='ltr'><strong>cst</strong></span> <span class='ocrx_word' id='word_1_805' title='bbox 1467 2084 1554 2112; x_wconf 87' lang='lat' dir='ltr'><strong>deitas</strong></span> <span class='ocrx_word' id='word_1_806' title='bbox 1566 2085 1663 2116; x_wconf 81' lang='lat' dir='ltr'><strong>Patris,</strong></span> <span class='ocrx_word' id='word_1_807' title='bbox 1680 2092 1778 2112; x_wconf 86' lang='lat' dir='ltr'><strong>natura</strong></span> <span class='ocrx_word' id='word_1_808' title='bbox 1803 2091 1842 2113; x_wconf 85' lang='lat' dir='ltr'><strong>est</strong></span> <span class='ocrx_word' id='word_1_809' title='bbox 1873 2086 1936 2118; x_wconf 80' lang='lat' dir='ltr'><strong>Filii,</strong></span> 
     </span>
    </p>
   </div>
   <div class='ocr_carea' id='block_1_103' title="bbox 1148 2128 1936 2166">
    <p class='ocr_par' dir='ltr' id='par_1_103' title="bbox 1148 2128 1936 2166">
     <span class='ocr_line' id='line_1_103' title="bbox 1148 2128 1936 2166; baseline 0.005 -11"><span class='ocrx_word' id='word_1_810' title='bbox 1148 2134 1244 2155; x_wconf 87' lang='lat' dir='ltr'><strong>natura</strong></span> <span class='ocrx_word' id='word_1_811' title='bbox 1259 2133 1301 2156; x_wconf 88' lang='lat' dir='ltr'><strong>est</strong></span> <span class='ocrx_word' id='word_1_812' title='bbox 1320 2128 1438 2166; x_wconf 80' lang='lat' dir='ltr'><strong>Spiritus</strong></span> <span class='ocrx_word' id='word_1_813' title='bbox 1464 2130 1562 2163; x_wconf 87' lang='lat' dir='ltr'><strong>sancti,</strong></span> <span class='ocrx_word' id='word_1_814' title='bbox 1586 2131 1632 2166; x_wconf 89' lang='lat' dir='ltr'><strong>qui</strong></span> <span class='ocrx_word' id='word_1_815' title='bbox 1656 2129 1688 2158; x_wconf 78' lang='lat' dir='ltr'><strong>de</strong></span> <span class='ocrx_word' id='word_1_816' title='bbox 1711 2131 1793 2159; x_wconf 86' lang='lat' dir='ltr'><strong>Patre</strong></span> <span class='ocrx_word' id='word_1_817' title='bbox 1817 2136 1845 2159; x_wconf 92' lang='lat' dir='ltr'><strong>et</strong></span> <span class='ocrx_word' id='word_1_818' title='bbox 1877 2132 1936 2159; x_wconf 84' lang='lat' dir='ltr'><strong>Filio</strong></span> 
     </span>
    </p>
   </div>
   <div class='ocr_carea' id='block_1_104' title="bbox 1147 2173 1936 2217">
    <p class='ocr_par' dir='ltr' id='par_1_104' title="bbox 1147 2173 1936 2217">
     <span class='ocr_line' id='line_1_104' title="bbox 1147 2173 1936 2217; baseline 0.004 -15"><span class='ocrx_word' id='word_1_819' title='bbox 1147 2175 1287 2210; x_wconf 67' lang='lat' dir='ltr'><strong>mqualiter</strong></span> <span class='ocrx_word' id='word_1_820' title='bbox 1315 2173 1449 2211; x_wconf 86' lang='lat' dir='ltr'><strong>procedit,</strong></span> <span class='ocrx_word' id='word_1_821' title='bbox 1476 2182 1506 2212; x_wconf 36' lang='lat' dir='ltr'><strong>let</strong></span> <span class='ocrx_word' id='word_1_822' title='bbox 1535 2177 1678 2217; x_wconf 67' lang='lat' dir='ltr'><strong>inefl‘abilis</strong></span> <span class='ocrx_word' id='word_1_823' title='bbox 1705 2179 1829 2215; x_wconf 72' lang='lat' dir='ltr'><strong>quaedam</strong></span> <span class='ocrx_word' id='word_1_824' title='bbox 1854 2179 1936 2208; x_wconf 83' lang='lat' dir='ltr'><strong>Patris</strong></span> 
     </span>
    </p>
   </div>
   <div class='ocr_carea' id='block_1_105' title="bbox 1148 2223 1937 2260">
    <p class='ocr_par' dir='ltr' id='par_1_105' title="bbox 1148 2223 1937 2260">
     <span class='ocr_line' id='line_1_105' title="bbox 1148 2223 1937 2260; baseline 0.005 -11"><span class='ocrx_word' id='word_1_825' title='bbox 1148 2223 1263 2257; x_wconf 87' lang='lat' dir='ltr'><strong>Filiique</strong></span> <span class='ocrx_word' id='word_1_826' title='bbox 1275 2224 1429 2251; x_wconf 89' lang='lat' dir='ltr'><strong>communio</strong></span> <span class='ocrx_word' id='word_1_827' title='bbox 1441 2228 1493 2251; x_wconf 88' lang='lat' dir='ltr'><strong>est.</strong></span> <span class='ocrx_word' id='word_1_828' title='bbox 1510 2224 1560 2258; x_wconf 92' lang='lat' dir='ltr'><strong>Qui</strong></span> <span class='ocrx_word' id='word_1_829' title='bbox 1574 2229 1646 2257; x_wconf 82' lang='lat' dir='ltr'><strong>totus</strong></span> <span class='ocrx_word' id='word_1_830' title='bbox 1657 2225 1691 2252; x_wconf 89' lang='lat' dir='ltr'><strong>de</strong></span> <span class='ocrx_word' id='word_1_831' title='bbox 1714 2225 1796 2252; x_wconf 87' lang='lat' dir='ltr'><strong>Patre</strong></span> <span class='ocrx_word' id='word_1_832' title='bbox 1808 2226 1937 2260; x_wconf 83' lang='lat' dir='ltr'><strong>procedit,</strong></span> 
     </span>
    </p>
   </div>
   <div class='ocr_carea' id='block_1_106' title="bbox 1147 2269 1936 2303">
    <p class='ocr_par' dir='ltr' id='par_1_106' title="bbox 1147 2269 1936 2303">
     <span class='ocr_line' id='line_1_106' title="bbox 1147 2269 1936 2303; baseline 0.005 -8"><span class='ocrx_word' id='word_1_833' title='bbox 1147 2273 1174 2296; x_wconf 90' lang='lat' dir='ltr'><strong>et</strong></span> <span class='ocrx_word' id='word_1_834' title='bbox 1198 2273 1271 2296; x_wconf 87' lang='lat' dir='ltr'><strong>totus</strong></span> <span class='ocrx_word' id='word_1_835' title='bbox 1290 2269 1323 2296; x_wconf 90' lang='lat' dir='ltr'><strong>de</strong></span> <span class='ocrx_word' id='word_1_836' title='bbox 1336 2269 1416 2303; x_wconf 87' lang='lat' dir='ltr'><strong>Filio,</strong></span> <span class='ocrx_word' id='word_1_837' title='bbox 1432 2274 1503 2297; x_wconf 89' lang='lat' dir='ltr'><strong>totus</strong></span> <span class='ocrx_word' id='word_1_838' title='bbox 1514 2270 1540 2297; x_wconf 91' lang='lat' dir='ltr'><strong>in</strong></span> <span class='ocrx_word' id='word_1_839' title='bbox 1554 2270 1635 2298; x_wconf 87' lang='lat' dir='ltr'><strong>Patre</strong></span> <span class='ocrx_word' id='word_1_840' title='bbox 1660 2275 1760 2303; x_wconf 89' lang='lat' dir='ltr'><strong>manet,</strong></span> <span class='ocrx_word' id='word_1_841' title='bbox 1775 2276 1804 2298; x_wconf 89' lang='lat' dir='ltr'><strong>et</strong></span> <span class='ocrx_word' id='word_1_842' title='bbox 1817 2276 1891 2299; x_wconf 86' lang='lat' dir='ltr'><strong>totus</strong></span> <span class='ocrx_word' id='word_1_843' title='bbox 1912 2271 1936 2299; x_wconf 84' lang='lat' dir='ltr'><strong>in</strong></span> 
     </span>
    </p>
   </div>
   <div class='ocr_carea' id='block_1_107' title="bbox 1148 2317 1935 2359">
    <p class='ocr_par' dir='ltr' id='par_1_107' title="bbox 1148 2317 1935 2359">
     <span class='ocr_line' id='line_1_107' title="bbox 1148 2317 1935 2359; baseline 0.004 -15"><span class='ocrx_word' id='word_1_844' title='bbox 1148 2317 1227 2350; x_wconf 85' lang='lat' dir='ltr'><strong>Filio,</strong></span> <span class='ocrx_word' id='word_1_845' title='bbox 1241 2317 1286 2352; x_wconf 88' lang='lat' dir='ltr'><strong>qui</strong></span> <span class='ocrx_word' id='word_1_846' title='bbox 1299 2317 1338 2344; x_wconf 89' lang='lat' dir='ltr'><strong>sic</strong></span> <span class='ocrx_word' id='word_1_847' title='bbox 1351 2322 1443 2344; x_wconf 86' lang='lat' dir='ltr'><strong>manet</strong></span> <span class='ocrx_word' id='word_1_848' title='bbox 1459 2322 1489 2344; x_wconf 88' lang='lat' dir='ltr'><strong>ut</strong></span> <span class='ocrx_word' id='word_1_849' title='bbox 1500 2319 1638 2353; x_wconf 87' lang='lat' dir='ltr'><strong>procedat,</strong></span> <span class='ocrx_word' id='word_1_850' title='bbox 1651 2318 1691 2346; x_wconf 90' lang='lat' dir='ltr'><strong>sic</strong></span> <span class='ocrx_word' id='word_1_851' title='bbox 1699 2319 1825 2359; x_wconf 74' lang='lat' dir='ltr'><strong>procedit</strong></span> <span class='ocrx_word' id='word_1_852' title='bbox 1838 2323 1873 2357; x_wconf 74' lang='lat' dir='ltr'><strong>ut.</strong></span> <span class='ocrx_word' id='word_1_853' title='bbox 1882 2325 1935 2359; x_wconf 75' lang='lat' dir='ltr'><strong>pta-</strong></span> 
     </span>
    </p>
   </div>
   <div class='ocr_carea' id='block_1_108' title="bbox 1147 2357 1937 2403">
    <p class='ocr_par' dir='ltr' id='par_1_108' title="bbox 1147 2357 1937 2403">
     <span class='ocr_line' id='line_1_108' title="bbox 1147 2357 1937 2403; baseline 0.003 -12"><span class='ocrx_word' id='word_1_854' title='bbox 1147 2368 1221 2391; x_wconf 89' lang='lat' dir='ltr'><strong>neat.</strong></span> <span class='ocrx_word' id='word_1_855' title='bbox 1250 2363 1327 2392; x_wconf 89' lang='lat' dir='ltr'><strong>Unde</strong></span> <span class='ocrx_word' id='word_1_856' title='bbox 1349 2364 1511 2393; x_wconf 84' lang='lat' dir='ltr'><strong>naturaliter</strong></span> <span class='ocrx_word' id='word_1_857' title='bbox 1533 2364 1603 2392; x_wconf 89' lang='lat' dir='ltr'><strong>hanc</strong></span> <span class='ocrx_word' id='word_1_858' title='bbox 1626 2364 1709 2392; x_wconf 85' lang='lat' dir='ltr'><strong>habet</strong></span> <span class='ocrx_word' id='word_1_859' title='bbox 1732 2357 1937 2403; x_wconf 44' lang='lat' dir='ltr'><strong>compareat</strong></span> 
     </span>
    </p>
   </div>
   <div class='ocr_carea' id='block_1_109' title="bbox 1146 2405 1934 2454">
    <p class='ocr_par' dir='ltr' id='par_1_109' title="bbox 1146 2405 1934 2454">
     <span class='ocr_line' id='line_1_109' title="bbox 1146 2405 1934 2454; baseline 0.003 -17"><span class='ocrx_word' id='word_1_860' title='bbox 1146 2411 1216 2438; x_wconf 84' lang='lat' dir='ltr'><strong>Filio</strong></span> <span class='ocrx_word' id='word_1_861' title='bbox 1229 2411 1340 2438; x_wconf 89' lang='lat' dir='ltr'><strong>unitatis</strong></span> <span class='ocrx_word' id='word_1_862' title='bbox 1355 2409 1779 2447; x_wconf 73' lang='lat' dir='ltr'><strong>plenitudinem,etplenitudinis</strong></span> 
     </span>
    </p>
   </div>
   <div class='ocr_carea' id='block_1_110' title="bbox 1146 2455 1910 2497">
    <p class='ocr_par' dir='ltr' id='par_1_110' title="bbox 1146 2455 1910 2497">
     <span class='ocr_line' id='line_1_110' title="bbox 1146 2455 1910 2497; baseline 0.001 -13"><span class='ocrx_word' id='word_1_863' title='bbox 1146 2461 1176 2484; x_wconf 90' lang='lat' dir='ltr'><strong>ut</strong></span> <span class='ocrx_word' id='word_1_864' title='bbox 1193 2461 1279 2484; x_wconf 91' lang='lat' dir='ltr'><strong>totum</strong></span> <span class='ocrx_word' id='word_1_865' title='bbox 1291 2456 1401 2484; x_wconf 86' lang='lat' dir='ltr'><strong>Patrem</strong></span> <span class='ocrx_word' id='word_1_866' title='bbox 1417 2456 1516 2484; x_wconf 88' lang='lat' dir='ltr'><strong>habeat</strong></span> <span class='ocrx_word' id='word_1_867' title='bbox 1540 2461 1678 2491; x_wconf 90' lang='lat' dir='ltr'><strong>totumque</strong></span> <span class='ocrx_word' id='word_1_868' title='bbox 1693 2455 1817 2497; x_wconf 33' lang='lat' dir='ltr'><strong>Filium&quot;</strong></span> 
     </span>
    </p>
   </div>
   <div class='ocr_carea' id='block_1_111' title="bbox 1146 2500 1936 2546">
    <p class='ocr_par' dir='ltr' id='par_1_111' title="bbox 1146 2500 1936 2546">
     <span class='ocr_line' id='line_1_111' title="bbox 1146 2500 1936 2546; baseline 0 -16"><span class='ocrx_word' id='word_1_869' title='bbox 1146 2508 1218 2533; x_wconf 88' lang='lat' dir='ltr'><strong>totus</strong></span> <span class='ocrx_word' id='word_1_870' title='bbox 1234 2503 1369 2531; x_wconf 86' lang='lat' dir='ltr'><strong>habeatur</strong></span> <span class='ocrx_word' id='word_1_871' title='bbox 1381 2511 1396 2530; x_wconf 83' lang='lat' dir='ltr'><strong>a</strong></span> <span class='ocrx_word' id='word_1_872' title='bbox 1408 2503 1502 2536; x_wconf 84' lang='lat' dir='ltr'><strong>Patre,</strong></span> <span class='ocrx_word' id='word_1_873' title='bbox 1519 2507 1591 2531; x_wconf 89' lang='lat' dir='ltr'><strong>totus</strong></span> <span class='ocrx_word' id='word_1_874' title='bbox 1611 2503 1745 2530; x_wconf 85' lang='lat' dir='ltr'><strong>habeatur</strong></span> <span class='ocrx_word' id='word_1_875' title='bbox 1757 2510 1774 2530; x_wconf 71' lang='grc' dir='ltr'><strong>ι</strong></span> 
     </span>
    </p>
   </div>
   <div class='ocr_carea' id='block_1_112' title="bbox 1145 2542 1936 2591">
    <p class='ocr_par' dir='ltr' id='par_1_112' title="bbox 1145 2542 1936 2591">
     <span class='ocr_line' id='line_1_112' title="bbox 1145 2542 1936 2591; baseline 0 -15"><span class='ocrx_word' id='word_1_876' title='bbox 1145 2549 1226 2576; x_wconf 88' lang='lat' dir='ltr'><strong>etiam</strong></span> <span class='ocrx_word' id='word_1_877' title='bbox 1249 2557 1264 2576; x_wconf 83' lang='lat' dir='ltr'><strong>a</strong></span> <span class='ocrx_word' id='word_1_878' title='bbox 1285 2549 1366 2577; x_wconf 87' lang='lat' dir='ltr'><strong>Patre</strong></span> <span class='ocrx_word' id='word_1_879' title='bbox 1387 2553 1414 2576; x_wconf 93' lang='lat' dir='ltr'><strong>et</strong></span> <span class='ocrx_word' id='word_1_880' title='bbox 1434 2549 1502 2576; x_wconf 82' lang='lat' dir='ltr'><strong>Filio</strong></span> <span class='ocrx_word' id='word_1_881' title='bbox 1527 2548 1667 2590; x_wconf 81' lang='lat' dir='ltr'><strong>aequaliter</strong></span> <span class='ocrx_word' id='word_1_882' title='bbox 1689 2542 1936 2591; x_wconf 40' lang='grc' dir='ltr'><strong>ᾱαψτιξφόίρρ</strong></span> 
     </span>
    </p>
   </div>
   <div class='ocr_carea' id='block_1_113' title="bbox 1145 2586 1934 2640">
    <p class='ocr_par' dir='ltr' id='par_1_113' title="bbox 1145 2586 1934 2640">
     <span class='ocr_line' id='line_1_113' title="bbox 1145 2586 1934 2640; baseline -0.001 -18"><span class='ocrx_word' id='word_1_883' title='bbox 1145 2595 1235 2630; x_wconf 83' lang='lat' dir='ltr'><strong>seipso</strong></span> <span class='ocrx_word' id='word_1_884' title='bbox 1249 2596 1338 2629; x_wconf 89' lang='lat' dir='ltr'><strong>datur,</strong></span> <span class='ocrx_word' id='word_1_885' title='bbox 1356 2595 1426 2622; x_wconf 87' lang='lat' dir='ltr'><strong>sicut</strong></span> <span class='ocrx_word' id='word_1_886' title='bbox 1449 2594 1534 2624; x_wconf 86' lang='lat' dir='ltr'><strong>Filius</strong></span> <span class='ocrx_word' id='word_1_887' title='bbox 1561 2588 1650 2631; x_wconf 21' lang='lat' dir='ltr'><strong>deice</strong></span> 
     </span>
    </p>
   </div>
   <div class='ocr_carea' id='block_1_114' title="bbox 1144 2637 1934 2677">
    <p class='ocr_par' dir='ltr' id='par_1_114' title="bbox 1144 2637 1934 2677">
     <span class='ocr_line' id='line_1_114' title="bbox 1144 2637 1934 2677; baseline 0.004 -9"><span class='ocrx_word' id='word_1_888' title='bbox 1144 2642 1200 2669; x_wconf 74' lang='lat' dir='ltr'><strong>vult</strong></span> <span class='ocrx_word' id='word_1_889' title='bbox 1228 2643 1310 2677; x_wconf 86' lang='lat' dir='ltr'><strong>spirat</strong></span> <span class='ocrx_word' id='word_1_890' title='bbox 1347 2642 1442 2677; x_wconf 82' lang='lat' dir='ltr'><strong>(Joan.</strong></span> <span class='ocrx_word' id='word_1_891' title='bbox 1476 2650 1517 2674; x_wconf 76' lang='grc' dir='ltr'><strong>ιιι,</strong></span> <span class='ocrx_word' id='word_1_892' title='bbox 1550 2640 1593 2677; x_wconf 88' lang='lat'><strong>8).</strong></span> <span class='ocrx_word' id='word_1_893' title='bbox 1627 2641 1721 2676; x_wconf 82' lang='lat' dir='ltr'><strong>Itaque</strong></span> <span class='ocrx_word' id='word_1_894' title='bbox 1753 2637 1934 2677; x_wconf 54' lang='grc' dir='ltr'><strong>εὶωιᾼζῃὲτ</strong></span> 
     </span>
    </p>
   </div>
   <div class='ocr_carea' id='block_1_115' title="bbox 1144 2683 1933 2730">
    <p class='ocr_par' dir='ltr' id='par_1_115' title="bbox 1144 2683 1933 2730">
     <span class='ocr_line' id='line_1_115' title="bbox 1144 2683 1933 2730; baseline -0.001 -15"><span class='ocrx_word' id='word_1_895' title='bbox 1144 2688 1225 2725; x_wconf 68' lang='grc'><strong>423</strong></span> <span class='ocrx_word' id='word_1_896' title='bbox 1243 2693 1270 2715; x_wconf 89' lang='lat' dir='ltr'><strong>el</strong></span> <span class='ocrx_word' id='word_1_897' title='bbox 1283 2687 1369 2716; x_wconf 81' lang='lat' dir='ltr'><strong>Filius</strong></span> <span class='ocrx_word' id='word_1_898' title='bbox 1395 2689 1490 2722; x_wconf 81' lang='lat' dir='ltr'><strong>plenus</strong></span> <span class='ocrx_word' id='word_1_899' title='bbox 1512 2692 1538 2714; x_wconf 89' lang='lat' dir='ltr'><strong>ct</strong></span> <span class='ocrx_word' id='word_1_900' title='bbox 1565 2688 1700 2722; x_wconf 83' lang='lat' dir='ltr'><strong>perfectus</strong></span> <span class='ocrx_word' id='word_1_901' title='bbox 1715 2691 1757 2715; x_wconf 87' lang='lat' dir='ltr'><strong>est.</strong></span> <span class='ocrx_word' id='word_1_902' title='bbox 1773 2684 1859 2720; x_wconf 81' lang='lat' dir='ltr'><strong>Deus,</strong></span> 
     </span>
    </p>
   </div>
   <div class='ocr_carea' id='block_1_116' title="bbox 1144 2730 1933 2768">
    <p class='ocr_par' dir='ltr' id='par_1_116' title="bbox 1144 2730 1933 2768">
     <span class='ocr_line' id='line_1_116' title="bbox 1144 2730 1933 2768; baseline 0 -8"><span class='ocrx_word' id='word_1_903' title='bbox 1144 2742 1214 2760; x_wconf 89' lang='lat' dir='ltr'><strong>unus</strong></span> <span class='ocrx_word' id='word_1_904' title='bbox 1229 2739 1270 2761; x_wconf 88' lang='lat' dir='ltr'><strong>cst</strong></span> <span class='ocrx_word' id='word_1_905' title='bbox 1291 2741 1352 2761; x_wconf 87' lang='lat' dir='ltr'><strong>cum</strong></span> <span class='ocrx_word' id='word_1_906' title='bbox 1378 2732 1457 2760; x_wconf 80' lang='lat' dir='ltr'><strong>Patre</strong></span> <span class='ocrx_word' id='word_1_907' title='bbox 1476 2738 1502 2760; x_wconf 86' lang='lat' dir='ltr'><strong>ct</strong></span> <span class='ocrx_word' id='word_1_908' title='bbox 1518 2732 1584 2760; x_wconf 86' lang='lat' dir='ltr'><strong>Filio</strong></span> <span class='ocrx_word' id='word_1_909' title='bbox 1602 2734 1671 2760; x_wconf 81' lang='lat' dir='ltr'><strong>Deus</strong></span> <span class='ocrx_word' id='word_1_910' title='bbox 1683 2753 1691 2765; x_wconf 88' lang='lat'><strong>,</strong></span> <span class='ocrx_word' id='word_1_911' title='bbox 1711 2737 1793 2768; x_wconf 84' lang='lat' dir='ltr'><strong>atque</strong></span> <span class='ocrx_word' id='word_1_912' title='bbox 1808 2740 1861 2760; x_wconf 87' lang='lat' dir='ltr'><strong>una</strong></span> <span class='ocrx_word' id='word_1_913' title='bbox 1875 2730 1933 2760; x_wconf 83' lang='lat' dir='ltr'><strong>sub-</strong></span> 
     </span>
    </p>
   </div>
   <div class='ocr_carea' id='block_1_117' title="bbox 1144 2780 1932 2813">
    <p class='ocr_par' dir='ltr' id='par_1_117' title="bbox 1144 2780 1932 2813">
     <span class='ocr_line' id='line_1_117' title="bbox 1144 2780 1932 2813; baseline -0.006 -5"><span class='ocrx_word' id='word_1_914' title='bbox 1144 2781 1254 2813; x_wconf 90' lang='lat' dir='ltr'><strong>stantia,</strong></span> <span class='ocrx_word' id='word_1_915' title='bbox 1270 2788 1321 2807; x_wconf 92' lang='lat' dir='ltr'><strong>una</strong></span> <span class='ocrx_word' id='word_1_916' title='bbox 1336 2780 1431 2811; x_wconf 76' lang='lat' dir='ltr'><strong>deitas,</strong></span> <span class='ocrx_word' id='word_1_917' title='bbox 1449 2788 1500 2806; x_wconf 89' lang='lat' dir='ltr'><strong>una</strong></span> <span class='ocrx_word' id='word_1_918' title='bbox 1515 2780 1650 2811; x_wconf 86' lang='lat' dir='ltr'><strong>divinitas,</strong></span> <span class='ocrx_word' id='word_1_919' title='bbox 1668 2788 1721 2807; x_wconf 83' lang='lat' dir='ltr'><strong>una</strong></span> <span class='ocrx_word' id='word_1_920' title='bbox 1736 2780 1867 2811; x_wconf 87' lang='lat' dir='ltr'><strong>essentia,</strong></span> <span class='ocrx_word' id='word_1_921' title='bbox 1885 2784 1932 2805; x_wconf 83' lang='lat' dir='ltr'><strong>una</strong></span> 
     </span>
    </p>
   </div>
   <div class='ocr_carea' id='block_1_118' title="bbox 1143 2822 1933 2861">
    <p class='ocr_par' dir='ltr' id='par_1_118' title="bbox 1143 2822 1933 2861">
     <span class='ocr_line' id='line_1_118' title="bbox 1143 2822 1933 2861; baseline -0.006 -7"><span class='ocrx_word' id='word_1_922' title='bbox 1143 2832 1249 2859; x_wconf 86' lang='lat' dir='ltr'><strong>natura,</strong></span> <span class='ocrx_word' id='word_1_923' title='bbox 1266 2834 1334 2861; x_wconf 59' lang='lat' dir='ltr'><strong>qna),</strong></span> <span class='ocrx_word' id='word_1_924' title='bbox 1353 2830 1382 2852; x_wconf 90' lang='lat' dir='ltr'><strong>ut</strong></span> <span class='ocrx_word' id='word_1_925' title='bbox 1401 2826 1563 2853; x_wconf 80' lang='lat' dir='ltr'><strong>Athanasius</strong></span> <span class='ocrx_word' id='word_1_926' title='bbox 1579 2831 1606 2852; x_wconf 88' lang='lat' dir='ltr'><strong>et</strong></span> <span class='ocrx_word' id='word_1_927' title='bbox 1621 2825 1780 2853; x_wconf 81' lang='lat' dir='ltr'><strong>Ambrosius</strong></span> <span class='ocrx_word' id='word_1_928' title='bbox 1796 2822 1933 2852; x_wconf 87' lang='lat' dir='ltr'><strong>concordi-</strong></span> 
     </span>
    </p>
   </div>
   <div class='ocr_carea' id='block_1_119' title="bbox 1143 2867 1933 2919">
    <p class='ocr_par' dir='ltr' id='par_1_119' title="bbox 1143 2867 1933 2919">
     <span class='ocr_line' id='line_1_119' title="bbox 1143 2867 1933 2919; baseline -0.006 -17"><span class='ocrx_word' id='word_1_929' title='bbox 1143 2878 1184 2902; x_wconf 90' lang='lat' dir='ltr'><strong>ter</strong></span> <span class='ocrx_word' id='word_1_930' title='bbox 1200 2875 1302 2906; x_wconf 89' lang='lat' dir='ltr'><strong>dicunt,</strong></span> <span class='ocrx_word' id='word_1_931' title='bbox 1317 2880 1370 2901; x_wconf 92' lang='lat' dir='ltr'><strong>non</strong></span> <span class='ocrx_word' id='word_1_932' title='bbox 1384 2877 1475 2907; x_wconf 80' lang='lat' dir='ltr'><strong>potest</strong></span> <span class='ocrx_word' id='word_1_933' title='bbox 1485 2872 1568 2901; x_wconf 90' lang='lat' dir='ltr'><strong>dividi</strong></span> <span class='ocrx_word' id='word_1_934' title='bbox 1586 2872 1613 2900; x_wconf 90' lang='lat' dir='ltr'><strong>in</strong></span> <span class='ocrx_word' id='word_1_935' title='bbox 1624 2871 1756 2907; x_wconf 81' lang='lat' dir='ltr'><strong>personis,</strong></span> <span class='ocrx_word' id='word_1_936' title='bbox 1772 2870 1850 2919; x_wconf 53' lang='lat' dir='ltr'><strong>iuxta</strong></span> <span class='ocrx_word' id='word_1_937' title='bbox 1865 2867 1933 2912; x_wconf 67' lang='lat' dir='ltr'><strong>vocis</strong></span> 
     </span>
    </p>
   </div>
   <div class='ocr_carea' id='block_1_120' title="bbox 1942 2620 1953 2648">
    <p class='ocr_par' dir='ltr' id='par_1_120' title="bbox 1942 2620 1953 2648">
     <span class='ocr_line' id='line_1_120' title="bbox 1942 2620 1953 2648; baseline 0 0"><span class='ocrx_word' id='word_1_938' title='bbox 1942 2620 1953 2648; x_wconf 64' lang='grc' dir='ltr'><strong>ἱ</strong></span> 
     </span>
    </p>
   </div>
  </div>
