3998 6336
635 305 744 364 ‘87

1601 305 1934 364 HINCMARI
1973 298 2371 361 BHEMENSIS
2409 298 2936 358 ARCHIEPISCOPI
3721 314 3794 372 ιω

635 422 847 479 cendo:
885 420 986 501 Ite,
1036 421 1294 491 baptizate
1333 422 1389 476 in
1429 421 1636 475 nomine
1682 417 1862 475 Panis
1903 429 1950 473 et
2001 415 2130 499 filii
2176 423 2225 468 et
2251 413 2303 476 Α
2330 427 2426 468 ιιεε
2447 413 2537 482 qui
2567 413 2763 482 ubique
2798 420 2927 468 sunt
2960 409 3209 468 homines
3232 421 3554 472 unamresu
3577 414 3797 477 ﬁdeiveri.

633 512 860 585 Spiritus
883 513 1048 567 sancti
1079 509 1292 583 (Matth.
1316 511 1533 578 xxvm),
1558 511 1719 564 unius
1747 525 1867 565 esse
1895 505 2216 563 Trinitatem

631 603 918 675 potestatis
939 601 1255 658 ostenderit.
1290 599 1399 655 Nos
1425 599 1640 655 Patrem
1669 607 1723 654 et
1749 599 1944 654 Filium
1967 606 2023 652 et
2050 597 2219 668 Spiri-

633 699 747 748 tum
775 701 1019 748 sanctum
1046 689 1388 756 conﬁtemur,
1417 690 1492 744 ita
1523 698 1582 744 ut
1614 690 1667 744 in
1688 689 1954 744 Trinitate
1976 686 2218 758 perlecta

628 793 686 840 et
727 782 1001 854 plenitudo
1066 781 1138 836 sit
1191 780 1524 846 divinitatis,
1577 788 1632 836 et
1675 780 1854 834 unitas
1911 778 2214 850 potestatis.

631 873 798 930 Omne
819 891 1034 945 regnum
1060 874 1116 929 in
1135 891 1191 929 se
1217 874 1440 929 divisum
1467 872 1622 943 facile
1663 873 1959 927 destruetur
1995 870 2212 942 (Matth.

627 983 725 1032 ιιι,
757 967 873 1038 25).
908 966 1166 1023 Dominus
1213 967 1318 1022 hoc
1352 965 1502 1020 dicit.
1532 964 1648 1020 Non
1691 979 1820 1036 ergo
1861 964 2091 1020 divisum
2133 975 2217 1020 est

627 1073 852 1130 regnum
888 1056 1193 1114 Trinitatis.
1227 1056 1285 1112 Si
1315 1066 1494 1114 autem
1523 1056 1754 1113 divisum
1782 1070 1889 1111 non
1917 1062 2020 1122 est,
2046 1070 2214 1110 unum

585 1162 748 1223 “est:
784 1150 924 1222 quod
957 1152 1102 1207 enim
1143 1166 1308 1208 unum
1352 1166 1458 1206 non
1502 1160 1607 1217 εει,
1661 1150 1891 1205 divisum
1939 1159 2039 1206 εει.
2085 1147 2215 1205 Tale

587 1255 591 1259 ‘
623 1260 754 1316 ergo
782 1259 1006 1315 regnum
1029 1259 1148 1300 esse
1169 1243 1390 1314 cupiunt
1433 1241 1737 1309 Trinitatis,
1765 1241 1907 1312 quod
1952 1241 2214 1296 divisione

623 1339 706 1392 sui
733 1335 890 1392 facile
921 1336 1250 1402 destruatur,
1295 1335 1404 1392 imo
1443 1336 1572 1405 quia
1615 1349 1723 1390 non
1747 1341 1946 1415 .potest
1982 1333 2210 1399 destrui,
2241 1349 2261 1370 ο

621 1437 836 1486 constat
861 1444 967 1485 non
998 1444 1118 1485 esse
1147 1428 1404 1485 divisum.
1440 1427 1554 1484 Non
1580 1427 1724 1484 enim
1751 1427 2012 1483 dividitur
2037 1425 2216 1482 Trini-

574 1519 580 1590 Ι
622 1531 726 1588 tas,
755 1538 855 1578 nec
879 1521 1165 1587 scinditur,
1203 1530 1259 1576 et
1299 1521 1421 1577 ideo
1462 1535 1563 1576 nec
1588 1518 1904 1590 corruptelae
1939 1517 2208 1585 subditur,

620 1627 722 1668 nec
751 1610 917 1667 aetati.
957 1629 977 1664 ι
1011 1605 1080 1667 Ει
1107 1611 1234 1666 item
1258 1612 1404 1681 (cap.
1436 1611 1637 1683 eodem)
1664 1627 1676 1664 ε
1717 1629 1735 1661 ι
1769 1608 2067 1666 Diversitas
2091 1607 2214 1678 plu-

621 1715 709 1756 res
753 1698 903 1765 l'acit,
944 1699 1125 1755 unitas
1152 1699 1439 1772 potestatis
1469 1699 1707 1755 excludit
1750 1699 1958 1755 numeri
1997 1697 2212 1768 quanti-

2323 513 2486 560 tatem
2509 507 2699 561 teneri.
2734 525 2752 558 ι
2782 505 2850 562 Ει
2881 521 3105 579 magnus
3132 504 3241 562 Leo
3265 519 3415 576 papa,
3436 521 3494 562 ac
3511 507 3797 582 manus

2322 595 2583 666 synodus,
2611 612 2731 666 quae
2780 597 2836 650 in
2881 594 3017 650 urbe
3059 593 3232 650 Roma
3273 595 3521 659 convenit,
3554 598 3598 651 in
3631 601 3795 670 epistola

2319 689 2388 743 ad
2413 688 2774 744 Theodosium
2794 687 3093 758 Angustum
3119 686 3290 758 (epist.
3312 685 3399 754 27)
3422 699 3436 739 :
3462 705 3478 738 ί
3503 685 3798 757 Obsecremus,

2319 780 2590 852 inquiunt,
2630 795 2812 835 coram
2861 781 3022 835 unius
3057 778 3274 835 deitatis
3323 778 3630 848 inseparabili
3671 781 3802 839 Trini-

2318 879 2448 939 tate,
2498 888 2619 943 quae
2670 873 2765 927 tali
2816 871 2958 927 facto
3000 871 3232 927 laeditur.
3279 888 3301 922 ι
3348 869 3413 924 Ει
3453 872 3515 926 ad
3562 869 3804 931 Palaestinos

2318 967 2488 1039 (epist.
2514 966 2603 1037 87)
2635 985 2649 1021 :
2685 985 2704 1019 (
2740 964 2942 1021 Natura
2969 963 3234 1036 unigeniti
3257 971 3442 1018 natura
3468 971 3542 1018 est
3559 963 3719 1031 Patris,
3735 983 3803 1020 na-

2319 1069 2440 1115 tura
2491 1059 2727 1130 Spiritus
2780 1057 2979 1124 sancti,
3019 1053 3287 1126 simulque
3325 1054 3652 1124 impassibilis,
3689 1053 3806 1112 simul

2314 1161 2398 1207 est
2438 1148 2914 1215 incommutabilis,
2943 1146 3286 1217 sempiterna:
3332 1143 3593 1201 Trinitatis
3633 1145 3803 1200 indivisa

2313 1244 2516 1308 unitas,
2537 1250 2593 1298 et
2617 1238 3091 1297 consubstantialis
3103 1237 3400 1308 aequalitas.
3431 1254 3450 1289 ι
3478 1236 3539 1292 Et
3561 1236 3618 1291 ad
3632 1234 3805 1292 leonem

2313 1335 2724 1393 Ravennensem
2746 1333 3053 1404 episcopum
3084 1330 3258 1405 (epist.
3306 1328 3396 1400 39)
3437 1345 3454 1384 :
3504 1345 3523 1380 ι
3572 1327 3806 1398 Apostolica

2313 1429 2644 1487 reclamante
2673 1428 2946 1496 doctrina,
2974 1441 3096 1498 quae
3129 1424 3287 1481 nobis
3331 1438 3488 1479 unam
3528 1422 3738 1494 pradicet
3768 1423 3805 1478 is

2312 1523 2579 1580 Trinitate
2601 1522 2882 1588 deitatem,
2910 1534 3074 1575 unam
3096 1519 3151 1575 in
3178 1516 3285 1574 nde
3305 1515 3679 1582 confessionem,
3689 1530 3806 1570 unum

2312 1616 2367 1671 in
2415 1615 2740 1688 baptismate
2791 1620 3218 1671 sacramentum.
3271 1627 3292 1664 ι
3335 1609 3400 1666 Ει
3444 1608 3677 1681 gloriosus
3708 1623 3806 1680 papa

2311 1708 2607 1781 Gregorius
2656 1708 2712 1764 in
2777 1714 2973 1763 octava
3032 1704 3238 1761 decima
3284 1700 3545 1774 Evangelii
3594 1699 3805 1757 humilia:

618 1800 779 1847 tatem
810 1832 826 1858 .
852 1791 978 1864 quia
1019 1771 1200 1847 unitas
1225 1807 1486 1848 numerus
1527 1807 1634 1848 non
1665 1801 1767 1858 est.
1800 1793 1895 1848 sed
1940 1792 2057 1847 haec
2085 1806 2204 1846 om-
2233 1771 2337 1854 B}
2376 1771 2526 1855 Tunc
2549 1799 2749 1870 quippe
2776 1796 3053 1852 Abraham
3083 1795 3227 1851 diem
3273 1771 3480 1848 Domini
3503 1791 3639 1858 vidit,
3657 1790 3806 1847 cumin

620 1881 765 1937 nium
809 1883 922 1953 ipsa
957 1882 1280 1954 principium
1327 1891 1429 1938 est.
1469 1902 1488 1937 ι
1529 1883 1598 1938 Ει
1620 1883 1954 1956 Augustinus
1989 1882 2042 1937 in
2072 1882 2212 1940 libro

619 1986 714 2027 vm
740 1973 804 2027 de
831 1972 1096 2029 Trinitate
1128 1991 1141 2028 :
1176 1993 1194 2026 ι
1235 1972 1391 2040 Tres,
1424 1974 1620 2044 inquit,
1664 1989 1927 2046 personas
1967 1975 2210 2046 ejusdem

618 2064 889 2130 essentize,
937 2065 1023 2120 vel
1066 2074 1180 2122 tres
1225 2081 1486 2136 personas
1527 2082 1687 2122 unam
1739 2068 2028 2122 essentiam
2072 2065 2210 2121 dici-

617 2173 756 2213 mus.
789 2176 808 2209 ι
835 2157 902 2213 Ει
931 2157 1062 2214 item
1089 2158 1145 2212 in
1181 2157 1317 2214 libro
1345 2175 1377 2214 v
1407 2160 1548 2232 (cap.
1571 2158 1662 2230 8):
1695 2177 1714 2210 ι
1747 2157 2016 2227 Quidquid
2054 2156 2121 2213 ad
2150 2170 2211 2212 se

616 2249 790 2320 ipsum
837 2250 1033 2306 dicitur
1077 2250 1241 2318 Deus,
1292 2261 1347 2306 ct
1391 2251 1460 2308 de
1498 2251 1724 2324 singulis
1769 2251 2017 2322 personis
2059 2251 2210 2306 simi-

617 2338 741 2398 liter
768 2342 987 2408 dicitur,
1018 2342 1071 2398 id
1113 2352 1197 2400 εει
1225 2343 1292 2399 de
1320 2343 1481 2399 Patre
1507 2352 1562 2398 et
1595 2342 1732 2400 Filio
1757 2352 1814 2399 et
1851 2343 2056 2414 Spiritu
2085 2357 2212 2398 san-

616 2442 724 2500 cto,
757 2441 813 2490 et
840 2433 998 2489 simul
1031 2435 1098 2490 de
1146 2435 1261 2505 ipsa
1292 2435 1583 2502 Trinitate,
1615 2450 1722 2490 non
1763 2435 2065 2507 pluraliter,
2112 2435 2207 2491 sed

616 2524 963 2597 singulariter
1019 2525 1233 2582 dicitur.
1305 2527 1569 2594 Quoniam
1627 2527 1828 2598 quippe
1884 2540 1990 2582 non
2060 2525 2206 2580 aliud

613 2628 696 2674 est
740 2620 851 2674 Deo
877 2635 1016 2686 esse,
1045 2619 1188 2675 aliud
1228 2600 1481 2690 magnum
1517 2632 1658 2686 esse,
1690 2619 1785 2676 sed
1813 2620 1916 2676 hoc
1940 2619 2081 2674 idem
2125 2619 2204 2674 illi

613 2718 700 2765 est
739 2725 861 2766 esse
888 2710 1031 2781 quod
1081 2725 1333 2781 magnum
1372 2725 1514 2777 esse,
1567 2718 1857 2782 propterea
1903 2710 2044 2765 sicut
2093 2725 2201 2765 non

613 2801 840 2858 dicimus
885 2811 995 2858 tres
1039 2802 1324 2868 essentias,
1369 2801 1450 2858 sic
1499 2816 1606 2857 non
1646 2802 1878 2858 dicimus
1931 2810 2045 2857 tres
2088 2816 2204 2856 ma-

613 2894 945 2965 gnitudines,
980 2894 1073 2950 sed
1121 2910 1283 2950 unam
1336 2894 1765 2966 magnitudinem
1809 2904 1866 2951 et
1907 2911 2072 2950 unam
2113 2909 2204 2950 es-

612 2987 860 3043 sentiam.
913 2986 1213 3043 Essentiam
1256 2987 1378 3044 dico
1403 3028 1418 3054 ,
1476 3003 1596 3057 qua:
1632 2987 1820 3044 Graece
1869 2990 2021 3046 οὐσία
2064 2987 2202 3043 dici-

614 3088 722 3145 tur,
772 3093 931 3149 quem
983 3079 1236 3135 usitatius
1283 3079 1638 3135 substantiam
1684 3094 1962 3135 vocamus.
2012 3098 2031 3130 ι
2067 3077 2203 3134 Tres

611 3148 796 3226 autem
829 3185 1089 3242 personas
1119 3170 1458 3226 conﬁtemur.
1489 3171 1556 3226 Et
1595 3181 1816 3227 sanctus
1839 3169 2201 3241 Hieronymus
2227 3148 2274 3213 ο

609 3261 854 3317 scribens
874 3261 942 3316 ad
959 3262 1279 3317 Damascum
1302 3275 1497 3331 papam
1525 3260 1698 3333 (epist.
1727 3259 1818 3333 57)
1841 3273 1858 3314 :
1886 3278 1905 3311 ι
1937 3257 2200 3326 Sufﬁciat,

609 3354 806 3425 inquit,
846 3355 1005 3410 nobis
1033 3353 1218 3410 dicere
1256 3367 1416 3408 unam
1452 3352 1836 3418 substantiam,
1873 3358 1986 3407 tres
2019 3365 2206 3422 perso-

603 3462 707 3504 nas
757 3446 1152 3511 subsistentes,
1197 3445 1504 3517 periectas,
1560 3444 1830 3516 aequales,
1879 3453 2200 3500 coaeternas.

598 3520 915 3597 Taceantur
949 3545 1060 3591 tres
1092 3536 1414 3607 hypostases
1456 3534 1500 3589 si
1541 3534 1732 3604 placet,
1780 3541 1835 3589 et
1875 3550 1983 3589 una
2017 3545 2204 3590 tenea-

605 3639 715 3684 tur.
747 3649 765 3680 ι
793 3628 862 3682 Ει
907 3627 1034 3682 item
1063 3645 1076 3680 :
1107 3644 1126 3678 ι
1164 3625 1221 3682 Si
1253 3627 1376 3697 quis
1414 3634 1594 3682 autem
1641 3626 1976 3698 hypostasim
2027 3627 2204 3684 usiam

605 3719 910 3794 intelligens
937 3733 1041 3773 non
1073 3717 1243 3773 tribus
1288 3718 1535 3788 personis
1563 3733 1727 3774 unam
1757 3719 2090 3790 hypostasim
2117 3720 2205 3775 di-

606 3810 702 3874 cit,
746 3807 953 3864 alienus
1009 3824 1040 3863 a
1091 3808 1310 3864 Christo
1341 3818 1444 3864 est.
1476 3829 1494 3861 ι
1531 3808 1822 3866 Sciendum
1869 3826 2084 3882 quoque
2120 3821 2208 3869 est

606 3900 862 3970 quoniam
888 3899 1146 3966 essentia,
1179 3915 1340 3972 quam
1367 3900 1543 3956 Graeci
1573 3901 1746 3957 usiam
1777 3901 1985 3968 dicunt,
2020 3911 2075 3958 et
2104 3903 2208 3976 hy-

604 3993 860 4062 postasis,
891 4007 1011 4064 quae
1033 3992 1332 4048 substantia
1367 3993 1775 4064 interpretatur,
1819 4001 1874 4048 et
1913 4004 2107 4049 natura
2147 4003 2205 4052 et

605 4084 859 4141 divinitas
883 4094 938 4140 et
963 4084 1135 4141 deitas
1164 4083 1304 4153 apud
1347 4083 1572 4140 Latinos
1611 4099 1777 4140 unum
1826 4084 2077 4156 idemque
2118 4097 2204 4145 est

603 4177 658 4231 in
702 4186 886 4232 sancta
931 4185 986 4232 et
1033 4175 1379 4247 inseparabili
1422 4175 1706 4242 Trinitate,
1762 4177 1901 4232 sicut
1948 4173 2201 4232 catholici

604 4267 855 4322 doctores
878 4268 1189 4324 ostendunt.
1219 4267 1312 4322 Ait
1336 4266 1481 4322 enim
1513 4265 1845 4338 Theophilus
1873 4266 2201 4322 Alexandri-

602 4374 708 4415 nus
740 4359 1022 4429 episcopus
1055 4359 1109 4412 in
1136 4357 1362 4429 epistola
1384 4357 1625 4428 paschali
1665 4359 1838 4428 (epist.
1864 4359 1916 4425 l,
1940 4358 1994 4412 in
2018 4359 2144 4429 ﬁne)
2179 4375 2196 4414 :

610 4468 629 4502 s
663 4450 797 4504 Cum
824 4451 909 4505 his
943 4451 1035 4520 qui
1076 4449 1362 4506 Trinitatis
1385 4465 1544 4504 unam
1577 4449 1904 4508 conﬁtentur
1936 4451 2190 4506 divinita-

607 4551 712 4595 tem
755 4541 809 4595 in
837 4541 992 4597 caelis
1019 4541 1241 4611 praemia
1268 4541 1610 4613 recipiamus.
1641 4560 1661 4594 ι
1695 4541 1764 4597 Ει
1812 4541 1941 4596 item
1989 4541 2043 4596 in
2083 4543 2189 4598 alia

603 4631 824 4703 epistola
845 4631 1084 4703 pascnali
1111 4631 1282 4704 (epist.
1313 4634 1369 4699 9,
1392 4635 1447 4687 in
1472 4633 1600 4704 ﬁne)
1629 4649 1645 4688 :
1670 4651 1690 4684 ι
1721 4631 1902 4689 Pietas
1940 4633 1994 4688 in
2019 4633 2188 4689 Deum

606 4733 717 4780 toto
745 4725 923 4780 cordis
953 4725 1145 4781 timore
1168 4733 1436 4792 servetur,
1481 4734 1933 4798 exsecrantesque
1964 4725 2185 4782 deorum

602 4833 907 4883 numerum,
941 4816 1120 4872 Patris
1163 4824 1218 4872 et
1261 4816 1384 4873 Filii
1427 4825 1482 4872 et
1522 4817 1756 4888 Spiritus
1806 4817 1978 4872 sancti
2023 4832 2184 4872 unam

601 4906 958 4962 conﬁteamur
987 4906 1441 4978 indiscretamque
1466 4907 1844 4974 substantiam,
1889 4907 1943 4962 in
1981 4921 2084 4977 qua
2128 4915 2183 4962 et

598 4999 855 5070 baptizati
883 5000 1050 5053 vitam
1091 5007 1349 5054 aeternam
1395 4997 1754 5068 suscepimus,
1787 5005 1843 5051 et
1876 4997 1922 5051 si
1959 4997 2052 5052 Dei
2085 4995 2184 5050 tri-

599 5093 779 5148 buerit
826 5091 1134 5157 clementia,
1177 5107 1298 5146 cum
1343 5089 1546 5161 angelis
1587 5091 1918 5146 merebimur
1947 5089 2188 5146 Domini-

600 5199 720 5238 cum
765 5181 1289 5254 pascha'celebrare.
1326 5202 1346 5235 ι
1382 5181 1449 5236 Ει
1479 5183 1605 5236 item
1654 5181 1706 5236 in
1750 5182 1906 5236 tertia
1944 5178 2185 5251 paschali

600 5276 824 5346 epiStola
854 5275 1024 5347 (epist.
1052 5275 1105 5338 5,
1139 5275 1233 5329 sub
1259 5274 1439 5346 ﬁnem)
1472 5289 1487 5327 :
1524 5293 1541 5325 ι
1569 5273 1944 5329 Possessiones
1961 5275 2185 5330 castita-

601 5369 671 5426 tis
699 5378 752 5423 et
776 5369 1185 5424 sanctimoniam
1220 5368 1578 5437 requiramus,
1605 5365 1893 5420 adorantes
1917 5364 2094 5422 Patris
2127 5375 2182 5422 et

601 5463 720 5519 Filii
766 5471 821 5518 ει
877 5459 1112 5532 Spiritus
1155 5460 1328 5515 sancti
1371 5459 1730 5514 divinitatem.
1787 5477 1806 5510 ι
1853 5458 1921 5512 Ει
1959 5467 2180 5515 sanctus

525 5575 528 5578 ’
602 5555 924 5611 Εωιεειίηιιε
953 5569 1091 5627 papa
1131 5555 1182 5609 in
1221 5553 1445 5624 epistola
1478 5551 1546 5607 ad
1581 5550 1874 5607 orientales
1901 5550 2181 5621 episcopos

605 5643 774 5714 (epist.
817 5643 849 5698 6
879 5645 948 5698 ad
982 5645 1139 5699 Joan.
1187 5644 1453 5715 Antioch.)
1485 5658 1499 5697 :
1535 5661 1554 5693 ι
1589 5640 1930 5714 Optaremus,
1981 5643 2177 5713 inquit,

601 5736 842 5817 quidem,
865 5735 1005 5794 sicut
1029 5745 1113 5802 est
1131 5751 1237 5792 una
1267 5735 1484 5797 deitatis
1510 5735 1766 5804 essentia,
1798 5735 1872 5790 ita
1896 5734 2037 5792 inter
2059 5749 2178 5791 om-

2312 1893 2482 1964 ﬁgura
2505 1891 2737 1947 summa:
2763 1887 3048 1944 Trinitatis
3094 1894 3204 1943 tres
3243 1883 3458 1954 angelos
3476 1881 3682 1954 hospitio
3704 1893 3807 1937 tece-

2311 1984 2390 2056 pit
2417 2001 2429 2037 :
2464 1982 2660 2053 quibus
2690 1978 2932 2050 profecto
2959 1975 3247 2047 susceptis,
3277 1975 3358 2031 sic
3389 1973 3551 2028 tribus
3578 1969 3707 2043 quasi
3742 1968 3806 2023 uni

2312 2078 2524 2134 locutus
2549 2084 2650 2141 est,
2674 2073 2800 2145 quia
2825 2083 2880 2129 et
2900 2072 2946 2127 si
2978 2071 3035 2126 in
3061 2069 3311 2141 personis
3335 2083 3577 2125 numerus
3596 2062 3810 2123 Trinitatis

2311 2179 2411 2235 est,
2462 2170 2517 2224 in
2559 2176 2748 2223 natura
2793 2166 2977 2222 unitas
3013 2162 3333 2220 divinitatis.
3370 2180 3389 2215 ι
3416 2160 3482 2216 Ει
3520 2159 3568 2215 in
3613 2156 3807 2228 vigesima

2309 2269 2502 2334 quarta
2529 2279 2542 2314 :
2567 2279 2586 2311 ‹
2614 2259 2707 2315 llle
2733 2259 2786 2314 in
2809 2257 2914 2314 hoc
2931 2256 3122 2328 spiritu
3143 2254 3506 2334 operationem
3529 2243 3807 2323 percipit,qui

2310 2351 2473 2408 ﬁdem
2497 2349 2781 2406 Trinitatis
2792 2346 3058 2420 agnoscit,
3090 2355 3150 2400 ut
3171 2355 3227 2402 et
3252 2345 3484 2408 Patrem,
3511 2349 3561 2398 et
3579 2339 3750 2405 Filium,
3771 2345 3807 2392 et

2311 2441 2572 2512 Spiritum
2605 2447 2849 2515 sanctum
2895 2437 3055 2492 unius
3091 2435 3312 2492 virtutis
3339 2433 3534 2497 credat,
3568 2429 3698 2484 unius
3719 2425 3807 2482 sub-

2309 2533 2525 2588 stantia:
2563 2545 2687 2586 esse
2729 2528 2984 2584 fateatur.
3015 2547 3035 2582 ι
3069 2526 3137 2582 Et
3177 2533 3303 2597 post
3348 2523 3636 2594 aliquanta:
3664 2536 3680 2570 ι
3709 2515 3805 2571 Vera

2308 2633 2494 2680 nostra
2523 2622 2738 2693 requies
2769 2628 2896 2676 tunc
2921 2628 3025 2686 εει,
3068 2633 3189 2674 ειιιιι
3219 2617 3394 2689 ipsam
3431 2612 3538 2684 jam
3578 2609 3806 2668 claritatem

2307 2714 2594 2772 Trinitatis
2636 2713 3003 2784 agnoscimus,
3026 2726 3190 2782 quam
3241 2709 3296 2764 in
3353 2706 3550 2763 unitate
3583 2697 3807 2760 divinitatis

2307 2824 2428 2868 esse
2454 2816 2663 2865 certum
2700 2815 2968 2862 tenemus.
2999 2824 3020 2858 ι
3054 2804 3124 2860 Ει
3153 2803 3209 2858 in
3253 2801 3468 2859 homilia
3498 2797 3678 2854 decima
3699 2800 3805 2854 sexta

2307 2883 2645 2958 Ezechielis:
2667 2918 2687 2952 ‹
2705 2897 2845 2971 Ipsa,
2866 2897 3066 2969 inquit,
3086 2895 3225 2951 ﬁdes
3249 2904 3411 2966 atque
3433 2892 3592 2963 ipsum
3619 2884 3805 2942 meritum

2307 2996 2481 3054 tenuit
2501 2995 2664 3051 corda
2693 2990 3138 3066 praecedentium,
3183 3001 3306 3058 quae
3347 2984 3562 3056 replevit
3593 2977 3726 3038 corda
3744 2989 3806 3031 sc-

2306 3087 2586 3160 quentium
2626 3086 2726 3142 sub
2771 3084 3122 3141 Testamento
3147 3078 3302 3137 Novo
3327 3078 3627 3150 positorum,
3648 3071 3807 3160 sicntet

2304 3156 2403 3253 per
2428 3179 2654 3236 Paulum
2684 3177 2917 3235 dicitur:
2947 3174 3214 3230 Habentes
3249 3182 3423 3229 autem
3463 3166 3672 3225 eumdem

2303 3251 2417 3329 tum
2439 3273 2588 3343 ﬁdei,
2607 3272 2742 3328 sicut
2766 3271 3018 3341 scriptum
3046 3276 3156 3324 est:
3180 3265 3398 3323 Credidi
3428 3271 3619 3336 propter
3631 3254 3738 3329 quod
3754 3251 3806 3304 Ιο-

2303 3374 2454 3420 cutus
2479 3379 2618 3428 sum,
2647 3372 2695 3417 et
2719 3378 2812 3417 nos
2833 3360 3094 3415 credimus
3131 3367 3348 3429 propter
3371 3353 3506 3428 quod
3536 3360 3580 3408 et
3611 3345 3808 3418 loqui”?

2305 3456 2356 3530 (1
2360 3456 2392 3514 Ι
2407 3457 2531 3512 Cor.
2547 3455 2644 3527 tv).
2661 3453 2946 3525 Spiritales
2959 3449 3247 3524 quippeilli
3261 3449 3450 3506 Patres
3469 3444 3807 3513 omnipotentem

2305 3547 2476 3605 Deum
2524 3547 2849 3602 Trinitatem
2879 3545 2957 3601 ita
2995 3558 3116 3600 esse
3163 3541 3527 3604 crediderunt,
3555 3536 3674 3592 sicut
3702 3540 3809 3586 eaut-

2306 3642 2428 3698 dem
2479 3639 2800 3695 Trinitatem
2846 3637 2973 3694 novi
3038 3635 3231 3691 Patres
3283 3640 3465 3705 aperte
3517 3627 3658 3686 locuti
3703 3626 3806 3677 sunt.

2304 3733 2473 3788 Isaias
2497 3745 2730 3801 namque
2755 3729 2965 3786 audivit
3007 3728 3256 3798 angelica
3286 3725 3499 3801 agmina
3529 3723 3579 3778 in
3603 3716 3713 3775 εωιο
3729 3710 3808 3768 cla-

2306 3824 2509 3881 mantia
2546 3842 2560 3878 :
2604 3821 2849 3888 Sanctus,
2898 3830 3131 3887 sanctus,
3182 3831 3399 3876 sanctus
3443 3814 3672 3873 Dominus
3709 3803 3808 3861 Dm

2305 3915 2524 3971 sabaoth
2565 3913 2700 3986 (Isa.
2740 3929 2819 3979 vt,
2861 3912 2938 3986 3).
2981 3910 3053 3968 Ut
3080 3910 3229 3966 enim
3269 3918 3606 3981 personarum
3650 3893 3808 3954 trinitas

2303 4014 2723 4071 monstraretur,
2751 4003 2913 4060 tertio
2933 4010 3152 4058 sanctus
3175 4001 3378 4058 dicitur
3400 4016 3414 4053 :
3439 3997 3527 4054 sed
3549 4004 3602 4049 ut
3621 4003 3704 4045 una
3724 3994 3809 4040 esse

2304 4097 2602 4156 substantia
2634 4095 2916 4151 Trinitatis
2941 4100 3222 4165 appareat,
3256 4107 3365 4148 non
3394 4084 3593 4145 Domini
3619 4073 3806 4165 sabaolh.

2304 4193 2399 4250 sed
2443 4191 2702 4247 Dominus
2723 4187 2949 4245 sabaoth
2976 4163 3102 4244 esse
3137 4186 3470 4257 perhibetur.
3513 4175 3646 4247 Quod
3688 4163 3806 4226 David

2303 4296 2518 4356 quoque
2557 4280 2810 4336 similiter
2851 4277 3094 4335 sentiens
3125 4277 3244 4332 ait:
3273 4274 3547 4330 Benedicat
3583 4261 3803 4358 nos

2303 4350 2448 4432 Deus
2471 4385 2667 4441 noster,
2695 4373 2964 4430 benedicat
2997 4387 3090 4427 nos
3120 4369 3266 4426 Deus
3297 4364 3468 4442 (Psal.
3500 4375 3627 4423 nrt,
3651 4354 3711 4427 8).
3734 4350 3805 4417 Qui

2300 4482 2424 4522 cum
2448 4467 2607 4521 tertio
2631 4457 2860 4520 dixisset
2880 4462 3076 4528 Deum,
3104 4467 3166 4515 ut
3205 4473 3375 4515 unum
3397 4457 3535 4512 hunc
3557 4449 3805 4506 εεεεοειω·

2294 4559 2470 4625 deret,
2519 4555 2777 4620 subdidit,
2820 4563 2867 4609 et
2905 4559 3138 4608 metuant
3176 4565 3299 4605 eum
3338 4561 3508 4602 omnes
3537 4541 3654 4612 ﬁnes
3677 4541 3800 4588 ωπϐο

2294 4649 2492 4705 Paulus
2523 4661 2739 4719 quoque
2768 4645 3008 4716 loquitur
3033 4643 3220 4699 dicens
3249 4659 3263 4696 :
3292 4639 3547 4706 Quoniam
3569 4626 3804 4719 eximat“

2290 4757 2383 4811 per
2407 4708 2601 4811 ipsum,
2638 4708 2685 4792 et
2733 4738 2792 4791 in
2829 4708 2944 4805 ipso
2974 4741 3097 4788 sunt
3125 4733 3306 4787 omnia
3331 4727 3506 4802 (Rom.
3539 4737 3610 4786 ιι,
3634 4716 3724 4785 56).

2290 4833 2430 4904 ipso,
2459 4832 2709 4888 videlicet
2740 4846 2809 4886 ex
2837 4829 3024 4894 Patre,
3053 4843 3154 4898 per
3194 4827 3393 4896 ipsum,
3424 4837 3517 4893 per
3551 4815 3732 4904 Filium.
3763 4815 3802 4858 tn

2288 4903 2408 4993 ipso
2446 4931 2649 4989 autem,
2688 4922 2744 4977 in
2784 4919 2993 4992 Spiritu
3046 4926 3258 4975 sancto.
3305 4915 3472 4984 Quem
3519 4922 3636 4980 ergo
3673 4903 3801 4993 ipsntll

2294 4987 2417 5070 cum
2462 4987 2915 5078 tertio-dixisset,
2963 5010 3209 5081 adjunxit
3247 5008 3348 5081 ipsi
3382 5005 3544 5078 gloria
3579 5004 3627 5055 ιη
3655 4987 3802 5089 sua?

2290 5104 2626 5160 saeculorum.
2652 5105 2834 5159 Amen.
2863 5103 2965 5171 Qui
2987 5103 3132 5158 enim
3161 5115 3267 5156 non
3299 5098 3428 5154 dicit
3453 5095 3596 5166 ipsis,
3615 5085 3691 5145 sed
3710 5083 3800 5171 ipsi.

2289 5193 2520 5249 dicendo
2543 5203 2624 5248 ter
2651 5192 2826 5263 ipsum
2854 5165 3106 5247 distinxit
3124 5202 3405 5262 personas,
3423 5165 3481 5241 et
3499 5165 3800 5248 subiungendo

2291 5287 2390 5355 ipsi
2437 5285 2606 5356 gloria
2658 5300 2764 5341 non
2815 5283 2999 5340 divisit
3046 5280 3427 5339 substantiam.
3467 5296 3486 5329 ι
3531 5273 3594 5330 Et
3634 5269 3800 5325 sane!“

2289 5383 2522 5454 Prosper
2547 5385 2600 5438 in
2630 5382 2766 5438 libro
2791 5381 3250 5453 Epigrammatum
3277 5374 3409 5432 dicit
3435 5391 3448 5427 :

2379 5495 2698 5567 anipotcns
2723 5492 2927 5567 Genitor
2940 5490 3197 5567 ﬂatusque
3217 5485 3504 5567 ftlSpirilul
3522 5477 3673 5536 ιιωυίι

2381 5557 2487 5608 Una
2511 5552 2560 5607 i'u
2589 5567 2811 5618 personis
2832 5566 2916 5618 par
2938 5554 3095 5604 tribus
3111 5552 3188 5604 est
3207 5552 3383 5602 denas.

2287 5662 2356 5718 Et
2385 5661 2512 5716 item
2542 5679 2557 5718 :

2384 5755 2491 5808 Una
2513 5755 2656 5806 trium
2679 5753 2838 5807 deitas
2859 5764 2958 5806 una
2979 5758 3059 5804 est
3079 5747 3294 5802 essentia
