3998 6336
619 247 725 317 υἱ

1595 246 1933 313 HINC-“AR!
1971 246 2369 311 RHEMENSIS
2403 252 2930 317 ARCHIEPISCON

3712 277 3792 343 ιιι

622 354 657 467 ii
696 374 755 418 se
790 359 1223 467 subscriptorum
1249 369 1573 467 posuerunt
1585 362 1928 421 decernendo
1962 362 2204 420 dicentes
2228 367 2277 430 Α
2307 367 2526 437 penitus
2564 383 2670 425 non
2699 369 2970 439 admittit,
2999 371 3081 430 uti
3108 383 3310 432 uomet
3343 377 3652 442 diﬁ'erentiatn
3670 389 3790 467 ιω

620 450 851 523 (synodi
878 468 911 508 v
948 463 1052 507 act.
1094 452 1148 520 8,
1194 471 1310 525 cap.
1342 454 1404 525 ι)
1435 471 1450 509 :
1484 473 1504 506 ι
1539 453 1595 511 Si
1621 454 1744 526 quis
1785 469 1895 511 non
1915 454 2202 513 confitetur

612 545 781 622 429
797 544 976 603 Patris
995 553 1051 601 et
1068 545 1190 601 Filii
1215 554 1271 603 et
1295 546 1532 618 Spiritus
1558 547 1733 603 sancti
1763 562 1926 603 unam
1950 555 2201 602 naturam

613 639 732 699 sive
763 638 1146 703 substantiam,
1179 647 1235 696 et
1262 655 1427 696 unam
1459 640 1717 697 virtutem
1756 648 1811 695 ct
1853 647 2197 711 potestatem,

610 728 934 789 Trinitatem
958 732 1482 790 consubstantialem
1501 775 1517 801 ,
1547 750 1713 791 unam
1742 734 1997 790 deitatem
2022 735 2077 789 in
2104 735 2200 790 tri-

606 824 711 883 bus
739 823 1109 885 subsistentiis
1130 824 1245 881 sive
1271 827 1521 897 personis
1546 827 1899 893 adorandam,
1927 827 2051 883 talis
2070 842 2200 883 ana-

607 916 790 977 thema
821 917 913 975 sit.
947 916 1095 975 Unus
1123 918 1270 975 enim
1294 918 1437 975 Deus
1461 927 1546 975 est
1573 919 1737 975 Pater
1766 934 1833 974 ex
1859 934 1966 990 quo
1991 920 2195 986 omnia,

605 1018 663 1067 et
686 1078 689 1083 ί
712 1026 851 1071 unus
896 1010 1163 1071 Dominus
1193 1009 1352 1068 Iesus
1386 1011 1641 1067 Christus
1667 1028 1764 1083 per
1792 1026 1954 1085 quem
1990 1011 2193 1077 omnia,

605 1110 662 1159 et
688 1118 828 1165 unus
860 1103 1095 1175 Spiritus
1134 1113 1355 1163 sanctus
1384 1105 1438 1159 in
1466 1120 1575 1173 quo
1600 1104 1805 1158 omnia.
1837 1124 1855 1157 ι
1893 1104 1961 1161 Et
2001 1103 2052 1157 in
2082 1104 2196 1174 cpi-

609 1194 749 1261 stola
793 1196 966 1259 sancti
1011 1194 1302 1266 Soplironii
1342 1195 1817 1268 llierosolymitaui
1846 1195 2082 1266 episcopi
2125 1194 2195 1251 ad

606 1281 857 1357 Sergium
888 1284 1543 1356 Constantinpolitanum
1589 1285 1934 1356 episcopum,
1966 1301 1995 1340 a
2039 1294 2192 1341 sexta

614 1378 819 1449 synodo
846 1377 1052 1449 (synodi
1094 1393 1143 1433 vi
1168 1387 1270 1435 act.
1300 1378 1389 1449 ll)
1416 1377 1808 1448 receptissima,
1835 1378 1907 1435 ita
1928 1376 2193 1451 scriptum

602 1479 731 1528 est:
768 1488 788 1523 ι
823 1470 1145 1533 Trinitatem
1197 1470 1382 1541 itaque
1433 1471 1486 1527 in
1534 1469 1743 1525 unitate
1793 1467 2093 1535 credimus,
2137 1476 2193 1525 et

605 1564 868 1621 unitatem
906 1562 959 1621 in
993 1562 1259 1621 Trinitatc
1292 1562 1679 1634 gloriﬁcamus.
1713 1560 2036 1619 Trinitatem
2064 1561 2190 1633 qui-

602 1657 723 1717 dem
751 1672 847 1728 pro
871 1657 1042 1713 tribus
1065 1656 1449 1722 subsistentiis,
1477 1657 1737 1712 unitatem
1761 1665 1941 1713 autem
1966 1666 2189 1728 propter

599 1747 1030 1825 singularitatem
1060 1747 1298 1805 deitatis.
1320 1746 1487 1805 Sicut
1527 1748 1692 1820 igitur
1733 1756 1919 1805 sancta
1949 1748 2188 1804 Trinitas

599 1840 951 1899 numerabilis
976 1839 1351 1910 personalibus
1373 1847 1455 1895 est
1480 1840 1864 1904 subsistentiis,
1897 1839 1977 1896 sic
1999 1848 2188 1895 sancta

597 1931 782 1987 inritas
808 1939 962 1986 extra
993 1945 1209 1985 omnem
1235 1939 1320 1986 est
1361 1945 1689 1985 numerurm:
1725 1939 1779 1984 et
1810 1931 1925 1985 haec
1967 1930 2187 2002 quidem

599 2020 980 2076 indivisihilem
1010 2020 1171 2074 habet
1205 2020 1527 2076 divisionem
1551 2062 1567 2087 ,
1599 2030 1655 2076 et
1682 2019 2019 2076 iuconfusam
2048 2020 2189 2094 gerit

597 2111 1062 2189 conjunctionem.
1092 2110 1226 2166 Cum
1256 2110 1515 2167 dividitur
1556 2126 1789 2183 namque
1831 2109 2186 2167 numerabili-

599 2201 705 2259 hus
736 2201 1119 2267 subsistentiis,
1164 2209 1219 2256 et
1263 2210 1581 2256 numeratur
1616 2201 1995 2272 personalibus
2020 2200 2185 2256 alter-

595 2292 888 2358 nitatibus,
916 2292 1200 2347 identitate
1226 2293 1478 2347 essentia:
1507 2301 1671 2363 atque
1717 2301 1926 2348 natura:
1963 2293 2188 2362 conjun-

595 2389 760 2459 gitur,
789 2398 840 2444 et
862 2387 1229 2443 omnimodam
1252 2388 1602 2461 partitionem
1627 2404 1734 2443 non
1760 2388 1970 2458 recipit.
1996 2386 2189 2445 Unitas

594 2480 739 2534 enim
790 2478 1081 2551 singularis
1129 2488 1183 2534 et
1238 2479 1675 2551 incomputabilis
1725 2496 1941 2536 omnem
1990 2481 2188 2553 refugit

594 2571 894 2627 secundum
944 2571 1238 2627 essentiam
1277 2586 1581 2628 numerum.
1632 2571 1783 2628 Unus
1809 2573 1951 2629 enim
1985 2573 2126 2629 Deus
2155 2591 2185 2628 a

601 2667 758 2721 nobis
801 2666 1017 2722 enixius
1059 2668 1325 2734 creditur,
1356 2669 1613 2741 quoniam
1644 2680 1698 2725 et
1729 2668 1901 2725 deitas
1944 2686 2049 2725 una
2092 2669 2188 2724 fla-

593 2770 819 2833 granter
856 2761 1205 2833 praedicatur,
1255 2761 1379 2818 licet
1428 2762 1481 2821 in
1530 2762 1800 2818 Trinitate
1831 2778 2186 2835 personarum

593 2864 921 2926 agnoscatur
956 2873 969 2910 :
1002 2865 1057 2911 et
1086 2872 1226 2910 unus
1275 2855 1537 2913 Dominus
1583 2872 1615 2912 a
1655 2857 1811 2913 nobis
1852 2858 2184 2922 enuntiatur,

592 2945 849 3015 quoniam
887 2953 942 3001 et
981 2946 1275 3001 dominatio
1302 2963 1408 3003 una
1442 2947 1671 3003 ﬁrmiter
1696 2949 2030 3020 agnoscitur,
2062 2948 2186 3004 licet

592 3038 647 3093 in
666 3038 839 3095 tribus
858 3037 1225 3095 subsistentiis
1244 3038 1663 3097 demouswetur.
1680 3037 1866 3108 Neque
1887 3054 2048 3094 secun
2073 3043 2183 3095 lum

596 3132 739 3203 quod
769 3146 908 3187 unus
933 3140 1016 3187 est
1041 3130 1214 3194 Deus,
1246 3139 1300 3186 et
1328 3146 1435 3186 una
1463 3140 1547 3187 est
1573 3131 1767 3198 deitas,
1796 3139 1879 3187 est
1898 3130 2183 3187 divis-ibitis

594 3234 651 3280 et
675 3226 729 3281 in
756 3234 871 3285 tres
896 3225 1036 3285 Deos
1063 3224 1347 3296 partibilis,
1379 3223 1462 3280 vel
1494 3226 1546 3281 in
1576 3232 1687 3280 tres
1728 3223 1958 3279 deitates
1986 3224 2183 3294 produ-

590 3319 839 3376 cendus:
874 3334 1050 3390 neque
1090 3318 1385 3374 secundum
1433 3318 1577 3388 quod
1620 3333 1760 3373 unus
1786 3326 1870 3373 est
1898 3317 2181 3383 Dominus,

593 3410 803 3466 distans
832 3419 935 3474 est,
968 3418 1023 3467 ct
1051 3411 1101 3465 in
1139 3416 1249 3464 tres
1291 3408 1540 3463 dominos
1575 3406 1963 3478 expandendus
1986 3418 2091 3472 est,
2119 3421 2211 3484 ac-

596 3501 651 3555 in
679 3513 793 3559 tres.
818 3498 1217 3557 dominationes
1244 3497 1552 3554 dilatandus
1574 3505 1675 3552 est.
1713 3495 2034 3551 Arianorum
2068 3495 2183 3549 haec

591 3600 677 3648 est
715 3592 1003 3662 impietas,
1025 3606 1144 3667 qum
1173 3592 1228 3646 in
1260 3589 1556 3667 inaequales
1591 3589 1721 3645 deos
1750 3605 1916 3644 unum
1946 3585 2182 3643 concidit

590 3683 789 3749 Deum,
813 3691 868 3741 et
898 3683 951 3739 in
979 3682 1272 3741 dissimiles
1311 3682 1543 3738 deitates
1592 3696 1755 3735 uuam
1802 3679 2035 3751 partitur
2062 3679 2177 3733 dei-

590 3783 800 3841 tatem,
847 3783 902 3831 et
954 3774 1010 3831 in
1057 3774 1383 3847 alterigenas
1419 3784 1532 3830 tres
1574 3772 1969 3829 dominationes
2018 3786 2180 3827 unam

588 3867 868 3937 distinguit
913 3866 1354 3927 dominationem.
1388 3886 1406 3917 ι
1437 3866 1504 3923 Et
1544 3866 1672 3921 item
1708 3882 1720 3916 :
1761 3885 1778 3914 ι
1816 3863 2181 3939 Quemadmo-

588 3961 716 4017 dum
747 3961 914 4033 igitur
938 3977 1105 4018 unum
1132 3960 1303 4017 Deum
1334 3960 1625 4017 didicimus
1656 3974 1870 4029 sapere,
1914 3958 1987 4013 ita
2016 3972 2181 4015 unam

587 4055 844 4111 deitatem
872 4055 1123 4115 conﬁteri
1164 4055 1549 4127 percepimus:
1579 4062 1635 4110 et
1666 4054 1807 4109 sicut
1855 4064 1963 4108 tres
2002 4053 2179 4107 subsi-

586 4149 814 4205 stentias
859 4164 1089 4205 exorare
1139 4147 1427 4203 didicimus
1452 4188 1466 4213 ,
1504 4146 1577 4201 ita
1626 4154 1681 4201 et
1724 4155 1835 4201 tres
1875 4144 2179 4216 gloriﬁcare

585 4253 847 4308 personas
885 4238 1223 4297 instruimur.
1259 4236 1374 4293 Non
1403 4236 1569 4293 alium
1597 4252 1763 4291 unum
1789 4235 1956 4292 Deum
1983 4245 2181 4308 praeter

567 4338 699 4385 λιι-εδ
743 4339 1135 4401 cognoscentes
1176 4343 1458 4400 personas,
1489 4342 1666 4399 neque
1688 4336 1888 4401 praeter
1916 4335 2026 4385 tres
2056 4343 2179 4398 per-

587 4438 750 4489 sonas
774 4421 1263 4481 consubstantiales
1294 4421 1595 4488 Trinitatis,
1623 4438 1745 4494 quae
1777 4431 1902 4478 sunt
1934 4422 2097 4477 Pater
2122 4431 2179 4477 et

584 4514 754 4571 Filius
781 4524 835 4570 et
863 4514 1100 4589 Spiritus
1125 4522 1367 4580 sanctus,
1383 4513 1584 4570 alteras
1607 4523 1804 4585 praeter
1826 4530 1990 4569 unum
2004 4514 2173 4571 Deum

585 4604 950 4675 agnoscimus.
986 4603 1051 4663 Et
1083 4603 1285 4663 idcirco
1310 4619 1473 4663 unum
1513 4604 1630 4660 haec
1661 4604 1763 4659 tria
1789 4604 1845 4659 in
1872 4604 2068 4673 quibus
2091 4611 2176 4659 est

586 4696 759 4755 deitas
803 4693 1189 4773 praedicamus,
1216 4705 1273 4752 et
1298 4697 1397 4752 tria
1434 4712 1601 4753 unum
1630 4712 1861 4768 quorum
1888 4703 1974 4751 cst
2000 4696 2174 4752 deitas

589 4790 998 4856 annuntiamus,
1014 4791 1127 4847 sive
1148 4789 1291 4863 quod
1314 4800 1401 4848 est
1422 4791 1733 4846 accuratius
1750 4805 1814 4845 ac
1840 4789 2177 4849 manifestius

585 4883 766 4940 dicere
783 4923 797 4947 ,
827 4897 947 4953 qua:
971 4883 1113 4941 Deus
1139 4892 1223 4939 est
1262 4891 1427 4953 atque
1451 4882 1819 4957 cognoscitur.
1854 4881 1979 4947 Hoc,
1995 4883 2174 4955 ipsum

582 4976 779 5047 quippe
807 4983 863 5030 et
893 4990 1059 5033 unum
1089 4983 1204 5041 est,
1247 4984 1303 5029 et
1332 4975 1435 5029 tria
1471 4973 1732 5041 creditur,
1759 4981 1815 5030 et
1843 4973 1947 5028 tria
1976 4973 2172 5045 praedi-

583 5075 777 5135 catur,
823 5075 880 5127 et
917 5081 1085 5133 unum
1141 5066 1408 5129 veraciter
1447 5065 1800 5120 annuntiatur
1841 5083 1855 5119 :
1897 5072 1952 5121 et
1996 5079 2172 5135 neque

542 5225 553 5236 θ
583 5174 752 5217 unum
777 5167 1046 5230 quatenus
1071 5173 1239 5219 unum
1270 5167 1373 5223 est,
1404 5158 1504 5211 tria
1545 5157 1826 5229 recipitur,
1862 5173 2039 5229 neque
2070 5157 2172 5211 tria

580 5250 881 5309 secundum
905 5250 1051 5327 quod
1081 5250 1185 5311 tria
1215 5258 1360 5317 sunt,
1392 5266 1561 5305 unum
1586 5250 1903 5317 advertitur,
1927 5250 2069 5323 quod
2090 5258 2174 5306 est

580 5351 641 5402 et
664 5341 946 5410 mirabile,
975 5349 1033 5405 et
1052 5342 1200 5399 omni
1247 5350 1397 5398 certe
1432 5342 1653 5413 plenum
1683 5351 1903 5414 stupore
1926 5351 2026 5399 est.
2060 5341 2175 5399 Hoc

579 5432 760 5509 ipsum
785 5448 1020 5509 namque
1062 5442 1118 5490 et
1156 5433 1494 5491 numerabile
1520 5444 1622 5499 est,
1666 5443 1721 5489 et
1760 5433 1958 5503 refugit
1985 5449 2176 5491 nume-

583 5543 729 5585 rum.
770 5526 1115 5589 Numerabile
1151 5527 1369 5605 quidem
1417 5527 1594 5584 tribus
1634 5527 1746 5583 suis
1788 5527 2167 5595 subsistentiis,

581 5619 785 5693 refugit
828 5629 1009 5677 autem
1041 5634 1325 5677 numerum
1356 5618 1733 5692 singularitate
1764 5619 2003 5676 deitatis.
2042 5619 2172 5677 Uni-

586 5722 667 5771 με
713 5713 911 5787 quippe
955 5712 1073 5787 ejus
1124 5712 1373 5770 essentia:
1426 5722 1590 5784 atque
1641 5722 1847 5770 natura:
1896 5715 2170 5773 numerari

2303 458 2523 516 deitatis
2548 459 2878 528 introducat,
2908 472 2965 519 et
2986 479 3057 521 ex
3098 464 3202 522 hoc
3232 470 3468 528 essentia:
3489 485 3536 530 et
3555 458 3795 549 natum—c3

2304 550 2531 607 deorum
2560 552 2962 612 multitudinem
3001 572 3169 612 unum
3197 558 3501 633 principium
3534 566 3686 626 faciat.
3711 594 3725 627 ι
3748 578 3796 633 Et

2302 638 2471 733 item:
2499 660 2517 694 ι
2549 642 2700 699 Deus
2723 644 2941 714 quidem
2969 654 3054 703 est
3074 647 3253 713 Pater,
3275 650 3411 707 Deus
3428 669 3544 711 vero
3561 670 3633 715 est
3652 660 3794 733 Filius,

2300 732 2551 825 similiter
2589 744 2663 825 et,
2693 736 2835 792 Deus
2862 747 2947 794 est
2992 747 3047 794 et
3088 737 3321 809 Spiritus
3347 755 3577 814 sanctus,
3604 766 3659 807 eo
3691 732 3796 825 quod

2299 820 2530 881 indivise
2568 833 2625 879 et
2653 824 2973 883 indimiuute
2998 828 3203 889 eaedem
3235 838 3338 889 tres
3374 849 3594 904 persona:
3617 820 3796 903 unam-

2297 913 2549 986 pleantur
2595 916 2826 983 deitatc,
2858 927 2915 977 et
2954 919 3006 974 in
3056 936 3371 995 unaquaque
3409 942 3575 985 earum
3615 932 3798 995 funditus

2297 1013 2408 1061 tota
2437 1015 2537 1062 est.
2571 1005 2705 1062 Nam
2736 1008 2912 1065 deitas
2957 1008 3275 1067 divisionem
3319 1030 3419 1069 non
3456 1019 3678 1088 sustinet,
3699 1027 3797 1083 etin

2297 1094 2473 1150 tribus
2503 1094 2635 1166 ipsis
2659 1098 3177 1168 personisplenilice
3201 1111 3359 1173 atque
3380 1105 3595 1175 perfecte
3616 1120 3700 1179 est,
3720 1132 3797 1173 non

2295 1184 2628 1254 partibiliter
2652 1184 2767 1240 sive
2795 1202 2860 1241 ex
2893 1198 3048 1258 parte
3087 1191 3306 1246 easdem
3351 1193 3560 1265 impletis
3580 1213 3798 1271 personas,

2296 1277 2391 1331 sed
2432 1277 2484 1330 in
2515 1292 2838 1347 unaquaque
2883 1281 3121 1336 existens
3153 1296 3167 1335 :
3199 1282 3499 1351 plenissima
3526 1297 3575 1343 et
3607 1306 3689 1344 una
3710 1308 3798 1364 per-

2293 1385 2545 1436 manens,
2577 1370 2705 1425 licet
2751 1370 2804 1425 in
2850 1370 3023 1427 tribus
3070 1376 3315 1445 personis
3358 1386 3796 1449 moustrelur,etad

2294 1460 2521 1516 deorum
2550 1461 2951 1517 multitudinem
2983 1479 3089 1518 non
3119 1479 3432 1532 excurrens,
3467 1468 3579 1524 licet
3602 1470 3647 1524 in
3672 1472 3798 1531 tribus

2293 1552 2364 1629 sit
2397 1552 2781 1618 subsistentiis,
2808 1563 2867 1608 ut
2901 1569 3008 1610 non
3037 1556 3369 1627 corporalem
3400 1564 3658 1624 quamdam
3677 1566 3795 1619 susti-

2292 1653 2421 1701 neat
2439 1645 2764 1712 sectionem,
2781 1662 2901 1717 quae
2917 1657 3064 1704 certe
3085 1660 3170 1705 est
3185 1650 3538 1724 impassibilis,
3554 1666 3601 1711 et
3613 1659 3795 1730 incorpo-

2216 1734 2265 1803 B
2292 1751 2410 1803 rea,
2437 1745 2491 1794 et
2517 1738 2634 1810 pari
2660 1739 2911 1797 nesciens
2936 1756 3056 1811 qua:
3081 1753 3347 1800 creatura:
3365 1756 3485 1802 sunt
3507 1751 3704 1819 propria.
3735 1771 3751 1805 ι

2363 1831 2441 1886 De
2490 1833 2594 1889 hac
2641 1835 2869 1905 epistola
2920 1846 3132 1893 sextum
3182 1850 3427 1896 sanctum
3477 1845 3720 1902 concilium
3759 1848 3797 1904 in

2290 1922 2505 1980 actione
2547 1925 2754 1981 decima
2801 1931 2958 1983 tertia
2997 1929 3129 1985 dicit
3161 1949 3176 1989 :
3219 1950 3238 1984 ι
3277 1931 3707 2005 Pertractavimus,
3737 1938 3796 1995 in-

2291 2015 2516 2086 quiens,
2548 2026 2604 2072 et
2628 2007 2886 2090 synodica
2929 2022 3260 2079 venerabilis
3300 2026 3561 2082 memoriae
3592 2031 3796 2099 quondam

2289 2106 2680 2179 archiepiscopi
2717 2119 2920 2166 sanetae
2948 2111 3041 2167 Dei
3073 2112 3562 2187 Hierosolymorum
3603 2118 3795 2187 civitatis,

2292 2207 2350 2254 et
2378 2199 2494 2255 haec
2521 2202 2855 2271 reperientes
2884 2218 3009 2258 cum
3036 2219 3162 2260 vera
3191 2205 3298 2265 ﬁde
3322 2208 3682 2276 convenientia,
3705 2225 3796 2280 apo-

2294 2290 2612 2364 stolicisque
2662 2303 2974 2349 sanctorum
3028 2304 3192 2366 atque
3242 2298 3590 2379 probabilium
3632 2300 3796 2357 Palmm

2290 2383 2553 2463 doctrinis
2580 2386 2732 2457 paria
2752 2428 2767 2453 ,
2796 2396 2984 2458 utpote
3014 2405 3132 2459 qua:
3166 2401 3297 2447 sunt
3337 2393 3634 2460 orthodoxa,
3658 2395 3799 2466 recipi-

2289 2491 2429 2539 mus,
2459 2484 2513 2530 et
2542 2486 2602 2531 ut
2624 2477 2864 2536 salubria
2896 2493 3098 2538 sanctae
3147 2484 3428 2544 catholicae
3467 2497 3518 2544 et
3560 2487 3797 2560 apostolica:

2288 2567 2550 2625 Ecclesia!
2572 2572 2931 2653 suscepimus,
2960 2585 3012 2628 et
3041 2591 3240 2632 nomen
3263 2577 3379 2653 ejus
3405 2580 3557 2637 inseri
3581 2580 3627 2639 in
3650 2580 3798 2638 sanctis

2289 2659 2521 2731 dypticis
2548 2672 2858 2717 sanctarum
2886 2664 3253 2723 Ecclesiarum
3277 2667 3477 2739 justum
3507 2687 3613 2727 esse
3642 2671 3796 2743 judica-

2286 2750 2484 2806 vimus.
2527 2772 2546 2804 ι
2578 2751 2845 2811 Similiter
2883 2765 2939 2830 et
2975 2757 3026 2811 in
3054 2759 3292 2829 epistola
3316 2760 3597 2834 Agathonis
3618 2762 3796 2835 νεικειά

2281 2843 2554 2915 iuniorem
2581 2844 2999 2905 Constantinum
3020 2851 3404 2922 imperatorem
3433 2857 3621 2930 (synodi
3640 2872 3700 2922 vi,
3720 2865 3792 2909 act.

2286 2936 2343 3008 4)
2378 2938 2539 2992 missa
2569 2940 2830 3012 scriptum
2854 2952 2975 3001 est:
3009 2962 3027 2995 ι
3061 2943 3152 3012 Ut,
3179 2945 3383 3018 inquit,
3403 2959 3580 3005 vestra:
3603 2947 3799 3004 divinitus

2287 3027 2549 3084 instituta:
2587 3030 2780 3102 pietati
2810 3033 2938 3104 quid
2977 3036 3294 3107 apostolica:
3330 3051 3523 3095 nostra:
3550 3038 3656 3097 ﬁdei
3691 3038 3797 3108 vigor

2210 3100 2566 3179 C,contineat
2590 3100 2844 3178 breviter
2863 3100 3196 3194 intimemus,
3228 3144 3399 3199 quam
3429 3100 3801 3206 percepimusper

2284 3209 2635 3279 apostolicam
2683 3214 3215 3291 apoStolicorumque
3266 3219 3575 3295 pontiﬁcum
3625 3218 3802 3276 traditio-

2285 3317 2429 3367 ηοω,
2462 3312 2518 3358 el
2549 3318 2838 3362 sacrarum
2879 3307 3119 3378 quinque
3150 3313 3487 3383 generalium
3523 3313 3801 3386 synodorum,

2284 3408 2383 3462 per
2408 3409 2546 3464 quas
2576 3394 2928 3453 fundamenta
2963 3398 3243 3457 catholica:
3278 3404 3475 3459 Christi
3511 3404 3722 3459 Ecclesia:
3742 3400 3803 3456 fir-

2284 3495 2429 3540 mata
2462 3497 2625 3559 atque
2653 3489 2894 3545 stabilita
2926 3503 3074 3548 sunt.
3101 3492 3200 3550 Hic
3228 3496 3403 3570 igitur
3427 3507 3586 3555 status
3602 3505 3671 3554 est
3686 3510 3802 3554 evan-

2283 3577 2469 3649 gelicae
2520 3589 2682 3652 atque
2730 3583 3043 3655 apostolicae
3089 3597 3296 3644 nostra:
3339 3589 3459 3645 fidei
3509 3590 3802 3663 regttlarisqtte

2282 3672 2528 3759 traditio,
2569 3681 2627 3728 ut
2676 3675 3013 3733 conﬁdentes
3068 3693 3319 3736 sanctam
3371 3691 3426 3741 et
3466 3681 3802 3756 inseparabilem

2285 3761 2626 3830 Trinitatem,
2680 3764 2730 3820 id
2775 3778 2859 3823 est
2905 3766 3123 3825 Patrem
3169 3780 3224 3827 et
3275 3774 3468 3832 Filium
3514 3785 3563 3832 et
3603 3774 3802 3846 Spiritum

2286 3865 2559 3923 sanctum,
2594 3857 2755 3915 unius
2798 3877 2919 3919 esse
2974 3863 3216 3931 deitatis,
3247 3869 3410 3923 unius
3436 3877 3624 3923 naturae
3645 3864 3799 3924 etsuli-

2284 3950 2500 4004 stantia:
2547 3949 2661 4005 sive
2711 3952 2999 4033 essentiaz,
3050 3955 3209 4012 unius
3258 3972 3383 4014 eam
3425 3959 3733 4031 prmdiceinus
3764 3963 3802 4009 et

2283 4043 2547 4098 naturalis
2581 4043 2873 4100 voluntatis
2894 4087 2909 4114 ,
2943 4047 3190 4117 virtutis,
3237 4053 3583 4125 Operationis,
3620 4049 3802 4106 domina-

2285 4136 2468 4201 tionis,
2515 4137 2843 4215 majestatis,
2878 4141 3161 4210 potestatis
3192 4151 3247 4198 et
3279 4144 3479 4216 gloriae.
3506 4145 3569 4200 Et
3602 4136 3801 4215 quidquid

2282 4227 2349 4283 de
2376 4226 2566 4287 eadem
2598 4237 2785 4287 sancta
2818 4228 3085 4287 Trinitate
3117 4235 3485 4291 essentialiter
3506 4235 3691 4295 dicitur,
3724 4230 3801 4283 sin-

2281 4320 2455 4394 gulari
2482 4338 2710 4379 numero
2737 4330 2997 4394 tanquam
3022 4324 3089 4379 de
3116 4342 3223 4381 una
3245 4337 3442 4384 natura
3463 4327 3612 4384 trium
3630 4320 3800 4381 consub-

2282 4415 2595 4472 stantialem
2648 4432 3005 4489 personarum
3063 4422 3581 4491 comprehendamus
3623 4411 3800 4489 regulari

2202 4476 2496 4565 Ιλιτλιίοηε
2542 4476 2669 4565 hoe‘
2688 4509 2942 4569 instituti.
2983 4530 3002 4562 ι
3038 4509 3147 4567 Sed
3188 4476 3252 4568 et
3299 4513 3354 4569 in
3401 4511 3640 4586 synodica
3673 4476 3800 4580 ipsius

2281 4600 2584 4675 Agathonis
2627 4617 2779 4679 papae
2803 4644 2818 4668 ,
2868 4602 3191 4660 confirmata
3236 4604 3293 4661 in
3331 4604 3563 4662 Romana
3596 4600 3799 4675 synodo:

2283 4703 2499 4749 centum
2544 4694 2735 4765 viginti
2782 4695 3020 4764 quinque
3065 4684 3369 4768 episcopis,
3401 4706 3457 4753 et
3493 4710 3584 4768 per
3622 4687 3801 4749 vicarius

2283 4782 2400 4854 ejus
2438 4786 2505 4841 ad
2540 4795 2751 4842 sextam
2796 4790 3060 4863 synodum
3094 4791 3306 4863 (synodi
3334 4810 3385 4848 vi
3436 4802 3536 4847 act.
3563 4792 3612 4863 4)
3635 4793 3801 4844 centum

2279 4876 2666 4950 quinquaginta
2702 4880 3080 4953 episcoporum
3126 4882 3633 4958 ConstantinOpolim
3659 4878 3799 4937 missa.

2279 4970 2540 5044 scriptum
2575 4980 2660 5027 est
2689 4990 2701 5025 :
2741 4992 2761 5025 ‹
2802 4973 2932 5029 Sola
2958 4984 3065 5043 est,
3115 4977 3312 5048 inquit,
3345 4988 3525 5035 nostra
3559 4964 3800 5031 substantia

2283 5059 2418 5119 ﬁdes
2443 5073 2652 5131 nostra,
2679 5081 2799 5121 cum
2823 5081 2929 5138 qua
2966 5068 3121 5125 nobis
3155 5071 3341 5126 vivere
3380 5085 3581 5126 summa
3619 5070 3688 5120 est
3719 5056 3802 5131 glo-

2283 5154 2384 5222 ria,
2427 5171 2527 5227 pro
2568 5171 2673 5228 qua
2721 5159 2860 5213 mori
2913 5159 3122 5216 lucrum
3156 5171 3419 5219 aaternum
3465 5170 3561 5217 est.
3607 5157 3709 5212 Haec
3742 5156 3803 5205 es!

2280 5247 2521 5318 perfecta
2543 5258 2728 5305 nostra
2757 5251 3006 5318 scientia,
3030 5261 3090 5307 ut
3118 5255 3377 5312 terminos
3400 5250 3660 5311 catholica:
3678 5252 3802 5313 atque

2282 5338 2590 5411 apostolicae
2639 5339 2803 5408 ﬁdei,
2849 5356 2987 5413 quos
3032 5358 3204 5414 usque
3253 5345 3515 5401 hactenus
3564 5333 3800 5410 apostolica

2280 5433 2439 5490 sedes
2492 5431 2774 5489 nobiscum
2826 5440 2883 5488 et
2942 5442 3085 5491 tenet
3135 5443 3191 5491 et
3243 5435 3451 5500 tradit,
3503 5440 3605 5488 tota
3649 5420 3800 5482 mentis

2278 5525 2525 5584 custodia
2569 5539 2956 5581 conservemus
2978 5567 2993 5593 ,
3028 5528 3310 5583 credentes
3343 5527 3397 5581 in
3430 5525 3590 5582 Deum
3631 5518 3800 5593 Ρειυῖεω

2278 5622 2736 5693 omnipotentem,
2788 5618 3052 5676 factorem
3084 5621 3208 5679 εαξη
3241 5630 3296 5676 et
3346 5629 3530 5683 teme,
3561 5590 3799 5669 visibiliiim

2276 5715 2518 5771 omnium
2556 5723 2612 5769 et
2644 5711 2992 5769 invisibilium
3018 5757 3032 5780 ,
3080 5723 3136 5770 et
3184 5715 3235 5770 in
3274 5711 3472 5768 Filium
3517 5709 3623 5780 ejus
3655 5697 3802 5768 unita"

3904 1806 3905 1839 1

3904 2032 3905 2087 1

3904 2856 3905 2891 1

3904 2900 3905 2927 1

3903 3026 3905 3067 1
