3998 6336
236 302 325 362 ωδ
1234 296 1333 354 DE
1371 295 1515 355 UNA
1548 296 1640 354 ET
1678 295 1817 354 NON

1858 296 2069 355 TRINA
2105 301 2429 363 DEITATE.
3382 309 3497 373 Μ

233 416 412 481 nitnm,
438 412 606 488 531-
649 412 745 484 qui
781 417 909 469 ante
946 411 1128 468 omnia
1180 412 1374 468 smcula
1420 428 1485 469 ex
1533 428 1600 470 eo
1644 423 1802 470 natus
1828 417 1877 479 Α
1904 413 2106 473 fectum
2122 421 2373 478 eumdem
2395 423 2448 479 in
2476 424 2832 497 humanitate,
2873 429 3045 487 Deum
3074 446 3201 490 vere
3235 442 3290 491 et
3317 435 3497 494 homi-

232 519 324 574 est,
358 522 542 562 verum
570 505 741 561 Deum
768 503 836 560 de
886 503 1001 559 Deo
1029 518 1178 571 vero,
1231 504 1433 560 lumen-
1464 507 1533 561 de
1579 504 1802 573 lumine,

232 610 402 658 natum
457 613 561 654 non
608 598 834 663 factum,
888 598 1403 653 consubstantialem
1444 597 1615 664 Patri,
1645 599 1697 653 id
1720 608 1821 654 est,

226 692 453 764 ejusdem
504 706 629 747 cum
682 690 842 745 Patre
888 690 1228 756 substantiae,
1287 706 1384 761 per
1431 704 1592 760 quem
1620 690 1803 746 omnia

225 783 358 839 facta
386 791 511 839 sunt
529 795 651 852 quae
672 782 726 836 in
751 778 890 836 ctelo
913 788 969 836 et
994 795 1115 851 qua:
1156 780 1212 835 in
1246 788 1389 836 terra
1423 798 1438 835 :
1467 789 1524 837 et
1542 780 1595 835 in
1628 780 1802 851 Spiri-

224 884 329 932 tum
382 882 631 930 sanctum
684 871 962 929 dominum
991 880 1048 927 et
1094 871 1507 939 viviﬁcatorem,
1546 888 1615 929 ex
1640 871 1806 931 Patre

220 966 617 1039 procedentem,
652 979 776 1020 cum
804 962 969 1019 Patre
1011 970 1068 1018 et
1118 962 1257 1019 Filio
1303 963 1707 1020 coadorandum
1747 972 1805 1021 et

218 1057 730 1130 congloriﬁcandum
766 1070 783 1110 :
813 1054 1112 1112 trinitatem
1142 1056 1198 1111 in
1236 1056 1464 1122 unitate,
1513 1066 1570 1113 et
1623 1057 1804 1113 unita-

218 1163 327 1211 tem
371 1153 423 1208 in
446 1152 709 1215 trinitate,
744 1149 1008 1206 unitatem
1030 1149 1248 1220 quidem
1286 1150 1555 1217 essentize,
1590 1152 1805 1208 trinita-

216 1255 326 1302 tem
370 1258 500 1300 vero
541 1257 923 1314 personarum,
955 1241 1071 1298 sive
1111 1241 1603 1298 subsistentiarum.
1632 1243 1802 1300 Deum

211 1335 426 1394 Patrem
452 1336 800 1403 conﬁtentes,
866 1336 1034 1392 Deum
1075 1336 1296 1401 Filium,
1339 1336 1511 1393 Deum
1537 1337 1802 1407 Spiritum

213 1435 476 1514 sanetum.
506 1426 626 1483 Non
654 1435 769 1483 tres
789 1427 920 1483 deos
946 1428 1041 1482 sed
1064 1444 1231 1483 unum
1262 1427 1458 1494 Deum,
1508 1427 1727 1485 Patrem
1749 1437 1807 1485 et

213 1517 411 1576 Filium
453 1528 510 1575 et
560 1518 829 1591 Spiritum
868 1528 1117 1575 sanctum
1144 1539 1157 1575 :
1187 1535 1294 1575 non
1329 1521 1493 1576 trium
1521 1521 1804 1578 nominum

213 1610 616 1666 subsistentiam
645 1650 662 1676 ,
723 1610 818 1666 sed
878 1610 1044 1694 trium
1102 1611 1578 1668 subsistentiarum
1641 1629 1805 1668 unam

210 1690 591 1770 substantiam,
611 1717 844 1774 quorum
870 1690 977 1758 una
1005 1705 1264 1771 essentia,
1311 1705 1427 1762 sive
1477 1706 1799 1771 substantia,

1910 523 2036 564 nem
2079 525 2207 565 vere
2248 514 2498 570 eumdem
2522 531 2588 572 ex
2634 519 2817 574 anima
2859 522 3114 579 rationali
3142 532 3198 580 et
3239 539 3490 599 corpore,

1908 599 2427 660 consubstantialem
2453 605 2599 683 Patri
2630 609 2930 668 secundum
2970 614 3248 683 deitatem,
3284 628 3340 675 et
3364 635 3497 678 con-

1908 692 2326 751 substantialem
2356 699 2513 755 nobis
2542 678 2862 762 ‘secundum
2900 678 3316 767 humanitatem.
3349 731 3370 769 ι
3425 714 3499 774 Et

1907 782 1988 839 sic
2014 784 2283 844 catholica
2331 803 2503 860 usque
2552 793 2621 847 ad
2665 793 2826 851 ﬁnem
2849 810 3259 867 percurrentetu
3288 818 3497 862 semo-

1906 890 2032 935 ttem
2063 878 2525 939 conﬁrmaverunt
2544 893 2600 940 et
2623 887 3065 958 subscripserunt
3086 903 3303 951 centum
3338 900 3499 968 quin-

1905 970 2168 1057 quaginta
2196 972 2459 1046 episcopi,
2490 975 2737 1034 dicentes
2770 996 2785 1034 :
2824 998 2844 1033 ι
2876 980 2974 1038 His
3002 983 3168 1057 igitur
3189 1003 3313 1044 cum
3342 992 3497 1047 omni

1905 1056 2150 1127 undique
2180 1060 2391 1116 cautela
2419 1072 2584 1134 atque
2632 1064 2911 1137 diligentia
2958 1083 2991 1124 a
3036 1056 3196 1129 nobis
3223 1072 3499 1143 formatis,

1906 1143 2202 1205 diﬁinimus
2223 1148 2386 1205 aliam
2411 1150 2575 1213 ﬁdem
2599 1154 2732 1210 nulli
2776 1155 2945 1213 licere
2970 1158 3218 1230 proferre
3250 1173 3344 1221 aut
3363 1181 3500 1222 con-

1906 1239 2169 1307 scribere,
2197 1256 2592 1313 componereve
2641 1256 2736 1302 aut
2775 1263 2990 1320 sapere,
3036 1251 3122 1307 vel
3149 1254 3314 1310 etiam
3343 1258 3504 1315 aliter

1908 1332 2123 1388 docere.
2154 1334 2257 1400 Qui
2280 1351 2409 1393 vero
2434 1341 2879 1409 praesumpserint
2921 1342 3084 1399 ﬁdem
3139 1344 3368 1403 alteram
3416 1349 3505 1405 vel

1908 1442 2259 1499 componere,
2290 1430 2374 1486 vel
2416 1432 2687 1502 proferre,
2735 1434 2820 1488 vel
2870 1436 3087 1503 docere,
3136 1438 3222 1493 vel
3263 1440 3502 1510 tradere,

1909 1529 2004 1573 aut
2046 1520 2351 1592 symbolum
2400 1522 2709 1580 volentibus
2760 1528 3007 1584 converti
3059 1529 3130 1585 ad
3169 1531 3505 1603 agnitionem

1910 1610 2159 1667 veritatis
2206 1629 2275 1669 ex
2322 1615 2645 1684 gentilitate,
2701 1617 2787 1672 vel
2835 1634 2902 1674 ex
2951 1618 3253 1690 Judaismo,
3311 1636 3407 1682 aut
3434 1642 3505 1683 ex

1909 1702 2153 1771 qualibet
2175 1703 2404 1773 haerese,
2436 1716 2532 1761 aut
2557 1708 2649 1777 qui
2683 1709 2978 1766 novitatem
3008 1714 3160 1770 vocis
3181 1714 3269 1769 vel
3295 1731 3507 1773 sermo—

210 1794 294 1849 vel
339 1802 556 1861 natura,
607 1794 665 1853 id
693 1804 780 1851 est
834 1810 942 1852 una
990 1797 1186 1863 denas,
1217 1813 1323 1854 una
1363 1800 1664 1866 aeternitas,
1696 1787 1882 1856 unaB
1909 1795 1996 1850 nis
2044 1796 2510 1867 adinventionem,
2562 1801 2629 1855 ad
2676 1802 3082 1861 subversionem
3136 1821 3328 1864 eorum
3379 1826 3505 1881 qua:

205 1896 473 1956 potestas,
502 1903 671 1944 unum
697 1886 1006 1958 imperium,
1031 1904 1141 1944 una
1167 1890 1360 1960 gloria,
1390 1906 1497 1945 una
1537 1892 1800 1959 adoratio,

203 1992 313 2035 una
345 1979 655 2036 essentialis
676 1988 881 2036 sancta:
909 1989 965 2037 et
992 1980 1372 2051 inseparabilis
1397 1982 1682 2038 Trinitatis
1706 1998 1803 2038 vo-

196 2071 392 2131 luntas
413 2084 472 2131 et
497 2075 769 2147 operatio,
812 2090 935 2146 quae
983 2075 1167 2133 omnia
1209 2076 1468 2142 condidit,
1527 2077 1808 2147 dispensat

193 2178 256 2224 et
279 2168 553 2226 continet.
583 2187 604 2222 ι
633 2168 895 2237 Quanta,
924 2178 986 2224 ιιι
1007 2169 1190 2226 verbis
1209 2176 1424 2224 utamur
1448 2168 1615 2240 ipsius
1639 2179 1807 2225 sextae

192 2262 565 2335 synodi,cum
592 2260 833 2333 quinque
872 2271 1000 2318 ante
1054 2262 1256 2318 habitis
1308 2262 1514 2318 sanctis
1562 2263 1807 2319 conciliis

182 2358 627 2430 prmdieabiliter
669 2358 1070 2429 receptissima,
1112 2366 1167 2412 et
1219 2357 1669 2429 irrefragabilitcr
1689 2375 1809 2416 cre-

178 2450 379 2528 denda
401 2459 569 2521 atque
593 2450 852 2516 tenenda,
880 2450 936 2505 in
962 2450 1177 2506 actione
1205 2451 1272 2506 l8
1298 2452 1615 2506 conﬁrmata
1641 2460 1766 2507 sunt
1788 2468 1803 2507 :

179 2563 201 2597 σ
242 2544 543 2601 Excitavit
564 2544 753 2615 igitur,
776 2544 1026 2615 inquiens
1051 2553 1206 2599 sexta
1224 2544 1465 2615 synodus
1498 2545 1706 2621 (synodi
1730 2559 1804 2611 vt,

171 2646 305 2692 act.
346 2637 460 2708 i8),
484 2637 738 2694 Christus
758 2637 904 2694 Deus
927 2646 1116 2693 noster
1156 2637 1531 2693 ﬁdelissimum
1575 2638 1808 2706 impera-

169 2738 403 2795 torem,
430 2744 629 2786 novum
663 2731 831 2786 David
858 2730 1035 2785 virum
1064 2729 1360 2786 secundum
1406 2744 1502 2784 cor
1544 2744 1698 2784 suum
1727 2729 1809 2783 in-

165 2808 445 2887 veniens,
505 2821 599 2892 qui
641 2837 748 2878 non
789 2821 939 2878 dedit
980 2820 1136 2891 juxta
1195 2822 1339 2892 quod
1392 2822 1653 2890 scriptum
1701 2828 1804 2889 est,

170 2934 448 2976 somnum
475 2918 643 2973 oculis
675 2919 808 2983 suis,
859 2928 906 2972 et
928 2917 1194 2988 palpebris
1234 2917 1342 2970 suis
1384 2916 1807 2971 dormitatiouem

176 3010 377 3084 (.Psat.
401 3024 592 3074 cum,
613 3009 695 3082 4),
717 3009 889 3065 donec
914 3024 1011 3079 per
1041 3009 1187 3063 hunc
1216 3017 1461 3064 nostrum
1495 3023 1524 3062 a
1550 3008 1660 3061 Deo
1679 3021 1809 3061 con-

179 3112 486 3174 gregatum
515 3116 838 3173 sacrumque
862 3109 1211 3167 conventum,
1265 3102 1438 3171 ipsam
1490 3110 1651 3156 recta:
1682 3099 1806 3156 ﬁdei

181 3194 408 3266 reperit
448 3194 747 3265 perfectam
804 3195 1266 3264 praedicationem,
1334 3194 1626 3249 secundum
1658 3195 1805 3250 enim

183 3299 223 3342 a
252 3286 499 3341 Domino
546 3286 747 3343 editam
794 3300 983 3343 vocem
1022 3302 1035 3340 :
1071 3285 1170 3341 Ubi
1222 3288 1327 3341 duo
1353 3287 1427 3342 vel
1462 3296 1567 3342 tres
1610 3287 1807 3357 fuerint

187 3379 507 3449 congregati
552 3380 612 3434 in
649 3379 857 3434 nomine
882 3394 1020 3446 meo,
1068 3379 1138 3433 ibi
1177 3394 1295 3434 sum
1332 3380 1388 3433 in
1432 3379 1604 3434 medio
1626 3394 1807 3434 eorum

190 3466 426 3540 (lata.
458 3483 617 3537 mit,
649 3471 764 3543 20).
800 3470 932 3538 Qua:
955 3486 1196 3542 praesens
1225 3479 1414 3527 sancta
1444 3481 1499 3527 et
1526 3472 1811 3526 universa-

188 3557 264 3616 lis
292 3562 560 3633 synodus,
595 3561 825 3619 ﬁdeliter
851 3563 1158 3634 suscipiens
1185 3571 1240 3618 et
1274 3563 1529 3634 expansis
1558 3564 1809 3618 manibus

195 3655 537 3730 amplectens
555 3656 980 3728 suggestionem,
1012 3670 1135 3727 quae
1156 3670 1187 3710 a
1216 3657 1568 3712 sanctissimo
1590 3672 1654 3711 ac
1679 3656 1809 3710 bea-

201 3750 421 3807 tissimo
447 3749 734 3822 Agathone
780 3750 1018 3821 antiqua:
1057 3750 1245 3806 Roma:
1275 3750 1419 3807 facta
1446 3758 1550 3816 est,
1575 3749 1641 3805 ad
1665 3747 1809 3806 Con-

201 3841 505 3896 stantinum
535 3842 840 3911 piissimum
869 3857 933 3898 ac
959 3841 1331 3898 ﬁdelissimum
1357 3851 1604 3899 nostrum
1633 3841 1805 3913 impe-

200 3942 469 3999 ratorem,
519 3947 642 4003 quae
671 3934 993 3989 nominatim
1036 3933 1237 4005 abjecit
1277 3949 1369 3991 eos
1392 3934 1485 4005 qui
1508 3935 1810 3991 docuerunt

198 4024 286 4081 vel
307 4025 768 4095 pradicaverunt,
799 4026 943 4082 sicut
993 4026 1245 4097 superius
1280 4027 1482 4083 dictum
1513 4035 1615 4094 est,
1641 4042 1807 4081 unam

196 4116 544 4174 voluntatem
575 4126 629 4174 et
678 4133 842 4173 unam
886 4118 1259 4190 Operationem
1310 4120 1365 4175 in
1417 4118 1809 4176 incarnationis

200 4211 611 4283 dispensatione
664 4212 878 4267 Domini
912 4211 1084 4268 nostri
1113 4210 1240 4269 Jesu
1289 4211 1493 4269 Christi
1548 4214 1663 4269 veri
1706 4210 1807 4269 Dei

199 4306 383 4361 nostri
433 4303 659 4376 adaeque
705 4305 953 4376 amplexa
1003 4315 1170 4362 estet
1219 4307 1446 4362 alteram
1493 4307 1808 4380 synodalem

200 4399 633 4471 suggestionem,
666 4415 786 4472 quae
815 4400 981 4456 missa
1012 4410 1097 4457 est
1125 4417 1153 4456 a
1186 4418 1345 4458 sacro
1389 4403 1642 4469 concilio,
1664 4403 1807 4474 quod

199 4500 288 4547 est
317 4490 423 4545 sub
443 4491 633 4548 eodem
658 4493 1001 4548 sanctissimo
1030 4509 1168 4565 papa
1192 4506 1412 4550 centum
1436 4494 1625 4567 viginti
1646 4496 1803 4567 quin-
1831 4525 1885 4585 ι)

200 4597 312 4655 que
363 4581 477 4639 Deo
534 4584 850 4640 amabilium
894 4586 1296 4656 episcoporum,
1351 4587 1417 4642 ad
1472 4588 1589 4659 ejus
1629 4602 1659 4643 a
1689 4588 1800 4645 Deo

200 4673 528 4729 instructam
559 4672 1028 4744 tranquillitatem,
1063 4685 1249 4747 utpote
1271 4688 1635 4734 consonantes
1674 4694 1801 4733 san-

203 4773 297 4822 cto
324 4764 757 4823 Chalcedonensi
783 4767 1031 4830 concilio,
1080 4778 1134 4824 et
1181 4778 1327 4825 ιοιηο
1369 4772 1799 4827 sacratissimiet

203 4856 513 4914 beatissimi
544 4873 697 4928 papae
719 4858 960 4930 ejusdem
985 4859 1220 4930 antiquae
1250 4858 1437 4915 Romae
1465 4860 1681 4927 Leonis,
1704 4861 1798 4932 qui

205 4954 449 5011 directus
471 4965 555 5012 est
581 4957 649 5012 ad
679 4967 927 5013 sanctum
960 4956 1297 5026 Flavianum,
1322 4974 1484 5030 quem
1523 4970 1580 5016 et
1599 4962 1805 5017 colum-

204 5062 338 5106 nam
368 5044 531 5105 recta:
561 5047 684 5103 fidei
728 5049 1039 5121 hujusmodi
1088 5051 1326 5122 synodus
1379 5050 1687 5121 appellavit.
1727 5052 1803 5108 Ad

208 5139 331 5195 haec
348 5147 404 5193 et
429 5138 703 5210 synodicis
729 5138 992 5211 epistolis,
1022 5155 1141 5211 qua:
1184 5140 1399 5212 scriptae
1424 5150 1550 5197 sunt
1580 5157 1609 5196 a
1642 5143 1803 5199 beato

210 5232 416 5306 Cyrillo
442 5234 701 5291 adversus
725 5235 950 5308 impium
977 5234 1285 5293 Nestorium
1332 5247 1388 5294 et
1413 5238 1478 5292 ad
1511 5239 1803 5296 orientales

214 5326 518 5395 qiiscopos.
550 5324 799 5382 Assecuti
828 5341 1044 5397 quoque
1088 5338 1275 5384 sancta
1324 5330 1563 5401 quinque
1590 5330 1806 5387 univer-

220 5414 350 5471 salia
374 5415 623 5482 concilia,
664 5427 723 5471 et
767 5426 987 5473 sanctus
1037 5426 1199 5488 atque
1245 5418 1551 5488 probabiles
1591 5418 1799 5486 Patres,

227 5520 688 5581 consonanterque
732 5510 979 5567 conﬁteri
1037 5510 1363 5568 diﬁinientes
1388 5511 1674 5569 Dominum
1706 5529 1830 5570 no-.

226 5613 390 5663 stram
417 5602 601 5660 Iesum
622 5603 921 5671 Christum,
954 5620 1140 5661 verum
1170 5605 1338 5660 Deum
1372 5616 1615 5662 nostrum
1638 5623 1805 5664 unum

225 5693 291 5751 de
316 5703 495 5749 sancta
519 5704 572 5750 et
601 5694 1047 5751 consulistantiali
1100 5705 1155 5751 ct
1195 5695 1319 5751 vita:
1363 5698 1626 5769 originem
1669 5715 1806 5769 pra:-

218 5786 379 5850 bente
400 5785 684 5852 Trinitate,
711 5786 1011 5861 perfectum
1063 5789 1115 5844 in
1147 5786 1310 5861 432
1345 5789 1565 5857 deitate,
1599 5800 1651 5847 et
1682 5807 1805 5863 per-

1908 1902 2055 1942 nunc
2074 1903 2104 1940 a
2127 1889 2286 1944 nobis
2314 1890 2675 1947 determinata
2728 1903 2857 1951 sunt
2905 1896 3269 1967 introducere,
3301 1902 3423 1970 hos,
3455 1904 3503 1961 si

1908 1978 2127 2047 quidem
2175 1980 2414 2053 episcopi
2462 1983 2666 2039 fuerint
2715 1995 2810 2041 aut
2867 1987 3079 2056 clerici,
3129 1991 3336 2051 alienos
3381 2011 3509 2055 esse

1908 2071 2195 2144 episcopos
2236 2075 2305 2130 ab
2350 2076 2686 2147 episcopatu,
2740 2079 2971 2139 clericos
3012 2098 3141 2140 vero
3180 2101 3211 2142 a
3240 2087 3426 2146 clero:
3454 2091 3504 2149 si

1910 2174 2092 2223 autem
2117 2169 2371 2224 monachi
2405 2169 2609 2226 fuerint
2647 2172 2734 2228 vel
2763 2173 2912 2244 laici,
2935 2177 3099 2233 etiam
3140 2182 3505 2242 anathemati-

1909 2260 2026 2314 zari
2079 2275 2194 2317 eos.
2249 2280 2269 2314 ι
2304 2261 2373 2316 Et
2427 2264 2833 2337 subscriptiones
2863 2285 2883 2324 :
2915 2269 3235 2331 Theodorus
3280 2276 3507 2335 humilis

1907 2352 2196 2423 presbyter
2240 2362 2445 2411 sanctae
2490 2355 2753 2414 Romana:
2793 2359 3073 2432 Ecclesiae,
3105 2364 3282 2423 locum
3311 2383 3507 2441 gerens

1906 2446 2214 2518 Agathonis
2257 2456 2343 2505 ter
2406 2449 2709 2508 beatissimi
2762 2454 3085 2515 universalis
3135 2474 3290 2532 papaa
3352 2463 3507 2520 urbis

1908 2537 2099 2596 Roma:
2149 2543 2467 2616 subscripsi.
2498 2547 2567 2603 Et
2606 2548 2860 2621 deinceps
2879 2565 2979 2623 per
3004 2554 3250 2610 ordinem
3282 2556 3503 2628 singuli.

1909 2629 1978 2684 Et
1997 2647 2095 2701 per
2118 2633 2565 2692 acclamationem
2593 2653 2747 2694 more
2776 2655 2894 2707 suo,
2916 2642 3059 2699 sicut
3086 2653 3140 2700 et
3161 2646 3215 2701 in
3255 2647 3506 2706 conciliis

1911 2721 2033 2778 aliis
2050 2723 2302 2795 legimus,
2331 2728 2932 2787 anathematizaverunt
2973 2749 3166 2793 omnes
3195 2737 3501 2804 hatreticos,

1909 2820 1966 2867 et
1981 2827 2176 2870 omnes
2198 2816 2292 2886 qui
2322 2816 2692 2891 suffragantur
2727 2823 3019 2881 haereticis.
3046 2824 3195 2883 inter
3220 2842 3359 2898 quos
3380 2843 3502 2885 omo

1910 2921 2010 2962 nes
2039 2909 2487 2967 auathematizati
2526 2921 2656 2969 sunt
2705 2924 2763 2970 et
2819 2916 3315 2989 Praedestinatiani,
3364 2936 3504 2995 quo-

1912 3014 2032 3054 rum
2063 3000 2307 3068 haeresis,
2338 3007 2665 3063 auctoritate
2689 3022 2842 3080 papae
2888 3010 3168 3070 Ctelestini
3194 3029 3259 3070 ex
3291 3014 3505 3087 delega-

1914 3090 2060 3147 tione
2088 3092 2280 3163 ipsius,
2307 3109 2409 3166 per
2438 3105 2689 3155 sanctmn
2715 3100 3043 3173 Prosperum
3101 3105 3156 3160 in
3206 3104 3394 3163 Galliis
3417 3115 3505 3164 est

1834 3159 1880 3224 Ο
1913 3159 2124 3240 revicta
2141 3159 2327 3257 (texite
2352 3190 2671 3261 synodica.
2725 3159 2928 3265 i8).l§t
2954 3195 3007 3249 in
3030 3159 3504 3255 edictovcons'ta'n;

1910 3277 2007 3333 tini
2052 3279 2419 3350 imperatoris,
2448 3284 2593 3353 quod
2643 3286 2954 3356 petentibus
2976 3287 3246 3359 episcopis
3269 3290 3336 3343 ad
3366 3302 3502 3346 eon-

1907 3369 2269 3427 ﬁrmationem
2301 3374 2458 3431 istius
2488 3384 2659 3432 sextae
2685 3377 2875 3449 synodi
2900 3376 3029 3434 fecit
3053 3387 3110 3435 et
3134 3382 3501 3451 conﬁrmavit,

1908 3463 1982 3518 ita
2013 3464 2275 3535 scriptum
2305 3474 2427 3521 est:
2464 3484 2483 3519 ι
2513 3466 2803 3524 Credimus
2840 3469 2894 3523 in
2936 3469 3179 3538 Patrem,
3201 3480 3255 3527 et
3278 3471 3500 3540 Filium,

1907 3565 1963 3611 et
1993 3556 2259 3626 Spiritum
2288 3567 2539 3614 sanctum
2575 3578 2590 3615 :
2615 3558 2941 3617 Trinitatem
2974 3563 3028 3618 in
3051 3565 3284 3631 unitate,
3307 3573 3363 3621 et
3385 3565 3504 3621 uui-

1909 3655 2075 3704 tatem
2098 3649 2152 3703 in
2181 3648 2471 3718 Trinitate,
2512 3667 2676 3707 unam
2706 3655 3067 3710 substantiam
3096 3656 3149 3711 in
3180 3656 3355 3714 tribus
3372 3655 3501 3714 sul)-

1908 3741 2195 3799 sistentiis.
2229 3742 2505 3800 Unitatem
2532 3746 2751 3816 quidem
2776 3758 2998 3819 propter
3016 3750 3320 3805 naturalem
3343 3750 3509 3808 Ultio--

1907 3850 2034 3892 nem
2086 3853 2150 3894 ac
2202 3838 2627 3895 dominationem
2670 3858 2682 3894 :
2726 3840 3050 3898 Trinitatem
3103 3859 3234 3901 vero
3278 3853 3511 3917 propter

1910 3927 2076 3981 trium
2101 3929 2581 3986 subsistentiarum
2612 3932 3029 4002 perfectionem,
3065 3942 3121 3989 et
3167 3935 3385 3993 divitias
3409 3951 3509 3992 su-

1907 4018 2295 4087 perexistentis
2325 4020 2603 4076 bonitatis.
2637 4021 2828 4077 Unitas
2877 4024 3076 4093 quippe
3102 4040 3231 4081 vere
3273 4035 3355 4083 est
3379 4026 3503 4084 Tri-

1908 4110 2071 4173 nitas,
2127 4111 2255 4182 quia
2286 4112 2438 4167 unita
2467 4119 2549 4168 est
2594 4112 2818 4178 deitate,
2855 4121 2910 4167 et
2958 4112 3199 4171 Trinitas
3245 4131 3372 4172 vere
3415 4122 3505 4175 est

1910 4201 2110 4269 unitas,
2141 4203 2313 4258 divisa
2342 4203 2791 4275 pr0prietatibus,
2814 4213 2870 4259 et
2894 4219 3002 4259 nox.
3035 4206 3316 4278 dispertita
3342 4217 3505 4265 atter-

1909 4296 2128 4351 nitate:
2164 4294 2280 4366 ipsa
2329 4295 2476 4350 enim
2528 4294 2747 4350 sibimet
2796 4296 3230 4367 consempiterna
3289 4307 3393 4364 est,
3443 4307 3501 4356 et

1910 4389 2145 4444 essentia
2168 4388 2391 4460 aequalis
2420 4389 2643 4445 hancris
2674 4398 2775 4445 est.
2827 4388 2938 4445 Nec
2985 4391 3129 4445 enim
3155 4392 3501 4450 exstitit.s:e—

1911 4482 2115 4549 culum,
2145 4484 2360 4554 quando
2393 4497 2517 4538 cum
2568 4482 2732 4539 Patre
2758 4498 2864 4539 non
2890 4491 3011 4541 erat
3034 4493 3091 4539 et
3119 4483 3312 4553 Filius,
3343 4486 3502 4559 cujus

1909 4575 2096 4645 utique
2120 4576 2418 4632 vocabatur
2437 4583 2614 4646 pater,
2630 4578 2675 4630 si
2702 4591 2806 4631 non
2830 4576 2993 4632 simul
3013 4591 3135 4633 cum
3151 4592 3219 4633 eo
3237 4585 3355 4634 erat
3377 4578 3505 4636 sine

1906 4669 2173 4739 principio
2217 4669 2394 4726 ﬁlius?
2443 4668 2554 4725 Nec
2605 4679 2724 4726 erat
2767 4673 2984 4741 quando
3040 4686 3145 4727 non
3195 4683 3317 4729 erat
3370 4688 3496 4730 cum

1906 4765 2151 4833 utrisque
2181 4763 2416 4834 Spiritus
2445 4772 2683 4820 sanctus.
2714 4765 2863 4821 Unus
2890 4767 3054 4837 igitur
3076 4766 3193 4823 haec
3215 4768 3314 4823 tria
3330 4767 3509 4838 Dens,

1907 4871 2028 4926 qua:
2053 4855 2284 4910 invicem
2311 4870 2434 4909 cum
2462 4855 2576 4910 sola
2599 4856 2910 4928 singillatim
2937 4856 3240 4914 diﬂ'erentia
3273 4859 3326 4913 in
3350 4874 3500 4915 com-

1910 4948 2174 5003 munitate
2203 4946 2452 5002 essentia:
2480 4948 2915 5018 inseparabiliter
2933 4949 3275 5005 discernente
3306 4956 3511 5006 unam-'

1911 5054 2182 5109 quamque
2242 5055 2529 5110 personam
2592 5039 2985 5111 intelliguntur.
3054 5041 3212 5097 Solus
3273 5043 3505 5113 proinde

1911 5132 2073 5188 Pater
2126 5131 2289 5186 Pater
2338 5142 2453 5197 est,
2508 5133 2655 5190 solus
2698 5132 2869 5189 Filius
2916 5133 3117 5199 Filius,
3170 5134 3319 5191 solus
3369 5134 3496 5207 Spi-

1912 5224 2049 5280 ritus
2085 5234 2306 5281 sanctus
2356 5226 2593 5299 Spiritus
2643 5238 2886 5283 sanctus.
2946 5226 3043 5282 liis
3092 5228 3292 5282 etenim
3345 5226 3500 5283 diffe—

1913 5320 2105 5375 rentiis
2131 5334 2238 5375 non
2286 5329 2676 5376 convertuntur
2728 5321 2795 5374 ad
2849 5319 3102 5374 invicem.
3153 5317 3262 5374 Sed
3315 5319 3365 5374 in
3412 5321 3498 5375 his

1912 5413 2128 5483 quidem
2178 5414 2613 5486 inseparabiliter
2659 5414 2975 5468 dividuntur
3029 5432 3041 5467 :

1911 5514 2090 5562 autem
2142 5508 2393 5565 essentia:
2434 5508 2663 5570 unitate,
2703 5505 2942 5560 Trinitas
2994 5504 3244 5575 simplex,
3296 5513 3349 5561 et
3397 5504 3499 5559 im-

1908 5605 2111 5673 partita
2162 5612 2327 5674 atque
2399 5598 2773 5673 incomposita.
2830 5598 2909 5655 Ex
2978 5600 3151 5681 tribus
3208 5596 3496 5670 perfectis,

1912 5712 1981 5753 ex
2041 5697 2215 5767 seipsa
2268 5695 2537 5768 perfecta,
2608 5704 2663 5751 et
2722 5699 3158 5766 supt-rpcrtecm,
3230 5709 3330 5747 una
3397 5705 3497 5744 na-

1915 5802 2034 5849 tura
2061 5804 2222 5862 atque
2269 5791 2484 5855 deitate,
2522 5800 2572 5846 et
2635 5807 2739 5846 una
2798 5790 3072 5845 voluntate
3093 5786 3253 5861 533
3284 5794 3498 5854 unaque

3094 5414 3499 5470 communicant
