3998 6336
559 321 670 378 495

560 431 873 507 operatione
929 429 1295 503 gloriﬁcanda.

560 535 681 581 tura
730 531 834 588 est,
887 521 1080 576 horum
1125 527 1180 574 et
1227 518 1477 574 voluntas
1519 527 1597 596 et‘
1615 518 1859 588 operatio
1886 531 1995 572 una
2044 523 2149 582 est,

560 617 702 672 sicut
750 628 850 669 nos
894 612 1078 667 docuit
1125 609 1222 664 Dei
1263 609 1438 665 cultor
1461 609 1696 664 Basilius
1748 628 1767 661 ι
1825 616 1881 664 ει
1943 608 1998 663 in
2043 605 2155 662 ﬁne

561 708 735 780 ipsius
764 705 925 762 edicti
959 723 972 759 :
1007 723 1026 756 ι
1063 702 1234 768 Unus,
1265 702 1462 772 inquit,
1508 701 1799 768 Dominus,
1843 716 1950 756 una
1995 699 2150 765 ﬁdes,

561 816 731 856 unum
759 797 1045 869 baptisma,
1074 810 1181 850 una
1233 795 1287 849 in
1335 795 1447 850 Deo
1491 810 1634 850 nunc
1671 802 1756 849 est
1796 793 2056 848 Ecclesia.
2093 792 2152 849 Si

563 892 687 964 quis
715 889 880 961 igitur
910 887 1112 945 Christi
1156 895 1368 942 amator
1395 894 1500 952 est,
1542 894 1598 942 et
1625 886 1818 942 metuit
1841 885 2150 952 Dominum,

563 993 910 1055 optatamque
958 981 1186 1037 salutem
1232 979 1520 1047 desiderat,
1569 980 1710 1035 hanc
1754 980 1916 1035 ﬁdem
1968 979 2154 1033 ortho-

562 1078 759 1132 doxam
789 1082 988 1131 teneat.
1019 1073 1131 1130 Nec
1159 1073 1304 1129 enim
1333 1074 1438 1129 erit
1465 1088 1564 1144 per
1602 1072 1765 1127 aliam
1792 1072 1953 1129 ﬁdem
1981 1071 2155 1126 salva-

563 1176 669 1223 tus.
701 1167 758 1221 Si
787 1166 910 1237 quis
932 1180 1062 1221 vero
1093 1165 1373 1220 hominum
1399 1164 1618 1236 quidem
1646 1162 1895 1235 personis
1921 1162 2151 1233 gratiam

565 1257 807 1322 exhibet,
839 1257 1123 1314 charitatis
1152 1265 1330 1312 autem
1379 1254 1433 1310 in
1477 1256 1647 1310 Deum
1692 1254 2063 1310 aemulatorem
2095 1268 2154 1309 se

564 1365 674 1404 non
699 1350 1054 1416 demonstrat,
1083 1358 1513 1420 praesentemque
1558 1347 1702 1419 piam
1746 1356 1988 1403 nostram
2026 1361 2154 1402 con-

564 1440 900 1496 stitutionem
951 1455 1057 1496 non
1106 1440 1318 1511 recipit,
1368 1439 1412 1494 si
1460 1440 1676 1510 quidem
1723 1439 2008 1510 episcopus
2046 1447 2151 1504 est,

563 1531 650 1585 vel
681 1531 932 1596 clericus,
965 1539 1059 1585 aut
1082 1529 1402 1586 monachico
1431 1530 1798 1586 circumdatus
1827 1539 1910 1586 est
1933 1531 2153 1596 habitu,

565 1623 919 1694 depositionis
939 1637 1156 1694 pmnam
1199 1623 1472 1694 persolvet
1497 1640 1512 1680 :
1538 1623 1583 1679 si
1612 1639 1743 1679 vero
1776 1623 1830 1678 in
1861 1623 2050 1678 ordine
2076 1623 2158 1678 di-

566 1718 831 1788 gnitatum
865 1717 1102 1772 insertus
1131 1725 1239 1784 est,
1281 1716 1544 1787 supplicio
1581 1716 1993 1788 proscriptionis
2016 1715 2158 1771 mul-

1527 312 1858 371 HINCMARI
1897 309 2298 369 BHEMENSIS
2334 310 2855 371 ARCHIEPISCOPI

1377 429 1614 496 Quorum
1669 429 1814 484 enim
1884 443 1991 483 una
2049 441 2150 481 na-
2178 427 2232 488 Α
2256 441 2287 481 a
2317 428 2591 484 consortio
2620 429 2890 496 fidelium;
2925 443 2993 484 ne
3034 427 3150 484 aliis
3176 445 3374 487 nocere
3401 432 3567 489 valeat
3597 437 3676 508 qui
3699 439 3781 501 sibi

3694 324 3776 380 496

2255 521 2511 591 prodesse
2538 537 2644 576 non
2671 521 2833 588 volet,
2864 522 2982 578 sine
3015 525 3400 580 retractatione
3438 525 3569 582 male
3588 531 3785 597 pertina-

2254 610 2392 667 citer
2441 611 2680 666 sentiens
2709 611 2870 666 debet
2910 613 3148 679 retrudi,
3191 623 3246 668 et
3272 614 3327 668 in
3375 614 3487 684 ipsa
3528 619 3681 674 exsilii
3719 622 3787 680 vel

2255 703 2577 759 retrusionis
2601 703 2910 776 alligatione
2937 713 3192 775 perpetua
3215 721 3549 778 permanere,
3571 711 3661 765 nisi
3679 712 3788 769 forte

2255 794 2366 850 Deo
2387 795 2707 864 respiciente
2736 795 3019 866 resipiscat
3039 812 3068 850 a
3101 797 3302 852 diaboli
3337 798 3526 869 laqueo
3557 816 3585 854 a
3605 818 3696 871 quo
3714 820 3786 860 ca-

2253 892 2376 955 ptus
2406 894 2641 952 tenetur,
2671 887 2737 941 ad
2766 886 2934 957 ipsius
2977 887 3467 945 misericordissimi
3503 900 3555 946 et
3591 896 3790 965 omnipo-

2254 977 2545 1032 tentissimi
2592 978 2803 1034 Domini
2845 977 3198 1046 voluntatem,
3230 981 3375 1036 sicut
3415 997 3481 1037 ex
3523 987 3791 1044 auctoritate

2254 1069 2494 1140 epistola:
2539 1071 2719 1142 magni
2755 1086 2908 1141 papa:
2935 1070 3135 1127 Leonis
3163 1073 3230 1127 ad
3277 1073 3608 1130 Pulcheriam
3643 1077 3791 1149 Augu-

2255 1167 2394 1215 stam
2423 1159 2592 1231 (epist.
2623 1161 2716 1233 47)
2741 1163 3114 1233 percepimus,
3161 1163 3215 1218 in
3264 1179 3371 1234 qua
3416 1166 3656 1237 scriptum
3691 1177 3791 1227 est:

2261 1269 2281 1302 ι
2316 1253 2392 1308 De
2422 1252 2688 1324 Eutyche,
2729 1255 2927 1325 inquit,
2976 1256 3142 1312 totius
3185 1257 3425 1312 scandali
3465 1262 3792 1329 et'pravitatis

2255 1355 2475 1400 auctore
2500 1346 2604 1401 hoc
2626 1345 2910 1402 clementia
2933 1357 3112 1404 vestra
3141 1350 3445 1420 praecipiat,
3470 1359 3527 1405 ut
3548 1352 3608 1406 ab
3630 1368 3686 1407 eo
3703 1354 3793 1411 loco

2257 1435 2349 1504 qui
2377 1433 2989 1507 Constantinopolitana:
3016 1439 3136 1494 urbi
3167 1440 3334 1495 nimis
3372 1441 3578 1497 vicinus
3609 1453 3683 1499 est
3705 1445 3793 1502 lon-

2258 1529 2379 1601 gius
2407 1529 2786 1595 transferatur,
2817 1547 2885 1587 ne
2908 1531 3374 1604 frequentioribus
3400 1534 3598 1591 solatiis
3624 1550 3792 1605 eorum,

2258 1635 2392 1690 quos
2423 1622 2490 1676 ad
2520 1621 2855 1692 impietatem
2881 1638 3032 1678 suam
3058 1625 3243 1692 traxit,
3272 1634 3485 1692 utatur;
3517 1630 3792 1685 monasterio

2259 1726 2476 1783 quoque
2518 1713 2686 1784 ipsius
2712 1753 2726 1780 ,
2755 1714 2841 1768 cui
2875 1714 3177 1785 perniciose
3203 1716 3530 1787 indigneque
3569 1721 3792 1788 praesedit,

565 1813 764 1872 ctetur,
793 1806 951 1877 eique
976 1805 1249 1878 cingulum
1273 1807 1543 1862 adimatur
1569 1824 1582 1860 :
1613 1807 1696 1863 sin
1725 1815 1902 1862 autem
1924 1806 2156 1862 idioticte
2183 1797 2232 1857 B
2259 1803 2583 1860 catholicum
2613 1805 2863 1861 abbatem
2887 1807 3076 1878 jubete
3119 1809 3397 1879 praeponi,
3423 1810 3513 1879 qui
3551 1810 3679 1866 illam
3704 1826 3792 1866 ser-

565 1897 730 1952 sortis
776 1905 888 1964 est,
937 1913 1006 1953 ex
1048 1897 1174 1954 hac
1201 1899 1349 1970 regia
1393 1899 1647 1968 omnique
1675 1888 1889 1970 penitus
1933 1898 2152 1954 civitate

565 1988 769 2045 exteris
788 1988 1088 2055 addicatur,
1111 1997 1167 2045 et
1185 2004 1347 2059 super
1365 1989 1482 2045 haec
1502 1989 1685 2044 omnia
1707 1987 1963 2045 terribilis
1989 1998 2154 2060 atque

566 2077 1118 2150 inexpiabilisjudicii
1154 2095 1261 2134 non
1289 2079 1505 2151 effugiet
1529 2080 1851 2136 cruciatum.
1884 2098 1902 2131 ›

642 2169 982 2241 Quapropter
1019 2169 1106 2225 his
1146 2185 1267 2239 quae
1303 2169 1712 2236 Gothescalcus,
1741 2169 1877 2224 alter
1903 2168 2155 2225 videlicet

564 2275 668 2330 pro
694 2257 910 2316 modqu
939 2275 1036 2316 suo
1063 2259 1253 2315 Simon
1294 2274 1520 2331 magus,
1547 2260 1603 2315 in
1632 2259 1850 2330 scriptis
1891 2259 2003 2316 suis
2046 2258 2154 2315 fre-

567 2362 801 2424 quenter
840 2353 1024 2424 posuit
1061 2353 1252 2424 spiritu
1293 2353 1496 2409 furioso
1541 2353 1878 2426 exagitatus,
1917 2352 2156 2411 exaltato

566 2446 754 2511 corde,
781 2455 835 2501 et
878 2445 1034 2502 elatis
1063 2445 1256 2511 oculis,
1284 2461 1344 2502 se
1379 2444 1711 2502 mendaciter
1749 2444 2069 2516 promittens
2098 2445 2154 2500 in

567 2537 908 2595 mirabilibus
953 2553 1116 2610 super
1154 2554 1214 2595 sc
1249 2537 1667 2604 ambulaturum,
1701 2539 1932 2610 petendo
1964 2547 2023 2594 ut
2051 2538 2155 2594 sibi

566 2630 673 2686 tria
701 2630 846 2686 dolia
882 2639 1163 2702 parentur,
1212 2646 1380 2686 unum
1416 2630 1668 2687 videlicet
1695 2631 1898 2687 dolium
1937 2631 2154 2702 plenum

567 2721 796 2779 ferventi
827 2724 1002 2795 adipe,
1031 2731 1086 2780 et
1129 2722 1273 2778 aliud
1307 2722 1527 2794 plenum
1565 2723 1795 2780 ferventi
1820 2723 1941 2779 oleo
1968 2731 2022 2778 et
2048 2730 2156 2777 ter-

567 2813 703 2869 tittnt
726 2814 941 2884 plenum
968 2814 1214 2870 bullienti
1237 2815 1376 2885 pice,
1403 2822 1459 2871 et
1477 2830 1599 2871 cum
1623 2815 1861 2871 vicissim
1882 2815 1936 2868 in
1963 2830 2158 2869 unum-

568 2904 820 2973 quodque
861 2904 1062 2958 dolium
1112 2918 1282 2975 usque
1327 2904 1395 2960 ad
1444 2905 1642 2960 collum
1685 2905 1894 2960 intrans
1939 2904 2007 2960 de
2055 2903 2158 2958 illis

573 2991 742 3046 tribus
787 2992 946 3048 doliis
987 2991 1185 3048 illaesus
1220 2993 1446 3060 exierit,
1492 2996 1748 3051 credatur
1793 2996 1862 3049 ab
1904 2995 2157 3050 omnibus

571 3083 800 3138 assertio
828 3083 971 3139 illius
997 3100 1118 3140 esse
1140 3085 1442 3150 verissima,
1468 3101 1572 3156 qua
1595 3087 1746 3152 dicit,
1766 3094 1964 3158 praeter
1995 3085 2154 3140 istam

2254 1911 2448 1953 verum
2493 1895 2589 1952 Dei
2633 1899 3104 1970 congregationem
3128 1939 3141 1964 ,
3197 1908 3254 1955 et
3302 1915 3334 1954 a
3382 1917 3546 1971 pravo
3594 1902 3794 1974 dogmate

2255 1989 2519 2056 liberare,
2569 1998 2626 2045 et
2681 1990 2944 2046 institutis
2993 1991 3243 2046 veritatis
3293 1991 3468 2063 possit
3514 1992 3788 2048 imbuere.»

2257 2080 2394 2148 Quia
2428 2095 2560 2136 vero
2583 2081 2650 2135 de
2669 2080 2973 2151 huiusmodi
3007 2089 3265 2153 tanquam
3291 2083 3360 2137 de
3381 2083 3552 2139 dubiis
3571 2081 3792 2154 disputare

2256 2185 2365 2225 non
2421 2170 2744 2237 debeamus,
2789 2170 2931 2226 idem
2962 2171 3072 2228 Leo
3095 2172 3165 2227 ad
3193 2171 3519 2228 Martianum
3543 2173 3788 2245 Augustum

2256 2262 2429 2331 (epist.
2457 2261 2548 2333 45)
2584 2279 2596 2314 :
2630 2279 2650 2314 ι
2689 2261 2794 2318 Per
2839 2263 3048 2335 ipsum,
3084 2264 3376 2335 inquiens,
3423 2247 3683 2321 Dominum
3716 2281 3790 2321 no-

2257 2359 2430 2406 strum
2481 2349 2668 2407 Jesum
2711 2350 3021 2419 Christum,
3051 2353 3144 2423 qui
3171 2354 3329 2424 regni
3358 2355 3519 2410 vestri
3545 2362 3622 2409 est
3644 2362 3790 2410 auctor

2256 2451 2312 2499 et
2336 2453 2536 2510 rector,
2569 2445 2813 2500 obtestor
2852 2456 2908 2502 et
2947 2447 3175 2502 obsecro
3199 2447 3547 2504 'clementiam
3578 2457 3789 2512 vestram,

2259 2543 2319 2591 ut
2344 2535 2397 2591 in
2421 2536 2678 2606 praesenti
2707 2536 2912 2608 synodo
2937 2535 3118 2602 fidem,
3156 2553 3324 2608 quam
3367 2539 3508 2595 beati
3535 2539 3699 2594 Patres
3718 2552 3790 2592 no-

2258 2627 2356 2682 stri
2405 2627 2472 2682 ab
2515 2627 2773 2698 apostolis
2806 2627 2906 2683 sibi
2957 2629 3212 2684 traditam
3254 2631 3786 2702 pmdicaverunt,non

2256 2716 2538 2786 patiamini
2565 2718 2720 2788 quasi
2747 2718 2965 2774 dubiam
2995 2723 3308 2787 retractari,
3339 2730 3395 2778 et
3425 2736 3540 2792 qua:
3574 2721 3684 2775 olim
3704 2734 3788 2772 ma-

2251 2805 2435 2877 jorum
2482 2815 2607 2863 sunt
2662 2809 2985 2866 auctoritate
3041 2810 3334 2879 damnata,
3392 2811 3630 2867 redivivis
3681 2824 3785 2865 nunc

2261 2912 2370 2953 non
2411 2899 2738 2968 permittatis
2783 2900 3068 2956 conatibus
3113 2902 3346 2958 excitari
3392 2901 3612 2973 illudque
3651 2901 3786 2971 potius

2255 2988 2512 3060 jubeatis,
2543 2998 2603 3044 ut
2643 2991 2864 3061 antiqua
2910 2990 3146 3047 Nicaeum
3188 2993 3384 3065 synodi
3423 2993 3700 3058 constituta,
3725 3005 3786 3045 re-

2261 3089 2404 3136 mota
2455 3081 2830 3138 haereticorum
2876 3083 3360 3154 interpretatione,
3411 3092 3780 3157 permaneantt

571 3175 960 3246 blasphemiam
1009 3177 1152 3246 quod
1199 3175 1374 3231 deitas
1422 3177 1500 3232 sic
1531 3177 1887 3249 personaliter
1912 3177 1984 3233 sit
2011 3177 2148 3232 trina
2178 3167 2225 3232 C
2255 3171 2323 3227 Et
2351 3173 2478 3229 item
2510 3174 2574 3231 ad
2606 3174 2840 3229 Leonem
2862 3173 3163 3246 Augustum
3191 3176 3348 3250 (Leo,
3382 3179 3524 3249 epist.
3544 3176 3624 3246 84)
3651 3174 3781 3230 dicit:

571 3274 631 3321 ut
671 3275 757 3322 est
802 3267 1121 3322 naturaliter
1164 3283 1301 3334 una,
1335 3268 1460 3338 quia
1507 3270 1646 3324 sicut
1683 3269 1825 3324 Deus
1855 3270 2055 3325 electos
2086 3271 2155 3325 ad

571 3371 796 3428 regnum
843 3367 1138 3426 :eternnm,
1192 3360 1267 3415 ita
1317 3360 1578 3431 reprobos
1603 3362 1670 3417 ad
1700 3362 1973 3417 interitum
2020 3378 2157 3432 prae-

571 3449 863 3506 destinavit
915 3461 1214 3518 aeternum,
1265 3460 1320 3507 et
1363 3469 1468 3508 non
1515 3454 1629 3508 vult
1674 3469 1862 3510 omnes
1910 3456 2156 3512 homines

571 3541 749 3597 salvos
784 3542 934 3608 ﬁeri,
965 3543 1068 3599 nisi
1106 3552 1312 3598 tantum
1356 3559 1450 3599 eos
1494 3545 1585 3614 qui
1621 3544 1915 3612 salvantur,
1947 3559 2001 3602 et
2051 3563 2158 3603 non

571 3640 656 3688 est
680 3647 874 3703 passus
902 3634 1006 3688 nisi
1040 3633 1408 3689 tantummodo
1437 3650 1536 3705 pro
1562 3635 1768 3701 electis,
1798 3647 1849 3692 et
1885 3637 2062 3692 nullus
2091 3639 2158 3693 de

573 3724 643 3780 iis
685 3726 892 3796 periet,
943 3742 1042 3796 pro
1089 3727 1282 3797 quibus
1327 3727 1479 3784 fusus
1534 3739 1617 3784 est
1669 3731 1890 3801 sanguis
1932 3729 2155 3796 Christi,

572 3832 736 3873 nemo
765 3817 936 3874 fidelis
962 3835 1026 3874 ac
1057 3819 1272 3875 sobrius
1297 3835 1513 3875 sensum
1543 3821 1700 3876 debet
1728 3822 2156 3888 accommodare,

574 3909 878 3979 praesertim
923 3926 1047 3966 cum
1090 3910 1351 3966 Dominus
1379 3911 1506 3966 hinc
1530 3913 1699 3967 verbo
1723 3921 1778 3967 et
1825 3913 2070 3984 exemplo
2102 3915 2158 3970 in

576 4004 958 4074 congressione
979 4013 1168 4060 contra
1190 4005 1485 4067 diabolum,
1515 4005 1711 4060 dixerit
1743 4024 1754 4059 :
1785 4005 1908 4060 Non
1937 4009 2160 4064 tentabis

576 4093 864 4149 Dominum
898 4095 1064 4150 Deum
1101 4105 1247 4149 tuum
1295 4094 1509 4167 (Matth.
1540 4111 1613 4161 tv,
1644 4095 1721 4166 7),
1752 4096 1844 4167 qni
1885 4105 1944 4150 ut
1982 4099 2159 4152 omni-

575 4195 770 4256 potens
806 4202 966 4258 agere
994 4196 1208 4258 poterat
1237 4187 1378 4256 quod
1416 4171 1660 4244 diabolus
1689 4189 2073 4259 postulaverat,
2105 4199 2161 4246 et

578 4280 683 4335 iste
709 4280 936 4351 implere
991 4296 1096 4335 non
1149 4281 1319 4350 possit
1353 4281 1496 4350 quod
1531 4281 1666 4338 falso
1706 4292 1762 4338 et
1801 4285 2161 4340 inverecunde

575 4372 864 4442 contingit;
906 4372 999 4426 sed
1041 4371 1334 4440 apostolico
1363 4373 1480 4428 zelo
1505 4389 1816 4441 succensus,
1843 4385 2030 4432 contra
2063 4377 2165 4430 ltu-

569 4463 809 4531 jusntodi
859 4463 1167 4518 mortiferas
1215 4465 1620 4534 suggestiones,
1663 4466 1809 4522 velut
1857 4468 2163 4523 antidotum

2269 3282 2288 3316 ι
2325 3264 2658 3333 Pramoscat,
2690 3265 2961 3336 inquiens,
2993 3267 3169 3336 pietas
3211 3276 3305 3324 tua
3333 3267 3634 3325 venerabilis
3657 3267 3783 3334 impe-

2261 3365 2431 3423 rator,
2465 3359 2564 3414 bos
2609 3374 2744 3429 quos
2796 3362 3035 3430 spondeo
3065 3361 3402 3432 dirigendos,
3432 3377 3532 3417 non
3560 3359 3618 3415 ad
3645 3354 3785 3413 conlli-

2261 3453 2490 3522 gendum
2515 3467 2636 3507 eum
2665 3453 2910 3508 hostibus
2935 3451 3084 3519 ﬁdei,
3107 3469 3207 3508 nec
3232 3457 3308 3511 ad
3329 3453 3622 3511 certandum
3643 3457 3785 3505 contra

2262 3543 2404 3609 illos,
2436 3559 2465 3598 a
2496 3543 2621 3599 sede
2649 3544 2940 3615 apostolica
2972 3544 3319 3616 profecturos
3351 3565 3364 3600 :
3391 3547 3478 3616 qui
3506 3546 3565 3600 de
3589 3543 3718 3598 rebus
3746 3547 3785 3591 et

2262 3635 2404 3705 apud
2436 3633 2672 3689 Nicaeam
2701 3644 2758 3690 et
2795 3637 2934 3707 apud
2980 3636 3401 3702 Chalcedonam,
3441 3637 3566 3692 sicut
3593 3635 3682 3688 Deo
3700 3629 3784 3701 pla-

2263 3725 2407 3788 cuit,
2465 3723 2730 3791 dillinitis,
2783 3725 2986 3780 nnllunt
3037 3727 3176 3783 inire
3223 3730 3780 3782 audemusotractatum,

2264 3824 2520 3886 tanquam
2552 3816 2711 3871 dubia
2747 3817 2830 3871 vel
2868 3817 3080 3872 infirma
3105 3819 3235 3885 sint,
3270 3834 3394 3890 qum
3423 3827 3559 3873 tanta
3589 3829 3669 3886 per
3689 3809 3782 3879 Spi-

2263 3907 2428 3962 ritum
2471 3917 2716 3962 sanctum
2747 3907 2865 3961 fixit
2910 3909 3223 3964 auctoritas.
3276 3905 3606 3966 lnstruetioni
3646 3909 3782 3956 autem

2262 4000 2610 4072 parvulorum
2660 4009 3003 4064 nostrorum,
3038 4002 3128 4070 qui
3175 4011 3302 4072 post
3346 4002 3497 4058 lactis
3537 3992 3779 4053 alimoniam

2264 4091 2386 4147 cibo
2433 4090 2746 4147 desiderant
2791 4091 3048 4146 solidiore
3078 4092 3304 4157 satiari,
3350 4086 3614 4146 ministerii
3653 4075 3780 4138 nostri

2262 4186 2572 4256 praesidium
2618 4201 2725 4240 non
2776 4200 3068 4256 negamus,
3112 4194 3168 4240 et
3198 4185 3342 4240 sicut
3365 4180 3681 4254 simpliciores
3701 4185 3779 4226 non

2265 4277 2590 4348 spernimus,
2647 4277 2722 4331 ita
2762 4293 2792 4330 a
2840 4275 3126 4332 rebellibus
3181 4275 3450 4331 haereticis
3493 4269 3778 4326 abstinemus.

2264 4384 2532 4424 memores
2551 4368 2804 4438 przecepti
2827 4367 3090 4422 Dominici
3116 4367 3346 4422 dicentis
3370 4386 3382 4422 :
3411 4363 3573 4421 Nolite
3597 4365 3780 4413 sanctum

2268 4462 2396 4516 dare
2425 4462 2662 4527 canibus,
2696 4477 2858 4532 neque
2894 4461 3140 4514 miseritis
3169 4461 3481 4531 margaritas
3511 4464 3678 4511 vestras
3695 4453 3781 4500 ante

577 4557 796 4613 salubre
841 4558 1000 4614 debet
1043 4560 1206 4615 corde
1250 4531 1440 4616 εἶσι-θ
1488 4561 1773 4632 proferre:
1806 4562 1861 4617 Si
1896 4563 2047 4633 quis,
2082 4564 2163 4618 in-
2190 4531 2244 4592 Ῑ)
2269 4570 2452 4625 porcos
2489 4551 2705 4624 (Matth.
2738 4531 2839 4617 vn.
2871 4550 2949 4622 6)-
2981 4549 3152 4605 Nimis
3197 4551 3393 4622 quippe
3435 4533 3780 4616 ἰηάἱςηυηιοηί·

578 4650 791 4719 quiens,
823 4649 979 4706 aliter
1003 4650 1452 4722 evangelizaverit
1480 4661 1678 4723 praeter
1723 4653 1778 4709 id
1828 4655 1970 4724 quod
1997 4669 2176 4730 evan-r

575 4739 862 4807 gelizatum
889 4751 974 4797 est
991 4757 1022 4796 a
1051 4751 1240 4798 sancto
1266 4741 1466 4814 Spiritu
1494 4759 1590 4814 per
1610 4759 1706 4800 ora
1729 4747 2160 4817 supradictorum

576 4830 859 4892 doctorum
891 4843 946 4888 et
975 4844 1282 4890 sanctorum
1312 4836 1686 4907 episcoporum
1714 4838 1768 4892 in
1797 4853 1890 4894 sex
1925 4839 2163 4910 praefatis

577 4923 856 4988 conciliis,
896 4924 961 4978 de
991 4925 1197 4980 unitate
1225 4925 1465 4992 deitatis,
1511 4942 1630 4997 qua:
1678 4937 1760 4983 est
1798 4930 1976 4986 unitas
2007 4931 2164 4986 tritti-

577 5013 728 5079 tatis,
763 5023 817 5070 et
848 5015 913 5069 de
946 5016 1197 5071 omnibus
1225 5017 1472 5088 capitulis
1507 5019 1573 5072 ad
1604 5019 1960 5076 orthodoxam
2001 5021 2161 5079 fidem

577 5104 886 5174 specialiter
911 5107 1323 5176 pertinentibus,
1355 5123 1475 5178 qum
1502 5108 1766 5165 catholica
1788 5119 1842 5165 et
1868 5112 2164 5182 apostolica

577 5198 838 5268 praedicat
865 5206 920 5254 et
969 5207 1114 5254 tenet
1154 5199 1424 5266 Ecclesia,
1454 5203 1741 5258 anathema
1764 5203 1854 5258 sit.
1885 5204 1954 5259 Et
1989 5206 2055 5260 de
2081 5207 2166 5261 bis

576 5301 700 5359 quae
725 5287 1021 5344 secundum
1055 5289 1327 5344 tramitem
1353 5288 1756 5360 Scripturarum
1785 5293 2162 5350 traditionem-

577 5396 684 5452 que
715 5379 980 5450 majorum
1027 5379 1251 5436 difiinita
1305 5390 1462 5449 sunt,
1495 5393 1684 5438 contra
1724 5383 2160 5452 Gotbescalcutn,

577 5471 666 5526 vel
695 5480 886 5526 contra
915 5487 1292 5544 quemcunque
1337 5473 1525 5540 alium,
1557 5474 1613 5530 in
1636 5491 2020 5548 quamcunque
2049 5477 2160 5534 dis-

577 5561 910 5630 putationem
974 5561 1180 5618 intrare
1228 5579 1388 5620 nemo
1442 5565 1603 5621 debet
1653 5582 2014 5639 praesumere,
2071 5569 2164 5626 sed

582 5657 888 5722 damnatus,
922 5664 981 5711 ut
1011 5659 1191 5728 spuria
1217 5657 1533 5715 vitulamina
1565 5660 1618 5715 in
1646 5661 1760 5732 ipsa
1801 5662 1984 5718 radice
2010 5678 2162 5718 ama-

588 5748 868 5822 ritudinis,
897 5749 1062 5824 535,
1085 5751 1168 5807 vel
1197 5751 1420 5836 exsilio,
1445 5751 1529 5808 vel
1551 5752 1822 5824 ergastulo
1841 5794 1856 5822 ,
1885 5763 2168 5826 separatus

2270 4647 2482 4716 misque
2527 4644 2784 4714 iniustum
2835 4653 2953 4709 est,
3002 4658 3096 4698 eos
3131 4644 3198 4698 ad
3241 4644 3532 4699 libertatem
3575 4635 3780 4698 discepta-

2271 4738 2433 4794 tionis
2475 4736 2706 4802 admitti,
2739 4750 2874 4806 quos
2918 4735 3188 4806 significat
3232 4733 3460 4805 Spiritus
3503 4734 3688 4784 sanctus
3709 4728 3779 4787 per

2269 4831 2594 4901 Prophetam
2609 4830 2812 4895 dicens,
2829 4827 2957 4884 Filii
2984 4827 3143 4883 alieni
3169 4830 3370 4884 mentiti
3388 4834 3500 4882 sunt
3521 4820 3631 4877 mihi
3647 4808 3776 4901 ('Psal.

2269 4900 2403 4985 xv",
2432 4920 2544 4992 46).
2577 4919 2678 4987 Qui
2704 4919 2866 4975 etiam
2896 4919 2940 4974 si
2972 4919 3263 4990 Evangelio
3289 4935 3391 4975 non
3420 4912 3706 4972 resisterent,
3729 4900 3777 4954 de

2268 5014 2374 5069 illis
2405 5023 2586 5068 tamen
2615 5027 2673 5068 se
2699 5027 2819 5067 esse
2850 5020 3237 5078 monstrarent,
3275 5013 3340 5068 de
3373 5010 3551 5081 quibus
3575 5000 3774 5066 scripw'“

2271 5114 2357 5160 est
2389 5122 2402 5158 :
2430 5105 2598 5159 Deum
2616 5120 2670 5158 se
2696 5103 3009 5175 proﬁtentur
3037 5104 3189 5170 scire,
3212 5104 3363 5174 factis
3393 5110 3548 5155 autent
3572 5095 3771 5160 neganti

2272 5197 2339 5251 Et
2377 5197 2505 5252 item
2537 5194 2604 5249 ad
2652 5195 2901 5249 eumdem
2948 5193 3248 5266 Augustum
3291 5192 3450 5247 dicit:
3486 5207 3502 5239 ς
3537 5183 3776 5250 QIIIB'Pa'e'

2271 5287 2412 5344 facta
2458 5297 2584 5342 sunt
2612 5301 2877 5357 quaerere,
2918 5301 3039 5356 quae
3084 5284 3317 5356 perfecta
3365 5289 3480 5338 sunt
3521 5276 3772 5332 retractares

2272 5391 2328 5437 et
2377 5398 2497 5452 qua:
2555 5391 2681 5437 sunt
2734 5380 2960 5435 diﬂinita
3012 5379 3347 5444 convellere,
3394 5371 3510 5445 quid
3555 5362 3673 5421 aliud
3713 5359 3773 5410 est

2271 5493 2434 5548 quam
2467 5477 2532 5533 de
2563 5474 2773 5547 adeptis
2807 5473 3036 5546 gratiam
3076 5488 3183 5530 non
3231 5471 3458 5532 referre.
3485 5473 3532 5519 ει
3559 5457 3614 5514 ad
3645 5454 3772 5554 ilict

2273 5540 2429 5625 dictat
2457 5540 2682 5624 arboris-
2707 5540 2887 5622 cibum
2939 5565 3216 5637 improbos
3263 5560 3511 5635 appetitus
3545 5540 3768 5645 mortifera:-

2273 5660 2581 5731 cupiditatis
2606 5657 2931 5714 extendere?
2959 5678 2977 5710 ι
3005 5657 3204 5713 Beatus
3224 5666 3429 5728 quoque
3452 5638 3715 5703 Ambrosius
3730 5638 3768 5731 tn

2274 5729 2412 5811 libro
2454 5752 2632 5827 primo
2679 5752 2743 5820 de
2775 5749 2904 5813 Fide
2923 5751 3017 5831 _ad
3058 5748 3401 5810 Gratianum,
3444 5729 3766 5807 imperatorem.
