3998 6336
611 359 719 417 499

1567 373 1898 431 HINCMARI
1940 375 2338 434 RHEMENSIS
2374 377 2894 439 ARCHIEPISCOPI
3422 434 3437 448 .
3726 394 3806 454 an

606 478 791 537 civilia
819 480 982 555 437
1019 487 1229 557 negotia
1285 502 1660 557 commovent;
1708 497 2010 565 praesertim
2066 497 2194 568 quia
2221 497 2273 561 Α
2300 515 2405 554 una
2452 508 2537 557 est
2579 502 2855 569 divinitas,
2904 501 3128 574 aequalis
3156 502 3349 575 gloria,
3396 515 3641 565 comterna
3681 513 3807 583 maje-

608 569 726 641 ipsa
757 587 915 630 sacra
944 578 1238 635 auctoritas
1269 595 1559 649 canonum,
1587 583 1791 655 Spiritu
1828 588 1921 643 Dei
1955 589 2193 654 condita,

605 669 663 718 et
701 664 867 720 totius
890 667 1076 724 mundi
1120 674 1424 730 reverentia
1467 688 1804 747 consecrata,
1857 680 1909 735 in
1939 681 2198 739 Africano

607 755 839 812 concilio
877 758 1232 819 ducentorum
1281 775 1403 823 octo
1454 758 1856 843 episcoporum,
1893 777 2070 847 capite
2113 791 2199 834 se-

606 850 945 919 ptuagesimo
975 854 1150 924 primo
1178 863 1435 933 praecepit
1462 873 1521 919 ut
1549 881 1653 922 non
1685 884 1875 939 preces
1903 871 2021 928 alia:
2057 873 2199 930 cele-

608 938 855 1009 brentur,
878 945 982 1002 nisi
1005 947 1108 1005 illa:
1132 966 1253 1022 quae
1278 953 1331 1009 in
1358 957 1587 1014 concilio
1609 938 1730 1017 cum
1756 965 2199 1034 prudentioribus

610 1029 815 1129 pullatae
850 1034 1073 1106 fuerint,
1123 1058 1192 1100 ne
1226 1045 1365 1102 forte
1390 1060 1578 1107 contra
1629 1029 1811 1124 ﬁdem,
1843 1060 1987 1129 quod
2032 1062 2195 1129 absit,

606 1120 663 1220 i_ll
709 1124 913 1183 eisdem
944 1133 1221 1202 precibus,
1276 1141 1470 1210 quibus
1524 1144 1695 1203 ﬁdelis
1750 1120 1978 1220 quisque
2038 1120 2197 1209 debet

611 1210 722 1272 Deo
744 1219 1046 1288 conciliari,
1079 1228 1148 1281 ab
1176 1227 1359 1302 aliquo
1406 1235 1733 1305 proferatur,
1764 1210 1824 1296 ut
1852 1210 2197 1301 audientibus

605 1311 923 1410 scandalum
951 1316 1063 1373 ﬁat.
1089 1319 1295 1394 Legam
1319 1330 1484 1385 etiam
1509 1332 1658 1390 horis
1683 1335 1783 1392 sibi
1813 1338 1879 1391 ad
1910 1338 2195 1410 legendum

606 1402 932 1472 regulariter
978 1411 1247 1482 deputatis
1296 1423 1723 1482 orthodoxorum
1783 1402 1989 1499 libros:
2025 1442 2082 1488 et
2127 1433 2197 1490 ab

605 1497 1144 1563 omnibusinveuient
1163 1517 1459 1574 contradici
1481 1528 1540 1575 ut
1563 1523 1700 1578 trina
1725 1525 1897 1583 deitas
1921 1544 2196 1601 nunquam

604 1589 875 1658 credatur,
908 1611 1181 1668 nunquam
1209 1618 1239 1658 a
1270 1605 1413 1662 ﬁdeli
1443 1619 1502 1665 nt
1523 1612 1771 1670 videatur
1792 1620 2052 1676 credibile
2073 1637 2198 1693 pro-

604 1680 832 1739 feratur.
859 1686 1140 1748 Invenient
1158 1696 1510 1759 nihilominus
1532 1706 1585 1759 in
1618 1707 1776 1764 dictis
1801 1680 2195 1771 catholicorum

605 1771 784 1843 inepte
830 1777 1113 1849 imperitos
1155 1790 1311 1857 quasi
1351 1793 1417 1846 ad
1456 1799 1836 1856 auctoritatem
1877 1806 2190 1876 sumpsisse,

602 1866 729 1957 quia
762 1868 906 1925 sicut
950 1874 1124 1932 trinus
1154 1878 1297 1937 Deus
1346 1884 1569 1955 dicitur,
1619 1890 1690 1945 ita
1736 1904 1792 1948 et
1841 1863 2016 1952 deitas
2054 1863 2195 1957 trina
2225 1863 2273 1923 Β

603 1955 837 2014 dicatur.
870 1958 1035 2018 Pater
1070 1967 1269 2039 quippe
1308 1980 1363 2026 et
1391 1973 1562 2032 Filius
1607 1989 1661 2033 et
1692 1980 1928 2053 Spiritus
1976 1955 2197 2046 sanctus

604 2046 810 2105 idcirco
836 2068 975 2109 unus
1007 2056 1147 2114 Deus
1175 2061 1391 2131 dicitur,
1423 2069 1549 2137 quia
1593 2087 1709 2139 una
1726 2046 1811 2128 est
1834 2076 2027 2144 deitas,
2077 2095 2198 2150 quae

607 2139 890 2201 Trinitatis
914 2157 997 2204 est
1024 2151 1203 2209 unitas
1229 2155 1406 2213 Patris
1426 2168 1482 2215 et
1508 2160 1629 2217 Filii
1652 2172 1707 2220 et
1736 2164 1971 2236 Spiritus
2001 2139 2197 2239 sancti,

509 2224 519 2237 ’
574 2244 667 2297 ,ιιι
694 2249 881 2296 sancta
906 2244 1171 2301 catholica
1202 2258 1254 2304 et
1277 2254 1569 2322 apostolica
1596 2224 1834 2316 Ecclesia
1862 2277 1959 2332 per
1980 2263 2197 2321 beatum

605 2335 662 2430 Et
690 2346 942 2430 magnum
982 2352 1175 2408 papam
1223 2341 1458 2401 Leonem
1507 2348 1654 2420 (Leo,
1701 2352 1850 2423 epist.
1882 2372 1997 2426 cap.
2031 2357 2084 2430 l)
2130 2359 2199 2415 ad

608 2415 890 2477 Turibium
923 2425 1328 2488 Asturicensem
1355 2415 1668 2508 episcopum
1713 2443 1952 2501 breviter
1992 2415 2197 2503 conﬁr-

607 2513 808 2568 mando
847 2518 1122 2587 explanat,
1169 2531 1224 2576 et
1254 2525 1613 2597 ,explanando
1660 2534 1947 2591 conﬁrmat
1975 2535 2194 2595 dicens:

612 2619 631 2652 ε
673 2600 823 2661 llanc
849 2609 1132 2667 catholica:
1155 2612 1278 2670 ﬁdei
1305 2632 1426 2674 esse
1456 2621 1876 2692 confessionem,
1928 2643 2048 2698 quae
2078 2628 2199 2685 Tri-

590 2694 833 2753 nitatem
857 2700 1078 2760 deitatis
1100 2706 1179 2762 sic
1200 2706 1465 2782 ὁμοούσιθν
1487 2714 1798 2782 conﬁtetur,
1827 2727 1887 2773 ut
1907 2694 2121 2778 Patrem
2145 2730 2202 2778 et

605 2785 803 2846 Filium
834 2803 888 2848 et
908 2792 1169 2865 Spiritum
1213 2813 1460 2859 sanctum
1489 2806 1607 2862 sine
1658 2809 1974 2867 confusione
2003 2812 2200 2869 indivi-

607 2895 716 2947 sos,
741 2884 859 2940 sine
882 2894 1121 2959 tempore
1142 2895 1520 2963 sempiternos,
1550 2900 1667 2954 sine
1689 2901 1989 2959 diﬁ‘erentia
2013 2905 2201 2961 credat

604 2976 864 3042 :eqnales,
893 2980 1020 3047 quia
1044 2982 1312 3039 unitatem
1338 2987 1389 3041 in
1414 2987 1699 3055 Trinitate,
1728 3008 1832 3047 non
1862 2996 2051 3050 eadem
2077 3012 2200 3066 per-

604 3080 763 3131 sona,
803 3068 895 3123 sed
925 3072 1116 3127 eadem
1148 3075 1336 3145 implet
1363 3083 1620 3136 essentia.
1673 3104 1691 3136 ι
1724 3084 1825 3152 Qui
1858 3095 2039 3142 autem
2092 3104 2198 3145 non

607 3156 785 3212 solum
808 3160 1067 3230 absurde,
1111 3168 1206 3222 sed
1237 3177 1292 3222 et
1314 3169 1605 3228 inﬁdeliter
1634 3176 1839 3243 dicunt,
1890 3180 2018 3250 quia
2056 3181 2197 3237 trina

2304 601 2437 648 stas.
2470 613 2489 646 ι
2523 593 2678 651 Unde
2722 596 2851 653 item
2881 604 3103 653 sanctus
3126 594 3442 652 Ambrosius
3461 598 3513 653 in
3537 600 3631 656 alio
3651 603 3807 673 hymno

2301 685 2579 741 evidenter
2605 688 2863 753 ostendit,
2887 688 3158 759 quomodo
3180 688 3322 744 Dens
3340 689 3506 746 trinus
3524 700 3576 747 et
3597 697 3809 763 quomodo

2300 793 2442 833 unus
2467 779 2615 834 credi
2642 788 2698 834 et
2734 780 2957 853 intelligi
3000 781 3215 843 debeat,
3244 780 3430 836 dicens
3454 799 3467 812 ·
3496 780 3685 838 Summe
3703 785 3809 843 Dm

2301 868 2610 936 dementire,
2645 872 2933 943 mundique
2952 872 3123 943 factor
3150 872 3428 937 machinae,
3466 889 3591 927 unus
3608 878 3810 945 potentia-

2299 957 2438 1025 liter,
2453 962 2594 1030 quod
2619 962 2953 1032 Augustinus
2975 963 3635 1035 exponitsuhstantialiter,
3661 968 3810 1021 trim-

2297 1067 2397 1122 que
2442 1053 2805 1123 personaliter.
2856 1054 2925 1109 Et
2972 1066 3192 1111 sanctus
3234 1053 3524 1127 Gregorius
3568 1055 3614 1109 in
3640 1056 3809 1113 humilia

2301 1142 2597 1199 Ezechielis
2628 1144 2789 1216 (hom.
2843 1145 2929 1219 l6)
2955 1164 2969 1201 :
3000 1165 3020 1200 ί
3046 1145 3258 1202 Veteris
3298 1155 3358 1203 et
3382 1145 3510 1202 Novi
3547 1147 3812 1205 Testamelti

2300 1236 2572 1306 spiritales
2613 1247 2796 1307 patres
2834 1247 3036 1295 sancta:
3088 1238 3371 1296 Trinitatis
3420 1255 3658 1310 personas
3692 1240 3811 1296 ullius

2299 1326 2516 1384 deitatis
2543 1328 2837 1385 credidisse
2860 1339 2918 1386 et
2950 1330 3292 1400 praedicasse,
3319 1338 3377 1386 et
3398 1330 3624 1403 angelica
3646 1331 3691 1385 in
3708 1331 3810 1388 calo

2300 1421 2516 1493 agmina
2542 1421 2938 1478 incessabiliter
2971 1423 3209 1479 clamare
3236 1422 3456 1478 fatetur.
3488 1442 3507 1475 ι

2370 1514 2468 1571 His
2488 1530 2618 1587 ergo
2646 1516 2947 1589 pcipensis,
2973 1517 3288 1572 discernant
3320 1516 3646 1572 honorabiles
3666 1515 3809 1572 fratres

2299 1607 2469 1662 nostri
2501 1608 2773 1673 monachi,
2814 1616 2996 1663 utrum
3023 1607 3215 1663 melius
3254 1608 3327 1662 sit
3362 1607 3704 1677 blasphemare
3723 1621 3809 1661 cum

2300 1697 2657 1755 Gothescalco
2681 1709 2738 1754 et
2765 1699 3082 1766 Ratramno,
3107 1699 3339 1756 dicendo
3370 1698 3440 1754 Te
3460 1700 3589 1754 trina
3620 1700 3753 1753 deitas
3770 1698 3809 1753 in

2302 1789 2505 1861 hymno
2530 1790 2685 1861 cujus
2715 1801 2993 1847 auctorem
3037 1791 3305 1857 nesciunt,
3336 1806 3404 1846 an
3429 1790 3637 1848 credere
3655 1802 3807 1844 etcas-

2304 1890 2420 1937 tare
2457 1898 2579 1937 cum
2612 1885 2840 1939 suminis
2877 1884 3137 1940 caelorum
3167 1884 3482 1948 virtutibus,
3508 1891 3561 1938 et
3596 1882 3809 1938 cumbu-

2302 1983 2479 2030 torum
2527 1977 2827 2046 spiritibus,
2867 1986 3073 2033 etcum
3113 1977 3368 2034 omnibus
3404 1974 3597 2032 sanctis
3621 1974 3727 2029 viris
3744 1987 3808 2028 a-

2300 2067 2537 2135 tholicis,
2567 2069 2620 2123 ili
2672 2070 2845 2125 tribus
2890 2070 3138 2141 personis
3184 2085 3348 2124 unam
3392 2068 3595 2124 deitatis
3618 2068 3809 2122 substan-

2303 2161 2451 2226 tiam,
2487 2160 2539 2217 id
2565 2170 2649 2217 est
2676 2163 2949 2218 deitatem.
2987 2160 3219 2217 Videant
3252 2163 3416 2217 etiam
3450 2168 3616 2215 utrum
3636 2157 3810 2213 debeant

2301 2251 2453 2321 sequi
2486 2251 2851 2320 hlaSpllemias
2890 2252 3260 2318 Gothescalci,
3291 2266 3425 2322 quas
3464 2250 3527 2305 de
3558 2248 3698 2306 corde
3720 2259 3806 2310 suo,
3908 2270 3909 2319 1

2300 2344 2384 2398 vel
2416 2345 2594 2413 potius
2628 2344 2865 2417 maligno
2891 2345 3085 2415 spiritu
3116 2345 3439 2415 inspirante,
3464 2339 3808 2441 ntelldacissillte

2300 2436 2545 2508 protulit,
2577 2447 2632 2492 et
2660 2436 2917 2509 ﬁgmenta
2942 2436 3246 2502 Ratramni,
3275 2453 3396 2508 quae
3423 2434 3551 2491 falso
3572 2434 3807 2502 composuit

2300 2528 2367 2583 de
2416 2528 2570 2584 libris
2613 2527 2758 2584 beati
2801 2528 2989 2584 Hilarii
3034 2538 3089 2585 et
3138 2529 3315 2584 sancti
3354 2525 3637 2620 Augustini,
3680 2523 3807 2620 impa-

2300 2619 2514 2693 gnando
2547 2619 2852 2685 veritatem,
2898 2628 2957 2675 ut
2985 2620 3159 2676 deitas
3196 2621 3339 2675 trina
3373 2619 3592 2682 dicatur,
3631 2619 3805 2668 anien-

2302 2718 2468 2765 tatem
2516 2707 2754 2779 Spiritus
2800 2710 2994 2776 sancti,
3045 2710 3138 2779 qui
3174 2709 3389 2766 locutus
3417 2716 3498 2764 est
3537 2720 3622 2776 per
3646 2709 3805 2758 sancta

2300 2804 2613 2871 prophetas,
2646 2806 2701 2854 et
2721 2799 2993 2869 apostolos
3021 2799 3493 2871 apustolorumque
3516 2803 3802 2889 successori

2300 2891 2548 2947 dicentes
2580 2897 2636 2945 et
2664 2889 3067 2955 conﬁrmantes,
3097 2891 3225 2960 quia
3264 2899 3373 2945 tres
3395 2896 3516 2944 sunt
3537 2890 3705 2980 Silures
3723 2878 3805 2980 Tri-

2300 2986 2487 3041 nitatis
2512 2999 2779 3057 personae,
2804 2994 2859 3039 et
2886 2999 2993 3039 una
3019 2983 3212 3051 deitas,
3245 2998 3367 3054 qua:
3394 2977 3628 3037 trinitatis
3644 2977 3805 3070 est

2302 3087 2404 3133 tas.
2445 3077 2580 3133 Nam
2627 3085 2849 3132 sanctus
2869 3075 3205 3146 Augustinus
3231 3076 3289 3131 in
3317 3074 3488 3146 primo
3511 3070 3632 3125 libro
3650 3067 3704 3121 de
3721 3060 3804 3117 Tri-

2302 3164 2494 3237 nitate,
2544 3172 2702 3243 quasi
2747 3169 2816 3225 ad
2855 3168 3213 3224 Ratramnum
3260 3165 3554 3240 specialiter
3593 3154 3803 3214 confutan-

607 3249 833 3307 (licenda
855 3263 940 3310 est
963 3256 1159 3323 deitas,
1186 3273 1252 3315 eo
1267 3263 1408 3331 quod
1436 3264 1661 3336 singulis
1689 3243 1924 3339 quisque
1944 3272 1996 3326 in
2024 3273 2198 3330 tribus
2225 3243 2272 3307 (ἶ
2304 3266 2452 3332 dum.
2480 3267 2571 3336 qui
2602 3268 2667 3324 de
2696 3265 2812 3335 eius
2836 3266 2990 3323 libris
3020 3281 3175 3322 suum
3212 3262 3541 3321 mendacium
3564 3251 3682 3324 quod
3702 3247 3801 3303 πίω

598 3347 879 3413 personis,
912 3349 1075 3406 Pater
1108 3354 1359 3411 videlicet
1398 3357 1470 3413 sit
1512 3361 1675 3427 Deus,
1720 3360 1888 3419 Filius
1935 3367 2006 3422 sit
2033 3368 2195 3435 Deus,

608 3434 847 3507 Spiritus
881 3454 1101 3500 sanctus
1136 3446 1206 3501 sit
1229 3446 1393 3515 Deus,
1425 3466 1489 3506 ac
1510 3466 1609 3522 per
1634 3454 1737 3509 hoc
1766 3455 1817 3511 in
1844 3453 2004 3513 Patre
2039 3444 2199 3530 pleno

603 3542 662 3589 et
686 3538 925 3607 perfecto
954 3540 1066 3597 Deo
1091 3543 1248 3614 plena
1288 3556 1342 3602 et
1378 3549 1618 3619 perfecta
1655 3553 1725 3608 sit
1753 3555 1949 3623 deitas,
1982 3557 2034 3613 in
2062 3557 2199 3617 Filio

606 3629 769 3699 pleno
793 3641 848 3687 et
868 3635 1113 3703 perfecto
1143 3639 1254 3696 Deo
1279 3641 1435 3714 plena
1466 3654 1521 3699 et
1548 3646 1790 3715 perfecta
1822 3650 1892 3707 sit
1921 3652 2113 3717 deitas,
2142 3653 2196 3709 in

608 3719 813 3791 Spiritu
840 3736 1029 3783 sancto
1051 3728 1210 3799 pleno
1229 3742 1285 3788 et
1303 3735 1543 3806 perfecto
1574 3739 1679 3795 Deo
1699 3740 1856 3811 plena
1880 3752 1933 3798 et
1956 3744 2197 3814 perfecta

607 3814 683 3870 sit
702 3816 876 3874 deitas
905 3837 918 3874 :
945 3819 1220 3880 inveniant
1250 3827 1294 3883 si
1318 3841 1545 3898 possunt
1570 3846 1678 3902 quo
1701 3833 1917 3890 nomine
1942 3835 2029 3890 illa
2058 3837 2197 3894 trina

607 3906 783 3963 deitas
812 3908 920 3966 dici
954 3913 1129 3970 valeat
1173 3934 1301 3974 una.
1344 3919 1399 3975 Si
1449 3923 1686 3980 dixerint
1731 3926 1872 3983 trina
1921 3929 2093 3985 deitas
2145 3930 2197 3986 in

607 3998 878 4066 pérsonis,
923 4020 1026 4060 una
1067 4007 1120 4061 in
1165 4008 1387 4077 deitate,
1425 4029 1530 4069 non
1574 4019 1891 4074 constatzsi
1939 4021 2197 4090 dixerint,

609 4092 748 4147 trina
780 4094 954 4152 deitas
978 4098 1032 4154 in
1060 4104 1325 4170 personis,
1356 4120 1461 4161 una
1487 4107 1537 4161 in
1576 4110 1880 4167 substantia
1903 4112 1986 4168 vel
2015 4129 2200 4170 essen-

609 4186 698 4248 tia,
736 4188 849 4243 sive
874 4190 1157 4249 divinitate
1185 4205 1511 4266 autnatura,
1539 4216 1636 4257 nec
1660 4203 1761 4257 hoc
1786 4212 2037 4260 constare
2067 4220 2197 4261 con-

605 4288 715 4334 stat
743 4295 865 4337 esse
892 4285 1278 4342 certissimum.
1322 4289 1497 4346 Unum
1540 4293 1684 4347 enim
1727 4294 1978 4366 idemque
2006 4296 2059 4351 in
2087 4297 2199 4354 Deo

604 4379 689 4425 est
735 4380 949 4440 natura,
997 4378 1319 4445 substantia,
1371 4384 1630 4450 essentia,
1674 4384 1948 4453 divinitas,
2000 4389 2196 4446 deitas.

495 4474 513 4486 ‘
606 4462 906 4520 Fateantur
932 4483 1062 4539 ergo
1091 4485 1315 4527 necesse
1338 4482 1420 4530 est
1444 4475 1640 4531 trinum
1668 4477 1834 4534 Deum
1862 4481 1964 4537 dici
1993 4481 2045 4537 in
2075 4499 2199 4553 per-

606 4558 775 4622 sonis,
806 4575 970 4616 unnm
1002 4563 1055 4618 in
1087 4565 1289 4621 deitate
1323 4586 1334 4621 :
1371 4577 1426 4623 et
1457 4570 1725 4627 fateantur
1748 4575 1891 4644 quod
1920 4590 2026 4631 non
2056 4576 2197 4633 trina

606 4651 703 4706 sed
729 4666 837 4707 una
856 4653 934 4709 sit
967 4655 1163 4723 deitas,
1194 4674 1314 4731 quae
1359 4662 1642 4722 Trinitatis
1676 4676 1759 4723 est
1802 4669 2001 4725 unitas.
2042 4668 2197 4727 Unde

605 4752 830 4803 sanctus
871 4744 1210 4819 Ambrosius,
1244 4753 1383 4812 sicut
1424 4756 1478 4812 in
1526 4757 1678 4816 libris
1727 4761 1841 4818 suis
1889 4761 2089 4832 latius,
2121 4764 2195 4820 ita

603 4831 846 4892 breviter
874 4838 928 4894 in
958 4839 1158 4914 hymno
1179 4859 1276 4900 suo
1304 4845 1453 4914 dicit,

728 4945 807 5000 Tu
827 4949 1080 5006 Trinitatis
1096 4957 1274 5022 unitas,
1294 4959 1464 5013 orbem
1486 4969 1717 5024 potenter
1733 4966 1820 5028 qui
1847 4969 1994 5032 regis.

601 5075 670 5171 ξζι
695 5077 824 5136 item
850 5079 905 5138 in
931 5082 1039 5141 alio
1068 5085 1285 5157 hymno,

725 5186 767 5239 0
791 5187 875 5241 lux
898 5190 1042 5244 beata
1062 5193 1332 5257 Trinitatis,
1359 5205 1413 5249 et
1435 5201 1711 5265 principalis
1731 5204 1909 5255 unitas.

601 5293 754 5362 Quod
776 5298 932 5367 quasi
955 5314 1232 5372 exponens
1256 5303 1586 5377 Augustinus
1615 5307 1668 5363 in
1696 5309 1870 5379 primo
1891 5293 2030 5369 libro
2059 5311 2198 5388 (cap.
2233 5373 2240 5382 ,

599 5386 655 5460 8)
678 5386 746 5443 de
771 5399 959 5447 sancta
995 5390 1262 5451 Trinitate
1287 5395 1415 5450 dicit
1440 5415 1453 5451 :
1489 5415 1509 5449 ι
1538 5397 1819 5458 Trinitatis
1847 5403 1990 5458 enim
2022 5386 2202 5463 unitas

599 5487 683 5537 est
708 5482 883 5540 deitas
923 5483 1244 5556 incorporea
1287 5498 1341 5543 et
1376 5490 1853 5559 incommutabilis,
1890 5503 1945 5550 et
1979 5495 2199 5553 sibimet

598 5575 1102 5645 consubstantialis,
1144 5588 1198 5634 et
1236 5591 1505 5638 coreterna
1543 5592 1755 5639 natura.
1796 5606 1814 5640 ι
1862 5586 1930 5642 Et
1956 5587 2198 5645 Athana-

599 5666 716 5724 sius
755 5669 895 5727 banc
934 5672 1071 5727 dixit
1110 5689 1231 5729 esse
1274 5675 1429 5731 ﬁdem
1473 5679 1817 5745 catholicam,
1857 5691 1916 5737 ut
1945 5685 2201 5740 credatur

598 5760 729 5831 quia
770 5779 790 5813 ι
830 5763 934 5817 alia
962 5761 1131 5837 438
1153 5774 1239 5820 est
1276 5782 1508 5836 persona
1532 5770 1732 5838 Patris,
1756 5774 1857 5828 alia
1904 5775 2046 5840 Filii,
2093 5777 2197 5832 alia

601 5851 837 5927 Spiritus
858 5858 1058 5927 sancti,
1091 5859 1183 5916 sed
1215 5858 1393 5918 Patris
1428 5871 1481 5919 et
1513 5861 1636 5919 Filii
1671 5874 1724 5921 et
1766 5866 1999 5945 Spiritus
2026 5871 2196 5927 sant-ti

2301 3358 2530 3413 dicenda
2559 3358 2630 3414 sit
2656 3358 2828 3414 deitas
2856 3356 3197 3429 compilando
3235 3354 3406 3412 voluit
3429 3348 3658 3446 solidare,

2302 3451 2428 3506 ﬁdei
2458 3450 2689 3522 lapidem
2734 3453 2933 3524 posuit,
2981 3466 3146 3522 super
3174 3465 3338 3522 quem
3366 3444 3596 3502 Christus
3619 3430 3802 3531 υἱέεξξοα

2302 3556 2467 3598 manu
2493 3521 2648 3598 fortis
2666 3521 2819 3600 suam
2847 3521 3091 3598 fundavit
3115 3521 3434 3600 Ecclesiam,
3463 3543 3515 3591 et
3535 3544 3628 3602 quo

2303 3636 2672 3708 designantem
2691 3637 2984 3704 diabolum,
3005 3636 3160 3706 cujus
3181 3633 3391 3692 insania
3416 3638 3587 3687 omnes
3606 3612 3800 3675 antichri-

2303 3731 2395 3796 sti,
2429 3730 2482 3785 id
2508 3739 2595 3786 est
2629 3729 2891 3796 haeretici,
2919 3730 3107 3802 repleti
3133 3730 3444 3800 loquuntur,
3472 3721 3521 3776 in
3545 3716 3689 3771 fronte
3715 3714 3801 3804 ΡΤ

2303 3792 2495 3887 cussit,
2532 3837 2632 3893 pro
2665 3836 2723 3876 se
2745 3830 2801 3877 et
2825 3837 2924 3893 pro
2944 3792 3199 3876 omnibus
3227 3813 3519 3877 catholicis,
3547 3792 3795 3902 quoruoln‘ll:

2301 3912 2429 3967 bros
2467 3914 2533 3968 de
2573 3912 2678 3969 lide
2702 3923 2904 3970 sancta:
2934 3912 3218 3969 Trinitatis
3257 3913 3474 3982 legerat,
3501 3895 3799 3988 contra

2302 4004 2652 4077 protulit(lib.
2679 4020 2696 4058 ι
2722 4005 2787 4059 de
2816 4004 2987 4071 Trin.,
3017 4022 3135 4073 cap.
3162 4004 3241 4076 4),
3270 4003 3475 4059 dicens:
3503 3989 3799 4121 «2:131:

2309 4099 2418 4121 -.-ει
2478 4113 2607 4121 κη..-
2635 4097 2811 4121 l-,_-_-
2840 4097 2985 4121 ...Αιηξ
3050 4095 3137 4121 ,ηιξ
3173 4104 3298 4121 Ann-
3337 4105 3420 4121 mn
3447 4100 3543 4121 cnl‘l
3624 4120 3627 4121 ,

2304 4099 2441 4168 quit,
2473 4113 2610 4170 quos
2635 4097 2815 4170 legere
2840 4097 3014 4167 potui,
3047 4095 3140 4168 qui
3171 4104 3300 4151 ante
3337 4105 3420 4148 me
3447 4079 3729 4154 scripserunt

2304 4166 2574 4246 Trinitate
2599 4166 2718 4261 quae
2741 4166 2882 4245 Deus
2907 4198 3011 4255 est,
3036 4166 3337 4244 divinorum
3365 4182 3600 4237 librorum
3622 4166 3799 4261 veterni

2303 4295 2361 4342 et
2404 4252 2668 4341 novorum
2721 4252 3349 4340 catholicistractatores
3392 4278 3489 4333 hoc
3531 4252 3799 4357 intenti}???

2304 4378 2598 4434 secundum
2627 4375 2937 4448 Scripturas
2966 4377 3182 4443 docere,
3215 4372 3356 4447 quod
3384 4345 3799 4469 Pater,-

2303 4479 2358 4525 et
2380 4468 2616 4540 Spiritus
2643 4444 2867 4524 sanctus
2891 4467 3053 4523 unius
3078 4444 3425 4537 ejusdemque
3441 4444 3780 4545 substituunt-il:

2307 4536 2594 4634 separabili
2645 4560 2956 4632 aequalitate
2994 4560 3235 4616 divinam
3284 4536 3800 4670 insinnucptjnmmz

2306 4628 2537 4726 ideoque
2562 4668 2670 4709 non
2693 4628 2803 4709 sint
2833 4662 2945 4709 tres
2971 4651 3070 4720 dii,
3100 4652 3199 4709 sed
3214 4663 3350 4752 unus
3374 4628 3799 4761 Densi

2304 4725 2473 4819 igitur
2515 4744 2869 4801 venerabiles.
2907 4743 3108 4800 fratres
3150 4740 3319 4801 nostri
3361 4725 3783 4855 monachsrzlzlx:

2304 4841 2462 4915 giosi,
2494 4842 2639 4913 quod
2670 4840 2810 4897 idem
2840 4841 3032 4897 beatus
3073 4837 3402 4945 Augustinus
3424 4820 3796 4945 3.52:2:an

2306 4911 2664 4989 Trinitidicit
2686 4933 2825 5038 (ean
2859 4931 2943 5005 l);
2976 4950 2995 4984 ι
3028 4911 3796 5038 De.credendislz°jﬂflﬁiﬁﬂfégg

2305 5026 2628 5083 inﬁdelitate
2655 5000 2983 5092 dubitem-us,
3015 5025 3083 5081 de
3110 5013 3462 5093 intelligendis
3492 5000 3615 5062 nulla
3638 5000 3766 5093 ιεξιῗθξ

2208 5141 2219 5150 -
2306 5078 3501 5173 easiness.Enni;tamen...
3537 5078 3795 5173 tenendae

2309 5213 2396 5270 bis
2418 5213 2985 5285 veritasexquirenda.
3018 5232 3037 5266 ι
3068 5212 3365 5285 Exquirant
3384 5208 3504 5268 etii0
3524 5198 3607 5285 Per

2309 5252 2396 5270 ...ο
2427 5252 2985 5285 νι....ιισυιιιωιυιιυυ·
3018 5252 3036 5266 ι
3068 5252 3365 5311 “Mr-"'1'"
3388 5252 3470 5268 ""
3524 5252 3549 5291 ’.
3623 5252 3794 5322 debeant

2308 5323 2402 5364 eos
2424 5309 2675 5365 doctores
2700 5307 2841 5363 hanc
2865 5306 3152 5363 veritatem
3177 5301 3401 5376 illlam"
3426 5289 3790 5402 “Triduum

2307 5363 2390 5457 uel
2407 5363 2689 5457 Trinitatis
2730 5401 2954 5466 deitate,
2971 5400 3237 5500 .videlicet
3260 5396 3326 5451 de
3358 5363 3790 5500 sauﬁlfnznzmx

2307 5496 2540 5562 unitate,
2572 5504 2626 5551 et
2654 5481 2998 5550 catholicanl'
3014 5500 3231 5548 teneant
3269 5470 3788 5600 ξιυςιᾚίῗέέΐὲῐέἑ

2307 5596 2605 5659 sequantur
2621 5584 2762 5640 male
2774 5583 3120 5640 sentientium
3134 5578 3477 5690 praV'itaw1;
3477 5563 3787 5690 ἱῗξέιὲἒὲἱίωῆ

2306 5656 2682 5751 Pertinaciter.
2702 5676 2747 5733 si
2774 5675 2903 5747 Quid
2929 5675 3192 5729 hactenus
3215 5682 3323 5785 nonA
3336 5656 3787 5785 εθηῖίίᾞιϊςᾜω,

2307 5742 2402 5830 sed
2429 5774 2719 5828 andiantet
2736 5742 3031 5828 exaudiant
3061 5771 3272 5825 beatum
3292 5742 3627 5825 Augustinum.

2560 5865 2710 5881 ’⁸⁵⁸
2846 5874 2857 5881 ‘
2970 5880 2977 5881 ί
3090 5880 3103 5881 κ
3134 5880 3140 5881 κ
3166 5869 3322 5881 ηιμ-ιι
3349 5850 3396 5881 in
3419 5832 3617 5881 tramam

2307 5882 2524 5946 cnidius
2545 5865 2714 5943 439
2741 5874 2988 5923 nostrum
3022 5869 3323 5921 monentem
3349 5850 3396 5907 in
3418 5840 3617 5900 ιτπιαιυ
3639 5840 3789 5889 Pw"
