3998 6336
624 367 731 422 505

1571 362 1908 420 lllNCMARl
1947 363 2340 422 RHEMENSIS
2378 366 2894 428 ARCHIEPISCOPI
3731 385 3808 444 504

624 483 904 554 inquiens.
931 483 1277 541 dilectionem
1313 495 1460 540 tuam
1501 484 1752 539 convenit
1781 499 2117 556 pracavere,
2159 491 2219 538 ut
2245 482 2298 543 A
2323 493 2442 539 cata
2473 501 2592 555 quae
2613 503 2712 558 per
2738 487 3019 544 consilium
3042 497 3434 560 perpetrantur,
3459 507 3555 550 non
3578 503 3669 552 tam
3685 515 3808 570 prava

620 585 822 647 prater
849 591 944 631 eos
987 576 1080 646 qui
1127 585 1255 632 sunt
1297 575 1497 631 domini
1530 577 1876 641 sacerdotes,
1909 575 2088 632 nullus
2107 575 2210 631 sibi

622 671 847 726 docendi
877 679 932 726 ct
954 670 1282 740 pradicandi
1301 669 1394 740 jus
1423 671 1619 727 audeat
1645 671 1952 738 vindicare,
1984 671 2097 726 sive
2123 669 2212 726 ille

621 764 919 819 monachus
941 805 955 828 ,
987 763 1100 820 sive
1127 765 1199 820 sit
1229 765 1394 820 laicus
1418 806 1434 832 ,
1479 766 1570 837 qui
1604 766 1830 838 alicujus
1853 765 2092 822 scientia
2115 779 2211 821 no-

620 854 769 909 mine
799 855 1095 924 glorietur:
1129 857 1255 927 quia
1300 865 1354 912 et
1390 858 1435 913 si
1477 859 1768 928 optandum
1792 867 1903 925 est,
1933 866 1993 914 ut
2021 872 2210 916 omnes

619 946 877 1003 Ecclesia
907 947 1000 1003 ﬁlii
1044 964 1163 1020 qua
1200 959 1349 1006 recta
1394 960 1448 1006 et
1493 967 1624 1007 sana
1664 962 1793 1008 sunt
1833 953 2075 1024 sapiant,
2100 967 2209 1008 non

621 1046 799 1095 tamen
842 1042 1270 1110 permittendum
1321 1051 1406 1098 est
1445 1053 1506 1098 ut
1532 1045 1817 1116 quisquam
1847 1053 2000 1118 extra
2027 1059 2210 1099 sacer-

617 1135 855 1192 dotalem
877 1137 1122 1194 ordinem
1151 1139 1476 1195 constitutus
1501 1140 1726 1210 gradum
1755 1139 1857 1195 sibi
1890 1137 2209 1209 praedicato-

616 1224 694 1278 ris
739 1237 1018 1293 assumat,
1067 1245 1189 1284 cum
1234 1229 1289 1284 in
1338 1231 1574 1286 Ecclesia
1627 1233 1719 1287 Dei
1746 1231 1929 1286 omnia
1953 1231 2207 1287 ordinata

615 1327 738 1370 esse
768 1319 1085 1386 conveniat,
1122 1329 1181 1374 ut
1207 1323 1261 1376 in
1287 1338 1396 1377 uno
1423 1322 1622 1378 Christi
1652 1338 1910 1394 corpore,
1942 1331 1996 1377 et
2023 1321 2204 1378 excel-

616 1406 845 1464 lentiora
867 1413 1108 1467 membra
1131 1415 1288 1468 suum
1311 1414 1545 1471 ollicium
1568 1415 1844 1487 impleant,
1867 1425 1922 1471 et
1949 1412 2205 1470 inferiora

615 1501 989 1571 superioribus
1012 1521 1120 1561 non
1135 1507 1420 1563 resultent.
1451 1527 1470 1561 ι

684 1591 895 1649 Debent
920 1610 1050 1666 ergo
1096 1595 1294 1654 fratres
1343 1615 1407 1654 ac
1454 1599 1548 1654 ﬁlii
1594 1601 1763 1657 nostri
1801 1602 2070 1668 monachi,
2102 1601 2204 1658 viri

613 1681 873 1754 religiosi,
899 1688 1180 1744 attendere
1205 1690 1558 1760 professionis
1587 1709 1697 1748 sua
1724 1687 1986 1766 regulam,
2015 1695 2070 1750 in
2095 1710 2203 1766 qua

610 1776 874 1848 scriptum
904 1789 1025 1834 est:
1060 1779 1298 1838 Octavus
1326 1783 1650 1841 humilitatis
1675 1789 1873 1858 gradus
1895 1797 2008 1855 est,
2052 1789 2095 1844 si
2123 1789 2202 1843 ni-

609 1865 691 1923 hil
714 1879 841 1939 agat
863 1873 1194 1938 monachus,
1241 1874 1346 1930 nisi
1377 1876 1518 1945 quod
1547 1880 1850 1934 communis
1886 1881 2202 1936 monasterii
2232 1849 2278 1909 Β

609 1964 828 2036 regula,
859 1967 944 2022 vel
979 1967 1246 2050 majorum
1285 1971 1639 2028 cohortantur
1666 1973 1948 2043 exempla:
1979 1983 2065 2039 et,
2103 1990 2204 2029 no-

606 2069 714 2112 nus
749 2056 1069 2114 humilitatis
1095 2061 1295 2129 gradus
1319 2070 1425 2131 est,
1448 2063 1493 2118 si
1520 2063 1758 2134 linguam
1784 2067 1851 2120 ad
1877 2066 2204 2136 loquendum

600 2149 895 2221 prohibeat
915 2154 1235 2222 monachus,
1253 2165 1308 2212 et
1333 2157 1756 2214 taciturnitatem
1781 2160 2005 2226 habens,
2035 2174 2208 2230 usque

605 2242 680 2298 ad
705 2243 1191 2318 interrogationem
1222 2265 1329 2305 non
1356 2249 1627 2322 loquatur.
1671 2252 1730 2308 Si
1755 2262 1936 2308 autem
1963 2252 2204 2309 necessi-

601 2343 692 2391 tas
722 2337 952 2394 docendi
999 2341 1317 2410 parochiam
1367 2345 1611 2416 exegerit
1648 2353 1708 2399 ut
1748 2360 1848 2416 per
1893 2345 2206 2402 sacerdotes

599 2430 902 2487 monachos
922 2433 1152 2489 verbum
1178 2434 1275 2490 ﬁat
1311 2435 1380 2490 ad
1407 2437 1662 2506 populum
1684 2477 1699 2504 ,
1721 2437 2008 2509 episcopus
2036 2445 2090 2494 et
2119 2452 2206 2494 sa-

596 2521 830 2578 nitatem
855 2539 1074 2593 sensus,
1097 2535 1154 2582 et
1175 2528 1500 2586 catholicam
1533 2529 1717 2596 ﬁdem,
1739 2541 1903 2602 atque
1929 2531 2206 2603 religionis

597 2613 962 2686 disciplinam,
989 2628 1047 2675 et
1072 2619 1395 2679 humilitatis
1427 2622 1686 2680 virtutem
1703 2665 1719 2692 ,
1757 2640 1821 2681 ac
1846 2632 2048 2681 sanctae
2070 2639 2201 2681 con-

595 2708 927 2765 versationis
953 2709 1303 2780 soliditatem,
1337 2713 1393 2769 in
1424 2714 1507 2771 eis
1532 2715 1765 2783 probare
1792 2717 1987 2784 debet,
2031 2725 2089 2773 et
2121 2717 2204 2772 sic

597 2798 666 2854 ad
681 2799 942 2859 doctrina
962 2801 1196 2860 ofﬁcium
1209 2821 1526 2876 provocare.
1550 2807 1667 2864 Non
1692 2810 1971 2879 provocati
1995 2819 2200 2882 autem,

598 2889 909 2949 nullatenus
933 2894 1039 2951 hoc
1069 2897 1214 2967 quod
1238 2897 1342 2956 sibi
1371 2915 1481 2956 non
1514 2899 1817 2972 injungitur
1845 2916 1956 2957 non
2003 2902 2203 2957 debent

598 2996 882 3040 assumere
907 3025 923 3050 ,
954 2994 1012 3041 et
1039 2985 1088 3042 si
1119 2987 1442 3058 deprehensi
1483 2988 1688 3046 fuerint
1715 2999 1810 3045 aut
1847 3007 2016 3063 prava
2047 2978 2204 3046 doce-

598 3084 680 3138 re,
712 3082 806 3129 aut
835 3075 1028 3131 nociva
1057 3087 1394 3147 monstrare,
1427 3089 1521 3136 aut
1554 3082 1621 3138 de
1658 3082 1905 3138 doctrina
1935 3084 1991 3138 in
2020 3082 2202 3154 aliquo

594 3167 896 3238 superbire,
928 3167 1128 3226 debent
1152 3172 1221 3228 ab
1242 3173 1434 3228 eodem
1465 3171 1642 3230 oﬁicio
1673 3175 1971 3241 removeri,
1997 3191 2196 3247 usque-

2320 574 2461 632 facta
2491 579 2752 636 Dominus
2775 622 2790 646 ,
2831 596 2994 652 quam
3039 582 3215 638 studia
3250 582 3516 654 pravitatis
3537 588 3806 661 insequitur.

2318 668 2376 724 ln
2401 669 2559 726 factis
2583 673 2726 728 enim
2751 688 2891 745 sape
2914 673 3255 739 infirmitate,
3293 692 3431 748 sape
3449 679 3726 751 negligentia
3744 684 3812 741 de-

2317 760 2600 833 linquitur,
2634 765 2688 819 in
2713 765 2906 822 studiis
2928 781 3058 821 vero
3077 767 3343 824 malitiosa
3363 785 3563 841 semper
3579 773 3813 834 intentione

2316 867 2591 926 peccatur.
2633 856 2750 925 Quo
2794 869 2983 915 contra
3034 869 3180 915 recte
3223 860 3366 916 beati
3405 861 3503 917 viri
3535 866 3812 934 expressione

2315 965 2412 1020 per
2430 953 2746 1022 prophetam
2770 953 2990 1019 dicitur,
3021 962 3069 1008 et
3098 954 3155 1008 in
3187 951 3431 1010 cathedra
3459 956 3722 1022 pestilentia:
3737 976 3812 1014 non

2315 1043 2448 1096 sedit
2493 1039 2664 1114 (Psat.
2694 1060 2732 1110 ι,
2762 1045 2838 1114 1).
2883 1043 3152 1100 Cathedra
3187 1044 3381 1115 quippe
3412 1045 3594 1117 iudicis
3627 1063 3727 1105 esse
3752 1051 3814 1106 vel

2315 1133 2654 1204 prasidentis
2677 1133 2838 1190 'solet.
2878 1136 2936 1190 In
2977 1135 3235 1192 cathedra
3263 1145 3440 1192 autem
3463 1137 3735 1208 pestilentia
3753 1157 3815 1197 εει

2313 1224 2443 1278 dere
2469 1232 2552 1279 est
2577 1239 2643 1279 ex
2665 1223 2871 1293 judicio
2888 1243 3055 1298 prava
3078 1227 3444 1295 committere,
3485 1237 3538 1284 et
3566 1244 3623 1285 es
3656 1231 3815 1289 ratione

2314 1314 2477 1379 mala,
2506 1314 2816 1372 discernere
2839 1357 2854 1383 ,
2906 1325 2960 1372 et
2989 1325 3169 1373 tamen
3192 1332 3262 1373 ex
3289 1317 3648 1376 deliberatione
3674 1335 3815 1392 perpe-

2314 1414 2480 1461 trare.
2521 1407 2686 1474 Quasi
2728 1407 2782 1462 in
2813 1409 3057 1478 perversi
3083 1409 3298 1466 consilii
3320 1410 3566 1466 cathedra
3589 1411 3732 1477 sedet,
3749 1413 3814 1482 qui

2311 1505 2460 1552 tanta
2485 1497 2788 1568 iniquitatis
2807 1499 3038 1556 elatione
3059 1501 3342 1568 attollitur,
3372 1509 3431 1557 ut
3449 1501 3651 1574 implere
3667 1504 3813 1560 malum

2310 1593 2475 1647 etiam
2516 1608 2614 1663 per
2657 1593 2942 1650 consilium
2971 1603 3222 1650 conetur.
3251 1594 3321 1650 Et
3349 1594 3487 1651 sicut
3511 1595 3814 1653 assistentibus

2311 1685 2485 1740 turbis
2510 1685 2770 1756 praelati,
2798 1694 2926 1743 sunt
2949 1687 3041 1757 qui
3062 1687 3334 1743 cathedra
3354 1686 3549 1743 honore
3565 1685 3813 1751 iniciuntur,

2311 1775 2386 1831 ita
2417 1777 2611 1833 delicta
2640 1794 2828 1834 eorum
2861 1780 2952 1850 qui
2995 1779 3421 1851 pracipitalione
3457 1788 3716 1845 corruunt,
3746 1796 3814 1834 ex-

2307 1871 2508 1942 quisita
2551 1886 2648 1942 per
2692 1872 2931 1927 studium
2974 1881 3198 1944 peccata
3236 1873 3627 1929 transcendunt.
3668 1872 3815 1926 Admo-

2308 1963 2470 2018 nendi
2511 1971 2640 2018 sunt
2681 1977 2845 2034 ergo,
2891 1973 2953 2018 ut
2988 1963 3119 2020 hinc
3152 1963 3411 2035 colligant
3447 1964 3534 2033 qui
3562 1963 3609 2018 in
3634 1963 3814 2034 culpast

2307 2055 2470 2109 etiam
2512 2070 2610 2125 per
2644 2053 2930 2110 consilium
2967 2054 3168 2125 ligant,
3201 2063 3405 2134 quanta
3429 2063 3551 2110 tunc
3579 2054 3743 2110 ultione
3764 2053 3814 2108 le-

2307 2145 2482 2200 riendi
2509 2154 2666 2211 sunt,
2713 2146 2804 2216 qui
2833 2161 2979 2201 nunc
3007 2161 3304 2217 pravorum
3331 2162 3437 2204 non
3461 2147 3584 2203 socii
3608 2145 3686 2202 sed
3711 2147 3816 2217 prin-

2307 2237 2455 2308 cipes
2484 2237 2638 2292 ﬁunt.
2675 2256 2693 2289 s
2729 2237 2971 2308 Denique
2993 2239 3062 2304 si,
3085 2238 3231 2308 quod
3253 2238 3420 2306 absit,
3455 2238 3634 2308 aliquis
3665 2237 3720 2293 de
3743 2236 3816 2291 ln-

2307 2332 2480 2388 tribus
2509 2331 2715 2387 nostris
2735 2330 2860 2386 hinc
2881 2346 2979 2402 pro
2998 2330 3266 2393 .ﬁnalitate
3290 2331 3496 2404 hymni,
3519 2331 3646 2386 unde
3667 2331 3815 2398 absque

2306 2423 2415 2478 ulla
2443 2423 2771 2479 necessitate
2800 2431 2990 2479 exorta
3031 2431 3116 2478 est
3143 2424 3247 2480 ista
3283 2424 3553 2481 cervicosa
3578 2423 3814 2486 contentio,

2307 2518 2505 2572 trinam
2533 2517 2788 2572 deitatem
2821 2517 3181 2584 defendendo,
3211 2517 3302 2572 vel
3326 2518 3393 2574 de
3422 2516 3814 2589 pradestinatione

2307 2619 2620 2666 sanctorum
2647 2619 2703 2665 et
2729 2609 3006 2666 relictione
3041 2611 3426 2681 reproborum,
3455 2609 3538 2666 vel
3563 2609 3684 2681 quod
3716 2607 3814 2663 Deus

2307 2719 2416 2759 non
2442 2703 2558 2759 vult
2580 2718 2769 2760 omnes
2797 2702 3048 2759 homines
3087 2702 3266 2760 salvos
3290 2703 3441 2770 ﬁeri,
3474 2714 3525 2759 et
3557 2718 3652 2758 non
3675 2702 3729 2756 sit
3747 2713 3814 2769 pro

2307 2796 2561 2853 omnibus
2594 2795 2843 2851 Christus
2872 2809 3086 2864 passus,
3121 2811 3247 2851 cum
3269 2795 3417 2852 dicat
3441 2794 3626 2851 Paulus
3659 2800 3815 2863 aposto-

2307 2893 2411 2959 lus,
2439 2892 2581 2949 Deus
2609 2908 2785 2946 omnes
2816 2891 3051 2945 homines
3071 2889 3180 2945 vult
3203 2889 3384 2946 salvos
3412 2889 3529 2960 ﬁeri
3558 2887 3622 2960 (Ι
3645 2886 3750 2940 Tim.
3770 2899 3813 2948 ιι,

2305 2983 2384 3051 4),
2412 2991 2469 3039 et
2493 2981 2705 3050 Petrus,
2737 2983 2862 3054 quia
2892 2984 3150 3038 neminem
3185 2984 3297 3040 vult
3324 2984 3509 3056 perire.
3551 2982 3610 3037 Et
3633 2981 3724 3053 ipse
3743 2977 3815 3033 Do-

2307 3073 2486 3130 minus
2509 3089 2606 3144 per
2628 3073 2956 3144 Prophetam
2977 3113 2992 3137 ,
3033 3071 3161 3129 Vivo
3189 3090 3288 3146 ego
3309 3115 3324 3141 ,
3353 3073 3475 3146 quia
3510 3072 3620 3129 nolo
3654 3078 3812 3125 mortem

2305 3169 2592 3237 peccatoris
2608 3209 2622 3234 ,
2655 3183 2776 3224 cum
2795 3166 2949 3238 juxta
2973 3165 3294 3237 Apostolum
3317 3182 3503 3223 omnes
3523 3160 3810 3238 peccaverint,

594 3231 722 3312 du-m
750 3273 849 3330 per
873 3231 1204 3319 humilitatis
1231 3263 1660 3321 satisfactionem
1690 3265 2040 3322 inveniantur
2071 3231 2194 3324 cor-
2220 3231 2265 3296 Ο
2296 3260 2365 3316 Et
2393 3261 2461 3316 ad
2485 3259 2822 3316 Hierusalem
2849 3259 3145 3315 Dominus:
3174 3259 3396 3326 ραοιῖεε
3418 3258 3549 3314 volui
3573 3267 3812 3326 εοηθνεςατο

591 3350 725 3405 recti
754 3368 767 3406 :
800 3351 927 3423 quia
954 3352 1036 3410 sic
1073 3361 1128 3410 et
1163 3353 1400 3426 Spiritus
1445 3367 1670 3412 sanctus
1704 3373 1806 3428 per
1828 3373 1890 3414 os
1918 3359 2062 3415 beati
2092 3360 2192 3415 Be-

589 3442 794 3509 nedicti
843 3445 900 3500 in
951 3447 1139 3520 regula
1191 3446 1260 3502 ab
1300 3463 1366 3504 eo
1407 3449 1735 3518 constituta,
1778 3452 1846 3508 de
1890 3451 2192 3510 artiﬁcibus

589 3537 912 3591 monasterii
967 3537 1254 3609 cujuslibet
1299 3540 1433 3595 artis
1481 3542 1727 3614 praecipit
1777 3558 1937 3615 agere
1970 3562 1984 3599 :
2014 3553 2071 3599 et
2118 3545 2187 3610 si,

591 3627 739 3698 quod
790 3627 953 3695 absit,
1012 3630 1214 3702 quique
1258 3633 1459 3703 reperti
1507 3630 1739 3702 fuerint,
1783 3635 2077 3706 quoniam,
2127 3643 2191 3691 ut

590 3721 855 3792 scriptum
890 3731 993 3791 est,
1024 3733 1081 3780 et
1107 3725 1161 3780 in
1189 3727 1396 3799 angelis
1424 3737 1639 3798 reperta
1669 3738 1754 3785 est
1793 3729 2058 3801 nequitia,
2094 3730 2187 3801 qui

586 3813 649 3869 in
695 3824 1040 3888 contemptus
1085 3819 1242 3891 culpa
1284 3835 1348 3875 ex
1395 3821 1624 3878 consilio
1669 3821 1826 3894 ligari
1870 3821 2187 3889 maluerint,

589 3906 918 3964 admonendi
963 3920 1091 3966 sunt
1134 3927 1202 3968 ex
1243 3914 1431 3985 regula
1470 3915 1730 3986 pastorali
1769 3916 1914 3978 beati
1941 3915 2186 3987 Gregorii

588 3997 760 4068 (parte
782 4015 842 4055 tu
860 4041 874 4066 ,
907 4018 1024 4073 cap.
1050 4002 1195 4075 55),‹
1215 4016 1484 4075 quatenus
1507 4006 1730 4077 provida
1753 4007 2188 4065 consideratione

583 4092 962 4161 perpendam,
1012 4095 1140 4166 quia
1178 4097 1306 4152 dum
1343 4099 1483 4155 mala
1514 4116 1582 4156 ex
1605 4099 1810 4170 judicio
1848 4101 2074 4167 faciunt,
2105 4103 2187 4158 di-

585 4182 831 4240 strictius
860 4195 1050 4242 contra
1083 4203 1142 4244 se
1159 4188 1427 4260 judicium
1459 4192 1792 4260 accendunt,
1820 4201 1880 4248 ut
1911 4201 2061 4249 tanto
2092 4208 2186 4250 eos

587 4272 776 4330 durior
797 4278 1065 4333 sententia
1097 4277 1288 4346 feriat,
1312 4291 1519 4351 quanto
1551 4281 1672 4339 illos
1703 4283 1758 4338 in
1796 4283 1953 4353 culpa
1981 4285 2186 4340 arctius

583 4365 800 4423 vincula
831 4369 1240 4426 deliberationis
1265 4371 1454 4443 ligant.
1509 4372 1684 4430 Citius
1716 4374 1955 4432 fortasse
1989 4375 2184 4432 delicta

583 4458 902 4527 paenitendo
939 4461 1262 4528 abluerent,
1307 4465 1351 4518 si
1380 4465 1436 4521 in
1483 4465 1570 4522 his
1601 4466 1716 4522 sola
1754 4468 2186 4538 pracipitatioue

585 4551 932 4607 cecidissent.
985 4551 1122 4608 Nam
1159 4554 1369 4612 tardius
1405 4567 1694 4626 peccatum
1732 4558 1979 4626 solvitur,
2039 4559 2184 4630 quod

582 4656 685 4711 per
711 4641 996 4698 consilium
1026 4645 1315 4703 solidatur.
1362 4646 1478 4704 Nisi
1506 4647 1654 4704 enim
1686 4664 1842 4706 mens
1867 4650 2181 4707 omnimodo

583 4745 788 4792 aeterna
822 4736 1126 4810 despiceret
1151 4781 1168 4808 ,
1217 4740 1274 4796 in
1299 4739 1457 4813 culpa
1495 4759 1564 4802 ex
1583 4741 1792 4812 judicio
1818 4761 1926 4802 non
1952 4746 2178 4816 periret.

580 4825 699 4885 Hac
744 4842 875 4901 ergo
921 4830 1354 4903 praecipitatione
1396 4832 1553 4904 lapsi,
1587 4851 1686 4906 per
1733 4834 2018 4892 consilium
2052 4851 2181 4907 per-

581 4927 772 4976 euntes
834 4919 1127 4990 differunt,
1188 4923 1316 4994 quia
1376 4940 1500 4981 cum
1546 4925 1603 4981 hi
1649 4926 1718 4983 ab
1766 4936 1914 4983 statu
1954 4926 2181 4997 justitia

577 5013 858 5083 peccando
885 5015 1200 5083 concidunt,
1226 5017 1547 5090 plerumque
1575 5019 1738 5076 simul
1761 5028 1816 5076 et
1846 5021 1901 5076 in
1924 5019 2179 5091 laqueum

580 5107 978 5179 desperationis
1008 5113 1230 5179 cadunt,
1260 5122 1317 5169 et
1348 5129 1379 5170 a
1401 5115 1588 5170 radice
1617 5115 1731 5186 spei
1760 5114 2005 5172 funditus
2030 5115 2178 5172 evel—

579 5195 783 5253 luntur.
824 5199 963 5257 Hinc
986 5209 1072 5257 est
1099 5202 1246 5273 quod
1273 5217 1374 5275 per
1394 5203 1718 5274 prophetam
1749 5202 2030 5272 Dominus,
2071 5220 2182 5262 non

577 5296 693 5344 tam
724 5293 1216 5364 pracipitationum
1257 5311 1428 5366 prava
1458 5312 1623 5368 quam
1653 5297 1976 5372 delictorum
2003 5299 2183 5356 studia

577 5384 960 5453 reprehendit,
999 5387 1185 5444 dicens
1214 5406 1229 5444 :
1263 5387 1390 5445 Non
1418 5391 1554 5462 forte
1599 5391 1929 5463 ingrediatur
1961 5402 2018 5446 ut
2047 5394 2184 5465 ignis

573 5475 872 5547 indignatio
904 5495 1022 5533 mea
1065 5489 1114 5534 et
1154 5483 1470 5538 succedatur
1493 5525 1508 5550 ,
1558 5494 1605 5538 et
1644 5501 1746 5538 non
1776 5485 1953 5553 sitqui
1984 5485 2178 5540 exstin-

575 5578 702 5638 guat
753 5582 966 5642 propter
1009 5573 1269 5630 malitiam
1308 5577 1604 5632 studiorum
1667 5588 1953 5632 vestrorum
2018 5577 2176 5652 (Jer.
2223 5621 2227 5634 .

576 5679 655 5727 ιν,
685 5664 760 5734 4).
803 5664 939 5723 llinc
970 5669 1169 5725 iterum
1200 5670 1372 5726 iratus
1406 5671 1540 5726 dicit
1575 5687 1588 5726 :
1647 5669 1877 5727 Visitabo
1906 5689 2064 5744 super
2088 5689 2178 5728 vos

560 5757 732 5826 juxta
774 5757 1006 5826 fructum
1067 5763 1362 5817 studiorum
1402 5771 1688 5833 vestrorum
1751 5762 1887 5836 (Jer.
1920 5780 2034 5830 ΧΠ,
2063 5763 2175 5837 14).

553 5849 843 5919 Quoniam
874 5852 1038 5924 igitur
1062 5852 1226 5928 M2
1256 5870 1287 5912 a
1322 5857 1561 5928 peccatis
1600 5855 1720 5912 aliis
1759 5855 2015 5916 dill‘erunt
2051 5873 2178 5931 pec-

2293 3351 2434 3422 ﬂlios
2465 3362 2615 3418 tuos,
2664 3361 2713 3406 et
2745 3349 3002 3406 noluisti?
3051 3349 3285 3420 (Matth.
3317 3365 3480 3415 xxnt,
3518 3347 3621 3418 57.)
3648 3344 3700 3401 Et
3721 3343 3809 3398 item

2294 3443 2522 3502 Paulus:
2557 3443 2617 3500 Si
2653 3443 2898 3499 Christus
2937 3460 3032 3515 pro
3062 3445 3308 3499 omnibus
3349 3453 3579 3498 mortuus
3605 3449 3697 3504 est,
3725 3449 3810 3505 ergo

2294 3555 2471 3593 omnes
2501 3538 2695 3592 mortui
2724 3546 2869 3603 sunt,
2897 3545 2947 3592 et
2973 3553 3068 3607 pro
3097 3536 3344 3611 omnihus
3374 3544 3598 3590 mortuus
3618 3538 3681 3586 est
3697 3524 3809 3582 Chri-

2291 3642 2426 3698 stus,
2459 3643 2512 3685 ut
2539 3631 2630 3703 qui
2653 3631 2826 3686 vivunt
2849 3629 2972 3701 jam
3000 3645 3104 3684 non
3132 3628 3234 3684 sibi
3261 3630 3458 3695 vivant,
3483 3627 3568 3683 sed
3592 3626 3632 3680 ei
3657 3622 3727 3694 qui
3743 3633 3808 3689 pro

2292 3723 2531 3778 omnibus
2563 3732 2801 3778 mortuus
2831 3731 2906 3777 est
2958 3720 3047 3794 (II
3082 3719 3207 3776 Cor.
3235 3736 3297 3789 v,
3330 3721 3439 3793 14).
3481 3719 3546 3774 Et
3571 3725 3724 3773 contra
3745 3711 3809 3766 do-

2290 3815 2522 3872 ctrinam
2566 3814 2918 3885 apostolicam
2949 3814 3016 3870 de
3045 3813 3394 3884 baptismatis
3423 3816 3747 3869 sacramento,
3770 3800 3808 3901 in

2291 3922 2399 3978 quo
2433 3906 2578 3962 nulla
2603 3915 2688 3963 est
2709 3906 2965 3962 discretio
2991 3913 3308 3962 renatorum
3331 3947 3348 3975 ,
3387 3920 3486 3977 pro
3513 3901 3682 3974 quibus
3704 3907 3808 3990 capt:

2292 3998 2420 4069 tulis
2462 4006 2653 4054 contra
2697 3997 3023 4053 catholicam
3065 3995 3226 4052 ﬁdem
3251 4038 3269 4063 ,
3311 4005 3368 4053 et
3411 3993 3685 4052 doctrinam
3706 3987 3807 4041 beati

2289 4089 2580 4159 Augustini
2617 4089 2672 4144 in
2699 4087 2840 4144 libro
2865 4086 3323 4160 quorreptione
3363 4095 3420 4142 et
3458 4082 3656 4145 Gratia,
3680 4082 3736 4130 et
3763 4070 3808 4124 de

2263 4180 2778 4239 .Pradestinatione
2801 4187 3137 4245 sanctorum,
3169 4192 3234 4234 ac
3261 4178 3414 4234 Bono
3433 4163 3806 4248 perseverantiae.

2290 4286 2450 4346 atque
2475 4273 2931 4345 Hypomnesticon
2951 4313 2965 4339 ,
2994 4282 3050 4328 et
3075 4279 3266 4328 contra
3302 4270 3517 4327 decreta
3547 4261 3696 4323 sancti
3721 4255 3807 4313 Ca:

2257 4367 2469 4424 -lestini
2498 4382 2689 4440 papa,
2733 4382 2802 4422 ex
2835 4363 2991 4434 cujus
3035 4357 3374 4436 delegatione
3415 4361 3596 4418 beatus
3635 4353 3808 4419 Ρωενει

2254 4494 2264 4501 -
2288 4461 2417 4517 hinc
2427 4469 2674 4518 exortam
2689 4459 2941 4516 haeresim
2959 4472 3059 4529 per
3071 4457 3454 4513 auctoritatem
3469 4451 3806 4529 Scripturarutn

2287 4564 2346 4613 et
2373 4554 2676 4611 doctrinam
2716 4551 2865 4608 beati
2901 4549 3190 4621 Augustini
3221 4548 3418 4605 revicit
3454 4553 3510 4602 et
3551 4534 3809 4609 compressit

2289 4648 2345 4703 in
2371 4645 2560 4704 Galliis
2579 4687 2594 4713 ,
2625 4653 2925 4715 contraque
2963 4653 3289 4700 caterorum
3315 4638 3708 4698 orthodoxorum
3731 4634 3809 4678 m-

2290 4741 2549 4798 ditionem
2600 4738 2843 4795 sentiens
2897 4737 3288 4794 condemnatus
3337 4741 3422 4788 est
3464 4717 3807 4786 Gotbescalcus.

2288 4831 2378 4887 vel
2409 4831 2476 4887 de
2507 4829 2758 4886 omnibus
2777 4870 2792 4896 ,
2823 4843 2944 4898 quae
2987 4826 3300 4898 apostolicae
3330 4825 3473 4880 sedis
3495 4830 3547 4877 et
3578 4831 3662 4874 se:
3691 4819 3809 4882 δεθε-

2290 4920 2486 4977 ralium
2509 4905 3072 4993 synodorum'auctori
3081 4924 3191 4973 tate
3211 4914 3435 4972 dillinita
3455 4919 3593 5003 sunt,
3615 4905 3808 5003 demitti)?

2290 5013 2702 5086 dogmatizare,
2740 5019 2798 5068 et
2845 5009 3237 5067 irreverentius
3276 5008 3330 5064 in
3377 5020 3473 5062 sua
3518 4999 3808 5093 obstinatittlle

2286 5119 2611 5178 permanere
2635 5103 3046 5176 prasumpserit
3105 5102 3360 5158 vindicta
3401 5097 3653 5156 canonica
3673 5086 3808 5152 subl"

2241 5251 2243 5253 .
2287 5201 2452 5257 cebit.
2491 5199 2664 5256 Nemo
2709 5213 2839 5271 ergo
2883 5197 3005 5270 plus
3053 5197 3156 5254 sibi
3206 5204 3425 5267 arroget
3475 5201 3646 5262 sapere
3688 5189 3806 5271 quant

2289 5301 2506 5367 oportet
2542 5307 2735 5365 sapere
2757 5260 2938 5360 ,vcuin
2983 5289 3246 5361 scriptum
3292 5260 3404 5343 sit:
3446 5260 3589 5340 Sicut
3621 5275 3696 5349 qui
3734 5260 3807 5321 υκί

2292 5389 2518 5444 multum
2547 5387 2769 5444 comedit
2799 5403 2903 5442 non
2929 5394 3006 5442 est
3035 5385 3083 5440 ei
3115 5384 3337 5448 bonum,
3376 5381 3450 5434 ita
3488 5375 3574 5448 qui

2289 5492 2366 5538 est
2396 5482 2688 5554 maiestatis
2711 5479 3021 5552 opprimitur
3043 5476 3213 5549 gloria
3239 5471 3428 5547 (Prov.
3456 5482 3574 5532 XXV,
3603 5459 3700 5554 97):

2289 5573 2411 5630 Nisi
2441 5546 2802 5637 credideritis,
2850 5588 2955 5626 non
2990 5546 3308 5640 intelligetis.
3343 5564 3408 5618 Et
3451 5559 3569 5630 quia
3599 5549 3728 5606 valde
3745 5546 3805 5596 est

2287 5668 2523 5734 dillicile,
2549 5676 2608 5723 ut
2626 5668 2818 5724 beatus
2831 5659 3375 5736 exponitGregorius,
3401 5663 3460 5709 ut
3477 5645 3803 5746 omne-aemili

2286 5727 2560 5831 eloquium
2617 5775 2647 5814 a
2702 5759 2860 5816 nobis
2901 5727 3235 5813 .mortalibus
3280 5747 3453 5850 possit
3499 5727 3806 5868 ίηιιῇιιξὲίᾶυὲ

2285 5853 2448 5929 M3
2472 5869 2632 5913 omne
2660 5853 2777 5922 ejus
2807 5850 3121 5925 mysterium
3143 5838 3434 5917 penetrari,
3457 5836 3612 5892 restat
3630 5831 3750 5890 atqu
