3998 6336
196 359 299 415 5οὸ

1228 353 1317 411 ne
1355 352 1497 412 UNA
1533 353 1623 410 ET
1659 349 2050 423 NONTRINA
2084 352 2399 410 ΒΕΙΤΑΤΕ.

3363 351 3466 409 506

200 478 263 534 de
285 473 533 547 mysterio
571 471 738 529 divini
781 472 934 528 verbi
987 479 1271 544 penetrare
1321 487 1429 527 non
1460 486 1770 542 possumus,
1800 469 2094 538 Alorum,
2147 473 2498 542 omniumque
2556 469 2820 527 bonorum
2877 478 2960 526 est
3010 467 3416 524 fundamentum
3443 511 3459 537 ,

199 567 442 640 potestati
484 565 661 621 sancti
706 563 938 636 Spiritus
971 563 1248 619 humiliter
1294 578 1666 629 reservemus,
1717 570 1778 618 ut

198 675 304 716 non
332 657 560 728 superbe
603 656 745 728 quis-
773 655 992 722 audeat,
1036 653 1123 710 vel
1169 664 1538 720 contemnere,
1571 654 1654 710 vel
1687 655 1778 709 de-

195 753 440 808 nuntiare
462 752 605 821 quod
631 765 737 806 non
760 749 1034 821 intelligit,
1054 751 1149 806 sed
1176 751 1279 806 hoc
1299 751 1408 822 igni
1432 751 1630 816 tradat,
1654 765 1778 805 cum

193 855 380 900 sancto
410 841 632 913 Spiritui
663 850 926 900 reservat.
956 839 1156 897 Credat
1177 850 1357 897 tamen
1387 841 1776 908 indubitanter,

191 944 255 990 ut
274 934 599 1004 Augustinus
624 931 895 1002 explanat,
912 933 1054 1002 quod
1078 947 1259 988 sermo
1283 933 1498 988 divinus
1527 931 1691 998 dicit,
1711 931 1780 986 ad

193 1031 348 1100 cujus
373 1029 690 1101 mysterium
717 1037 1006 1099 penetrare
1036 1027 1384 1100 intelligendo
1411 1041 1520 1082 non
1549 1025 1776 1082 sufﬁcit:

189 1125 464 1196 quoniam,
491 1131 552 1179 ut
572 1123 762 1179 beatus
801 1123 1127 1179 Coelestinus
1153 1123 1208 1178 in
1243 1122 1480 1178 decretis
1502 1121 1616 1176 suis
1643 1121 1780 1192 (post

189 1219 338 1288 epist.
369 1217 423 1282 8,
460 1217 514 1269 in
545 1215 664 1287 ﬁn.)
695 1215 848 1283 dicit,
896 1233 915 1267 ι
958 1213 1338 1286 profundiores
1363 1256 1378 1282 ,
1429 1212 1782 1270 difﬁciliores-

189 1326 296 1381 que
332 1317 513 1380 partes
566 1309 958 1364 incurrentium
1011 1309 1391 1380 quaestionum,
1434 1323 1570 1378 quas
1617 1306 1781 1363 latius

190 1404 604 1476 pertractarunt'
634 1402 727 1473 qui
784 1402 1056 1458 haereticis
1095 1403 1447 1468 restiterunt,
1491 1401 1636 1458 sicut
1674 1415 1780 1457 non

193 1497 451 1552 audemus
503 1504 890 1562 contemnere,
939 1496 1014 1551 ita
1062 1511 1171 1552 non
1228 1511 1455 1553 necesse
1520 1495 1783 1551 habemus

195 1598 454 1644 astruere.
490 1609 508 1642 ι

263 1681 332 1734 At
360 1680 402 1736 si
432 1680 556 1751 quis
583 1680 724 1737 hanc
750 1682 1230 1740 commonitionem
1256 1681 1780 1748 nostram,auctori-

193 1783 304 1833 tate
335 1777 744 1848 Seripturarum
773 1786 828 1834 et
871 1778 1298 1835 orthodoxorum
1344 1775 1600 1833 Ecclesia:
1645 1790 1782 1846 prae-

1883 562 2198 632 ignoranter
2222 577 2330 618 non
2358 561 2544 617 valent
2563 559 2862 629 offendere,
2886 560 2931 616 si
2973 575 3074 630 per
3098 567 3467 631 contemptum

1883 654 2135 724 deinceps
2158 652 2502 718 offenderint,
2527 653 2670 722 quod
2691 652 2923 708 dicimus
2944 652 3077 707 satis
3102 649 3280 715 inviti,
3306 663 3469 721 quem

1881 765 1990 806 non
2044 748 2383 805 correxerint
2412 748 2599 814 verba,
2629 747 2927 818 suscipient
2954 746 3180 802 verbera
3199 784 3215 812 ,
3245 751 3302 798 et
3344 757 3469 799 cum

1883 842 2082 915 gradus
2133 841 2478 914 privatione,
2529 848 2692 911 atque
2736 856 2766 894 a
2815 839 3061 910 corporis
3087 845 3143 894 et
3189 835 3469 908 sanguinis

1882 933 2086 991 Christi
2143 934 2524 1005 separatione,
2578 941 2636 986 ut
2694 931 3084 988 Gotbescalcus
3145 929 3467 1001 pertinacis-

1884 1030 2054 1084 simus
2115 1029 2400 1085 damnatus
2465 1034 2589 1093 est,
2639 1025 3088 1082 condemnabitur
3145 1023 3323 1080 exsilii
3385 1021 3471 1078 vel

1883 1119 2142 1190 ergastuli
2199 1119 2528 1190 relegatione
2580 1134 2594 1173 :
2647 1125 2916 1188 quatenus
2967 1115 3111 1171 sicut
3165 1114 3474 1186 apostolicae

1885 1212 2030 1268 sedis
2086 1219 2287 1268 statuta
2346 1211 2690 1276 decernunt,
2749 1209 2841 1278 qui
2891 1215 3084 1264 contra
3131 1215 3332 1262 statuta
3394 1214 3474 1261 te-

1883 1318 2016 1359 nere
2067 1303 2396 1370 tentaverit,
2441 1310 2496 1358 et
2542 1301 2822 1374 prohibita
2868 1299 3031 1356 fuerit
3076 1314 3239 1354 ausus
3280 1297 3475 1353 admit-

1884 1402 2038 1458 tere,
2088 1410 2119 1449 a
2149 1409 2248 1450 suo
2283 1408 2343 1448 se
2385 1393 2599 1448 noverit
2644 1391 2818 1448 ofﬁcio
2864 1390 3324 1457 submovendum,
3375 1402 3476 1444 nec

1883 1484 2284 1541 communionis
2330 1492 2530 1539 nostrae
2571 1482 2811 1538 futurum
2858 1497 2980 1538 esse
3026 1490 3333 1537 consortem
3380 1478 3475 1548 qui

1885 1577 2066 1634 socius
2114 1592 2234 1633 esse
2273 1575 2449 1632 noluit
2497 1575 2834 1646 disciplime,
2887 1584 2943 1630 et
2999 1590 3122 1630 cum
3173 1588 3238 1628 eo
3277 1572 3477 1627 habeat

1883 1679 2096 1743 partem
2134 1670 2286 1740 cujus
2324 1669 2477 1739 sequi
2527 1668 2728 1740 delegit
2768 1683 3031 1724 errorem.
3069 1665 3176 1722 Sed
3199 1675 3254 1721 et
3286 1664 3471 1735 regula

1890 1773 2094 1847 sancta:
2123 1760 2480 1833 professionis
2511 1762 2898 1818 monachorum
2928 1743 3165 1831 capitulo
3212 1758 3477 1830 vigesimo

196 1843 491 1939 positorum
541 1869 754 1938 fultam,
805 1887 915 1928 non
962 1871 1304 1938 obaudierit,
1333 1871 1588 1942 quoniam
1640 1843 1785 1925 sacri
1818 1843 1865 1905 Β
1892 1843 2048 1917 sexto
2069 1858 2333 1923 decernit,
2353 1866 2411 1912 ut
2434 1855 2628 1912 talibus
2649 1870 2706 1911 se
2727 1854 2966 1925 quolibet
2994 1853 3152 1908 modo
3175 1851 3479 1908 inconsulte

196 1960 519 2019 Antiocheni
553 1979 812 2032 canones,
846 1965 1041 2036 spiritu
1082 1964 1179 2021 Dei
1224 1965 1446 2031 conditi,
1479 1973 1536 2020 et
1570 1972 1631 2020 ut
1678 1963 1787 2020 Leo

195 2054 348 2122 dicit,
383 2057 544 2112 totius
575 2058 761 2112 mundi
792 2060 1097 2117 reverentia
1132 2061 1458 2128 consecrati,
1487 2061 1791 2117 decernunt

192 2165 210 2200 t
239 2149 548 2219 perfectum
581 2166 700 2206 esse
726 2151 1038 2217 concilium,
1071 2154 1162 2209 ubi
1195 2153 1642 2225 metropolitanus
1663 2169 1789 2210 cum

181 2245 303 2296 suis
348 2241 709 2315 sulfraganeis
739 2244 1066 2302 interfuerit.
1092 2265 1112 2298 ι
1141 2246 1210 2301 Et
1230 2247 1358 2302 item
1393 2245 1450 2302 S.
1471 2246 1580 2302 Leo
1611 2246 1784 2319 (epist.

176 2331 274 2397 66,
308 2335 405 2387 sub
431 2335 551 2405 ﬁn.)
583 2336 648 2390 ad
689 2336 984 2394 Maximum
1025 2339 1425 2395 Antiochenum
1476 2341 1788 2411 episcopum

173 2425 385 2480 scribit
413 2441 429 2479 :
474 2447 491 2478 ι
513 2427 806 2499 Quidquid,
833 2429 1110 2500 inquiens,
1134 2440 1336 2502 praeter
1361 2431 1620 2503 speciales
1656 2448 1789 2488 cau-

174 2529 278 2569 sas
314 2516 654 2586 synodalium
699 2519 1056 2575 conciliorum
1106 2521 1176 2576 ad
1224 2537 1455 2577 examen
1485 2521 1792 2593 episcopale

174 2605 455 2672 defertur,
513 2617 694 2678 potest
744 2609 947 2665 habere
999 2609 1329 2680 dijudicandi
1382 2611 1689 2676 rationem,
1744 2610 1790 2666 si

177 2697 327 2752 nihil
353 2700 424 2754 de
445 2714 514 2755 eo
541 2708 623 2756 est
650 2715 681 2755 a
720 2701 924 2758 sanctis
948 2702 1196 2773 patribus
1217 2703 1358 2774 apud
1381 2701 1619 2758 Nicaeam
1649 2700 1790 2758 difﬁ-

180 2789 389 2846 nitum.
417 2790 554 2847 Nam
577 2794 720 2863 quod
750 2795 819 2850 ab
845 2795 1064 2851 illorum
1093 2795 1296 2867 regulis
1326 2805 1380 2851 et
1405 2795 1792 2851 constitutione

184 2882 496 2950 discordat,
543 2886 856 2956 apostolicae
887 2888 1034 2944 sedis
1084 2903 1364 2959 nunquam
1411 2887 1614 2958 poterit
1645 2886 1790 2942 obti-

185 2996 324 3035 nere
351 2997 699 3038 consensum.
738 3003 758 3036 ›
789 2983 857 3038 Et
886 2983 1027 3040 sacri
1055 2982 1260 3038 Nicaeni
1287 2997 1525 3038 canones
1548 3022 1563 3048 ,
1591 2995 1794 3051 eosque

189 3083 488 3145 sequentes
525 3077 848 3132 Antiocheni
876 3087 933 3132 et
959 3075 1454 3142 Chalcedonenses,
1481 3073 1792 3146 huiusmodi

190 3167 548 3238 quaestiones,
598 3184 718 3239 qua:
765 3184 864 3239 per
917 3168 1226 3238 provincias
1279 3168 1561 3235 oriuntur,
1599 3168 1794 3239 jubent

192 3261 489 3326 discutere,
523 3271 579 3316 et
606 3262 649 3316 si
681 3276 801 3331 quae
845 3261 1095 3318 fortassis
1124 3261 1451 3317 emerserint
1482 3261 1536 3316 in
1572 3261 1792 3332 provin-

192 3351 423 3407 cialibus
475 3353 718 3424 synodis,
749 3352 962 3425 singula
1016 3369 1242 3425 quaeque
1294 3354 1591 3425 corrigere.
1642 3353 1791 3425 Aga-

197 3445 389 3500 thense
428 3447 718 3501 concilium
749 3448 929 3517 capite
971 3449 1253 3520 trigesimo
1296 3457 1493 3504 octavo
1520 3449 1661 3520 (can.
1700 3447 1792 3520 51)

196 3533 459 3601 decrevit,
487 3536 672 3591 dicens
699 3555 711 3590 :
749 3557 766 3590 ι
799 3537 1112 3605 Monachos,
1139 3555 1276 3610 quos
1296 3540 1586 3596 verborum
1618 3540 1794 3595 incre-

197 3627 343 3695 patio
385 3643 492 3682 non
536 3629 927 3696 emendaverit,
959 3631 1125 3686 etiam
1153 3633 1472 3689 verberibus
1503 3633 1794 3689 statuimus

206 3721 461 3774 coerceri.
514 3739 532 3772 ι
569 3721 722 3788 Quod
771 3731 826 3778 et
881 3733 1070 3779 sancta
1119 3724 1304 3795 regula
1351 3725 1541 3780 eodem
1585 3723 1792 3796 Spiritu

205 3820 407 3874 sancto,
441 3827 550 3881 quo
579 3819 634 3866 et
657 3813 796 3868 sacri
827 3829 1066 3870 canones
1091 3814 1145 3868 in
1168 3815 1494 3871 venerandis
1521 3815 1789 3881 conciliis,

203 3916 298 3973 per
325 3917 389 3957 os
413 3904 558 3958 beati
587 3904 864 3961 Benedicti
894 3906 1259 3978 promulgata,
1291 3907 1530 3962 secundo
1556 3907 1804 3978 capitulo

198 3992 349 4064 jubet
387 3995 820 4067 indisciplinatos
861 3998 1072 4054 scilicet
1113 4007 1168 4054 et
1196 3999 1467 4069 inquietos
1488 3999 1678 4055 durius
1707 4015 1795 4054 ar-

202 4103 386 4160 guere,
426 4096 483 4144 ct
514 4090 807 4161 improbos,
853 4099 908 4147 et
947 4092 1114 4148 duros
1157 4106 1222 4147 ac
1275 4092 1539 4162 superbos
1575 4092 1659 4147 vel
1712 4093 1794 4147 iu-

202 4181 520 4236 obedientes
541 4183 834 4238 verberum
864 4183 952 4238 vel
966 4184 1210 4255 corporis
1233 4185 1660 4255 castigationem
1676 4185 1793 4255 ipso

201 4272 354 4328 initio
383 4275 592 4345 peccati
636 4291 914 4341 coercere,
952 4277 1094 4333 sicut
1123 4278 1386 4349 scriptum
1427 4287 1550 4333 est:
1582 4277 1792 4333 Stultus

201 4366 380 4423 verbis
409 4383 516 4422 non
544 4369 853 4440 corrigitur,
893 4377 950 4436 _et
977 4377 1201 4439 percute
1228 4369 1398 4425 lilium
1435 4378 1586 4425 tuum
1616 4370 1788 4443 virga,

200 4465 255 4512 et
283 4456 546 4516 liberabis
594 4459 834 4515 animam
881 4461 999 4530 ejus
1026 4476 1058 4515 a
1087 4469 1284 4517 morte.
1329 4461 1596 4518 Memores
1628 4462 1791 4534 igitur

200 4551 580 4620 pmmissionis
604 4569 715 4609 suae
739 4553 1044 4610 doctrinam
1072 4557 1376 4612 communis
1416 4557 1590 4628 patris
1616 4558 1790 4614 nostri

202 4642 346 4698 beati
380 4642 660 4700 Benedicti
691 4655 1010 4718 sequantur,
1051 4649 1145 4718 qui
1174 4649 1228 4704 in
1262 4659 1416 4706 sexto
1446 4650 1645 4722 regulze
1691 4667 1787 4708 ca-

204 4735 369 4806 pitulo
396 4751 464 4792 ex
508 4739 828 4809 prophetico
857 4741 1166 4796 testimonio
1192 4741 1324 4798 dicit
1355 4760 1369 4796 :
1403 4740 1481 4806 Si,
1515 4743 1787 4813 inquiens,

206 4842 236 4882 a
280 4827 438 4884 bonis
481 4827 712 4900 eloquiis
768 4832 1041 4888 interdum
1092 4843 1315 4904 propter
1364 4836 1792 4892 taciturnitatem

207 4919 363 4974 debet
403 4921 597 4988 taceri,
633 4931 839 4992 quanto
883 4924 1056 4994 magis
1085 4939 1115 4978 a
1165 4923 1320 4979 malis
1352 4925 1532 4982 verbis
1571 4935 1795 4997 propter

209 5027 422 5084 pmnam
445 5015 652 5086 peccati
675 5017 834 5072 debet
852 5017 1093 5073 cessari?
1112 5016 1250 5085 Quid
1271 5018 1414 5073 enim
1442 5017 1594 5089 pejus
1616 5029 1797 5090 potest

211 5103 308 5158 dici
329 5120 493 5174 quam
523 5105 645 5163 ﬁdei
678 5108 987 5179 symbolum
1018 5125 1048 5163 a
1078 5108 1295 5166 Christo
1320 5111 1602 5178 traditum,
1635 5121 1690 5167 et
1725 5113 1796 5167 ab

212 5195 466 5266 apostolis
495 5198 969 5270 apostolorumque
991 5202 1399 5258 successoribus
1417 5203 1790 5274 praedicatum,

215 5286 264 5340 in
284 5302 481 5357 magno
509 5287 729 5346 Nicaeno
766 5291 998 5347 concilio
1041 5294 1272 5366 mystico
1318 5295 1662 5350 sacerdotum
1693 5311 1792 5350 nu-

216 5392 358 5433 mero
387 5380 792 5450 confirmatum,
827 5384 1308 5455 pestilentissime,
1340 5387 1713 5458 pertinaciter,
1737 5396 1794 5444 et

215 5483 272 5525 ex
321 5473 501 5528 studio
540 5475 742 5531 violare
774 5486 938 5546 atque
975 5477 1302 5543 convellere,
1336 5493 1458 5532 cum
1507 5477 1790 5549 Scriptura

217 5563 382 5619 dicat:
401 5566 529 5621 Sine
549 5568 653 5636 ﬁde
675 5569 993 5640 impossibile
1008 5581 1081 5623 est
1096 5569 1303 5641 placere
1321 5569 1430 5623 Deo
1447 5571 1474 5623 .9
1497 5570 1561 5624 Et
1587 5571 1712 5641 quia
1738 5571 1791 5624 in

218 5667 318 5712 tam
358 5660 588 5714 maxima
633 5679 816 5729 causa,
835 5679 954 5733 qua:
977 5663 1065 5718 illa
1093 5663 1272 5732 magni
1304 5663 1450 5718 Petri
1479 5673 1639 5719 rectae
1667 5680 1796 5719 cou-

216 5745 456 5804 fessionis
487 5762 638 5820 petra
677 5762 761 5807 cst
785 5795 798 5819 ,
848 5769 1009 5823 supra
1057 5770 1219 5825 quam
1254 5753 1516 5808 Dominus
1546 5753 1793 5808 fundavit

216 5841 503 5902 Ecclesium
530 5860 705 5912 suam,
756 5847 840 5902 cui
884 5845 1050 5920 m
1093 5847 1240 5904 dedit
1287 5846 1469 5902 claves
1501 5846 1651 5918 regni
1682 5861 1792 5903 ete-

1821 4595 1878 4655 D

1893 1954 2227 2024 conjungens
2254 1952 2514 2008 sortiatur
2553 1949 3131 2007 excommunicationis
3157 1948 3476 2003 vindictam.
3528 1962 3530 1964 ·

1893 2045 2048 2102 Unde
2081 2047 2224 2102 scire
2255 2045 2483 2101 fideliter
2509 2044 2755 2116 quisquis
2793 2042 2967 2098 ﬁdelis
3006 2043 3186 2109 debet,
3218 2041 3476 2112 quoniam

1892 2140 2043 2201 licet.
2071 2151 2166 2197 aut
2213 2141 2630 2214 praepositorum
2676 2139 2934 2196 Ecclesiae
2959 2139 3244 2195 scientiam
3279 2138 3479 2203 latens,

1894 2239 1987 2287 aut
2018 2231 2280 2289 desidiam
2306 2232 2388 2289 vel
2419 2230 2827 2303 negligentiam,
2857 2245 2951 2286 seu
2978 2229 3220 2294 eludens,
3257 2236 3347 2282 aut
3386 2241 3484 2298 po-

1895 2333 2144 2382 testatem
2170 2326 2328 2381 modo
2358 2325 2599 2396 quolibet
2655 2321 3080 2396 subterfugiens,
3126 2323 3195 2378 ab
3227 2320 3480 2391 hisjudi-

1895 2419 2122 2476 cialibus
2169 2419 2454 2475 sententiis
2494 2434 2525 2473 a
2557 2417 2764 2487 Spiritu
2787 2425 3015 2483 sancto,
3067 2416 3160 2486 qui
3209 2424 3484 2472 scrutatur

1894 2511 2060 2566 etiam
2094 2510 2360 2582 profunda
2387 2510 2484 2566 Dei
2514 2517 2570 2565 et
2600 2509 2772 2580 replet
2801 2509 2990 2565 orbem
3020 2516 3287 2566 terrarum
3317 2548 3332 2570 ,
3384 2507 3480 2562 de-

1895 2604 2060 2659 cretis
2089 2612 2214 2658 ante
2261 2603 2446 2658 oculos
2479 2603 2745 2658 humanos
2783 2601 3053 2667 evaserit,
3107 2602 3161 2656 in
3191 2607 3484 2670 conspectu

1897 2705 2078 2752 tamen
2105 2697 2232 2762 Dei,
2261 2697 2414 2767 cujus
2439 2695 2611 2752 oculis
2633 2696 2776 2751 nuda
2806 2704 2862 2752 et
2888 2705 3075 2766 aperta
3113 2701 3237 2749 sunt
3275 2694 3483 2760 omnia,

1895 2798 1952 2845 et
2001 2790 2094 2861 qui
2146 2788 2274 2846 fecit
2314 2804 2433 2859 qua:
2479 2787 2662 2844 futura
2712 2798 2856 2855 sunt,
2907 2801 3004 2859 per
3049 2802 3234 2843 eorum
3278 2785 3485 2856 judicia

1896 2881 2092 2951 quibus
2120 2881 2257 2937 dixit
2277 2899 2288 2934 :
2308 2879 2432 2935 Non
2450 2896 2540 2935 vos
2564 2881 2688 2935 estis
2709 2880 2799 2952 qui
2827 2879 3117 2950 loquimini,
3135 2879 3227 2933 sed
3253 2876 3485 2948 Spiritus

1897 2973 2079 3030 Patris
2107 2975 2286 3040 vestri,
2311 2975 2401 3045 qui
2422 2973 2654 3045 loquitur
2679 2973 2735 3028 in
2755 2972 2897 3028 vobis
2915 2971 3134 3044 (Matth.
3165 2987 3220 3036 χ,
3249 2970 3342 3042 20)
3364 2979 3480 3037 ,et:
3569 3029 3576 3040 ,

1896 3067 2127 3139 Accipite
2159 3067 2418 3139 Spiritum
2455 3077 2694 3121 sanctum
2721 3107 2737 3132 ,
2789 3082 3012 3137 quorum
3045 3065 3348 3119 remiseritis
3375 3079 3490 3135 pec-

1897 3171 2017 3217 cata
2053 3163 2385 3217 remittemur
2425 3162 2520 3226 eis,
2553 3169 2601 3215 et
2642 3176 2866 3231 quorum
2920 3158 3240 3214 retinueritis
3288 3165 3488 3212 retenta

1819 3228 1864 3308 C
1895 3264 2016 3309 sunt
2041 3252 2223 3325 (Joan.
2248 3267 2340 3318 xx,
2363 3251 2454 3321 2‘2)
2473 3293 2486 3317 ,
2517 3228 2718 3323 quique
2748 3250 2801 3306 in
2831 3249 2970 3306 caelo
2993 3265 3114 3305 cum
3141 3263 3206 3304 eo
3234 3254 3486 3318 regnant,

1897 3356 1952 3404 et
1981 3348 2032 3402 in
2080 3346 2238 3402 terris
2283 3345 2562 3401 miraculis
2615 3356 2930 3410 coruscant,
2959 3352 3014 3400 et
3042 3351 3101 3398 ut
3133 3344 3326 3398 beatus
3376 3341 3486 3398 Leo

1897 3439 2125 3505 scribit,
2174 3439 2350 3494 adhuc
2400 3439 2683 3494 nobiscum
2737 3437 2790 3492 in
2841 3437 2956 3493 suis
3008 3433 3487 3492 constitutionibus

1896 3536 2110 3601 vivunt,
2148 3549 2473 3605 permanens
2521 3534 2576 3588 in
2624 3532 2924 3604 pertinacia
2953 3546 3051 3587 sua
3085 3531 3277 3602 ligatus
3315 3527 3488 3585 exibit

1857 3665 1860 3668 ‹
1897 3626 1964 3682 de
1993 3627 2097 3681 isto
2137 3625 2366 3690 saeculo,
2401 3624 2503 3680 nisi
2543 3640 2641 3694 per
2681 3624 2873 3694 dignos
2915 3623 3250 3694 paenitentiae
3278 3620 3488 3677 fructus

1897 3716 2279 3773 ecclesiasticae
2300 3716 2667 3771 communioni
2698 3715 2991 3786 episcopali
3021 3714 3346 3770 auctoritate
3373 3713 3488 3769 fue—

1897 3809 1969 3863 rit
2004 3807 2308 3862 restitutus.
2338 3806 2672 3862 Pontilicalis
2700 3821 2830 3862 vero
2863 3807 3159 3862 auctoritas
3185 3848 3199 3873 ,
3257 3814 3313 3862 et
3339 3805 3489 3878 regia

1897 3894 2408 3969 potestas,'necnon
2439 3906 2494 3953 et
2528 3900 2730 3969 quique
2755 3898 2998 3969 praefecti
3021 3897 3294 3963 Ecclesiae,
3326 3897 3379 3953 id
3404 3905 3490 3953 est

1898 3991 2202 4062 presbyteri
2249 3999 2304 4046 et
2341 3990 2800 4046 monasteriorum
2851 4000 3133 4058 rectores,
3185 4006 3285 4062 pro
3338 3999 3488 4047 certo

1860 4122 1862 4126 ν
1897 4083 2039 4138 sicut
2083 4083 2356 4138 credimus
2407 4082 2588 4139 sciunt
2618 4099 2686 4140 ex
2730 4099 2885 4140 sacra
2913 4083 3167 4150 lectione,
3209 4085 3301 4140 ubi
3348 4085 3490 4141 inter

1897 4177 2003 4233 alia
2053 4176 2311 4233 desidiam
2357 4175 2474 4232 Heli
2505 4177 2804 4233 sacerdotis
2835 4193 2966 4249 erga
2996 4186 3314 4247 peccatores
3347 4177 3488 4234 ﬁlios

1897 4284 2024 4324 suos
2058 4267 2375 4323 terribiliter
2422 4267 2707 4322 multatam
2765 4267 2970 4340 legunt,
3002 4277 3057 4323 et
3112 4267 3372 4339 scriptum
3419 4268 3488 4324 de

1897 4363 2130 4433 quodam
2179 4376 2306 4433 rege
2355 4361 2677 4426 inveniunt,
2723 4358 2863 4426 Quia
2920 4361 3189 4428 dimisisti,
3239 4359 3488 4417 videlicet

1897 4457 2015 4511 sine
2048 4454 2253 4510 ultione
2279 4453 2481 4519 debita,
2523 4454 2690 4508 virum
2718 4462 2884 4508 morte
2909 4453 3146 4525 dignum,
3179 4453 3277 4507 erit
3307 4452 3488 4508 anima

1898 4557 1990 4602 tua
2015 4564 2110 4620 pro
2139 4547 2315 4601 anima
2339 4545 2502 4611 illius,
2529 4555 2576 4600 et
2598 4544 2821 4617 populus
2849 4555 2971 4599 tuus
2989 4561 3085 4617 pro
3123 4543 3314 4617 populo
3343 4543 3488 4599 illius

1903 4641 2022 4714 (ΙΙΙ
2070 4625 2200 4713 Reg.
2233 4657 2337 4707 xx,
2363 4639 2488 4712 42);
2520 4640 2660 4696 sicut
2700 4647 2923 4696 sanctus
2965 4637 3262 4710 Gregorius
3288 4638 3355 4694 ad
3385 4637 3488 4694 Eu-

1901 4736 2109 4792 sebium
2139 4735 2604 4806 archiepiscopum
2653 4732 2765 4806 (lib.
2797 4749 2896 4798 vn,
2950 4733 3100 4804 epist.
3148 4731 3203 4803 6)
3253 4731 3484 4787 scribit:

1908 4849 1926 4882 ι
1949 4829 2050 4897 Qui
2079 4845 2184 4885 non
2209 4829 2436 4898 corrigit
2457 4828 2775 4893 resecanda,
2799 4826 3107 4883 committit.
3137 4845 3154 4876 ι
3187 4825 3254 4880 Et
3267 4834 3488 4881 sanctus

1901 4922 2233 4992 Augustinus
2279 4937 2346 4976 ex
2400 4920 2664 4976 sententia
2712 4920 2855 4975 beati
2904 4919 3056 4974 Pauli
3103 4917 3350 4987 apostoli,
3381 4933 3490 4987 qua

1905 5017 2070 5072 dicit:
2106 5015 2284 5070 Nolite
2313 5015 2697 5070 communicare
2725 5013 2966 5085 operibus
2979 5011 3324 5082 infructuosis
3347 5020 3488 5065 tene—

1902 5111 2136 5174 brarum,
2182 5107 2350 5179 magis
2400 5115 2574 5161 autem
2619 5115 2667 5162 et
2699 5106 2996 5177 redarguite
3029 5103 3244 5175 (Ephes.
3273 5119 3324 5167 v,
3360 5103 3484 5175 ll),

1900 5201 1957 5256 in
1995 5213 2244 5256 sermone
2292 5199 2358 5255 de
2405 5199 2587 5255 verbis
2626 5197 2903 5268 Evangelii
2941 5197 3120 5269 (serm.
3153 5193 3242 5266 l8)
3297 5195 3487 5251 eodem

1897 5309 2061 5352 sensu
2093 5293 2383 5364 explanat:
2417 5311 2435 5345 ε
2473 5291 2611 5359 Non,
2663 5291 2944 5362 inquiens,
2982 5289 3317 5362 negligentes
3367 5288 3486 5343 sitis

1897 5387 1954 5441 in
2015 5385 2355 5457 corrigendis
2395 5385 2616 5452 vestris,
2644 5383 2715 5438 ad
2757 5397 2947 5438 curam
3001 5379 3213 5436 scilicet
3245 5388 3484 5435 vestram

1901 5493 2118 5549 quoquo
2178 5477 2337 5532 modo
2380 5474 2806 5546 pertinentibus,
2860 5472 3150 5538 manendo,
3200 5470 3482 5536 docendo,

1902 5570 2189 5636 hortando,
2235 5567 2506 5624 terrendo.
2561 5565 2983 5637 Quibuscunque
3034 5564 3210 5620 modis
3257 5561 3485 5634 potestis

1900 5664 2061 5734 agite,
2095 5676 2162 5716 ne
2192 5675 2313 5715 cum
2356 5657 2610 5714 invenitis
2640 5659 2692 5713 in
2722 5658 3019 5730 Scripturis
3055 5667 3110 5713 et
3139 5656 3193 5712 in
3221 5654 3485 5725 exemplis

1899 5763 2233 5816 sanctorum,
2265 5751 2381 5806 sive
2431 5749 2522 5820 qui
2560 5759 2702 5813 ante,
2748 5751 2861 5806 sive
2893 5751 2983 5820 qui
3025 5757 3146 5820 post
3191 5750 3482 5804 adventum

1897 5847 1956 5903 in
2004 5844 2106 5903 hac
2157 5844 2270 5901 vita
2330 5842 2586 5912 fuerunt,
2645 5842 2787 5914 quod
2831 5841 2957 5898 mali
3019 5845 3192 5903 bonos
3246 5839 3302 5895 in
3361 5835 3484 5896 uni-
