3998 6336
620 320 726 378 507

1579 324 1915 413 mustum
1952 324 2353 389 nunmsrs
2389 326 2909 388 ARCHIEPISCOPI
3408 312 3419 325 '
3749 344 3826 405 ειη

623 445 732 493 tate
764 452 877 529 non
921 437 1227 506 maculant,
1277 441 1586 499 eiinciamini
1616 444 1755 517 pigri
1808 447 1875 501 ad
1927 447 2201 517 corrigen-
2226 448 2278 509 Α
2302 446 2527 501 habeant
2555 445 2609 517 (I
2636 446 2773 501 Tim.
2796 463 2853 512 v,
2874 445 2988 519 20).
3034 446 3186 516 Quod
3228 447 3299 505 de
3340 448 3428 507 his
3463 450 3828 529 αθρθςωιί.

618 529 720 586 dos
749 528 913 603 “5
942 530 1130 587 malos.
1166 530 1387 589 Duobus
1414 534 1589 591 modis
1615 552 1720 592 non
1761 545 1815 592 te
1841 538 2074 593 maculat
2103 553 2213 593 ma-

619 621 742 692 lus,
789 624 835 680 si
889 639 994 680 non
1041 625 1350 681 consentias
1377 636 1434 682 et
1459 626 1786 701 'redarguas,
1834 631 1939 686 hoc
1979 640 2066 687 est
2104 645 2210 685 non

618 716 1042 781 communicare,
1082 731 1192 773 non
1242 720 1592 775 consentire:
1624 729 1679 776 et
1707 722 1835 792 quia
1873 738 2062 793 parum
2091 730 2211 778 erat

620 819 728 860 non
750 806 1084 874 consentire,
1113 806 1162 864 si
1187 818 1508 878 sequeretur
1532 810 1858 882 negligentia
1893 812 2208 883 disciplinae,

620 896 795 969 Magis
815 908 1009 965 autent,
1034 899 1233 970 inquit,
1253 911 1302 956 et
1326 903 1643 975 redarguite.
1674 903 1792 960 Non
1827 920 1956 976 ergo
1984 920 2212 962 consen-

622 988 815 1045 tientes
839 989 959 1045 sitis
986 990 1166 1058 malis,
1196 1001 1256 1048 ut
1301 1008 1407 1049 non
1446 995 1757 1065 approbetis
1781 1014 1794 1049 :
1841 1010 2018 1067 neque
2042 995 2212 1069 negli—

618 1087 831 1149 gentes,
857 1089 918 1135 ut
945 1096 1053 1137 non
1103 1084 1376 1154 arguatis:
1409 1099 1584 1155 neque
1612 1085 2006 1157 superbientes,
2031 1095 2090 1142 ut
2122 1088 2210 1142 in-

620 1169 891 1226 sultanter
923 1173 1188 1243 arguatis.
1225 1193 1244 1228 »
1278 1175 1345 1230 Ει
1392 1175 1521 1231 item
1545 1192 1610 1233 ex
1657 1192 1909 1234 sermone
1937 1179 2003 1234 de
2030 1177 2209 1234 verbis

622 1261 920 1334 Evangelii,
950 1279 1227 1336 exponens
1269 1267 1588 1339 Apostolum
1630 1270 1900 1327 dicentem
1934 1288 1947 1325 :
1984 1269 2211 1342 Propter

619 1353 760 1424 quod
783 1356 920 1410 exite
945 1356 1011 1411 de
1036 1358 1207 1412 medio
1240 1374 1445 1425 eorum,
1468 1370 1516 1415 et
1563 1362 1909 1432 separamini,
1935 1362 2063 1416 dicit
2098 1363 2210 1418 Do-

620 1448 796 1502 minus
855 1447 942 1520 (II
989 1448 1371 1528 Cor.v1,.l7):
1411 1472 1431 1507 ι
1463 1452 1605 1520 Quid
1661 1462 1764 1521 est,
1817 1455 2012 1526 inquit,
2059 1457 2210 1512 exire

621 1538 766 1606 inde,
807 1540 910 1596 nisi
947 1541 1127 1599 facere
1151 1544 1297 1613 quod
1318 1545 1553 1615 pertinet
1577 1546 1644 1601 ad
1670 1546 2068 1617 correptionem
2095 1562 2209 1603 ma-

619 1631 817 1698 lorum,
846 1642 1110 1704 quantum
1138 1650 1237 1705 pro
1263 1638 1689 1709 uniuscujusque
1707 1639 1878 1710 gradu
1900 1647 2064 1709 atque
2086 1653 2209 1709 per-

620 1740 756 1781 sona
809 1724 960 1787 salva
1011 1718 1146 1797 pac'e
1205 1727 1322 1783 ﬁeri
1376 1728 1594 1798 potest?
1625 1729 1906 1799 Displicuit
1939 1730 2030 1785 tibi
2062 1730 2207 1800 quod

619 1819 850 1889 quisque
879 1822 1150 1890 peccavit,
1179 1836 1289 1878 non
1342 1823 1565 1895 tetigisti
1595 1823 1932 1879 immundum
1961 1842 1973 1878 :
2021 1825 2207 1879 redar-
2233 1816 2282 1878 B

619 1912 806 1982 guisti,
842 1914 1173 1984 corripuisti,
1204 1915 1482 1982 monuisti,
1535 1915 1831 1973 adhibuisti
1856 1918 2020 1971 etiam
2043 1918 2089 1972 si
2118 1932 2207 1973 res

619 2005 803 2075 exegit
826 2020 1119 2077 congruam
1149 2016 1199 2063 et
1227 2024 1348 2079 qua:
1388 2010 1650 2064 unitatem
1680 2025 1787 2065 non
1840 2010 2005 2067 violet
2049 2010 2209 2066 disci-

619 2098 846 2171 plinam,
877 2100 1039 2156 existi
1070 2100 1215 2157 inde.
1253 2122 1272 2155 ι
1306 2102 1374 2156 Ει
1397 2118 1467 2157 ex
1486 2116 1738 2159 sermone
1766 2104 1832 2159 de
1857 2103 2210 2174 generalitate

620 2193 1090 2266 eleemosynarum
1128 2196 1369 2267 (incipit:
1397 2196 1536 2252 Sunt
1565 2197 1657 2266 qui
1703 2197 2071 2269 existimant),
2116 2212 2210 2252 ex-

623 2301 831 2357 ponens
859 2287 1209 2355 sententiam,
1240 2287 1327 2343 Da
1356 2289 1706 2355 misericordi,
1746 2298 1796 2343 et
1850 2305 1914 2344 ne
1954 2289 2210 2359 suscipias

621 2390 948 2450 peccatorem
982 2379 1470 2453 (Eccli.xn,i):¢
1522 2381 1658 2446 Duo,
1713 2380 1912 2450 inquit,
1965 2381 2069 2436 ista
2117 2395 2213 2435 no-

625 2470 797 2539 mina,
823 2488 947 2529 cum
976 2473 1209 2530 dicimus
1238 2475 1400 2530 homo
1448 2480 1722 2545 peccator,
1755 2490 1863 2530 non
1889 2474 2076 2545 utique
2100 2473 2214 2529 fru-

623 2575 734 2624 stra
761 2569 1033 2626 dicuntur.
1084 2568 1222 2638 Quia
1253 2578 1506 2641 peccator
1561 2578 1665 2637 est,
1701 2570 1951 2641 corripe:
2001 2578 2057 2625 et
2085 2569 2214 2639 quia

624 2661 786 2717 homo
819 2671 905 2720 est
929 2664 1226 2731 miserere;
1252 2680 1354 2720 nec
1380 2666 1603 2721 omnino
1632 2664 1889 2721 liberabis
1916 2665 2211 2730 hominem,

623 2754 729 2810 nisi
752 2769 876 2810 eum
903 2766 1225 2825 persecutus
1246 2755 1417 2813 fueris
1439 2767 1805 2829 peccatorem.
1853 2758 1991 2814 Huic
2035 2756 2214 2815 olIicio

622 2847 801 2904 omnis
826 2847 1073 2919 invigilat
1101 2849 1408 2920 disciplina,
1442 2851 1586 2906 sicut
1624 2852 1822 2922 cuique
1850 2851 2059 2922 regenti
2088 2859 2214 2922 apta

622 2945 680 2993 et
706 2940 1115 2995 accommodata
1140 2948 1244 3006 est,
1273 2956 1382 2996 non
1404 2942 1577 2997 solum
1599 2942 1854 3014 episcopo
1878 2943 2084 3015 regenti
2110 2943 2218 3013 ple-

622 3028 750 3085 bem
779 3045 955 3096 suam,
983 3031 1081 3088 sed
1103 3032 1266 3087 etiam
1301 3034 1525 3103 pauperi
1561 3035 1767 3105 regenti
1792 3033 2011 3089 domum
2038 3049 2212 3101 suam,

624 3123 827 3178 marito
849 3125 1058 3195 regenti
1078 3124 1361 3196 coniugem
1388 3142 1561 3192 suam,
1588 3129 1730 3196 patri
1762 3129 1969 3199 regenti
2005 3128 2211 3199 prolem

628 3229 808 3282 suam,
830 3213 1005 3284 judici
1032 3218 1241 3289 regenti
1276 3217 1608 3288 provinciam
1637 3234 1816 3284 suam,
1865 3220 1979 3291 regi
2008 3220 2213 3291 regenti

625 3317 845 3381 gentem
875 3324 1049 3365 suam.
1087 3309 1291 3366 Omnes
1336 3310 1412 3375 hi,
1458 3324 1581 3364 cum
1612 3310 1740 3365 boni
1787 3318 1930 3375 sunt,
1962 3310 2043 3365 eis
2078 3326 2217 3380 quos

627 3410 826 3474 regunt
849 3403 989 3460 bene
1009 3402 1198 3474 utique
1216 3401 1425 3458 volunt.
1453 3402 1520 3458 Et
1545 3404 1687 3459 servi
1703 3402 1858 3475 juxta
1884 3404 2215 3476 impertitam

629 3496 700 3552 ab
725 3496 1103 3552 universorum
1134 3496 1364 3551 Domino
1394 3503 1739 3566 potestatem,
1796 3497 1888 3567 qui
1916 3497 2081 3552 etiam
2130 3512 2217 3554 re-

628 3597 817 3661 gentes
841 3588 1005 3661 regit,
1035 3589 1166 3645 dant
1195 3603 1418 3659 operam
1439 3598 1500 3645 ut
1518 3588 1680 3645 iidem
1708 3589 1808 3659 ipsi
1833 3604 1970 3660 quos
1998 3597 2212 3661 regunt,

627 3688 1094 3737 etconserventur
1119 3679 1388 3747 homines,
1420 3689 1477 3735 et
1505 3688 1730 3751 pereant
1769 3688 2104 3751 peccatores.
2136 3680 2216 3736 Ita

628 3771 857 3842 implent
902 3771 1046 3843 quod
1094 3772 1357 3844 scriptum
1406 3781 1510 3840 est,
1548 3772 1631 3830 Da
1678 3773 2027 3839 misericordi,
2079 3782 2126 3828 et
2152 3789 2217 3829 ne

629 3864 887 3936 suscipias
906 3874 1247 3936 peccatorem,
1278 3882 1346 3922 ne
1370 3865 1474 3921 hoc
1500 3866 1554 3921 in
1580 3865 1671 3921 illo
1695 3865 1901 3921 salvum
1926 3865 2070 3936 quod
2090 3880 2217 3936 pec-

625 3967 782 4014 cator
805 3966 891 4015 est
920 3958 1108 4015 velint.
1138 3957 1208 4012 Et
1258 3961 1434 4032 impiis
1458 3969 1505 4016 ct
1534 3960 1893 4031 peccatoribus
1920 3959 2081 4014 redde
2101 3960 2218 4014 vin—
2263 3982 2271 3989 ε

624 4052 842 4107 dictam.
867 4050 936 4107 Et
962 4051 1067 4108 hoc
1094 4052 1268 4122 ipsum
1295 4053 1438 4123 quod
1466 4052 1615 4123 impii
1639 4061 1695 4109 et
1722 4060 2039 4123 peccatores
2065 4057 2212 4117 sunt,

626 4144 877 4227 deleatur
922 4144 977 4202 in
1004 4147 1105 4204 eis.
1157 4145 1388 4217 Benefac
1434 4145 1642 4212 humili,
1690 4154 1915 4218 propter
1941 4146 2045 4201 hoc
2072 4143 2216 4216 quod

629 4241 852 4298 humilis
887 4249 992 4308 est,
1018 4251 1067 4296 et
1095 4257 1158 4296 ne
1197 4240 1404 4295 dederis
1458 4240 1642 4312 impio,
1693 4248 1916 4311 propter
1939 4240 2044 4296 hoc
2071 4239 2217 4310 quod

624 4335 822 4405 impius
846 4342 948 4398 est,
980 4335 1232 4402 quoniam
1257 4343 1306 4388 et
1351 4333 1655 4388 Altissimus
1700 4335 1823 4388 odio
1849 4333 2003 4388 habet
2029 4349 2218 4404 pecca-

624 4429 861 4493 to'res,ct
909 4424 1084 4495 impiis
1125 4424 1305 4479 reddet
1349 4423 1655 4478 vindictam.
1701 4422 1806 4490 Qui
1857 4433 2060 4489 tamen,
2089 4426 2217 4495 quia

627 4533 734 4573 non
765 4516 940 4572 solum
965 4523 1294 4588 peccatores
1312 4523 1369 4570 et
1407 4514 1581 4585 impii,
1626 4529 1816 4569 verum
1829 4516 2014 4588 ,etiam
2037 4525 2094 4571 et
2118 4517 2216 4573 ho—

2314 536 2684 606 accipiendum
2709 547 2792 592 est
2820 553 2940 608 quae
2974 553 3081 594 non
3123 538 3318 607 latent,
3346 557 3418 598 ne
3457 555 3634 601 contra
3666 548 3831 615 Domini

2311 628 2638 682 sententiam
2666 629 3138 698 puteturlocutus.
3182 630 3279 687 llle
3317 633 3461 688 enim
3498 628 3719 695 dicit:Si
3748 660 3831 712 pec.

2308 718 2500 772 carerit
2524 718 2577 771 in
2601 728 2650 772 te
2682 718 2850 788 frater
2879 729 3022 784 tuus,
3055 721 3258 792 corripe
3291 738 3412 777 eum
3437 724 3565 780 inter
3587 738 3631 781 te
3645 732 3833 800 stipam

2309 808 2483 865 solum
2507 810 2723 881 (Matth.
2750 829 2905 879 xvtn,
2933 812 3044 884 {5).
3087 811 3474 872 Verumtamen
3509 819 3683 891 etipse
3712 838 3830 883 seve-
3901 816 3917 840 '

2310 901 2526 957 ritatem
2572 905 2930 987 correptionis
2978 921 3045 962 eo
3088 921 3261 978 usque
3310 909 3569 979 perducit,
3617 923 3671 968 ut
3696 916 3831 973 dicat:

2312 997 2375 1053 Si
2405 1016 2498 1054 nec
2522 998 2816 1056 Ecclesium
2844 992 3094 1069 audierit,
3145 1003 3213 1056 sit
3262 1004 3358 1057 tibi
3406 1005 3539 1059 sicut
3574 1008 3771 1066 ethnicus
3798 1023 3833 1069 et

2309 1091 2641 1163 publicanus.
2674 1113 2693 1146 ι
2750 1092 2889 1161 Quia
2929 1093 3216 1164 pastoralis
3264 1095 3563 1153 necessitas
3598 1098 3755 1164 habet,
3787 1119 3836 1159 ne

2309 1199 2407 1256 per
2426 1184 2611 1256 plures
2641 1193 2867 1257 serpant
2893 1186 3011 1242 dira
3038 1186 3317 1257 contagia,
3348 1202 3594 1257 separare
3618 1190 3677 1245 ab
3693 1193 3835 1251 ovibus

2311 1279 2459 1335 sanis
2487 1279 2814 1345 morbidam,
2859 1278 2929 1335 ab
2970 1279 3062 1336 illo
3099 1279 3187 1334 cui
3232 1278 3373 1334 nihil
3414 1279 3719 1351 impossibile
3754 1284 3835 1352 ipsa

2312 1371 2536 1427 forsitan
2562 1372 2909 1442 separatione
2944 1372 3265 1428 sanandam.
3305 1369 3639 1427 Unde‘etiam
3662 1372 3833 1431 formam

2311 1463 2476 1535 regite
2507 1465 2763 1534 potestati
2803 1474 3025 1521 sanctus
3065 1464 3175 1520 Leo
3216 1465 3288 1520 ad
3327 1464 3560 1521 Leonem
3599 1467 3835 1538 Augustum

2311 1556 2412 1628 (ep.
2437 1556 2528 1628 8!)
2560 1558 2806 1614 scribens
2831 1559 2933 1614 hoc
2967 1559 3124 1614 modo
3166 1558 3543 1615 demonstrat:
3574 1580 3592 1611 ι
3616 1560 3748 1627 (Irim,
3776 1563 3833 1617 in-

2310 1649 2522 1718 quiens,
2547 1649 2891 1706 clementiam
2914 1659 3062 1706 tuam
3100 1651 3368 1708 Dominus
3404 1661 3551 1707 tanta
3573 1657 3834 1711 sacramenti

2312 1741 2395 1795 sui
2421 1740 2816 1798 illuminatione
2867 1742 3144 1810 ditaverit,
3189 1743 3363 1800 debes
3412 1743 3835 1802 incunctanter“-

2312 1841 2545 1897 vertere,
2586 1835 2788 1906 regiam
2817 1844 3137 1905 potestatem
3175 1835 3273 1892 tibi
3302 1851 3411 1893 non
3439 1837 3505 1892 ad
3522 1837 3679 1893 solum
3700 1837 3834 1893 mundi

2312 1924 2579 1997 regimen,
2607 1927 2700 1981 sed
2750 1926 2986 1981 maxime
3033 1924 3101 1981 ad
3150 1925 3412 1982 Ecclesia:
3455 1927 3835 1999 praesidiumesse
3920 1982 3921 1985 η

2312 2016 2586 2085 collatam,
2637 2026 2696 2073 ut
2727 2033 2894 2075 ausus
2928 2018 3168 2076 nefarios
3198 2021 3617 2092 comprimendo,
3664 2030 3710 2077 et
3749 2038 3833 2092 qua

2311 2109 2450 2166 bene
2488 2120 2614 2167 sunt
2643 2120 2842 2168 statuta
2902 2111 3182 2180 defendas,
3237 2124 3296 2169 et
3348 2131 3531 2171 veram
3558 2131 3722 2187 pacem
3761 2116 3831 2181 ιιίδ.
3920 2130 3921 2187 ἶ

2311 2219 2433 2274 qua:
2473 2212 2600 2260 sunt
2627 2205 2842 2260 turbata
2876 2206 3157 2262 restituas.
3222 2206 3619 2262 Sacerdotalcm
3661 2220 3832 2277 namque

2312 2303 2368 2349 et
2404 2296 2757 2366 apostolicum
2784 2304 2893 2353 tute
2929 2298 3148 2368 pietatis
3175 2299 3421 2353 animum
3450 2298 3603 2353 etiam
3636 2298 3721 2351 hoc
3755 2309 3833 2351 tua.

2314 2387 2426 2441 lum
2482 2388 2550 2442 ad
2595 2387 2863 2458 justitiam
2917 2390 3139 2446 ultionis
3199 2390 3364 2446 debet
3406 2392 3697 2457 accendere,
3728 2387 3831 2459 quod

2314 2477 2933 2551 Constantinopolitanae
2958 2481 3216 2538 Ecclesia:
3263 2484 3549 2552 puritatem
3590 2482 3832 2552 pestilenter
3920 2464 3921 2535 Ῠ

2304 2572 2589 2637 .ohscurat,
2624 2572 2678 2627 in
2720 2588 2827 2643 qua
2860 2573 3210 2629 inveniuntur
3248 2574 3435 2631 clerici
3469 2573 3664 2645 quidam
3706 2574 3829 2628 hatre-

2315 2664 2547 2719 ticoruni
2587 2666 2765 2720 sensui
2794 2675 3178 2734 consonantes,
3239 2675 3298 2723 et
3348 2666 3487 2722 intra
3540 2666 3642 2738 ipsa
3665 2662 3831 2720 catholi-

2319 2770 2508 2809 corum
2571 2755 2779 2811 viscera
2814 2757 3211 2814 assertionibus
3276 2757 3391 2813 suis
3421 2757 3682 2812 haereticos
3717 2753 3827 2824 adju-

2316 2856 2528 2902 vantes.
2571 2846 2629 2902 ln
2669 2847 2865 2918 quibus
2899 2835 3293 2916 'deturbandis,
3324 2849 3371 2905 si
3400 2848 3563 2904 frater
3584 2861 3712 2903 meus
3730 2844 3829 2900 Ant-

2321 2938 2481 2995 tolius
2509 2955 2634 2995 cum
2679 2941 2842 2997 nimis
2867 2942 3099 3013 benigne
3157 2942 3337 3013 parcit
3377 2941 3584 3013 segnior
3609 2938 3826 3001 invenitur,

2315 3032 2611 3104 dignamini
2644 3048 2744 3103 pro
2783 3034 2888 3090 ﬁde
2917 3044 3098 3090 vestra
3123 3035 3294 3090 etiam
3312 3035 3471 3092 istam
3494 3032 3715 3089 Ecclesia:
3729 3042 3827 3101 pta-

2316 3131 2464 3178 stare
2492 3124 2839 3192 medicinam,
2867 3134 2928 3180 ut
2961 3125 3094 3181 tales
3123 3140 3233 3182 non
3264 3125 3440 3182 solum
3482 3125 3547 3180 ab
3576 3123 3732 3181 ordine
3756 3118 3831 3176 de-

2319 3216 2542 3283 ricatus,
2569 3216 2661 3272 sed
2692 3216 2856 3273 etiam
2889 3219 2956 3274 ab
2992 3218 3143 3274 urbis
3168 3218 3510 3274 habitatione
3534 3216 3829 3290 pellantur,»

2319 3310 2546 3366 ulterius
2583 3313 2771 3369 Sancti
2815 3310 2911 3368 Dei
2954 3311 3135 3385 populi
3191 3328 3571 3385 perversorum
3620 3307 3827 3367 hominum

2320 3403 2574 3474 contagio
2593 3402 2928 3474 polluantur.
2962 3423 2983 3457 s

2397 3493 2507 3550 Nos
2544 3511 2762 3567 quoque
2816 3504 3064 3568 pastores
3101 3504 3158 3553 et
3185 3497 3441 3553 doctores
3482 3494 3624 3551 nobis
3643 3486 3829 3547 commis-

2322 3602 2505 3643 sarum
2538 3588 2800 3658 plebium,
2826 3596 2882 3645 et
2924 3589 3163 3661 episcopi
3202 3606 3270 3647 ac
3304 3592 3665 3664 gubernatores
3699 3579 3826 3637 Eccle-
3920 3640 3921 3657 η

2318 3679 2435 3745 site,
2467 3687 2631 3751 atque
2685 3681 3140 3737 monasteriorum
3196 3692 3461 3749 rectores,
3518 3680 3601 3750 qui
3636 3680 3827 3731 vocantur

2318 3773 2565 3839 abbates,
2610 3774 2677 3828 ad
2707 3772 2957 3844 nosipsos
3006 3773 3186 3829 redire
3213 3773 3494 3837 debemus,
3540 3779 3590 3826 et
3618 3767 3826 3834 diligenter
3920 3812 3921 3821 χ

2320 3864 2623 3927 attendere,
2655 3864 2782 3936 quia
2807 3865 2853 3919 si
2877 3864 3179 3921 inebriatus
3208 3876 3298 3921 est
3322 3866 3524 3938 gladius
3551 3861 3633 3916 Dei
3653 3860 3695 3914 in
3712 3852 3823 3915 οαειο,

2319 3968 2375 4013 et
2418 3966 2477 4013 ut
2526 3974 2755 4030 magnus
2809 3957 3002 4014 Petrus
3036 3959 3209 4014 dicit:
3237 3958 3303 4015 Si
3342 3958 3543 4030 Angelis
3571 3946 3822 4027 peccantibus

2318 4050 2580 4105 Dominus
2605 4067 2711 4105 non
2727 4050 2978 4122 pepercit,
3000 4051 3091 4105 sed
3116 4050 3424 4105 rudentibus
3444 4046 3619 4118 inferni
3635 4043 3823 4096 detrth

2319 4143 2376 4199 in
2400 4152 2661 4198 tartarum
2686 4142 2903 4197 tradidit
2929 4143 3265 4209 cruciandos,
3294 4145 3349 4198 in
3367 4141 3614 4213 judicium
3638 4123 3823 4188 reservari

2320 4233 2407 4308 (ΙΙ
2438 4232 2585 4290 Petr.
2612 4251 2671 4302 ιι,
2692 4234 2773 4306 εί),
2800 4249 2901 4290 nec
2937 4235 3093 4291 nobis
3114 4244 3324 4305 parcet~
3339 4235 3441 4290 ﬁde
3466 4241 3519 4288 et
3542 4226 3718 4285 actibus
3744 4226 3823 4272 ast

2319 4328 2774 4398 apostatantibus,
2805 4328 2945 4384 sicut
2973 4343 3075 4383 nec
3107 4344 3263 4383 sacra
3323 4325 3562 4390 concilia,
3606 4330 3656 4374 ut
3694 4317 3735 4371 in
3768 4308 3821 4365 eis

2319 4419 2562 4475 valemus
2590 4418 2849 4489 relegere,
2896 4428 3257 4490 pepercerunt
3291 4415 3551 4489 episcopis
3575 4410 3712 4466 etiam
3748 4413 3817 4455 ιη’

2320 4509 2804 4567 minatissimarum
2831 4509 3062 4577 sedium,
3105 4509 3355 4566 videlicet
3383 4490 3821 4562 Alexandriam.“

627 4611 805 4666 mines
832 4617 980 4675 sunt,
1003 4608 1136 4666 facit
1174 4609 1306 4665 oriri
1350 4606 1524 4666 solem
1568 4624 1723 4666 suum
1769 4624 1932 4680 super
1962 4604 2137 4668 bonos
2159 4619 2214 4668 et

2323 4604 2590 4659 tiochenac
2616 4642 2634 4670 ,
2690 4602 3192 4675 Hierosolymitanae
3213 4643 3228 4669 ,
3282 4590 3818 4665 Constantinopolilawv

626 4703 821 4771 malos,
850 4712 906 4760 et
941 4702 1081 4775 pluit
1100 4703 1455 4775 superiustos
1481 4712 1536 4760 et
1566 4702 1817 4774 iniustos.
1843 4704 1922 4761 Ita
1952 4706 2084 4762 nulli
2116 4708 2214 4764 bo-

626 4794 761 4851 mini
783 4794 1082 4852 claudenda
1102 4804 1185 4852 est
1210 4796 1609 4863 misericordia,
1640 4797 1772 4852 nulli
1813 4800 2087 4868 peccaturi
2119 4799 2216 4855 im-

623 4885 811 4959 punita
828 4895 1057 4958 peccata
1075 4887 1364 4944 relaxanda
1388 4896 1535 4944 sunt.
1561 4908 1581 4942 ›
1598 4889 1665 4944 Ει
1686 4889 1739 4944 in
1763 4899 1997 4946 tractatu
2020 4891 2213 4962 psalmi

624 4981 908 5038 centesimi
928 4981 1177 5054 vigesimi
1200 4981 1368 5038 noni:
1399 5000 1418 5033 ι
1452 4981 1713 5052 Quisquis
1732 4984 2073 5039 consenserit
2093 4997 2216 5054 pec-

590 5073 821 5139 .catori,
870 5088 977 5129 non
1032 5072 1244 5141 alienis,
1282 5074 1376 5130 sed
1421 5073 1536 5130 suis
1588 5081 1867 5145 gravatur.
1931 5073 2218 5131 Consentis

624 5166 793 5233 enim,
832 5174 889 5221 et
930 5175 1214 5236 peccatum
1257 5165 1482 5222 alterius
1529 5173 1679 5221 tuum
1712 5166 1772 5220 lit
1807 5174 2116 5236 peccatum,
2162 5174 2218 5222 et

626 5276 733 5315 non
764 5268 848 5316 eat
876 5273 1049 5330 quare
1070 5259 1322 5329 queraris
1365 5258 1511 5330 quod
1538 5269 1589 5315 te
1631 5267 1854 5329 peccata
1881 5258 2058 5316 aliena
2098 5274 2218 5332 pre-

626 5360 817 5407 mant:
851 5360 1106 5422 premunt
1136 5359 1210 5418 te,
1232 5352 1326 5408 sed
1355 5361 1468 5408 tua.
1502 5370 1520 5405 ι
1566 5352 1636 5408 Ει
1678 5352 1733 5406 in
1762 5352 1902 5408 libro
1934 5353 2002 5408 de
2028 5352 2218 5410 Corre-

590 5494 593 5499 .
623 5445 811 5517 ptione
830 5453 885 5501 et
904 5444 1129 5503 Gratia:
1157 5464 1176 5498 ι
1223 5443 1414 5501 Videte
1440 5460 1507 5501 ne
1531 5445 1654 5515 quis
1699 5445 1898 5499 malum
1942 5460 2039 5515 pro
2075 5444 2216 5500 malo

624 5535 787 5593 alicui
834 5536 1045 5592 reddat.
1096 5534 1201 5593 Ubi
1246 5536 1657 5609 intelligendum
1705 5546 1809 5604 est,
1862 5547 1990 5593 tunc
2035 5538 2217 5607 potius

627 5624 830 5683 malum
852 5642 952 5699 pro
976 5628 1121 5685 malo
1147 5629 1321 5695 reddi,
1348 5630 1394 5685 si
1419 5629 1796 5701 corripiendus
1827 5644 1935 5685 non
1961 5629 2217 5699 corripia-

625 5728 743 5789 tur,
764 5723 861 5776 sed
881 5737 1045 5794 prava
1072 5722 1504 5779 dissimulatione
1526 5723 1838 5795 negligitur.
1868 5723 2010 5779 Dicit
2027 5722 2173 5778 enim
2199 5740 2212 5776 :

622 5809 918 5883 Peccantcs
941 5832 1120 5878 caram
1150 5816 1388 5873 omnibus
1417 5817 1641 5891 corripe,
1671 5825 1730 5873 ut
1773 5818 1948 5903 caeteri
1977 5819 2212 5891 timorem

2318 4697 2670 4755 Nicodemiie.
2710 4697 2936 4770 Insuper
2963 4708 3020 4754 et
3049 4697 3345 4755 Honorium
3367 4707 3563 4765 magna:
3588 4688 3819 4782 Homeri-

2316 4809 2465 4866 pam,
2502 4794 2630 4866 quia
2674 4802 2867 4850 contra
2900 4794 3060 4850 ﬁdem
3094 4794 3351 4860 sensisse,
3381 4799 3437 4848 et
3477 4799 3625 4859 prave
3652 4782 3820 4834 sentiet?

2320 4887 2463 4943 tibus
2497 4888 2842 4945 consensisse
2866 4888 3112 4944 detectus
3143 4903 3207 4943 ac
3230 4880 3612 4943 evidentissima
3635 4874 3818 4965 εοωρςςς

2316 4977 2478 5033 batus
2503 4987 2609 5045 est,
2636 4979 2779 5034 sicut
2821 4978 2877 5033 in
2902 4985 3054 5034 sexta
3096 4978 3301 5051 synodo
3347 4969 3543 5048 (synodi
3583 4981 3627 5019 νί
3652 4946 3815 5051 “Mal

2322 5068 2618 5136 invenitur,
2658 5070 2820 5126 etiam
2868 5080 2991 5142 post
3038 5048 3269 5126 mortem
3297 5048 3815 5123 anathematizaverunl.

2322 5161 2379 5218 in
2398 5162 2503 5218 hoc
2529 5163 2730 5218 saeculo
2767 5163 3116 5218 manifestata
3159 5162 3337 5232 culpa,
3376 5157 3516 5228 justo
3548 5148 3632 5205 Dei
3654 5145 3815 5232 09"“?

2323 5253 2515 5310 dantes
2550 5254 2777 5326 judicio,
2804 5255 2950 5326 quod
2982 5254 3095 5323 jam
3121 5262 3304 5327 egerat
3328 5252 3379 5307 in
3406 5243 3615 5304 occulto.
3652 5231 3814 5326 Nam}!

2322 5348 2464 5404 idem
2495 5347 2767 5404 Honorius
2793 5349 2896 5405 hoc
2925 5348 2976 5402 in
3004 5348 3257 5418 praesenti
3304 5341 3489 5401 siccato
3527 5349 3620 5392 non

2323 5449 2429 5507 set,
2458 5452 2514 5497 et
2542 5458 2666 5497 cum
2692 5443 2808 5512 ipso
2857 5442 3053 5497 merito
3079 5443 3145 5497 de
3175 5442 3277 5498 hoc
3319 5434 3503 5493 szrculo
3534 5441 3627 5485 non
3647 5412 3811 5512 exist“

2321 5531 2422 5589 sibi
2451 5534 2629 5603 potius
2653 5508 2813 5603 quam
2837 5532 2913 5586 illi
2936 5541 3194 5588 nocerent
3218 5527 3539 5588 maledictum
3558 5508 3809 5603 Ῑ²⁰υ¹²¹¹ξ⁸έῖ

2321 5643 2430 5682 non
2455 5626 2661 5697 judicio
2682 5625 2929 5697 iustitiae,
2953 5626 3046 5681 sed
3078 5625 3268 5691 livore,
3292 5621 3373 5701 εει
3395 5611 3662 5674 temeritate
3684 5592 3811 5701 tacut

2324 5688 2475 5776 bona.
2494 5717 2636 5773 facta
2662 5688 2764 5789 pro
2784 5688 3054 5774 defunctis
3090 5716 3204 5771 suis
3232 5688 3402 5785 politis
3435 5706 3506 5760 eis
3532 5695 3720 5801 prosus:

2322 5812 2416 5875 illa
2444 5778 2680 5879 faciunt;
2700 5826 2863 5883 quam
2890 5809 2994 5867 illis
3015 5823 3115 5883 pro
3136 5778 3327 5882 quibus
3348 5802 3497 5857 num;
3517 5791 3557 5849 si
3580 5790 3721 5844 tamen
3737 5778 3794 5841 ips
