3998 6336
132 260 259 317 509

1193 265 1283 324 ne
1321 231 1596 327 suam
1632 267 1771 327 NON
1810 268 2020 326 ruma
2055 270 2372 331 DEITATE.

3332 276 3442 334 510

136 378 399 439 defuncti
429 380 484 434 in
514 379 618 435 hac
640 379 753 436 vita
774 395 879 437 non
902 395 1240 453 meruerunt,
1267 395 1327 442 ut
1354 388 1434 444 eis
1454 389 1507 443 in
1531 388 1621 445 illa
1640 390 1752 447 vita
1781 390 1833 454 Δ
1859 397 1971 445 tum
2003 392 2299 460 prophetiae
2345 389 2557 448 Veteris
2595 405 2660 448 ac
2706 389 2845 447 Novi
2887 389 3241 448 Testamenti.
3272 391 3441 461 Quid-

88 460 95 471 ’
133 470 324 546 “7
363 484 588 527 suorum
613 472 911 530 viventium
939 474 1220 532 benefacta
1248 479 1507 549 prodesse
1542 496 1751 552 praeva-

135 569 328 622 leant.
353 564 546 636 Legite
571 566 787 622 beatum
809 568 1171 640 Augustinum
1216 571 1268 626 in
1297 573 1584 629 sententiis
1615 589 1751 645 apo-

142 656 287 716 stoli
324 657 566 728 epistolae
598 658 665 714 ad
691 658 1220 730 Thessalonicenses,
1247 672 1306 719 et
1342 674 1591 720 sanctum
1618 664 1751 722 Gre-

147 748 376 823 gorium
408 750 537 804 hinc
578 751 873 822 apostolice
917 752 1315 812 disserentem:
1365 775 1384 809 ι
1413 755 1520 813 Sed
1564 768 1620 813 et
1664 758 1752 829 pia

150 850 344 897 mater
382 841 626 899 Ecclesia
668 858 770 915 pro
810 846 1063 903 omnibus
1100 847 1154 904 in
1198 847 1451 919 Christo,
1494 851 1548 907 id
1577 861 1661 907 est
1697 853 1751 909 in

148 936 375 991 unitate
400 935 684 993 catholicae
712 939 862 1009 pacis
907 955 972 995 ac
1016 939 1167 1008 fidei,
1196 950 1253 997 et
1279 942 1333 998 in
1372 945 1753 1002 communione

157 1027 413 1097 corporis
453 1044 518 1084 ac
587 1028 867 1101 sanguinis
922 1030 1300 1103 Redemptoris
1340 1051 1405 1091 ac
1454 1035 1754 1097 Salvatoris

163 1119 341 1174 nostri
364 1119 789 1189 quiescentibus,
822 1138 1011 1178 verum
1043 1134 1098 1181 et
1122 1126 1397 1199 singulare
1423 1128 1752 1186 sacriﬁcium

162 1207 322 1265 oﬂ‘ert
346 1228 358 1264 :
397 1226 626 1281 quorum
650 1213 1053 1285 derogationem
1084 1231 1192 1273 non
1219 1219 1443 1289 patitur,
1460 1229 1754 1280 utsanctus

165 1300 490 1358 Celestinus
512 1304 580 1358 ad
611 1298 921 1363 Gallicanos
948 1308 1137 1364 scribit
1181 1311 1465 1383 episcopos
1494 1312 1667 1385 (epist.
1696 1313 1752 1384 8)

167 1392 389 1449 dicens:
421 1391 583 1450 Nefas
607 1397 821 1453 esthaec
837 1400 947 1470 pati
974 1400 1252 1471 religiosas
1274 1404 1753 1476 animas,quarum

171 1484 475 1554 alllictione,
508 1488 636 1558 quia
662 1491 904 1546 membra
956 1479 1139 1549 nostra
1188 1506 1347 1562 sunt,
1396 1512 1497 1553 nos
1537 1512 1755 1568 quoque

172 1582 417 1637 convenit
463 1584 766 1650 macerari,
794 1588 1047 1656 quamvis
1091 1598 1310 1645 maneat
1349 1590 1434 1646 his
1472 1590 1754 1647 beatitudo

169 1674 451 1744 promissa,
478 1676 793 1746 quicunque
822 1677 1119 1747 probantur
1156 1682 1590 1752 persecutionem
1630 1698 1755 1754 pro-

1853 481 1983 551 qnid
2012 481 2158 536 enim
2200 480 2370 555 448
2395 482 2616 555 spiritus
2649 481 2951 554 prophetia:
2978 482 3156 550 dixit,
3195 483 3436 541 testimo-

1852 571 2001 627 nium
2032 581 2115 628 est
2151 571 2301 639 Jesu,
2321 574 2433 643 qui,
2476 574 2617 630 sicut
2646 573 2911 644 scriptum
2940 580 3053 639 est,
3082 572 3437 631 testimonium

1852 663 2006 720 habet
2036 683 2068 719 a
2094 664 2204 737 lege
2230 675 2278 720 et
2301 666 2587 737 prophetis.
2620 666 2688 723 Et
2723 667 2839 737 ipse
2873 666 3006 722 dicit
3052 665 3342 737 apostolis,
3374 681 3442 723 ac

1851 771 1950 827 per
1976 756 2081 813 hoc
2105 757 2357 813 omnibus
2384 757 2694 828 apostolicis
2727 759 2881 825 viris,
2908 757 3001 831 qui
3032 757 3116 814 vel
3141 759 3331 825 verbo,
3352 756 3441 814 vel

1855 849 2080 918 scripto,
2113 848 2196 905 vel
2218 850 2384 905 etiam
2413 857 2560 905 recta
2589 850 2926 920 operatione,
2954 858 3046 905 aut
3070 865 3170 922 pro
3191 849 3309 920 ejus
3336 864 3438 906 no-

1854 939 2000 994 mine
2024 941 2294 1009 passione,
2326 939 2400 996 illi
2441 940 2811 996 testimonium
2851 940 3179 1012 perhibent:
3221 941 3290 997 Et
3328 958 3441 1009 vos,

1855 1031 2133 1102 inquiens,
2162 1033 2293 1087 milii
2311 1033 2663 1089 testimonium
2687 1033 3042 1105 perhibebitis,
3082 1032 3171 1104 qui
3201 1033 3264 1087 ab
3289 1033 3441 1088 initio

1854 1143 2057 1181 mecum
2084 1128 2207 1182 estis
2233 1125 2418 1200 (Joan.
2443 1143 2533 1194 xv,
2566 1128 2679 1200 l7).
2712 1126 2864 1184 Sicut
2891 1135 2948 1183 et
2982 1127 3269 1199 promissio
3292 1127 3437 1183 illius

1854 1218 2095 1274 veridica
2126 1219 2193 1275 de
2230 1218 2481 1275 omnibus
2525 1219 2637 1276 suis
2675 1227 2760 1277 est
2785 1220 2890 1276 rite
2928 1219 3306 1292 intelligenda,
3336 1234 3445 1290 qua

1855 1310 2029 1389 dixit:
2064 1309 2200 1365 Ecce
2223 1327 2316 1382 ego
2337 1311 2600 1367 vobiscum
2637 1328 2755 1367 sum
2786 1311 3026 1367 omnibus
3060 1311 3244 1366 diebus
3281 1326 3446 1383 usque

1855 1401 1925 1455 ad
1950 1402 2449 1456 consummationem
2492 1402 2694 1460 swculi.
2741 1401 2909 1475 Cujus
2940 1402 3311 1460 testimonium
3336 1441 3353 1467 ,
3391 1400 3448 1457 id
3502 1442 3510 1450 .

1855 1502 1940 1547 est
1969 1508 2140 1548 sacrae
2166 1492 2465 1565 Scriptura:
2492 1495 2930 1565 explanationum
2960 1496 3239 1567 ipsiusque
3267 1491 3450 1564 expla-

1860 1594 2136 1653 natorutn,
2172 1585 2491 1644 Theodorus
2519 1589 2571 1643 in
2600 1590 2789 1660 quinta
2815 1590 3026 1663 synodo
3050 1630 3066 1658 ,
3094 1601 3150 1646 et
3177 1589 3449 1647 Macarius

1860 1676 1914 1732 in
1954 1686 2107 1734 sexta
2134 1679 2341 1752 synodo
2370 1681 2726 1749 detractores,
2756 1691 2812 1738 et
2840 1680 3137 1738 falsitatum
3177 1681 3451 1752 apposito-

173 1775 289 1837 pter
322 1768 587 1839 justitiam
620 1773 910 1838 sustinere,
942 1768 1295 1847 quibus’quid
1335 1777 1619 1847 promum
1646 1776 1755 1833 Do-
1780 1760 1829 1821 B
1859 1786 1947 1825 res
1970 1771 2173 1826 inventi
2197 1781 2361 1843 atque
2383 1771 2641 1838 convicti,
2672 1773 2741 1828 ab
2766 1772 3060 1857 episcopali
3082 1772 3256 1844 gradu
3278 1773 3448 1845 depol,

175 1860 349 1915 minus
379 1862 432 1916 in
465 1860 703 1918 futurum
740 1880 975 1934 sequens
1017 1881 1200 1922 sermo
1236 1867 1510 1936 declarat;
1545 1889 1566 1922 ι
1618 1884 1753 1939 quo-

175 1951 313 2007 niam
344 1954 581 2024 ipsorum
619 1964 737 2022 est,
770 1957 979 2029 inquit,
1015 1974 1240 2031 regnum
1279 1960 1561 2016 caelorum.
1596 1960 1754 2019 Unde

174 2054 404 2113 constat,
454 2058 513 2104 ut
556 2049 709 2105 Felix
738 2068 874 2123 papa
919 2052 1081 2120 dicit,
1116 2063 1173 2110 et
1214 2070 1283 2111 ex
1319 2056 1548 2126 epistola
1577 2057 1754 2114 sancti

175 2137 446 2210 Augustini
494 2142 561 2197 ad
612 2142 947 2201 Bonifaciutn
995 2146 1256 2205 discimus
1281 2189 1297 2216 ,
1344 2167 1364 2200 ι
1390 2150 1753 2222 periculosum

180 2241 286 2284 esse
309 2230 375 2285 de
398 2246 586 2287 eorum
618 2234 825 2291 meritis
857 2236 1127 2308 judicare,
1157 2240 1251 2310 qui
1281 2256 1382 2297 nos
1401 2240 1516 2310 jam
1548 2243 1616 2298 ad
1644 2243 1754 2299 Do-

183 2318 369 2375 minum
407 2332 841 2392 prmcessernnt,
891 2326 994 2382 nisi
1026 2343 1255 2398 quorum
1297 2329 1584 2387 manifesta
1630 2341 1756 2389 sunt

184 2409 387 2477 scelera,
426 2413 510 2470 vel
539 2429 569 2468 a
599 2423 746 2471 recta
775 2415 879 2472 [ide
913 2420 1185 2489 apostasia
1208 2462 1222 2488 ,
1251 2421 1303 2477 id
1326 2431 1412 2478 est
1432 2439 1463 2478 a
1498 2425 1609 2480 Deo
1645 2425 1756 2481 dis-

182 2503 356 2571 cessio,
386 2506 515 2561 etin
542 2507 624 2562 eis
645 2523 813 2578 usque
836 2509 888 2566 in
913 2511 1072 2567 ﬁnem
1097 2516 1519 2584 perseverantia.
1553 2535 1570 2568 ι
1599 2515 1754 2573 Illum

181 2597 307 2651 enim
342 2604 574 2665 tantum,
605 2598 649 2655 si
679 2600 843 2655 etiam
866 2618 972 2657 non
998 2603 1271 2674 jndicctur
1303 2605 1371 2661 ab
1400 2607 1640 2673 homine,
1662 2622 1755 2663 se-

180 2694 355 2755 quetur
383 2689 700 2758 anathema,
724 2691 776 2747 id
813 2702 897 2748 est
932 2709 964 2749 a
988 2693 1101 2751 Deo
1140 2697 1418 2764 alienatio,
1451 2698 1543 2769 qui
1569 2713 1754 2770 perse-

177 2787 414 2834 veranter
444 2781 497 2836 in
526 2783 636 2837 vita
665 2784 767 2839 ista
795 2784 902 2840 ﬁde
937 2787 1022 2841 vel
1049 2789 1303 2860 operibus
1328 2801 1510 2845 manet
1541 2800 1755 2861 aposta-

174 2881 238 2931 ta.
275 2875 620 2948 Quapropter
662 2880 1001 2936 attendentes
1042 2882 1244 2939 sanctae
1283 2883 1582 2955 Scriptura:
1626 2899 1753 2940 sen-

169 2971 396 3039 tentias,
442 2971 641 3043 quibus
679 2973 907 3031 dicunt:
963 2972 1197 3043 Medice,
1253 2994 1382 3032 cura
1428 2979 1754 3048 temetipsum

166 3086 313 3158 (Luc.
351 3103 427 3155 tv,
456 3087 577 3161 27),
605 3096 697 3145 et:
733 3088 837 3157 Qui
862 3091 1121 3162 prtedicas
1148 3109 1251 3148 non
1281 3092 1572 3163 furandum
1600 3094 1753 3165 furui.E

166 3180 236 3234 ris
266 3178 447 3253 (Rom.
480 3197 545 3249 ιι,
576 3181 690 3255 21),
719 3183 812 3254 qui
856 3184 1187 3240 abominaris
1225 3185 1367 3241 idola
1405 3186 1750 3257 sacrilegium

165 3272 317 3339 facis.
346 3290 637 3331 caveamus
667 3277 756 3347 qui
789 3278 926 3334 alios
953 3278 1230 3349 corrigere
1261 3288 1317 3336 et
1359 3280 1555 3336 docere
1589 3280 1757 3337 debe-

165 3386 303 3439 mus,
336 3380 396 3427 ut
426 3387 535 3427 non
573 3371 835 3444 sacrilege
873 3389 1060 3430 sacras
1103 3372 1412 3445 Scripturas
1436 3375 1757 3445 interprete-

166 3482 301 3532 mur,
328 3466 472 3522 sicut
498 3465 685 3533 Arius,
704 3464 1076 3533 Macedonius,
1093 3465 1398 3532 Nestorius,
1413 3477 1467 3523 et
1482 3467 1757 3539 Eutyches

166 3574 322 3631 agere
348 3568 827 3631 praesumpserunt,
856 3561 1001 3632 unde
1032 3561 1238 3616 ultione
1266 3561 1445 3617 divina
1471 3568 1528 3617 et
1556 3575 1755 3618 censu-

170 3668 224 3707 ra
263 3654 544 3719 canonica,
589 3655 753 3710 Arius
785 3654 839 3710 in
876 3653 1117 3721 Nicmna,
1149 3653 1496 3711 Macedonius
1523 3655 1578 3710 in
1613 3653 1756 3713 Con-

169 3746 639 3815 stantinopolitana
663 3787 679 3813 ,
712 3745 995 3804 Nestorius
1024 3748 1075 3803 in
1107 3748 1280 3819 prima
1318 3748 1609 3817 Ephesiua,
1647 3747 1759 3802 Eu-'

171 3836 349 3908 tycbes
394 3837 539 3907 apud
586 3835 984 3895 Chalcedonam
1018 3880 1033 3902 ,
1077 3854 1200 3894 cum
1261 3837 1515 3893 omnibus
1564 3851 1755 3893 eorum

169 3929 517 4001 complicibus
556 3937 610 3986 et
640 3930 944 3986 fautoribus
976 3938 1103 3986 sunt
1147 3930 1407 3985 damnati.
1451 3928 1756 3987 Caveamus

170 4028 226 4078 ut
253 4019 567 4092 Scripturas
599 4036 705 4078 non
730 4021 1136 4088 detruncemus,
1162 4036 1261 4077 nec
1279 4021 1538 4093 quiddam
1569 4022 1624 4077 in
1652 4022 1755 4089 eis,

172 4113 236 4166 ad
283 4111 722 4168 concinnandum
776 4111 1319 4184 conﬁrmandumque
1366 4111 1752 4179 mendacium,

171 4212 381 4275 propter
405 4211 650 4259 nostram
685 4203 1033 4261 statuendam
1058 4203 1382 4259 sententiam
1405 4243 1419 4271 ,
1450 4211 1638 4260 contra
1663 4217 1755 4260 ca-

174 4298 420 4354 tholicam
469 4296 630 4352 ﬁdem
659 4297 1089 4369 interponamus,
1116 4305 1172 4352 ct
1199 4296 1536 4354 inveniamur
1563 4304 1754 4353 contra

178 4390 389 4448 Paulum
415 4390 722 4462 apostolum
756 4391 1124 4449 adulterantes
1148 4392 1374 4447 verbum
1420 4389 1541 4444 Dei.
1580 4389 1753 4445 Reve-

1855 1863 1966 1929 siti,
2017 1872 2181 1934 atque
2220 1880 2343 1919 cum
2390 1863 2504 1920 suis
2561 1864 2915 1935 complicibus
2959 1863 3346 1932 condemnati,
3393 1872 3451 1923 et

1853 1965 2114 2029 perpetuo
2135 1958 2327 2015 exsilio
2355 1967 2481 2015 sunt
2510 1957 2754 2030 relegati.
2784 1959 3095 2015 Timeamus
3122 1959 3287 2014 etiam
3324 1972 3451 2015 sen-

1856 2050 2082 2106 tentiam
2115 2052 2289 2108 sancti
2321 2051 2599 2107 Coelestini
2640 2066 2825 2124 papae,
2856 2050 3109 2108 Nestorio
3142 2050 3452 2108 Constanti-

1856 2142 2169 2214 nopolitano
2209 2143 2465 2215 episcopo
2491 2143 2752 2215 scriptam
2791 2144 2961 2216 (epist.
3011 2142 3090 2215 5),
3130 2143 3219 2199 cui
3264 2142 3447 2201 dixit:

1862 2250 1881 2285 ς
1916 2232 2102 2304 Itaque
2124 2274 2139 2302 ,
2189 2233 2461 2306 inquiens,
2504 2235 2753 2306 quamvis
2783 2232 2898 2305 jam
2926 2231 3098 2290 frater
3122 2233 3361 2306 Cyrillus
3392 2241 3448 2292 te

1856 2326 2100 2399 epistolis
2147 2329 2261 2384 suis
2308 2336 2524 2384 asserat
2570 2337 2939 2394 conventum,
2986 2326 3258 2400 intelligas
3304 2325 3447 2392 volo.

1856 2428 1980 2490 post
2002 2419 2237 2491 primam
2269 2429 2325 2476 et
2351 2419 2645 2476 secundam
2676 2419 2820 2476 illius
2844 2460 2860 2487 ,
2892 2428 2949 2476 et
2978 2420 3119 2476 hanc
3148 2419 3452 2490 correptio-

1857 2524 1982 2564 ncm
2021 2519 2287 2578 nostram,
2320 2524 2484 2581 quam
2533 2517 2746 2566 constat
2789 2524 2912 2566 esse
2946 2507 3061 2579 jam
3098 2509 3340 2575 tertiam,
3378 2507 3449 2566 ab

1856 2602 2215 2659 universitate
2278 2601 2491 2673 collegii
2556 2609 2612 2657 et
2681 2608 2950 2658 conventu
3014 2599 3451 2657 Christianorum

1858 2712 2082 2767 prorsus
2122 2711 2245 2752 esse
2276 2695 2605 2768 disjunctum
2631 2736 2647 2763 ,
2678 2695 2785 2751 nisi
2833 2710 2960 2751 mox
3000 2710 3121 2765 qua:
3162 2693 3452 2750 maledicta

1859 2798 1985 2845 sunt
2014 2789 2381 2860 corrigantur,
2411 2799 2467 2846 et
2493 2788 2599 2843 nisi
2631 2787 2684 2842 in
2706 2801 2825 2843 eam
2853 2787 2999 2843 viam
3038 2786 3247 2853 redeas.
3285 2798 3449 2855 quam

1860 2898 1919 2939 se
1941 2881 2191 2939 Christus
2219 2897 2341 2938 esse
2365 2890 2616 2938 testatur.
2645 2880 2784 2955 Male
2806 2880 2860 2936 in
2890 2881 3034 2936 hunc
3076 2894 3228 2934 arma
3253 2878 3449 2948 despe-

1860 2974 2071 3029 ratione
2098 2973 2313 3029 movisti
2340 3014 2355 3039 ,
2403 2974 2496 3045 qui
2542 2981 2597 3029 te
2618 2988 2786 3044 super
2829 2971 3090 3027 familiam
3118 2986 3272 3027 suam
3305 2970 3456 3031 velut

1863 3064 2076 3121 ﬁdelem
2149 3067 2579 3138 prndentemque
2643 3080 2860 3121 servum
2929 3063 3256 3137 permiserat
3322 3069 3452 3119 ante

1861 3159 2137 3217 constitui.
2164 3158 2333 3214 Periit
2354 3160 2448 3215 tibi
2480 3159 2642 3230 hujus
2662 3156 2820 3215 ollicii
2849 3156 3127 3213 beatitudo
3155 3155 3451 3228 promissa,

1858 3253 1950 3324 qui
1990 3269 2097 3308 non
2137 3250 2310 3309 solum
2357 3267 2465 3307 non
2494 3251 2590 3307 das
2626 3252 2806 3308 cibum
2848 3250 2901 3305 in
2946 3258 3208 3321 tempore,
3257 3260 3451 3306 verum

1856 3346 2021 3401 etiam
2068 3359 2276 3401 veneno
2321 3344 2621 3409 interﬁcis,
2649 3359 2786 3415 quos
2831 3343 2926 3400 ille
2959 3359 3059 3399 suo
3098 3341 3360 3412 sanguine
3395 3346 3455 3395 et

1858 3448 1956 3494 sua
1996 3445 2173 3493 morte
2200 3435 2468 3508 quaesivit.
2509 3455 2529 3488 ι
2575 3435 2645 3491 Et
2693 3436 2759 3491 de
2806 3435 2892 3491 his
2931 3434 3152 3506 quidem
3201 3431 3337 3489 satis
3379 3429 3455 3490 sit

1856 3532 2084 3589 dictum.
2113 3530 2343 3587 Restant
2374 3538 2556 3586 autem
2608 3529 2786 3586 adhuc
2826 3528 2984 3601 plura
3015 3527 3081 3585 de
3109 3520 3452 3584 Gothescalci

1854 3621 2233 3695 blasphemiis,
2280 3631 2469 3678 contra
2519 3638 2639 3693 qua:
2689 3637 2796 3677 non
2836 3619 3196 3693 disputatoris
3246 3616 3452 3686 officio,

1857 3717 1953 3773 sed
1979 3716 2309 3790 simplicium
2335 3716 2684 3788 providentes
2708 3714 2911 3770 auxilio
2930 3755 2946 3782 ,
2973 3714 3116 3770 sicut
3139 3710 3452 3784 praeceden-

1858 3810 1958 3876 tia,
1985 3810 2064 3866 sic
2097 3819 2152 3865 et
2172 3810 2293 3866 haec
2317 3825 2438 3881 qua:
2468 3816 2776 3880 sequuntur
2799 3807 2865 3863 de
2893 3805 3120 3862 Patrum
3147 3801 3452 3861 catholico-

1857 3918 1979 3958 rum
1998 3902 2169 3958 dictis
2205 3901 2540 3972 collegimus,
2570 3917 2640 3958 ne
2673 3899 2984 3955 videremur
3011 3915 3042 3954 a
3084 3895 3453 3954 nescientibus

1859 3994 1913 4049 in
1963 3994 2316 4064 responsione
2366 3993 2433 4048 ad
2477 4007 2668 4048 omnes
2720 3987 3062 4047 Gothescalci
3108 3987 3313 4046 naenias
3360 3987 3452 4043 de-

1857 4085 2070 4142 fuisse:
2108 4102 2235 4142 cum
2290 4084 2347 4142 S.
2393 4084 2589 4141 Petrus
2634 4082 2829 4154 jubeat
2875 4098 2976 4138 nos
3023 4089 3246 4151 paratos
3291 4093 3450 4148 esse,

1857 4178 2102 4251 quolibet
2145 4178 2306 4235 modo
2353 4176 2671 4250 pulsemur,
2713 4176 2782 4232 ad
2827 4172 3251 4231 satisfactionem
3299 4164 3451 4227 omni

1854 4274 2122 4345 poscenti.
2171 4272 2415 4345 Denique
2461 4278 2586 4343 post
2631 4268 2941 4342 praemissas
2985 4282 3112 4324 suas
3165 4266 3221 4322 in
3278 4266 3451 4322 Deum

1855 4367 2245 4439 blasphemias,
2270 4373 2489 4423 contras
2509 4378 2647 4437 quas
2667 4378 2734 4420 ex
2762 4359 3152 4418 catholicorum
3170 4358 3452 4415 doctorum

183 4501 381 4541 reamur
401 4451 653 4541 etiamne
680 4486 864 4541 veniat
889 4500 1052 4557 super
1073 4500 1172 4540 nos
1198 4484 1341 4557 quod
1365 4482 1494 4538 dicit
1515 4481 1752 4539 Joannes
1778 4497 1830 4559 Β
1858 4460 2169 4560 sententiis,
2196 4467 2251 4547 et
2275 4456 2610 4560 generalium
2648 4454 2979 4560 synodorum
3013 4451 3255 4560 judiciis,
3288 4462 3454 4523 supra

184 4578 443 4652 apostolus
486 4580 542 4635 in
579 4578 902 4651 Apocalypsi
935 4548 1275 4644 {Comm},
1310 4576 1583 4647 inquiens,
1610 4577 1752 4631 omni
1778 4548 1823 4559 ”
1855 4553 2252 4625 respondimus,
2277 4550 2670 4609 Gothescalcus
2694 4548 3007 4618 subnexuit,
3033 4548 3221 4605 dicens
3252 4562 3266 4602 :

184 4672 399 4728 audienti
442 4674 601 4727 verba
634 4671 926 4745 prapltetia:
963 4670 1088 4727 libri
1130 4669 1313 4742 hujus,
1343 4670 1390 4726 si
1431 4669 1549 4741 quis
1586 4685 1751 4741 appa-

183 4766 325 4821 ruerit
351 4764 425 4822 ad
443 4765 577 4833 lucc,
617 4775 839 4839 apponet
868 4765 1009 4821 Deus
1038 4781 1194 4836 super
1221 4763 1374 4819 illum
1406 4762 1591 4836 plagas
1620 4764 1755 4819 serio

184 4868 286 4930 ptas
310 4859 365 4914 in
387 4858 524 4915 libro
554 4859 679 4925 isto,
708 4867 757 4913 et
785 4857 830 4912 si
864 4858 982 4929 quis
1012 4856 1319 4913 diminuerit
1346 4856 1410 4910 de
1435 4854 1603 4911 verbis
1632 4852 1755 4910 libri

184 4952 449 5024 prophetia:
475 4953 638 5023 hujus
661 4993 678 5018 ,
706 4952 909 5022 auferet
950 4950 1089 5006 Deus
1118 4960 1320 5022 partem
1360 4949 1476 5020 ejus
1514 4948 1579 5003 de
1619 4946 1753 5002 libro

184 5044 306 5108 vita,
331 5051 381 5099 et
405 5042 472 5098 de
499 5043 708 5098 civitate
740 5052 924 5097 sancta
962 5043 1027 5098 de
1060 5043 1142 5097 his
1167 5057 1288 5113 qua:
1320 5041 1514 5111 scripta
1540 5048 1662 5095 sunt
1697 5039 1757 5095 in

186 5134 300 5191 libro
324 5135 425 5190 ista
453 5134 638 5206 (Apoc.
664 5151 773 5191 χιιι
801 5175 816 5200 ,
846 5134 957 5205 l8).
989 5134 1116 5190 Haec
1155 5140 1379 5205 propter
1409 5130 1757 5188 infalsatores

188 5226 323 5292 dixit,
346 5240 453 5282 non
482 5235 705 5296 propter
735 5241 830 5281 eos
859 5225 951 5297 qui
983 5225 1305 5296 simpliciter
1335 5223 1480 5294 quod
1511 5222 1758 5278 sentiunt

190 5319 372 5385 dicunt,
406 5319 460 5374 in
487 5317 636 5375 nullo
656 5318 938 5389 prophetia
968 5318 1218 5374 mutilata
1249 5316 1337 5373 vel
1359 5316 1571 5371 vitiata.
1603 5315 1754 5386 Apo-

190 5412 429 5485 calypsim
452 5413 651 5482 quippe
671 5412 799 5469 Jesu
825 5411 1028 5468 Christi
1055 5410 1277 5465 tradunt
1297 5410 1550 5466 doctores
1569 5407 1759 5464 catho-

190 5503 265 5560 lici
292 5503 788 5574 reeapitulationem
815 5511 872 5562 et
891 5501 1192 5560 clausulam
1220 5516 1343 5558 esse
1366 5502 1530 5557 totius
1555 5508 1758 5557 sanctae

193 5597 493 5668 Scriptum,
516 5604 570 5652 et
599 5613 697 5668 per
715 5597 824 5663 hoc
853 5611 1046 5652 nomen
1076 5610 1294 5651 omnem
1332 5594 1648 5650 canonicam
1676 5594 1758 5649 in-

193 5688 339 5761 telligi
365 5687 566 5745 debere
595 5687 951 5759 Scripturam,
980 5688 1122 5744 sicut
1160 5695 1215 5744 et
1250 5686 1352 5742 hoc
1386 5684 1528 5755 quod
1558 5684 1756 5741 ibidem

195 5790 435 5865 scriptum
460 5790 547 5843 est
572 5782 926 5843 testimonium
967 5781 1097 5841 Ictu
1144 5781 1569 5857 interpretantur
1597 5778 1758 5853 spiri-

2626 4704 2692 4762 ll.

1933 4862 1996 4904 -ε-
2029 4865 2048 4900 (
2088 4845 2450 4915 Qui~credunt
2496 4852 2661 4916 atque
2701 4842 2895 4901 dicunt
2937 4840 3082 4913 quod
3126 4854 3234 4897 non
3280 4839 3456 4912 possit

1865 4956 1883 4990 ε
1902 4938 2308 5010 δευοιοτίιειιίνθ
2334 4952 2511 5008 neque
2535 4951 2667 4994 vere
2689 4935 2798 4995 dici
2824 4935 2998 4992 deitas
3024 4934 3187 5000 trina,
3226 4941 3456 4990 cernant

1865 5050 1885 5084 ι
1928 5039 1984 5086 et
2006 5031 2187 5102 legant
2232 5031 2288 5085 in
2328 5029 2468 5085 libro
2509 5029 2577 5086 de
2604 5037 2797 5086 sancta
2826 5026 3062 5101 synodo,
3094 5025 3189 5097 qui
3217 5024 3455 5095 scriptus

1865 5142 1884 5177 ι
1929 5124 2094 5180 estin
2116 5122 2326 5190 Graeco,
2352 5122 2565 5179 scilicet
2601 5118 3065 5191 Constantinopoli
3101 5117 3203 5176 sub
3233 5115 3454 5188 iuniore

1866 5235 1887 5270 ι
1931 5215 2316 5282 Constantino,
2338 5231 2368 5271 a
2398 5224 2615 5272 centum
2636 5212 3033 5285 quinquaginta
3058 5207 3310 5264 Patribus
3326 5205 3454 5278 jure

1866 5328 1886 5363 ι
1932 5310 2217 5365 damnatos
2272 5317 2329 5366 et
2384 5306 2871 5364 anathematizatos
2923 5303 3155 5359 Arianos
3211 5300 3455 5357 colentes

1868 5420 1887 5455 ι
1930 5404 2262 5480 τριθιοτείας,
2302 5401 2357 5457 id
2401 5407 2484 5459 est
2511 5409 2621 5460 tres
2644 5398 2896 5464 deitates,
2930 5404 2984 5452 et
3029 5404 3208 5451 tamen
3238 5393 3292 5448 in
3335 5392 3453 5464 ipso

1869 5513 1890 5549 ι
1934 5503 2332 5566 consequenter
2354 5492 2665 5549 continetur
2689 5487 2985 5556 volumine,
3012 5487 3069 5543 in
3101 5485 3280 5544 edicto
3302 5482 3452 5540 scili-

1868 5612 1887 5647 (
1929 5600 2015 5647 cct
2061 5588 2438 5654 Constantini,
2482 5584 2993 5658 congloriticandam
3035 5581 3235 5638 trinam
3276 5579 3452 5637 deita-

1866 5706 1884 5739 σ
1936 5694 2063 5741 tem.
2109 5703 2126 5737 ι

1932 5790 2027 5837 XP.
2067 5775 2164 5833 llic
2205 5781 2259 5831 et
2297 5773 2413 5850 ipse
2462 5788 2524 5832 se
2567 5772 2892 5848 redarguit,
2942 5776 3000 5830 et
3045 5766 3457 5844 compilatorem
