3998 6336
582 287 680 352 811

1513 287 1840 350 lllNCMARl
1880 289 2273 351 RHEMENSIS
2306 291 2823 355 ARCHIEPISCOPI
3751 306 3834 366 512

581 428 704 470 esse
754 413 991 469 ostendit
1023 453 1037 480 ,
1087 411 1214 483 quia
1265 410 1414 468 illum
1463 413 1641 484 ipsum
1693 413 1888 469 librum
1946 425 2002 470 et
2059 422 2168 469 tres
2199 419 2245 477 Α
2273 415 2576 470 mternitate
2608 435 2621 470 :
2655 417 2770 487 ipsa
2799 416 2998 473 etenim
3024 417 3126 474 sibi
3173 418 3625 490 consempiterna
3656 433 3757 492 est,
3790 437 3834 485 et

583 507 811 564 deitates
866 520 1122 577 respuere
1157 546 1172 573 ,
1219 515 1274 560 et
1354 504 1597 576 proﬁteri
1656 507 1855 561 trinam
1911 507 2167 563 deitatem

583 597 1092 667 congloriﬁcandam
1120 637 1136 664 ,
1188 597 1344 667 quasi
1402 597 1790 668 receptihiliter
1837 597 1988 655 dicit.
2029 599 2168 654 Nam

584 691 638 746 in
689 690 913 761 epistola
959 689 1260 762 Agathonis
1329 706 1481 762 papae
1535 690 1754 764 (synodi
1804 710 1859 750 vr
1934 707 2038 750 act.
2099 692 2169 765 4)

585 783 651 836 ad
701 781 984 851 praefatum
1038 780 1452 837 Constantinum
1501 791 1567 838 “et
1627 793 1911 841 consortes
1960 785 2169 856 imperii

582 873 748 947 M9
775 875 858 930 sui
900 874 1125 938 directa,
1149 883 1204 930 et
1249 875 1301 929 in
1331 877 1517 932 eadem
1549 879 1752 949 synodo
1794 880 2042 945 recitata,
2100 882 2171 937 ita

583 967 862 1023 habetur:
909 987 927 1020 ‹
959 967 1059 1023 Hic
1104 968 1268 1039 igitur
1312 979 1484 1026 status
1529 980 1612 1026 est
1654 972 1978 1043 evangelicae
2009 982 2172 1046 atque

584 1063 896 1131 apostolicae
941 1072 1139 1119 nostrae
1191 1064 1336 1131 ﬁdei,
1385 1067 1756 1138 regnlarisque
1807 1070 2059 1138 traditio,
2115 1079 2175 1126 ut

583 1153 903 1210 conﬁtentes
933 1164 1176 1212 sanctam
1207 1166 1262 1213 et
1297 1158 1711 1229 inseparabilem
1740 1159 2081 1229 Trinitatem,
2120 1161 2173 1217 id

583 1255 668 1301 est
700 1246 916 1301 Patrem
970 1256 1025 1304 et
1076 1247 1272 1304 Filium
1311 1259 1364 1305 et
1395 1250 1656 1321 Spiritum
1706 1263 1972 1319 sanctum,
2013 1255 2175 1311 unius

581 1351 704 1392 esse
731 1338 965 1402 deitatis,
997 1340 1157 1396 unius
1181 1351 1386 1397 naturae
1408 1352 1464 1397 et
1483 1343 1817 1411 substantiae,
1849 1345 1964 1401 sive
1992 1361 2177 1402 essen-

585 1428 696 1495 tiae,
723 1430 882 1485 unius
911 1446 1031 1486 eam
1065 1433 1417 1502 praedicemus
1457 1442 1512 1491 et
1555 1437 1815 1493 naturalis
1856 1437 2175 1506 voluntatis,

585 1520 826 1589 virtutis,
857 1525 1213 1592 operationis,
1242 1525 1646 1595 dominationis,
1684 1529 2000 1596 maiestatis,
2027 1539 2179 1600 pote-

585 1613 740 1669 statis
761 1622 815 1669 et
848 1614 1054 1686 gloriae,
1082 1625 1136 1672 et
1167 1617 1424 1687 quidquid
1450 1619 1517 1675 de
1542 1621 1735 1675 eadem
1769 1629 1956 1676 sancta
2001 1621 2180 1677 Trini-

584 1711 696 1759 tate
722 1707 1089 1763 essentialiter
1113 1709 1332 1776 dicitur,
1363 1712 1624 1783 singulari
1658 1729 1884 1770 numero
1921 1722 2177 1785 tanquam

2271 507 2506 562 essentia
2532 507 2754 579 aequalis
2783 509 3004 564 honoris
3044 517 3148 564 est.
3202 508 3325 564 Nec
3359 510 3508 564 enim
3541 512 3732 568 exstitit
3756 532 3834 573 sa:-

2272 595 2472 666 culum,
2501 599 2718 668 quando
2744 615 2866 654 cum
2895 598 3057 655 Patre
3086 615 3200 656 non
3229 608 3358 656 erat
3391 608 3450 656 et
3478 599 3642 657 Filius
3668 621 3682 657 :
3715 605 3837 674 cujus

2271 691 2459 761 utique
2486 693 2786 749 vocabatur
2815 693 2994 760 Pater,
3035 694 3079 750 si
3121 709 3243 749 non
3293 693 3465 749 simul
3506 710 3625 749 cum
3657 711 3716 752 eo
3747 708 3839 755 erat

2273 782 2390 837 sine
2418 783 2686 856 principio
2732 783 2935 839 Filius?
2974 783 3082 842 Nec
3127 795 3259 843 erat
3289 783 3465 858 550
3493 801 3612 840 cum
3639 787 3837 858 utrisque

2275 872 2509 945 Spiritus
2539 887 2778 933 sanctus.
2812 875 2962 933 Unus
3010 877 3180 947 igitur
3214 879 3341 934 haec
3391 877 3496 932 tria
3543 876 3693 943 Deus,
3739 880 3838 949 quia

2275 982 2396 1022 cum
2420 967 2472 1022 in
2490 969 2720 1023 invicem
2739 969 3137 1041 intelliguntur,
3159 970 3283 1026 sola
3303 969 3622 1039 singillatim
3635 969 3838 1026 differen-

2275 1059 2350 1114 tia
2384 1060 2438 1114 in
2487 1061 2874 1116 communitate
2905 1063 3158 1118 essentiae
3193 1062 3644 1132 inseparabiliter
3677 1062 3841 1123 discer-

2275 1160 2438 1208 nente
2464 1169 2898 1224 unamquamque
2928 1170 3252 1226 personam,
3290 1153 3450 1211 solus
3484 1153 3698 1224 proinde
3714 1155 3836 1212 Pater

2276 1252 2433 1313 pater
2465 1252 2568 1310 est,
2596 1244 2744 1298 solus
2771 1244 2940 1301 Filius
2982 1245 3146 1313 ﬁlius,
3199 1245 3388 1304 solus.
3408 1246 3642 1315 Spiritus
3664 1255 3835 1302 sanctus

2278 1338 2512 1409 Spiritus
2541 1350 2782 1395 sanctus.
2827 1337 2924 1395 His
2961 1341 3167 1396 etenim
3223 1338 3560 1395 diﬁ‘erentiis
3610 1354 3704 1394 non
3741 1354 3835 1394 con-

2277 1436 2566 1484 vertuntur
2591 1431 2656 1484 ad
2688 1429 2943 1496 invicem,
2987 1429 3083 1486 sed
3128 1429 3190 1484 in
3237 1430 3332 1485 his
3363 1429 3588 1500 quidem
3618 1429 3834 1499 insepara-

2278 1523 2462 1580 biliter
2515 1525 2847 1592 dividuntur,
2915 1525 3342 1581 communicant
3402 1533 3585 1580 autem
3639 1524 3834 1580 essentia:

2279 1616 2510 1672 unitate.
2551 1617 2793 1674 Trinitas
2821 1617 3048 1689 simplex
3082 1628 3136 1674 et
3179 1618 3472 1689 impartita
3504 1628 3659 1688 atque
3683 1617 3834 1673 incom-

2280 1709 2453 1780 posita
2509 1725 2572 1764 ex
2635 1711 2808 1765 tribus
2854 1709 3138 1782 perfectis,
3185 1727 3258 1766 ex
3317 1710 3501 1780 seipsa
3552 1707 3758 1780 perfecta
3796 1717 3832 1764 et

582 1798 649 1854 de
670 1814 775 1854 una
804 1809 994 1856 natura
1042 1803 1203 1861 trium
1242 1806 1780 1862 consubstantialium
1823 1822 2176 1878 personarum
2204 1787 2254 1848 Β
2282 1801 2720 1872 superperfecta,
2771 1818 2874 1857 una
2921 1811 3114 1857 natura
3173 1811 3351 1872 atque
3403 1801 3629 1866 deitate,
3677 1809 3726 1854 et
3756 1816 3832 1854 una

582 1893 1102 1971 comprehendamus
1129 1896 1364 1968 regulari
1395 1898 1602 1954 ratione
1624 1899 1727 1954 hoc
1756 1899 2009 1955 instituti.
2045 1919 2064 1952 ι
2109 1899 2178 1955 Ει

543 1997 559 2019 κ
583 1981 712 2038 item
735 1983 787 2037 in
815 1983 916 2039 alia
941 1987 1165 2057 epistola
1191 1987 1431 2056 ejusdem
1456 2005 1606 2060 papae
1633 1989 1840 2062 (synodi
1888 2007 1942 2047 v1
1972 1998 2077 2045 act.
2096 1989 2172 2062 4),

584 2077 651 2132 ad
675 2077 851 2134 locum
877 2077 1113 2149 ejusdem
1144 2082 1384 2154 epistolae
1412 2083 1486 2138 ita
1509 2084 1778 2141 habetur:
1809 2105 1827 2139 ι
1854 2083 2176 2140 Trinitatem

586 2166 642 2224 in
670 2171 878 2227 unitate
915 2182 970 2228 et
1007 2174 1272 2230 unitatem
1299 2175 1353 2230 in
1387 2167 1648 2244 trinitate,
1675 2178 1935 2232 unitatem
1958 2177 2178 2247 quidem

584 2264 862 2330 essentizn,
906 2266 1203 2323 trinitatem
1260 2282 1391 2324 vero
1446 2283 1801 2338 personarum
1845 2270 1961 2325 sive
1997 2269 2179 2326 subsi-

587 2357 932 2425 stentiarum,
961 2357 1127 2415 Deum
1149 2360 1366 2416 Patrem
1394 2361 1742 2430 conﬁtentes,
1777 2363 1949 2419 Deum
1985 2364 2176 2432 ﬁlium,

588 2448 758 2504 Deum
789 2450 1051 2522 Spiritum
1095 2461 1364 2520 sanctum,
1392 2471 1498 2511 non
1533 2466 1644 2511 tres
1682 2456 1843 2526 Deos,
1875 2457 1970 2513 sed
2010 2471 2178 2512 unum

583 2539 753 2597 Deum
777 2542 996 2599 Patrem
1037 2552 1092 2600 et
1117 2544 1311 2601 Filium
1351 2556 1408 2603 et
1453 2545 1714 2618 Spiritum
1755 2558 2022 2616 sanctum,
2069 2565 2179 2605 non

585 2634 747 2690 trium
777 2636 1053 2692 nominum
1082 2639 1434 2705 substantias,
1460 2641 1553 2696 sed
1595 2643 1760 2697 trium
1802 2642 2179 2698 subsistentia-

585 2743 707 2784 rum
734 2745 898 2786 unam
942 2731 1321 2800 substantiam,
1352 2750 1582 2805 quorum
1623 2751 1729 2791 una
1761 2737 2020 2804 essentia,
2065 2737 2181 2794 sive

586 2821 906 2888 substantia,
943 2822 1028 2878 vel
1055 2831 1270 2892 natura,
1304 2825 1358 2881 id
1395 2834 1480 2882 est
1508 2843 1614 2882 una
1649 2829 1843 2896 deitas,
1873 2845 1996 2883 una.
2024 2838 2185 2886 aeter-

584 2912 749 2980 nitas,
791 2931 897 2970 una
946 2925 1208 2986 potestas,
1257 2935 1423 2974 unum
1473 2920 1783 2992 imperium,
1831 2938 1938 2977 una
1987 2923 2180 2993 gloria,

584 3019 693 3060 una
736 3008 1001 3074 adoratio,
1039 3026 1142 3065 una
1173 3011 1477 3068 essentialis
1507 3011 1749 3083 ejusdem
1777 3024 1979 3070 sanctae
2002 3025 2058 3070 et
2095 3017 2185 3070 in-

586 3099 904 3170 separabilis
954 3102 1240 3159 Trinitatis
1285 3103 1573 3170 voluntas,
1643 3116 1697 3160 et
1749 3107 2014 3176 operatio,
2065 3123 2184 3177 qua:

586 3194 768 3249 omnia
808 3193 1069 3259 condidit,
1097 3195 1392 3264 dispensat,
1421 3206 1475 3251 et
1519 3197 1779 3254 continet.
1817 3217 1836 3250 ι
1883 3197 1949 3253 Et
1980 3198 2032 3253 in
2062 3197 2180 3269 epi-

587 3283 725 3338 stola
756 3283 1048 3355 Sophronii
1076 3284 1555 3358 llierosolymitani
1587 3288 1823 3358 episcopi
1877 3289 2084 3360 (synodi
2123 3303 2177 3344 vt

587 3385 690 3429 act.
725 3374 840 3449 11),
868 3377 936 3433 ab
963 3375 1256 3448 apostolica
1286 3378 1412 3434 sede
1445 3379 1590 3434 etab
1619 3379 1807 3435 eadem
1853 3380 2056 3451 synodo
2095 3395 2182 3442 re-

588 3470 899 3540 ceptissima
931 3490 943 3526 :
979 3492 997 3524 ‹
1025 3471 1369 3539 Trinitatem,
1403 3473 1594 3544 inquit,
1644 3473 1697 3528 in
1749 3473 1957 3528 unitate
2002 3473 2180 3529 credi-

589 3578 736 3630 mus,
775 3565 913 3619 etin
945 3557 1154 3620 unitate
1195 3567 1494 3623 trinitatem
1528 3566 1893 3638 gloriﬁcamus
1923 3585 1936 3622 :
1971 3568 2184 3624 trinita-

590 3662 701 3710 tem
729 3657 944 3725 quidem
971 3673 1070 3727 pro
1099 3659 1270 3714 tribus
1298 3660 1680 3725 subsistentiis,
1709 3662 1974 3717 unitatem
2001 3670 2182 3717 autem

591 3756 813 3818 propter
837 3748 1269 3824 'singularitatem
1303 3752 1540 3808 deitatis.
1586 3773 1604 3805 ›
1657 3753 1724 3807 Et
1770 3754 1898 3808 item
1935 3769 1950 3808 :
2004 3773 2022 3805 ‹
2060 3753 2184 3809 ldeo

592 3838 730 3895 bene
760 3855 790 3894 a
830 3839 1104 3910 Deiloquis
1132 3842 1396 3896 sancitum
1428 3851 1512 3898 est
1545 3843 1806 3898 unitatem
1837 3843 2053 3912 quidem
2085 3858 2185 3899 nos

595 3945 807 4002 sapere,
856 3941 1050 4005 unaOet
1087 3933 1344 4005 singulari
1377 3935 1576 3990 deitate
1609 3945 1662 3990 et
1693 3936 1974 3991 identitate
2000 3951 2184 3991 essen-

594 4023 739 4080 tialis
761 4033 924 4095 atque
952 4026 1217 4083 naturalis
1242 4027 1644 4094 dominationis,
1679 4028 1975 4084 trinitatem
2003 4037 2184 4084 autem

596 4116 770 4173 tribus
820 4118 1118 4175 inconfusis
1149 4120 1536 4188 subsistentiis,
1585 4131 1642 4176 et
1684 4121 2054 4178 diversitatem
2104 4131 2186 4176 ter

593 4210 940 4265 numeranda:
967 4209 1268 4280 personalis
1303 4210 1650 4268 alternitatis.
1687 4232 1704 4264 ι
1748 4211 1816 4268 Et
1839 4213 2001 4283 paulo
2029 4222 2180 4283 post:

599 4315 618 4350 ι
656 4298 771 4355 Hoc
818 4301 994 4371 ipsum
1048 4303 1246 4374 quippe
1281 4311 1336 4357 et
1375 4319 1541 4358 unmn
1570 4315 1676 4371 est,
1703 4313 1760 4360 et
1790 4305 1892 4359 tria
1923 4306 2182 4372 creditur,

594 4401 648 4446 et
679 4392 782 4446 tria
818 4394 1167 4462 praedicatur,
1198 4401 1253 4448 et
1281 4410 1447 4448 unum
1495 4395 1767 4450 veraciter
1793 4396 2182 4451 annuntiatur:

593 4492 652 4538 et
693 4499 869 4554 neque
908 4500 1075 4540 unum
1121 4484 1265 4555 quod
1291 4499 1418 4556 erga
1449 4500 1612 4540 unum
1640 4493 1724 4541 est
1765 4486 1866 4541 tria
1901 4487 2183 4557 recipitur,

2282 1894 2576 1960 voluntate,
2612 1910 2829 1965 unaque
2866 1897 3189 1967 operatione
3239 1893 3616 1967 gloriﬁcanda.
3645 1892 3830 1962 Quorum

2282 1986 2447 2058 igitur
2489 2003 2593 2042 una
2636 1997 2831 2043 natura
2859 1997 2974 2054 est,
3027 1989 3230 2044 horum
3264 1987 3525 2044 voluntas
3558 1996 3607 2043 et
3640 1985 3830 2057 operatio

2281 2094 2388 2134 una
2417 2088 2520 2145 est,
2550 2081 2692 2136 sicut
2740 2096 2839 2136 nos
2869 2080 3054 2136 docuit
3079 2081 3179 2135 Dei
3228 2079 3420 2136 cultor
3467 2078 3699 2133 Basilius.
3729 2096 3744 2128 ›
3784 2075 3830 2130 Et

2279 2180 2401 2241 post
2433 2171 2587 2242 plura
2617 2171 2783 2243 ipsius
2823 2172 3004 2236 edicti,
3036 2172 3111 2226 ita
3141 2172 3428 2242 scriptum
3455 2171 3510 2226 in
3538 2185 3665 2225 novo
3691 2169 3828 2224 codice

2282 2262 2517 2318 habetur
2566 2282 2578 2318 :
2639 2282 2658 2315 ‹
2695 2263 3089 2334 Amplectimur
3160 2272 3398 2320 sanctas
3449 2270 3505 2317 et
3558 2259 3828 2316 universales

2282 2357 2521 2427 quinque
2563 2358 2817 2428 synodos,
2852 2374 2971 2429 quae
3001 2359 3055 2413 in
3080 2356 3271 2414 Nicaea
3307 2365 3663 2413 trecentorum
3686 2353 3826 2408 decem

2283 2456 2339 2503 et
2364 2458 2489 2505 octo
2516 2447 2766 2516 Patrum,
2799 2452 2892 2520 qui
2936 2451 3204 2506 adversus
3231 2449 3500 2505 Arianam
3535 2443 3826 2503 consederunt

2285 2539 2576 2608 insaniam,
2623 2541 2716 2611 qui
2747 2550 3074 2612 cooperante
3130 2541 3284 2596 trina
3330 2549 3389 2596 et
3441 2532 3821 2610 congloriﬁcanda

2285 2630 2488 2687 deitate
2519 2647 2735 2686 sacrum
2771 2630 2894 2687 ﬁdei
2931 2630 3248 2704 symbolum
3294 2630 3668 2686 terminarunt.
3698 2646 3714 2678 ι

2356 2721 2471 2778 Hoc
2516 2739 2714 2778 nomen
2757 2723 3003 2778 feminini
3037 2723 3265 2794 generis
3303 2721 3620 2793 adjectivum
3657 2733 3709 2772 ac
3740 2730 3820 2771 mo-

2283 2814 2414 2880 bile,
2444 2813 2588 2884 quod
2622 2814 2712 2869 hic
2750 2822 2835 2870 est
2865 2813 3181 2885 impositum
3222 2813 3414 2880 Trina,
3462 2827 3493 2866 a
3527 2806 3818 2866 Gothescalco

2286 2906 2502 2977 quando
2551 2905 2811 2978 praefatus
2870 2905 3009 2962 liber
3057 2906 3114 2961 in
3166 2904 3507 2962 monasterio
3549 2898 3813 2960 Altivillaris,

2285 2997 2378 3052 ubi
2418 2997 2532 3068 ipse
2565 2999 2900 3065 morabatur,
2936 3013 3005 3053 ex
3044 2999 3392 3064 authentico,
3417 3011 3573 3068 quem
3611 2991 3721 3048 mihi
3747 2988 3816 3043 Pe-

2292 3099 2409 3145 trus
2429 3090 2714 3162 episcopus
2739 3089 2996 3146 Aretinus
3029 3091 3496 3156 commodaverat,
3512 3079 3811 3156 scriptuslnit,

2287 3183 2650 3238 adulteratum
2683 3183 2976 3249 credimus,
3022 3183 3169 3239 sicut
3199 3183 3481 3238 multoties
3507 3180 3570 3235 ab
3609 3176 3708 3232 aliis
3736 3174 3812 3228 lue-

2287 3274 2473 3329 reticis
2502 3273 2706 3329 factum
2736 3274 2984 3344 legimus.
3011 3273 3288 3342 Quoniam
3325 3272 3454 3328 alibi
3498 3279 3576 3325 ter
3609 3262 3811 3334 congiari-

2288 3366 2498 3423 ﬁcanda
2527 3368 2725 3423 deitate
2757 3368 3081 3439 reperimus,
3108 3368 3259 3438 quod
3301 3366 3446 3422 idem
3481 3374 3558 3420 est
3583 3375 3638 3416 ac
3666 3358 3702 3413 si
3724 3354 3809 3410 Tri-

2287 3460 2477 3535 nitatis
2524 3461 2980 3533 congloriﬁcanda
3041 3461 3250 3518 deitate
3299 3461 3528 3524 dicatur,
3555 3446 3808 3510 sicukelin

2287 3553 2446 3624 hujus
2498 3553 2621 3610 libri
2654 3555 3022 3626 superioribus
3048 3554 3483 3610 demonstratur.
3525 3550 3616 3605 Dat
3651 3550 3808 3614 quoque

2287 3647 2443 3703 nobis
2479 3657 2685 3703 certum
2716 3648 2976 3704 indicium
2999 3646 3428 3705 Gothescaleum
3459 3642 3662 3698 falsasse
3683 3635 3804 3731 hunc

2285 3741 2504 3809 librum,
2538 3743 2666 3814 quia
2693 3759 2791 3813 per
2831 3743 2971 3798 idem
3001 3750 3218 3812 tempus
3257 3737 3473 3812 quando
3509 3735 3590 3791 hic
3615 3727 3748 3785 codex
3767 3727 3805 3775 in

2287 3839 2624 3894 monasterio
2673 3837 2994 3894 Altivillaris
3049 3837 3290 3908 scriptus
3361 3833 3499 3900 fuit,
3549 3828 3804 3922 Batrauultts

2287 3932 2530 3989 Cor-heia:
2566 3932 2886 3998 monachus,
2915 3931 3055 3987 sicut
3095 3931 3211 4001 jam
3261 3929 3418 3999 longe
3465 3919 3682 3993 superius
3705 3912 3803 4011 diri-

2287 4041 2429 4092 mus,
2459 4025 2526 4081 ad
2559 4023 2925 4096 Hildegarium
2972 4023 3304 4081 Meldensem
3335 4021 3644 4106 episcOpurn,

2287 4118 2402 4175 bris
2450 4126 2763 4173 sanctorum
2791 4110 3008 4170 'Hilarii
3072 4124 3128 4171 et
3178 4109 3467 4186 Augustini
3500 4108 3560 4162 de
3599 4098 3799 4198 Trinitatis

2289 4209 2594 4282 (Augustini
2647 4208 2779 4263 liber
2829 4207 3098 4278 falsatus),
3144 4222 3255 4262 non
3301 4201 3518 4260 modicae
3552 4192 3798 4265 quantitatis

2287 4300 2538 4356 volumen
2593 4297 2925 4369 compilavit,
2975 4296 3163 4352 volens
3213 4305 3457 4352 asserere
3507 4287 3675 4342 trinam

2289 4391 2568 4458 deitatem,
2624 4391 2778 4461 cujus
2821 4390 3134 4463 compilatio
3181 4390 3456 4447 evidenter
3505 4374 3796 4477 compilatons

2290 4489 2374 4544 sui
2401 4491 2742 4544 demonstrat
2770 4461 3132 4544 mendacium.
3165 4487 3274 4544 Sed
3301 4492 3354 4540 et
3381 4481 3512 4535 liber
3537 4467 3680 4529 sancti
3711 4461 3790 4517 Au-

592 4549 905 4645 neque_tria
935 4549 1234 4632 secundum
1276 4549 1419 4647 quod
1445 4578 1548 4633 tria
1582 4586 1708 4634 sunt
1748 4595 1909 4633 unum
1949 4579 2184 4634 adverti-
2206 4549 2263 4610 Ῑ)
2288 4581 2490 4652 gustini
2527 4589 2715 4636 contra
2742 4580 2983 4650 quinque
3013 4578 3252 4635 hostium
3284 4587 3496 4648 genera,
3539 4565 3659 4652 sicut
3683 4551 3791 4652 idem

595 4673 701 4718 tur.
741 4683 760 4718 ι
813 4664 881 4719 Ει
927 4665 1030 4721 hoc
1078 4665 1239 4722 modo
1292 4666 1576 4736 pluraliter
1611 4668 1666 4722 in
1715 4667 1907 4724 eadem
1953 4667 2181 4739 epistola

595 4753 739 4810 idem
768 4755 1067 4813 catholicus
1108 4757 1297 4814 doctor
1325 4758 1652 4830 explanavit.
1684 4757 1753 4814 Et
1787 4758 1852 4814 in'
1883 4758 2062 4815 edicto
2092 4773 2182 4837 su-

590 4848 881 4920 prascripti
905 4848 1270 4918 Constantini,
1294 4853 1438 4922 quod
1465 4851 1533 4907 ad
1565 4867 1718 4908 suam
1751 4851 2179 4908 conﬁrmandam

592 4942 922 4998 sententiam
957 4942 1348 5000 Gothescalcus
1397 4944 1880 5010 commemoravit,
1927 4943 2000 4998 ita
2045 4945 2181 5000 scri-

590 5040 743 5103 ptum
795 5033 1025 5091 habetur
1077 5035 1284 5109 (synodi
1314 5052 1366 5091 vr
1396 5037 1500 5090 ἀει.
1555 5036 1686 5108 18);
1740 5054 1758 5087 ι
1792 5035 2076 5092 Credimus
2124 5037 2177 5091 in

592 5123 812 5180 Patrem
839 5135 894 5181 et
920 5126 1114 5182 Filium
1141 5135 1194 5184 et
1235 5127 1497 5199 Spiritum
1537 5137 1807 5195 sanctum,
1855 5125 2179 5182 Trinitatem

594 5219 647 5273 in
687 5219 918 5286 unitate,
949 5229 1002 5276 et
1030 5221 1291 5276 unitatem
1325 5223 1379 5276 in
1412 5221 1698 5288 Trinitate,
1727 5237 1891 5276 unam
1927 5221 2180 5277 substan-

593 5312 726 5368 tiam
748 5313 802 5368 in
831 5315 1004 5371 tribus
1025 5315 1410 5382 subsistentiis,
1434 5315 1696 5370 unitatem
1719 5314 1936 5384 quidem
1959 5322 2180 5384 propter

594 5410 898 5468 naturalem
949 5413 1206 5470 unionem
1259 5428 1324 5469 ac
1371 5413 1818 5478 dominationem,
1852 5410 2175 5466 Trinitatem

594 5521 726 5562 vero
755 5516 975 5577 propter
1003 5506 1165 5561 trium
1192 5505 1662 5561 subsistentiarum
1698 5503 2085 5574 perfectionem
2129 5510 2184 5557 et

598 5600 816 5654 divitias
843 5600 1292 5670 superexistentis
1315 5601 1592 5656 bonitatis.
1619 5598 1812 5654 Unitas
1832 5597 2030 5668 quippe
2057 5612 2183 5652 vere

598 5701 682 5746 est
713 5691 972 5756 Trinitas,
1001 5693 1124 5762 quia
1152 5693 1299 5747 unita
1337 5702 1422 5748 est
1450 5694 1677 5759 deitate,
1709 5701 1763 5746 et
1791 5691 2030 5746 Trinitas
2056 5706 2184 5745 vere

601 5793 686 5840 est
713 5784 893 5839 unitas
937 5785 1106 5840 divisa
1158 5785 1602 5856 proprietatibus,
1655 5792 1710 5840 et
1759 5800 1863 5840 non
1902 5784 2184 5854 dispertita

2287 4645 2340 4728 in
2370 4672 2560 4728 eodem
2591 4672 2730 4728 libro
2758 4645 2914 4738 dicit,
2943 4671 2996 4726 id
3021 4678 3105 4726 est
3133 4645 3320 4726 contra
3342 4665 3588 4735 Paganos,
3612 4645 3786 4736 Judaaosf

2285 4763 2629 4830 Manichacus,
2663 4763 3001 4820 Sabellianos
3032 4771 3088 4819 et
3115 4763 3365 4824 Arianos,
3413 4770 3441 4809 a
3487 4743 3700 4820 quo‘lam’

2285 4856 2415 4911 hinc
2437 4823 2688 4911 videlicet
2716 4855 2842 4926 quia
2873 4855 3017 4911 trina
3046 4853 3222 4910 deitas
3263 4823 3514 4906 eatholice
3547 4836 3694 4908 potest
3710 4823 3784 4926 dli!

2284 4947 2675 5011 contendebat,
2718 4921 2846 5003 tunc
2876 4946 3134 5018 temporis
3175 4943 3289 5015 regi
3327 4940 3474 4996 datus
3515 4927 3628 4990 fuit,
3668 4921 3784 5018 (ιιξεξ

2290 5040 2652 5110 comperimus
2683 5037 2932 5094 falsatum
2963 5039 3068 5094 hoc
3096 5037 3274 5093 modo.
3312 5030 3438 5086 Nam
3464 5033 3581 5112 cum-

2289 5131 2378 5185 die
2405 5098 2728 5186 haberemus
2764 5145 3069 5186 sermonem
3101 5129 3166 5185 de
3190 5126 3392 5182 unitate
3419 5109 3626 5172 deitatis,
3651 5098 3779 5155 1’3""

2289 5234 2344 5277 et
2371 5221 2492 5277 Filii
2528 5231 2583 5278 et
2611 5222 2843 5293 Spiritus
2868 5222 3063 5289 sancti,
3095 5222 3236 5277 inter
3261 5216 3360 5272 alia
3388 5192 3775 5293 diximus

2287 5277 2668 5386 Augustinum‘
2695 5277 2971 5370 multoties
3021 5277 3075 5367 in
3126 5311 3261 5367 libro
3293 5303 3470 5376 quinto
3495 5293 3554 5349 de
3576 5277 3775 5386 “inter?

2289 5367 2576 5464 diczrcizc
2607 5367 2760 5475 Quod
2785 5367 3048 5477 quidquid
3077 5405 3146 5460 ad
3168 5419 3225 5460 se
3252 5367 3406 5499 idest

2287 5462 2366 5557 de
2388 5462 2509 5556 Deo
2543 5462 2759 5565 dicitur,
2791 5462 3049 5570 singulari
3081 5508 3303 5551 numero
3342 5495 3394 5543 et
3433 5482 3491 5537 de
3521 5462 3754 5570 Si'lguhsf

2286 5597 2352 5652 de
2383 5597 2553 5653 tribus
2583 5596 2742 5651 simul
2790 5593 3038 5666 personis
3067 5595 3137 5648 sit
3165 5583 3491 5648 eﬂ'ercndum.
3519 5593 3541 5666 ξ
3565 5583 3656 5666 diu:

2289 5699 2371 5743 tra
2393 5704 2532 5743 unus
2553 5704 2616 5768 ex
2640 5687 2724 5742 his
2739 5702 2861 5742 cum
2878 5685 3072 5756 quibus
3094 5684 3217 5739 inde
3235 5652 3763 5778 serrnortemiba‘ljl'ﬁ'gj:

2287 5799 2394 5839 non
2433 5759 2770 5839 contentiosa
2802 5738 3122 5843 intentione,
3163 5775 3254 5833 sed
3295 5769 3422 5824 forte
3448 5761 3614 5830 putans
3633 5738 3719 5799 Αυε
