3998 6336
116 360 216 419 515

1103 358 1191 414 DE
1234 355 1372 413 UNA
1417 352 1505 408 ΕΤ
1546 347 1684 406 NON
1722 345 1932 406 TRINA
1971 350 2290 409 DEITATE.

2536 335 2564 346 δε-

3287 361 3392 419 514

115 476 306 534 stinum
332 473 401 528 ita
426 473 649 536 dixisse,
676 472 742 527 de
770 470 873 528 hoc
899 470 1036 526 libro
1064 472 1426 527 testimonium
1450 467 1692 540 protulit,
1724 463 1774 524 A
1801 465 2048 530 unitatis,
2077 467 2168 522 sed
2203 467 2513 525 hominibus
2557 468 2711 525 bona:
2743 469 3050 527 voluntatis.
3101 472 3167 528 Et
3217 475 3343 531 item
3377 492 3392 531 :

115 569 293 624 dicens
313 565 454 635 quod
480 565 683 620 veritas
708 565 999 622 esscntiale
1025 567 1094 621 sit
1123 562 1571 629 nomen,dicente
1597 563 1702 616 Du-

113 665 274 728 tnino,
294 663 404 733 Ego
420 679 535 716 sum
552 663 758 716 veritas.
778 660 928 716 Unde
953 661 1092 716 idem
1107 660 1438 732 Augustinus
1459 658 1698 728 scripsit,

111 774 212 814 una
235 765 286 810 et
308 757 447 810 trina
466 756 686 810 veritas.
704 755 855 822 Quod
879 755 1124 821 audiens,
1140 755 1335 810 librum
1348 753 1564 810 domino
1585 752 1700 823 regi

110 848 263 921 451
303 847 488 901 datum
522 846 590 900 ab
620 861 686 901 eo
715 847 931 915 accepi,
969 854 1024 901 et
1056 846 1340 918 perlegens
1384 844 1582 907 inveni,
1633 844 1702 899 ab

117 931 177 996 eo
201 942 312 995 loco
341 939 511 1009 ip‘sius
555 937 700 1004 libri,
747 938 838 993 ubi
883 948 1101 995 sanctus
1153 939 1484 1010 Augustinus
1529 935 1695 991 dicit:

118 1031 323 1088 Gratias
364 1029 485 1095 tibi,
517 1028 660 1084 Deus
689 1028 894 1096 virtus;
930 1031 1132 1100 gratias
1166 1030 1281 1095 tibi,
1326 1030 1470 1084 Deus
1515 1027 1695 1097 Pater,

120 1123 202 1194 qui
225 1131 276 1177 et
299 1119 494 1175 Filium
523 1129 674 1174 tuum
701 1119 984 1174 ostendisti
1015 1161 1028 1185 ,
1059 1129 1114 1175 et
1139 1119 1268 1174 mibi
1297 1120 1574 1175 doctorem
1600 1119 1696 1175 de-

121 1214 254 1279 disti,
280 1211 660 1283 interpositum
685 1223 805 1266 esse
827 1210 895 1264 ab
918 1211 1258 1266 adulterante
1284 1229 1296 1264 :
1330 1210 1545 1267 Gratias
1577 1209 1693 1276 tibi,

122 1306 278 1372 Deus;
308 1304 512 1375 gratias
536 1303 658 1368 tibi,
685 1317 811 1357 vera
841 1309 897 1357 et
919 1318 1025 1357 una
1050 1302 1310 1368 Trinitas,
1337 1317 1443 1356 una
1473 1310 1528 1356 et
1555 1301 1695 1355 trina

124 1398 326 1463 veritas,
353 1395 495 1451 trina
529 1402 585 1449 et
610 1409 716 1449 una
746 1394 944 1449 unitas.
1000 1393 1068 1449 Et
1105 1403 1230 1464 post
1274 1393 1388 1448 hazc
1429 1392 1574 1462 quod
1609 1406 1698 1460 po-

127 1490 221 1544 suit
239 1487 566 1560 Augustinus
586 1487 930 1557 subjunctum
957 1484 1210 1540 :Gratias
1252 1485 1371 1550 tibi,
1415 1484 1559 1539 Deus
1596 1481 1698 1536 Pa-

126 1591 215 1644 ter,
240 1579 325 1648 qui
353 1586 407 1634 et
431 1576 629 1632 Filium
659 1585 809 1630 tuum
834 1575 1143 1639 ostendisti,
1177 1583 1231 1630 et
1260 1574 1393 1628 mihi
1416 1573 1693 1628 doctorem

126 1669 314 1726 dedisti.
357 1667 512 1736 Quod
547 1668 792 1739 relegens
835 1666 992 1721 valde
1030 1666 1258 1722 miratus
1299 1664 1397 1731 fui,
1437 1664 1695 1734 quoniam

127 1761 234 1816 talia
263 1762 315 1816 in
343 1761 529 1817 eodem
557 1759 718 1825 libro,
748 1774 852 1816 nec
877 1775 1106 1830 usquam
1150 1758 1203 1812 in
1251 1757 1565 1828 cujusquam
1597 1772 1692 1813 ca-

1811 575 1828 607 ι
1857 555 2164 612 Etcrnitas
2213 575 2320 612 una
2369 569 2470 624 cst,
2512 569 2673 630 atque
2726 561 3045 617 substantia.
3091 563 3219 620 Dico
3270 566 3397 635 quia

1803 647 1965 702 Pater
1989 658 2042 703 et
2069 648 2238 703 Filius
2267 652 2430 715 Deus,
2475 652 2596 706 dico
2642 654 2765 722 quia
2817 669 2982 708 unum
3033 663 3177 721 sunt,
3230 656 3394 728 452

1804 741 2034 796 dualitas
2069 743 2122 797 in
2162 743 2333 813 prole,
2377 744 2557 800 unitas
2602 745 2655 799 in
2710 745 2952 801 deitate:
2988 747 3214 802 alterum
3265 749 3399 805 facit

1801 837 1964 891 unius
1988 835 2263 898 nativitas,
2307 837 2400 892 sed
2447 852 2611 892 unum
2660 838 2898 892 ostendit
2938 839 3194 895 divinitas
3227 859 3241 895 :
3269 857 3395 897 cum

1801 929 1923 985 dico
1948 928 2139 995 Filius,
2187 928 2324 984 alter
2368 937 2474 994 est,
2517 944 2639 984 cum
2700 930 2822 984 dico
2873 931 3034 998 Deus,
3100 947 3239 987 unus
3288 941 3392 989 est.

1801 1024 2142 1090 Erubescite,
2185 1023 2395 1079 Ariani.
2456 1022 2718 1079 Tunicam
2744 1024 2978 1079 hominis
3013 1024 3129 1094 jam
3164 1026 3395 1096 iudicati

1802 1116 1858 1171 in
1889 1131 2054 1172 cruce
2092 1115 2376 1187 pendentis
2423 1115 2708 1171 carnifices
2743 1115 2903 1170 Pilati
2951 1131 3056 1171 non
3102 1126 3228 1172 sunt
3274 1117 3395 1174 ausi

1799 1209 2174 1275 conscindere,
2205 1217 2257 1264 et
2282 1225 2379 1265 vos
2409 1209 2682 1264 conamini
2705 1209 3029 1265 charitalem
3058 1211 3152 1265 Dei
3174 1211 3229 1265 in
3255 1211 3394 1268 caelo

1802 1303 2063 1367 sedentis,
2103 1303 2212 1357 imo
2242 1303 2410 1373 ipsam
2443 1302 2763 1357 charitatem
2794 1301 2960 1356 Deum
2991 1301 3250 1358 dividere.
3283 1301 3392 1358 Sed

1801 1393 2098 1460 conamini,
2124 1401 2387 1463 quantum
2417 1393 2664 1463 potestis,
2714 1393 2988 1448 conamini
3019 1410 3032 1447 :
3061 1408 3158 1449 vos
3203 1393 3257 1449 in
3306 1392 3396 1449 in-

1798 1484 2011 1542 fernum
2055 1485 2262 1551 ruistis,
2281 1485 2397 1555 jam
2421 1499 2527 1538 non
2555 1499 2674 1540 eam
2709 1484 2991 1556 rumpetis.
3023 1502 3043 1536 ‹
3063 1484 3132 1540 Et
3175 1485 3229 1540 in
3261 1484 3393 1541 sub-

1799 1577 2151 1648 sequentibus
2181 1577 2440 1648 scriptum
2481 1586 2601 1634 est:
2643 1596 2662 1630 ‹
2688 1576 2862 1634 Homo
2900 1579 3005 1635 iste
3039 1577 3199 1634 modo
3231 1579 3396 1646 venit,

1799 1669 2058 1723 mundum
2088 1669 2370 1736 subvertit,
2402 1679 2457 1725 et
2485 1671 2610 1725 ﬁdei
2652 1671 2913 1727 unitatem
2953 1671 3168 1738 scindit,
3215 1672 3399 1728 Trini-

1800 1769 1968 1820 tatem
2008 1761 2220 1818 dividit.
2256 1782 2275 1815 ι
2323 1763 2390 1818 Et
2438 1765 2607 1819 item:
2645 1785 2664 1818 ‹
2695 1764 2796 1834 Qui
2847 1765 3104 1835 Spiritum
3147 1773 3396 1821 sanctum

128 1851 290 1907 lbOliCi
318 1866 504 1923 Opere.
545 1851 770 1906 minime
810 1858 992 1906 θυῑθηι
1022 1851 1076 1904 in
1107 1848 1251 1904 beati
1295 1846 1578 1918 AUSUSlini
1612 1846 1696 1901 ίη·
1722 1833 1772 1893 Β
1801 1870 1832 1910 a
1859 1853 2024 1910 Patre
2066 1865 2118 1910 et
2155 1855 2294 1912 Filio
2328 1857 2650 1922 aeternitate,
2683 1833 3005 1924 substantia,
3038 1857 3122 1913 vel
3146 1873 3392 1913 commu-

125 1961 375 2003 veneram.
427 1947 770 2016 Quapropter
795 1945 863 2001 de
887 1937 1132 2016 pluribus
1163 1942 1475 1998 civitatibus
1496 1955 1559 1997 ac
1583 1956 1698 1996 mo-

125 2038 356 2094 nasteriis
388 2036 788 2093 vetustissimos
829 2035 1044 2090 codices
1075 2033 1130 2088 in
1161 2049 1327 2088 unum
1359 2031 1535 2086 afferri
1566 2030 1692 2096 feci,

122 2145 208 2201 per
231 2145 361 2200 quos
389 2128 643 2185 falsitatis
682 2128 1045 2200 sacrilegium,
1076 2134 1131 2182 et
1153 2125 1474 2196 sacrilegum
1516 2124 1694 2178 mani-

122 2219 394 2276 festissime
418 2219 772 2290 deprehendi.
812 2217 960 2274 lnter
1005 2231 1141 2287 quos
1186 2214 1587 2272 vetustissimos
1626 2213 1695 2270 li-

122 2313 260 2380 bros,
300 2315 365 2368 de
410 2311 734 2382 quibusdam
773 2310 1122 2366 monasteriis
1174 2309 1322 2364 allati
1365 2317 1490 2365 sunt
1531 2309 1695 2365 etiam

123 2392 238 2461 mihi
265 2405 475 2461 noviter
520 2403 710 2474 scripti
756 2404 1166 2474 quaterniones,
1209 2401 1262 2456 in
1306 2401 1503 2471 quibus
1552 2400 1693 2455 hanc

123 2495 389 2552 falsitatem
419 2497 676 2554 insertam
699 2495 902 2562 inveni,
946 2503 1001 2550 et
1039 2494 1350 2567 diligentius
1389 2509 1453 2550 ac
1501 2493 1698 2549 sollici-

122 2589 216 2644 tius
239 2597 608 2660 perscrutatus
638 2588 902 2659 comperi,
934 2603 1122 2644 omnes
1166 2587 1285 2644 illos
1312 2587 1695 2658 quaterniones

126 2678 183 2734 de
203 2679 382 2736 eodem
408 2679 555 2735 fonte
576 2693 822 2743 caenoso,
847 2678 914 2734 de
944 2693 1052 2750 quo
1080 2688 1136 2734 et
1171 2679 1369 2734 domno
1390 2677 1505 2748 regi
1537 2677 1695 2733 datus

125 2770 247 2826 liber
279 2771 507 2827 falsatus
534 2771 713 2827 fuerat
743 2770 1124 2840 transcriptus,
1153 2769 1326 2825 rivulo
1350 2769 1695 2825 fraudulento

126 2879 370 2921 manasse.
425 2864 494 2919 Et
529 2865 656 2935 quia
700 2863 754 2918 in
781 2863 1028 2934 proximo
1073 2861 1252 2916 futura
1302 2868 1422 2916 erat
1459 2860 1695 2932 synodus

128 2956 344 3027 quinque
378 2955 801 3026 provinciarum,
830 2951 1082 3008 videlicet
1123 2951 1443 3016 Remorum,
1490 2949 1694 3004 Rheto-

128 3061 402 3120 magorum,
431 3046 736 3111 Turonum,
781 3044 1079 3110 Senonum,
1123 3049 1178 3098 et
1224 3041 1689 3114 Lugdunensium,

142 3142 250 3210 apud
273 3141 593 3196 Sucssorum
621 3138 917 3203 civitatem,
945 3137 998 3191 in
1027 3137 1313 3206 prtesentia
1363 3134 1548 3190 domni
1589 3132 1691 3189 Ca-

143 3196 215 3290 reli
249 3236 386 3308 regis
423 3232 644 3305 gloriosi
684 3241 740 3286 et
789 3196 1162 3302 episcoporum
1199 3227 1290 3299 qui
1329 3228 1396 3282 ad
1444 3227 1689 3282 eamdem
1719 3196 1764 3260 C

140 3328 364 3398 synodum
420 3332 806 3388 convenerant,
856 3331 912 3378 et
947 3322 1144 3377 librum
1199 3319 1454 3375 falsatum
1502 3327 1557 3374 et
1598 3334 1694 3372 au-

142 3421 371 3477 thenticos
398 3437 462 3476 ac
487 3435 647 3475 veros
689 3427 746 3472 et
785 3415 1182 3472 vetustissimos
1224 3415 1437 3469 codices
1468 3411 1687 3482 protuli,

137 3520 171 3563 et
193 3513 469 3582 unicuique
496 3511 750 3581 episcopo
769 3550 784 3574 ,
810 3508 904 3563 sed
933 3516 987 3562 et
1014 3506 1090 3561 illi
1121 3505 1211 3575 qui
1241 3503 1561 3575 simpliciter
1585 3503 1688 3557 fal-

135 3616 276 3662 satum
304 3608 541 3663 codicem
570 3605 679 3676 regi
712 3603 957 3668 dederat,
982 3601 1178 3655 librum
1220 3599 1592 3654 authenticum
1622 3597 1690 3651 ad

134 3696 490 3767 inspiciendum
529 3697 672 3760 dedi,
701 3704 757 3750 et
793 3695 895 3749 hoc
934 3693 1164 3763 diploma
1217 3707 1398 3746 coram
1439 3689 1690 3745 omnibus

133 3786 171 3844 in
194 3793 368 3846 eadem
396 3789 601 3861 synodo
635 3787 795 3858 relegi
829 3786 951 3850 feci,
991 3785 1130 3840 sicut
1168 3782 1254 3838 hic
1280 3782 1527 3850 sequitur
1554 3779 1691 3835 scri-

131 3894 274 3950 ptum.
326 3883 661 3954 Augustinus
702 3881 755 3934 in
784 3879 922 3934 libro
971 3879 1127 3932 tertio
1158 3877 1223 3931 de
1251 3875 1500 3930 doctrina
1537 3873 1690 3928 Chri-

132 3975 275 4029 stiana
301 3975 435 4045 (cap.
471 3975 495 4028 1
527 3983 582 4033 et
607 3973 664 4043 2)
695 3970 862 4025 dicit:
899 3988 916 4019 ι
945 3967 1078 4023 Cum
1125 3967 1288 4021 verba
1348 3964 1563 4036 propria
1611 3963 1691 4017 fa-

134 4067 255 4121 ciunt
277 4069 582 4139 ambiguam
609 4065 953 4134 scripturam,
979 4063 1155 4132 primo
1182 4060 1471 4114 videndum
1507 4064 1591 4112 est
1620 4072 1689 4112 ne

135 4159 248 4213 male
289 4157 696 4214 distinxerimus
726 4198 739 4222 ,
795 4163 888 4210 aut
934 4151 1486 4225 pronuntiaverimus.
1553 4147 1687 4203 Cum

137 4264 236 4319 ergo
263 4253 498 4307 adhibita
531 4249 757 4304 intentio
781 4249 1044 4303 incertum
1072 4260 1192 4300 esse
1216 4242 1532 4313 perviderit,
1557 4258 1690 4312 quo-

138 4345 265 4398 modo
287 4341 745 4414 distinguendum,
779 4349 869 4394 aut
910 4338 1178 4408 quomodo
1229 4334 1686 4407 pronuntiandum

139 4433 205 4498 sit,
228 4434 468 4489 consulat
500 4432 740 4504 regulam
789 4430 935 4494 ﬁdei,
969 4445 1132 4499 quam
1172 4427 1240 4482 de
1285 4427 1684 4496 Scripturarum

137 4525 430 4592 planioribus
460 4527 592 4580 locis
638 4533 691 4580 et
742 4523 999 4579 Ecclesiae
1050 4520 1370 4576 auctoritate
1423 4517 1682 4588 percepit.

1799 1951 1963 2006 nione
2012 1959 2248 2020 separat,
2294 1966 2527 2021 eumque
2572 1959 2733 2022 negat
2772 1950 3038 2021 Spiritum
3068 1965 3188 2006 esse
3217 1950 3396 2008 Patris

1798 2051 1855 2098 et
1883 2041 2028 2106 Filii,
2052 2042 2244 2112 plenus
2273 2050 2354 2096 est
2383 2041 2575 2112 spiritu
2600 2041 2898 2108 immundo,
2925 2055 3127 2096 vacuus
3153 2049 3238 2096 est
3267 2039 3394 2112 Spi-

1799 2135 1908 2189 ritu
1940 2143 2149 2190 sancto.
2205 2134 2329 2189 ldeo
2365 2132 2510 2187 enim
2552 2132 2750 2188 dicitur
2777 2134 2919 2189 Deus
2955 2132 3218 2200 cbaritas,
3266 2132 3394 2203 quia

1799 2247 1906 2286 non
1935 2230 2181 2302 partibus
2209 2229 2399 2285 dividit
2428 2228 2717 2295 unitatem,
2761 2229 2859 2284 sed
2888 2227 3233 2284 ineﬁ‘abiliter
3263 2242 3392 2284 coa-

1797 2323 1947 2393 gulat
1969 2321 2308 2377 Trinitatem.
2355 2317 2475 2390 Ipsa
2505 2329 2588 2375 est
2607 2321 2751 2375 enim
2785 2318 3026 2375 Trinitas
3054 2335 3194 2375 unus
3224 2319 3389 2386 Deus,

1798 2412 1966 2468 turris
1992 2410 2325 2467 fortitudinis
2347 2424 2376 2464 a
2402 2408 2539 2465 facie
2567 2408 2792 2476 inimici,
2817 2410 2908 2480 qui
2933 2411 3222 2466 credentes
3249 2410 3304 2464 in
3331 2424 3391 2465 se

1797 2504 2058 2560 custodit.
2090 2523 2109 2556 ι

1793 2610 1809 2652 r
1869 2595 1996 2652 Haec
2025 2595 2385 2668 praecedentia
2412 2603 2468 2652 et
2509 2594 2900 2666 subsequentia
2946 2592 3210 2649 catholica
3245 2593 3392 2651 beati

1795 2687 2080 2760 Augustini
2108 2687 2296 2752 verba,
2335 2688 2588 2744 omnibus
2630 2686 2914 2744 catholicis
2957 2695 3014 2742 et
3053 2694 3214 2742 recta:
3262 2685 3390 2744 ﬁdei

1795 2781 2203 2846 concordantia,
2227 2781 2508 2836 evidenter
2531 2781 2824 2837 ostendunt
2895 2780 2997 2835 ista
3038 2781 3225 2846 verba,
3271 2797 3392 2852 quas

1797 2872 1886 2927 hic
1915 2881 2041 2926 sunt
2063 2870 2398 2940 interposita,
2421 2870 2490 2925 ab
2510 2870 2810 2942 Augustino
2835 2885 2940 2925 non
2967 2869 3134 2926 fuisse
3154 2870 3388 2941 prolata,

1796 2966 1890 3022 sed
1921 2966 1988 3020 ab
2019 2964 2359 3020 adulterante
2399 2965 2625 3019 verbum
2653 2963 2745 3019 Dei
2777 2971 2832 3018 et
2874 2962 3200 3018 catholicam
3226 2961 3390 3019 ﬁdem

1796 3057 1884 3113 hic
1914 3072 2010 3129 per
2038 3057 2393 3128 imposturam
2432 3057 2697 3125 immissa.
2739 3056 2808 3111 Et
2838 3055 3054 3121 iterum,
3088 3057 3388 3114 secundum

1797 3149 2038 3220 ejusdem
2064 3150 2210 3206 beati
2243 3149 2528 3220 Augustini
2556 3147 2842 3204 consilium
2876 3154 2932 3204 et
2974 3148 3296 3213 doctrinam,
3327 3148 3390 3203 ﬁ-

1798 3247 1882 3303 dei
1917 3247 2154 3317 regulam
2187 3245 2553 3300 consulamus.
2601 3243 2785 3308 Fides,
2826 3243 3004 3313 inquit
3028 3242 3388 3311 Athanasius,

1796 3337 2063 3394 catholica
2088 3338 2204 3392 haec
2225 3344 2327 3402 est,
2361 3344 2417 3391 ut
2444 3351 2608 3389 unum
2632 3336 2801 3390 Deum
2831 3334 2883 3388 in
2908 3334 3152 3388 trinitate
3177 3332 3386 3390 scilicet

1795 3445 2171 3500 personarum,
2203 3439 2258 3484 et
2288 3429 2588 3485 trinitatem
2630 3428 2884 3482 videlicet
2923 3442 3279 3498 personarum
3323 3426 3380 3482 in

1794 3523 2002 3577 unitate
2025 3520 2241 3575 deitatis
2269 3535 2610 3584 veneremur,
2635 3533 2809 3589 neque
2836 3518 3228 3573 confundentes
3255 3531 3383 3588 per-

1795 3627 1976 3675 sonas,
2012 3620 2070 3665 ut
2107 3620 2216 3665 tres
2255 3626 2359 3664 non
2385 3610 2512 3674 sint,
2545 3625 2720 3679 neque
2745 3609 3099 3664 substantiam
3127 3621 3385 3679 separau-

1796 3713 1896 3768 tes,
1930 3713 1988 3757 ut
2021 3703 2160 3757 trina
2203 3703 2290 3762 sit,
2342 3703 2466 3771 quia
2515 3701 2620 3754 alia
2663 3709 2747 3756 est
2784 3716 3012 3771 persona
3041 3702 3236 3768 Patris,
3283 3700 3390 3757 alia

1793 3792 1936 3856 Filii,
1966 3791 2066 3846 alia
2114 3790 2347 3861 Spiritus
2381 3791 2571 3854 sancti,
2608 3792 2699 3846 sed
2730 3791 2906 3846 Patris
2941 3802 2996 3846 et
3025 3792 3144 3846 Filii
3175 3800 3229 3846 et
3263 3791 3389 3863 Spi-

1793 3886 1930 3941 ritus
1967 3885 2138 3939 sancti
2169 3900 2273 3938 una
2300 3893 2384 3938 est
2412 3883 2688 3950 divinitas,
2725 3884 2777 3937 id
2811 3892 2895 3939 est
2925 3883 3118 3948 deitas,
3165 3899 3285 3953 qua:
3322 3892 3384 3940 ut

1793 3979 1934 4033 idem
1977 3977 2310 4032 Athanasius
2352 3985 2408 4032 et
2433 3975 2751 4031 Ambrosius
2789 3986 2843 4031 et
2873 3977 3012 4032 idem
3044 3977 3378 4047 Augustinus

1793 4069 2012 4133 dicunt,
2043 4067 2324 4121 Trinitatis
2354 4073 2438 4120 est
2469 4065 2664 4121 unitas.
2703 4066 3043 4135 Inquiramus
3078 4067 3265 4131 etiam,
3297 4083 3358 4123 se
3373 4096 3388 4103 --

1793 4160 2026 4216 cundum
2053 4159 2227 4213 edicta
2260 4158 2666 4226 imperatorum,
2697 4173 2796 4226 per
2815 4157 3118 4211 anteriores
3141 4167 3195 4212 et
3223 4173 3382 4213 vera-

1792 4251 1968 4305 ciores
2004 4257 2169 4303 testes
2207 4263 2342 4317 quos
2370 4246 2565 4301 tenetis
2601 4246 2655 4301 iu
2683 4247 2949 4308 manibus,
2984 4247 3029 4301 si
3056 4248 3183 4317 quid
3215 4247 3383 4303 ambi-

1790 4342 2011 4412 guitatis
2036 4340 2310 4397 residuum
2334 4348 2419 4395 est
2437 4339 2501 4394 de
2529 4339 2632 4394 hac
2655 4355 2713 4394 re
2741 4338 3044 4394 certissima
3068 4339 3373 4395 veritatem.

1790 4435 1859 4491 Et
1885 4435 2139 4506 quoniam
2165 4433 2248 4489 lex
2275 4432 2427 4498 dicit,
2459 4432 2601 4501 quod
2626 4440 2681 4487 et
2713 4431 2972 4486 Dominus
3003 4431 3055 4485 in
3091 4429 3383 4500 Evangelia

1792 4527 1992 4591 ﬁrmat,
2025 4525 2081 4578 in
2119 4541 2206 4577 ore
2235 4523 2462 4576 duorum
2505 4521 2581 4576 vel
2614 4523 2773 4576 trium
2816 4523 3023 4576 testium
3055 4531 3196 4576 stare
3235 4537 3385 4576 omne

139 4614 258 4681 Quod
284 4620 326 4673 si
354 4619 550 4682 ambae,
577 4615 666 4670 vel
709 4615 872 4670 etiam
913 4627 1101 4667 omnes
1145 4611 1190 4666 si
1234 4610 1418 4680 plures
1463 4609 1683 4674 fuerint,
1712 4582 1766 4642 D
1795 4618 2025 4681 verbum,
2052 4624 2106 4672 et
2129 4614 2421 4686 Apostolus
2449 4615 2500 4669 in
2531 4615 2874 4670 accusatione
2916 4616 3214 4686 presbyteri
3262 4616 3388 4670 toti-

136 4717 285 4774 partes
304 4706 670 4780 ambiguitatis
691 4704 985 4760 secundum
1005 4701 1158 4757 fidem
1183 4701 1485 4766 sonuerint,
1511 4707 1689 4755 textus

135 4795 226 4866 ipse
245 4800 501 4856 sermonis
519 4815 549 4852 a
575 4795 1002 4868 praecedentibus
1020 4793 1541 4863 etconsequentibus
1564 4807 1688 4863 par-

134 4894 250 4950 tibus
272 4935 286 4962 ,
316 4911 435 4967 quae
461 4892 870 4964 ambiguitatem
902 4889 1048 4945 illam
1076 4889 1130 4943 in
1159 4887 1338 4942 medio
1369 4892 1685 4956 posuerunt,

131 4997 274 5042 restat
317 4987 698 5051 consulendus,
740 4990 799 5037 ut
839 4981 1119 5036 videamus
1149 4979 1363 5033 cuinam
1405 4973 1687 5032 sententiae

129 5079 180 5134 de
216 5080 451 5150 pluribus
497 5094 618 5150 quae
681 5092 742 5132 se
792 5075 1084 5131 ostendunt
1133 5073 1273 5128 ferat
1321 5069 1630 5143 suffragium
1661 5111 1677 5136 ,

124 5183 323 5243 eamque
371 5172 476 5229 sibi
529 5172 741 5228 contexi
791 5169 1043 5241 patiatur.
1078 5188 1098 5221 ›
1175 5167 1500 5224 Obediamus
1551 5179 1681 5235 ergo

123 5266 322 5320 consilio
365 5272 421 5319 et
455 5263 715 5319 doctrinae
740 5261 885 5317 beati
922 5257 1228 5331 Augustini,
1283 5265 1338 5312 et
1380 5256 1558 5325 primo
1607 5256 1683 5310 vi-

122 5357 321 5413 deamus
357 5373 479 5428 quae
515 5355 604 5411 hic
643 5356 698 5409 in
735 5354 838 5410 hoc
880 5352 1018 5409 libro
1065 5349 1383 5421 interposita
1431 5353 1578 5413 sunt,
1629 5355 1685 5402 et

122 5458 230 5506 tunc
269 5450 483 5505 demum
530 5447 888 5521 prtecedentia
925 5455 978 5502 et
1017 5443 1397 5516 subsequentia
1432 5440 1683 5512 inspicia-

117 5556 244 5597 mus.
285 5540 385 5597 Hic
428 5540 805 5611 interpositum
840 5545 946 5603 est,
988 5534 1202 5592 Gratias
1250 5533 1364 5597 tibi,
1411 5549 1532 5587 vera
1576 5547 1683 5586 una

120 5629 352 5696 Trinitas,
378 5649 484 5687 una
507 5643 554 5686 et
582 5634 722 5688 trina
742 5635 931 5688 veritas
951 5675 964 5700 τ
993 5635 1130 5688 trina
1158 5643 1206 5687 et
1233 5648 1343 5686 una
1371 5631 1566 5684 unitas.
1627 5631 1681 5684 In

131 5720 530 5785 Vlécedentibus
553 5728 812 5798 scriptum
849 5736 931 5783 est
961 5742 974 5781 :
1000 5726 1182 5782 Gloria
1214 5727 1270 5779 in
1307 5725 1522 5778 excelsis
1550 5723 1679 5787 Deo,
1706 5745 1709 5748 ·

142 5821 176 5864 αι
195 5820 248 5875 in
271 5829 412 5873 terra
449 5834 552 5876 una:
581 5819 898 5884 hominibus,
947 5833 1053 5875 non
1105 5815 1434 5877 divisoribus
1481 5823 1682 5872 sanctae

1798 4713 1916 4767 dem
1949 4719 2112 4766 testes
2152 4709 2394 4778 requirit,
2425 4717 2479 4763 et
2503 4708 2776 4766 Nicmnum
2808 4709 3092 4764 concilium
3127 4710 3385 4765 adversus

1795 4801 2124 4873 neophytum
2168 4801 2474 4870 episcopum
2513 4799 2666 4870 juxta
2697 4801 3046 4870 apostolicam
3079 4802 3381 4859 doctrinam

1795 4892 2038 4962 ejusdem
2086 4891 2297 4947 numeri
2346 4900 2508 4946 testes
2553 4893 2763 4960 quierit,
2805 4902 2859 4947 et
2899 4892 2983 4948 lex
3031 4893 3255 4961 publica:
3304 4893 3382 4948 rei

1795 4994 1997 5056 septem
2028 4983 2278 5054 postulat,
2324 4983 2491 5037 donec
2540 4982 2720 5051 plures
2765 4983 3144 5053 producamus,
3191 4983 3380 5037 borum

1792 5092 1899 5136 non
1930 5075 2088 5130 modo
2119 5082 2341 5144 septem,
2371 5089 2555 5128 verum
2597 5083 2652 5129 et
2697 5074 2928 5144 amplius
2974 5074 3380 5142 quatuordecim

1791 5176 2035 5224 veterum
2057 5175 2110 5219 et
2135 5165 2463 5218 anteriorum
2488 5163 2705 5219 testium
2739 5164 3137 5234 astipulatione,
3170 5162 3222 5216 in
3258 5163 3380 5232 qui-

1790 5258 1891 5314 bus
1913 5258 1978 5313 de
2003 5257 2103 5312 ista
2125 5270 2284 5326 super
2307 5255 2619 5326 interposita
2641 5254 2798 5310 beato
2816 5253 3115 5326 Augustino
3138 5253 3374 5309 falsitate

1790 5348 1925 5404 nihil
1963 5347 2209 5411 habetur,
2247 5345 2331 5401 bis
2367 5361 2486 5415 quae
2527 5345 2884 5416 prmmisimus
2922 5345 3064 5399 beati
3093 5344 3376 5414 Augustini

1790 5440 1972 5497 verbis
1985 5439 2142 5494 ﬁdem
2165 5438 2536 5502 adhibeamus,
2560 5445 2615 5491 et
2637 5438 2703 5490 ab
2726 5437 2828 5492 hoc
2851 5436 3097 5491 falsitatis
3117 5451 3268 5490 nrcvo
3289 5449 3381 5505 pa-

1787 5533 1984 5590 tefacta
2012 5532 2238 5589 veritate
2262 5529 2536 5584 innoxium
2558 5543 2677 5582 esse
2697 5527 3002 5582 credamus.
3034 5527 3100 5581 Et
3127 5527 3231 5582 bac
3253 5541 3378 5597 per-

1786 5628 1924 5684 lecta
1946 5624 2224 5688 schcdnla.
2255 5632 2310 5677 ct
2334 5619 2590 5690 inspectis
2610 5619 2755 5674 veris
2794 5617 2944 5672 libris
2989 5628 3043 5673 ct
3073 5617 3380 5688 antiquissi-

1787 5719 1913 5785 mis,
1960 5719 2049 5789 qui
2092 5717 2155 5772 dc
2196 5717 2297 5771 hac
2337 5713 2572 5767 falsitate
2598 5711 2799 5766 inventi
2836 5720 2961 5766 sunt
2997 5710 3130 5766 nihil
3156 5711 3374 5774 habere,

1786 5815 2072 5886 probatum
2091 5819 2175 5870 est
2197 5808 2558 5880 adulteratam
2587 5806 2752 5874 fuisse
2773 5806 2916 5866 hunc
2945 5821 3104 5879 quem
3124 5805 3373 5875 praedixi-
