3888 5618
639 373 768 433 515·

1609 361 1945 424 HINCMARI
1982 354 2381 418 RHEMENSIS
2412 355 2941 419 ARCHIEPISCOPI
3704 381 3773 440 5:5

637 503 761 545 mus
787 485 928 543 beati
947 482 1231 557 Augustini
1251 482 1469 538 librum.
1493 480 1561 537 Et
1579 488 1700 552 post
1720 479 1834 535 haec
1857 478 1996 533 idem
2019 476 2110 547 qui
2137 474 2229 530 fal-
2256 476 2307 536 Α
2333 472 2457 530 dam
2488 485 2778 547 assumpta:
2805 487 3086 542 creatum,
3120 492 3283 548 posse
3325 488 3376 537 et
3406 488 3774 555 separabiliterdc

641 586 817 636 satum
843 577 1039 632 librum
1062 575 1175 646 regi
1192 573 1414 637 dederat
1433 572 1596 628 dixit:
1617 571 1726 627 Vos
1746 584 1865 639 qum
1886 569 2004 623 dico
2023 566 2231 638 patien-

637 677 722 725 ter
763 666 925 742 553
971 663 1235 728 audietis;
1286 670 1341 719 et
1388 660 1615 733 protulit
1668 658 2035 715 testimonium
2091 655 2234 712 beati

640 761 913 819 Ambrosii
959 760 1026 815 de
1073 757 1272 814 deitate
1314 754 1631 821 Trinitatis,
1682 753 1751 808 ad
1805 750 2234 808 conﬁrmandam

641 869 762 926 quae
787 854 1003 909 inventa
1024 859 1107 906 est
1135 850 1186 906 in
1216 849 1360 905 beati
1379 846 1667 920 Augustini
1693 845 1831 901 libro
1852 844 2232 915 imposturam.

639 945 795 1015 Quod
822 943 1194 1000 testimonium
1232 939 1719 997 catholicissimum
1761 936 1941 992 eidem
1969 935 2236 1007 impostu-

639 1054 717 1096 ra:
737 1036 1180 1094 manifestissime
1208 1033 1579 1098 contradixit;
1601 1041 1656 1087 et
1691 1046 1884 1089 omnes
1919 1027 2104 1085 mirati
2130 1026 2235 1082 fui-

635 1148 778 1201 mus,
810 1148 915 1188 cur
933 1132 1043 1188 tale
1076 1128 1365 1202 protulerit
1393 1126 1785 1192 testimonium,
1814 1124 1960 1195 quod
1983 1119 2235 1179 eamdem

637 1225 967 1282 sententiam
989 1237 1098 1279 non
1134 1220 1308 1279 solum
1349 1235 1459 1275 non
1487 1216 1910 1281 conﬁrmaverit,
1939 1228 2129 1270 verum
2172 1220 2235 1268 ut

635 1316 933 1374 Nsitawm
982 1315 1234 1373 veritatis
1296 1311 1673 1369 inﬁrmaverit.
1728 1309 1937 1365 Deinde
1992 1306 2128 1363 dixit
2175 1305 2233 1361 in

634 1411 880 1483 praestito
906 1409 1012 1466 sibi
1052 1408 1192 1464 libro
1216 1405 1358 1463 beati
1400 1402 1712 1475 Augustini,
1742 1401 1836 1473 qui
1873 1399 2122 1456 titulatur
2166 1398 2230 1455 de

646 1499 831 1581 Verbis
854 1499 1091 1565 Domini,
1119 1498 1389 1555 invenisse
1417 1494 1932 1566 superscriptionem
1962 1492 2230 1548 sermonis

635 1592 753 1665 eius
777 1593 842 1648 de
888 1608 994 1648 una
1020 1591 1295 1656 Trinitate,
1330 1590 1573 1660 trinaque
1594 1588 1814 1642 unitate.
1848 1586 2092 1656 Itemque
2122 1584 2226 1640 mi-

631 1685 737 1741 rati
764 1684 967 1742 fuimus
995 1681 1512 1753 superscriptionem
1542 1677 1921 1734 tantummodo
1962 1675 2113 1731 illum
2144 1684 2227 1731 at-

633 1777 887 1843 tendisse,
926 1784 983 1832 et
1025 1791 1135 1831 non
1175 1789 1297 1845 quae
1346 1774 1403 1831 in
1452 1774 1643 1829 eodem
1692 1784 1945 1827 sermone
1992 1784 2023 1823 a
2064 1769 2223 1824 beato

626 1868 930 1940 Augustino
971 1866 1239 1925 catholice
1284 1866 1428 1922 dicta
1474 1872 1832 1935 sequerentur
1862 1860 2223 1929 intelligenter
2250 1849 2303 1914 Β
2328 1858 2510 1925 nitate,
2528 1860 2769 1931 trinaque
2799 1862 3021 1920 unitate.
3053 1862 3227 1919 Simili
3270 1880 3429 1921 sensu
3467 1874 3517 1923 et
3552 1866 3600 1922 in
3638 1862 3792 1919 librod:

626 1958 847 2033 legisse.
897 1957 1034 2014 Nam
1074 1957 1235 2028 vulgo
1278 1955 1503 2026 loquens
1549 1963 1739 2010 contra
1785 1950 2118 2033 Sabellianos
2170 1959 2226 2006 et

626 2030 860 2108 Arianos
892 2052 1025 2108 dicit
1063 2050 1117 2106 in
1163 2048 1354 2106 eodem
1382 2062 1632 2104 sermone
1658 2030 1839 2115 (serui.
1866 2045 1935 2101 65
1961 2046 2024 2100 de
2056 2044 2222 2100 verbis

626 2142 865 2211 Domini,
911 2160 1029 2210 cap.
1070 2143 1125 2208 ι,
1175 2141 1254 2214 2),
1307 2140 1604 2206 Habemus,
1663 2138 1860 2208 inquit,
1910 2136 2225 2193 distinctam

627 2235 987 2303 Trinitatem;
1019 2244 1076 2290 et
1109 2234 1157 2291 si
1184 2233 1595 2290 consideremus
1642 2229 1784 2306 loca,
1815 2230 1988 2285 audeo
2017 2229 2220 2296 dicere,

625 2329 875 2401 quamvis
892 2329 1080 2385 timide
1099 2327 1154 2383 id
1170 2326 1374 2394 dicam,
1401 2333 1581 2379 tamen
1598 2323 1792 2389 audeo,
1816 2321 1972 2392 quasi
2002 2335 2223 2390 separa-

624 2419 791 2478 bilem
836 2419 1178 2475 Trinitatem.
1212 2437 1231 2471 ι
1261 2416 1328 2472 Et
1364 2414 1526 2487 paulo
1565 2421 1690 2486 post
1729 2411 1867 2485 (cap.
1915 2410 1972 2481 ‘2)
1999 2427 2053 2465 ε(
2093 2409 2222 2465 Tria

624 2510 741 2568 hinc
762 2511 919 2583 quasi
949 2504 1273 2582 separantur
1291 2508 1446 2572 locis,
1472 2514 1798 2577 separantur
1827 2502 2038 2570 ciliciis,
2066 2518 2220 2576 sepa-

622 2613 816 2662 rantur
857 2603 1131 2675 operibus.
1164 2622 1183 2655 ι
1234 2601 1302 2657 Et
1338 2600 1441 2655 hoc
1488 2598 1671 2664 modo,
1719 2597 1833 2653 sive
1881 2597 1984 2651 hoc
2031 2610 2217 2662 sensu,

619 2698 781 2770 tropo
802 2697 893 2753 illo
916 2696 1011 2768 qui
1042 2692 1396 2767 metonymia,
1427 2692 1483 2748 id
1507 2698 1592 2748 est
1620 2688 2096 2754 transnominatio,
2133 2687 2219 2743 di-

621 2793 795 2859 eitur,‘
808 2791 994 2848 titulus
1022 2788 1184 2859 hujus
1210 2786 1479 2844 sermonis
1505 2791 1662 2841 sonat
1705 2783 1769 2838 de
1796 2799 1905 2838 una
1938 2779 2214 2847 Trinitate,

621 2885 867 2958 trinaque
898 2885 1122 2938 unitate.
1149 2882 1215 2937 Et
1241 2889 1367 2951 post
1409 2878 1711 2952 praemissa,
1740 2877 1935 2932 beatus
1962 2874 2219 2947 Augusti-

619 2993 726 3036 nus
744 2991 872 3034 mox
898 2977 954 3032 in
989 2975 1179 3034 eodem
1212 2988 1467 3031 sermone
1497 2969 1777 3039 subjunxit
1806 2987 1820 3023 :
1853 2988 1871 3021 ‹
1904 2968 2058 3024 Dicat
2079 2966 2215 3023 mihi

621 3070 836 3141 aliquis,
873 3069 1100 3126 ostende
1121 3065 1542 3140 inseparabilem
1570 3063 1918 3119 Trinitatem.
1952 3080 1972 3113 ι
2008 3059 2076 3115 Et
2093 3066 2219 3131 post

620 3161 897 3234 paululum
924 3160 1063 3231 (cap.
1097 3161 1298 3231 eadem)
1323 3172 1338 3212 :
1369 3176 1388 3209 ι
1419 3158 1537 3227 Ipsa
1564 3166 1744 3212 tamen
1771 3154 1878 3209 ﬁde
1910 3151 2216 3208 rectissime

620 3269 688 3313 ac
739 3252 1116 3311 robustissime
1166 3251 1482 3316 retinemus,
1542 3248 1763 3305 Patrem
1809 3255 1865 3303 et
1914 3245 2111 3302 Filium
2146 3220 2289 3312 etC

621 3343 889 3418 Spiritum
939 3352 1210 3410 sanctum,
1247 3340 1668 3413 inseparabilem
1696 3353 1819 3396 esse
1864 3337 2211 3406 Trinitatem,

617 3456 786 3498 unum
809 3439 981 3497 Deum
1006 3454 1114 3495 non
1143 3446 1254 3493 tres
1280 3438 1411 3493 deos
1441 3455 1454 3491 :
1491 3436 1566 3491 ita
1607 3443 1788 3491 tamen
1815 3449 1985 3490 unum
2016 3432 2209 3500 Deum,

617 3544 678 3591 ut
702 3533 874 3590 Filius
902 3548 1010 3589 non
1053 3532 1126 3587 sit
1156 3530 1339 3597 Pater,
1383 3538 1445 3585 ut
1484 3529 1647 3585 Pater
1676 3544 1784 3585 non
1830 3529 1901 3585 sit
1932 3527 2122 3595 Filius,
2149 3535 2213 3584 ut

621 3631 859 3702 Spiritus
880 3638 1100 3686 sanctus
1128 3642 1230 3684 nec
1246 3627 1410 3684 Pater
1428 3627 1499 3683 sit
1512 3642 1614 3683 nec
1632 3626 1820 3693 Filius,
1850 3628 1945 3683 sed
1961 3627 2134 3698 patris
2153 3635 2211 3684 et

618 3721 715 3777 ﬁlii
775 3720 1029 3793 Spiiitus.
1076 3719 1228 3775 Hanc
1286 3717 1614 3775 ineffabilem
1671 3718 2011 3774 divinitatem
2066 3720 2210 3791 apud

621 3812 857 3884 seipsam
901 3818 1236 3877 manentem,
1267 3809 1451 3866 omnia
1488 3808 1858 3876 innovantem,
1906 3818 2206 3878 creantem,

619 3911 980 3969 rect-cantem,
1034 3901 1366 3965 mittentem,
1416 3909 1789 3967 revocantem,
1845 3900 2203 3973 iudicantem,

615 3996 958 4060 liberantem,
988 3995 1128 4051 banc
1162 4008 1292 4065 ergo
1322 3992 1647 4049 Trinitatem
1676 3992 2003 4051 inell‘abilem
2045 3994 2207 4051 simul

614 4088 867 4145 novimus
909 4094 965 4143 et
1003 4083 1438 4156 inseparabilem.
1476 4102 1497 4135 ι
1531 4082 1602 4138 Ει
1630 4084 1760 4139 item
1783 4084 1922 4158 (cap.
1957 4085 2202 4157 eodem):

620 4199 640 4234 ι
676 4181 776 4238 Ubi
799 4189 885 4238 est
911 4176 1284 4250 inseparabilis
1319 4175 1596 4232 Trinitas?
1625 4177 1855 4244 Quando
1881 4192 2011 4249 ergo
2042 4178 2206 4233 istum

612 4288 832 4332 sensum
861 4289 891 4328 a
923 4272 1107 4328 multis
1148 4268 1400 4334 extraho,
1426 4276 1484 4324 et
1515 4269 1587 4324 ad
1624 4285 1789 4324 unum
1821 4269 1992 4324 Deum
2026 4269 2206 4325 Trini—

615 4376 784 4424 tatem
812 4364 1230 4437 inseparabilem
1256 4365 1473 4437 colligo,
1502 4372 1562 4417 ut
1596 4362 1800 4434 aliquid
1822 4363 2036 4418 videam
2059 4364 2205 4433 quod

614 4458 814 4515 dicam.
843 4476 862 4510 ι
890 4457 955 4513 Et
988 4466 1114 4528 post
1155 4456 1323 4512 multa
1372 4458 1511 4528 (cap.
1544 4454 1638 4528 5):
1673 4473 1691 4507 ι
1722 4454 1876 4511 Ultra
1910 4456 2058 4511 locos
2082 4470 2207 4512 cor-

612 4551 832 4622 porales
859 4558 944 4606 est
971 4550 1228 4606 divinitas
1255 4567 1268 4605 :
1293 4565 1456 4607 nemo
1487 4564 1611 4605 eam
1642 4558 1904 4619 tanquam
1938 4550 1991 4605 in
2027 4550 2204 4621 spatio

613 4640 893 4713 requirat:
929 4642 1128 4711 ubique
1170 4640 1459 4697 invisibilis
1480 4649 1535 4695 et
1559 4641 1998 4712 inseparabiliter
2025 4642 2200 4709 adest,

614 4750 723 4791 non
750 4735 804 4790 in
830 4742 985 4804 parte
1014 4733 1208 4805 major,
1240 4749 1348 4789 non
1376 4734 1429 4789 in
1456 4742 1611 4804 parte
1639 4737 1839 4800 minor,
1879 4735 1974 4789 sed
2004 4735 2204 4805 ubique

615 4834 752 4892 tota,
794 4840 1060 4896 nusquam
1117 4825 1309 4882 divisa.
1343 4825 1474 4893 Quis
1519 4825 1667 4881 videt
1709 4825 1858 4881 hoc?
1886 4828 2008 4897 quis
2057 4827 2204 4898 capit

612 4919 753 4976 hoc?
773 4917 1196 4987 Compescamus
1223 4933 1344 4985 nos,
1374 4918 1790 4983 meminerimus
1831 4920 1923 4989 qui
1952 4921 2096 4977 unde
2124 4921 2204 4977 lo-

607 5012 864 5100 quimur;
900 5010 1033 5066 illud
1062 5019 1117 5066 et
1148 5009 1298 5075 illud,
1326 5008 1588 5080 quidquid
1619 5018 1705 5065 est
1751 5010 1896 5081 quod
1925 5012 2069 5068 Deus
2093 5021 2199 5080 est,

608 5105 697 5176 pie
724 5104 1003 5171 credatur,
1048 5110 1234 5159 sancte
1277 5103 1566 5174 cogitetur,
1610 5111 1668 5158 et
1706 5116 1968 5174 quantum
2019 5107 2200 5173 datur,

608 5205 870 5269 quantum
905 5204 1105 5268 potest,
1136 5194 1485 5251 ineﬂ’abiliter
1520 5195 1875 5266 intelligatur.
1910 5216 1927 5249 ι
1958 5198 2026 5252 Ει
2071 5198 2201 5252 item

608 5298 733 5361 post
756 5288 1030 5360 aliquanta
1056 5288 1197 5360 (cap.
1227 5288 1283 5357 7)
1312 5306 1325 5341 :
1355 5307 1374 5339 ‹
1405 5286 1538 5343 Tria
1580 5289 1697 5344 haec
1725 5296 1853 5343 sunt
1888 5289 1942 5344 in
1974 5300 2045 5353 te,
2079 5305 2200 5360 qua:

606 5389 764 5453 potes
806 5395 1117 5447 numerare,
1147 5388 1205 5436 et
1255 5396 1362 5436 non
1396 5389 1551 5451 potes
1594 5394 1869 5450 separare.
1910 5380 2039 5436 Haec
2065 5397 2197 5453 ergo

611 5474 733 5518 tria,
774 5474 1085 5506 πλη----εμη
1149 5474 1160 5482 .
1264 5472 1296 5480 ,,
1624 5472 1634 5480 .
1938 5475 1952 5480 ⁸
2110 5475 2120 5480 1

2294 1673 2662 1745 ‘Augustinus
2711 1677 3049 1736 demonstrat
3094 1678 3321 1751 intelligi
3367 1679 3551 1737 debere
3588 1682 3791 1752 supersed-

2336 567 2649 631 monstrari,
2690 578 2745 623 et
2797 569 3231 640 inseparabiliter
3266 575 3475 644 operari.
3517 576 3775 657 Sullicitlioc,

2337 673 2443 714 non
2493 659 2614 713 dico
2644 659 2808 732 [inter
2854 663 3114 722 memoria
3143 672 3249 730 est,
3269 664 3426 723 Filius
3459 668 3776 746 intellectusest,

2334 751 2502 826 554
2523 752 2756 823 Spiritus
2786 754 3057 824 voluntas,
3095 772 3201 813 non
3236 759 3351 815 dico
3382 766 3701 832 quomodolibet
3724 742 3778 829 in;

2339 846 2628 918 telligatur,
2659 863 2767 903 non
2788 848 2981 905 audeo.
3015 852 3305 921 Servemus
3330 855 3513 926 majora
3530 861 3782 930 sapientibus,

2336 938 2570 997 inﬁrmis
2611 940 2813 997 inﬁrmi
2862 942 2993 1014 quid
3032 947 3354 1016 possumus?
3390 946 3491 1004 Non
3532 951 3614 1007 ista
3634 954 3719 1010 dico
3735 959 3784 1013 illi

2337 1029 2594 1086 Trinitati
2624 1032 2775 1088 velut
2795 1035 3081 1104 aequanda,
3120 1035 3275 1106 quasi
3300 1035 3369 1094 ad
3393 1038 3661 1110 analogiam,
3678 1043 3789 1102 idest

2335 1120 2404 1175 ad
2428 1121 2698 1177 rationem
2722 1124 3010 1193 quamdam
3034 1126 3444 1194 comparationis
3459 1127 3697 1201 dirigenda.
3713 1131 3787 1190 Non

2334 1211 2439 1268 boc
2470 1213 2613 1278 dico,
2648 1214 2743 1270 sed
2771 1215 2902 1286 quid
2952 1216 3111 1273 dico?
3138 1217 3280 1274 Ecce
3307 1218 3361 1274 in
3390 1227 3441 1275 te
3466 1220 3616 1278 inveni
3642 1225 3786 1281 triain-

2333 1303 2710 1373 separabiliter
2748 1305 3141 1372 demonstrata,
3193 1308 3593 1380 inseparabiliter
3623 1321 3789 1384 operata,

2331 1405 2387 1451 et
2414 1410 2602 1453 eorum
2637 1398 2801 1453 trium
2858 1400 3282 1472 unumquodque
3313 1417 3498 1459 nomen
3526 1419 3554 1459 a
3591 1404 3718 1462 tribus
3742 1406 3787 1463 la

2331 1497 2502 1555 ctum,
2532 1489 2674 1559 quod
2702 1498 2880 1546 tamen
2909 1506 3017 1548 non
3043 1492 3111 1547 ad
3139 1491 3263 1557 tria,
3295 1492 3390 1548 sed
3415 1492 3480 1549 ad
3502 1493 3637 1549 trium
3663 1494 3789 1551 borum

2330 1596 2499 1635 unum
2525 1580 2731 1652 aliquid
2767 1582 3084 1652 pertineret.
3117 1601 3138 1636 ι
3175 1584 3320 1641 Ecce
3366 1600 3466 1656 quo
3503 1600 3637 1643 sensu
3670 1588 3789 1643 beatus

2330 1766 2568 1835 ptionem
2598 1768 2683 1824 sui
2734 1772 3023 1838 sermonis,
3062 1772 3153 1842 qui
3193 1770 3499 1828 inscribitur
3530 1772 3586 1827 de
3617 1789 3695 1827 una
3717 1772 3787 1824 Tri-

2328 1949 2532 2006 duabus
2559 1951 2849 2009 Animabus
2884 1954 3061 2013 adhuc
3085 1957 3371 2029 presbyter
3418 1958 3610 2029 scripsit
3644 1957 3789 2013 dicens:

2331 2061 2350 2094 ι
2380 2042 2547 2099 Trina
2562 2045 2742 2101 unitas
2764 2063 2927 2118 quam
2943 2048 3210 2105 catholica
3226 2049 3465 2106 Ecclesia
3486 2049 3616 2116 colit,
3639 2068 3655 2102 ι
3677 2048 3792 2104 volens

2326 2132 2574 2206 intelligi,
2629 2137 2770 2192 sicut
2810 2146 2866 2193 et
2911 2137 3029 2210 ipse
3071 2140 3363 2208 intellexit,
3396 2149 3456 2197 ut
3504 2141 3658 2197 unitas
3683 2141 3734 2195 sit
3762 2139 3795 2194 in

2326 2227 2648 2295 substantia,
2694 2229 2915 2286 trinitas
2956 2231 3014 2286 in
3078 2233 3348 2302 personis.
3394 2233 3553 2303 Quem
3593 2231 3793 2288 librumin

2325 2319 2538 2376 decimo
2578 2329 2773 2393 quarto
2814 2322 2934 2379 loco
2974 2323 3447 2383 Retractationum
3488 2326 3702 2382 librorum
3721 2338 3796 2378 suo-

2323 2426 2444 2466 rum
2485 2428 2545 2468 se
2603 2413 2891 2487 scripsisse
2944 2426 3339 2473 commemorat
3382 2436 3397 2473 :
3438 2427 3491 2473 et
3539 2418 3587 2473 in
3624 2415 3795 2485 vigesimo

2322 2506 2512 2576 quinto
2538 2506 2658 2563 loco
2682 2507 2881 2589 librum
2909 2510 2975 2566 de
2998 2512 3218 2568 diversis
3258 2511 3644 2589 Quwstiouibtu,
3666 2509 3798 2567 scilicet

2321 2598 2597 2669 octoginta
2648 2585 2841 2669 tribus,
2872 2617 2933 2657 se
2976 2603 3153 2675 egisse
3192 2585 3545 2670 demonst'rat,
3578 2601 3749 2672 indeque
3766 2598 3797 2651 in

2320 2692 2739 2763 quadragesimo
2762 2695 2942 2765 primo
2970 2695 3111 2763 loco,
3135 2696 3336 2755 librum
3356 2698 3422 2753 de
3446 2697 3683 2758 Trinitate,
3700 2704 3800 2762 quem

2320 2782 2491 2841 multo
2520 2792 2762 2857 tempore
2788 2796 2846 2843 et
2869 2788 3039 2845 multo
3066 2789 3276 2852 labore,
3320 2789 3585 2860 multaque
3604 2785 3797 2844 examina

2321 2874 2472 2931 tione
2514 2879 2836 2949 composuit,
2865 2894 2925 2935 se
2947 2879 3233 2952 scripsisse
3258 2880 3606 2937 demonstrat.
3635 2876 3741 2934 Unde
3768 2872 3799 2925 in

2318 2965 2458 3023 libro
2482 2966 2855 3035 Quaestionum
2886 2971 3160 3042 octoginta
3189 2971 3357 3027 trium
3379 2969 3599 3042 capitulo
3622 2964 3801 3037 vigesima

2317 3069 2547 3130 quarto,
2596 3061 2663 3117 de
2712 3062 2981 3119 Trinitate
3020 3064 3343 3123 substantia:
3399 3080 3467 3121 ac
3513 3062 3692 3119 deitatis
3719 3056 3800 3113 didt

2318 3152 2459 3222 quod
2492 3153 2596 3208 sibi
2623 3154 2691 3209 ad
2738 3154 3023 3211 dicendum
3044 3155 3386 3228 probabilius
3429 3164 3486 3212 et
3521 3154 3666 3210 tutius
3691 3150 3804 3204 visum

2318 3243 2440 3301 fuit.
2466 3245 2667 3302 Verum
2688 3255 2747 3302 et
2786 3246 2854 3303 de
2895 3248 2998 3305 hac
3022 3248 3325 3320 quastione
3353 3249 3410 3305 in
3442 3246 3647 3321 prmfato
3674 3242 3800 3297 Retra-

2315 3338 2610 3394 ctationum
2641 3339 2782 3397 libro
2802 3340 2997 3398 scribit
3019 3341 3167 3412 quod
3202 3341 3404 3398 melius
3431 3342 3487 3398 in
3518 3339 3639 3396 libro
3664 3331 3804 3391 deTri-

2313 3434 2490 3489 nitate
2536 3441 2727 3505 postea
2774 3434 2903 3493 inde
2943 3434 3285 3501 tractaverit,
3316 3436 3373 3491 in
3404 3450 3511 3507 quo
3537 3432 3652 3488 dicit
3685 3425 3801 3497 capite
3844 3425 3845 3475 l

2312 3533 2511 3594 quarto
2562 3524 2686 3581 libri
2730 3524 2934 3596 primi:
2968 3543 2991 3578 ι
3018 3524 3258 3594 Omnes,
3303 3526 3589 3597 inquiens,
3633 3512 3803 3576 catholici

2310 3626 2636 3676 tractatores
2674 3620 2780 3676 hoc
2838 3618 3190 3676 intenderunt
3235 3620 3538 3677 secundum
3590 3614 3845 3683 Scrile

2310 3713 2528 3779 docere,
2579 3713 2724 3783 quod
2774 3713 2938 3770 Pater
2987 3721 3044 3771 et
3081 3713 3253 3771 Filius
3300 3721 3357 3769 et
3406 3712 3630 3785 Spiritus
3658 3710 3807 3764 sanctus
3844 3692 3845 3767 ξ

2308 3805 2472 3860 unius
2521 3804 2838 3879 substantia:
2887 3804 3240 3876 inseparabili
3294 3804 3601 3876 aequalitate
3645 3796 3809 3854 divinam

2308 3894 2583 3951 insinuent
2608 3878 2905 3962 unitatem,
2952 3896 3184 3968 ideoque
3222 3911 3334 3954 non
3389 3897 3502 3955 sint
3537 3905 3632 3951 tres
3664 3890 3721 3945 dii
3752 3882 3810 3939 sed
3844 3878 3845 3955 ἶ

2309 4004 2470 4045 unus.
2507 4008 2527 4042 ι
2562 3988 2721 4058 Quod
2756 4000 2811 4046 et
2837 4005 2935 4061 per
2974 3990 3161 4047 omnia
3188 4000 3245 4048 et
3281 3992 3340 4048 in
3382 3991 3643 4054 omnibus,
3666 3986 3708 4040 in
3727 3995 3809 4036 cnn-

2308 4083 2411 4160 ctis
2456 4084 2570 4140 suis
2589 4056 2767 4140 ilibris
2815 4056 3165 4155 apertissime
3208 4094 3267 4141 et
3305 4079 3715 4140 constantissime

2307 4177 2414 4232 ulla
2437 4178 2824 4235 retractatione
2863 4177 3175 4246 conﬁrmat,
3206 4187 3261 4234 et
3284 4178 3341 4233 in
3367 4176 3670 4250 prmfatione
3688 4168 3811 4223 κεπτ·

2307 4271 2608 4326 ctationum
2662 4270 2923 4327 librorum
2985 4286 3208 4328 suorum
3266 4270 3408 4326 dicit
3453 4288 3468 4324 :
3518 4288 3537 4321 ι
3566 4264 3813 4334 Quapl'lll"ﬁt

2308 4364 2614 4434 (ἰυίουηίιυθ
2660 4363 2766 4419 ista
2806 4363 2998 4421 lecturi
3031 4372 3181 4431 sunt,
3213 4378 3321 4420 non
3359 4378 3454 4420 me
3491 4360 3732 4417 imitentur
3754 4360 3811 4402 α’
3844 4356 3845 4361 ‘

2309 4463 2546 4523 rantem,
2588 4456 2687 4512 sed
2714 4457 2767 4510 in
2816 4456 3011 4513 melius
3049 4455 3453 4527 proﬁcientem.
3488 4440 3845 4510 lnvenietaiﬂ‘

2308 4547 2542 4603 fortasse
2584 4548 2859 4619 quomodo
2907 4549 3194 4606 scribendo
3241 4548 3602 4621 profecerim,
3647 4532 3817 4614 qm

2311 4643 2569 4716 opuscula
2602 4659 2721 4699 mea
2745 4643 2936 4699 ordine
2959 4659 3069 4715 quo
3095 4644 3301 4716 scripta
3338 4653 3475 4700 sunt
3504 4624 3815 4713 ingeritur“

2311 4749 2370 4794 ut
2406 4738 2596 4809 possit,
2648 4738 2751 4794 hoc
2793 4753 2957 4810 opere
3006 4747 3269 4810 quantum
3319 4746 3555 4810 potuero
3596 4728 3819 4791 curabo“

2309 4832 2555 4887 eumdem
2585 4832 2832 4887 ordinem
2873 4832 3105 4888 noverit.
3133 4850 3154 4883 ι
3201 4832 3269 4887 Et
3311 4831 3423 4888 hoc
3449 4843 3610 4887 sensu
3642 4816 3817 4888 ΡΨ

2308 4925 2595 4996 episcopus
2639 4924 2791 4981 urbis
2837 4924 3025 4980 Roma:
3067 4924 3361 4995 postulanti
3393 4921 3715 4982 Childebeno
3746 4904 3821 4978 Mi

2307 5034 2406 5090 per
2436 5017 2691 5073 Ruﬁnum
2733 5017 2913 5071 virum
2956 5015 3323 5089 magniﬁcum,
3367 5025 3435 5071 ut
3475 5015 3529 5072 ei
3555 4996 3817 5071 εεήιηηιεί

2302 5112 2478 5167 beata:
2502 5108 2895 5166 recordationis
2923 5124 3075 5180 papa:
3099 5109 3297 5166 Leonis
3320 5116 3539 5167 tomum
3561 5096 3820 5172 κώθωνά

2302 5205 2614 5262 scandalum
2656 5203 3002 5275 suspicionis,
3028 5204 3173 5275 quod
3203 5204 3271 5260 de
3306 5217 3378 5259 eo
3408 5217 3513 5276 per
3548 5187 3817 5259 Gallium:

2301 5309 2388 5353 rat
2407 5298 2833 5360 disseminatum,
2862 5311 2897 5351 a
2920 5312 2981 5354 se
3016 5306 3290 5370 purgaret,
3318 5297 3379 5352 in
3420 5305 3661 5353 sermone
3682 5288 3734 5342 de
3752 5278 3821 5334 εδ*

2301 5391 2475 5484 eidem
2533 5390 2646 5462 regi
2686 5390 2895 5447 directo
2949 5390 3178 5463 (Pelagii
3220 5405 3374 5462 papa:
3430 5406 3515 5460 ep.
3563 5385 3647 5456 l6)

2381 5483 2413 5494 ..
2464 5490 2472 5494 :
2602 5459 2615 5462 ’
2652 5489 2663 5498 ,
2778 5495 2878 5502 dm
2952 5459 2995 5497 ὲ..
3032 5459 3124 5502 .-.ἵ
3167 5459 3295 5502 ,ξος
3336 5459 3469 5502 L-"
3511 5492 3532 5498 _
3580 5473 3625 5491 ,-
3701 5459 3845 5490 γένει

3234 5496 3267 5502 --
3336 5480 3451 5512 μη..
3511 5492 3532 5498 ..
3580 5473 3625 5491 γ·
