3888 5474
74 276 155 336 sn
1021 274 1108 330 ns
1151 273 1295 331 UNA
1339 274 1427 329 ET
1470 254 1609 331 uox
1650 274 1857 331 TRINA
1897 278 2212 338 DElTATE.

3202 288 3309 350 5i8

71 387 399 451 beatitudinis,
419 393 578 457 atque
591 400 755 442 unius
769 388 1304 457 potestatis,uttrina
1322 388 1395 441 sit
1413 389 1610 452 unitas,
1641 390 1688 450 Α
1721 389 1936 457 dicitur,
1960 393 2085 462 quia
2108 402 2195 450 est
2219 395 2269 450 ci
2307 394 2510 453 Pater:
2534 398 2613 455 sic
2639 408 2698 455 et
2719 399 2956 472 Spiritus
2978 411 3204 461 sanctus
3227 420 3308 462 re-

70 496 220 541 etuna
249 481 315 536 sit
344 479 600 544 Trinitas,
628 478 786 548 juxta
816 480 967 536 vocis
1000 481 1296 538 Dominicae
1324 482 1608 536 veritatem

68 575 201 650 ‘55
219 574 440 629 dicentis
466 590 478 625 :
516 571 617 637 Ite,
648 573 826 627 decere
853 589 1032 628 omnes
1061 584 1261 644 gentes,
1285 574 1610 645 baptizantes

68 684 135 722 eos
160 668 206 719 in
229 666 426 719 nomine
440 661 617 717 Patr“
642 674 687 717 et
714 662 844 718 Filii
868 674 918 718 et
948 663 1179 735 Spiritus
1207 665 1606 733 sancti(.ilault.

40 778 238 827 ‘SIVIII,
282 760 384 829 l9).
416 759 470 814 In
517 759 754 823 nomine,
789 759 985 829 inquit,
1016 775 1123 815 non
1172 759 1228 814 in
1278 760 1609 825 nominibus,

66 864 175 910 utet
198 869 350 907 unum
386 852 551 907 Deum
578 867 677 922 per
715 851 1084 906 indistinctum
1130 850 1326 906 divinat
1362 851 1613 906 essentia:

66 963 229 1003 nomen
253 947 578 1010 ostenderet,
606 954 665 999 et
690 960 1044 1015 personarum
1088 944 1470 999 discretionem
1500 944 1613 1000 suis

65 1038 442 1094 demonstratam
492 1037 911 1109 proprietatibus
955 1038 1205 1092 edoceret
1242 1054 1255 1090 :
1312 1038 1435 1107 quia
1483 1036 1610 1093 dum

67 1133 205 1189 tribus
223 1149 378 1186 unum
407 1132 625 1188 deitatis
649 1146 842 1187 nomen
870 1138 974 1196 est,
1007 1130 1289 1201 :equalitas
1307 1132 1614 1187 ostenditur

65 1239 392 1295 pernmarum,
422 1233 476 1278 et
518 1240 708 1278 rursus
749 1223 1031 1295 aequalitas
1080 1238 1433 1292 personarum
1480 1222 1612 1277 nihil

66 1328 357 1382 extraneum,
394 1316 531 1371 nihil
563 1317 820 1371 accidens
851 1318 902 1371 in
940 1316 1019 1370 eis
1048 1316 1316 1387 permittit
1344 1316 1566 1387 intelligi
1595 1334 1608 1370 :

68 1411 122 1464 ita
161 1417 210 1463 ut
258 1410 628 1480 unusquisque
674 1417 860 1464 corinn
909 1425 1070 1463 verus
1126 1409 1510 1481 perfectasque
1544 1412 1615 1466 sit

68 1504 193 1567 Deus,
220 1511 269 1559 et
292 1518 486 1558 omnes
517 1512 628 1559 tres
671 1503 831 1558 simul
870 1519 1033 1566 unus,
1075 1518 1256 1568 verus,
1308 1502 1613 1574 perfectus-

66 1611 145 1666 que
167 1596 227 1650 sit
253 1595 430 1651 Dens:
466 1596 714 1651 videlicet
741 1605 800 1650 ut
827 1611 893 1650 ex
926 1596 1259 1667 plenitudine
1290 1596 1608 1660 divinitatis,

65 1689 168 1745 nihil
191 1689 358 1744 minus
390 1690 449 1744 in
481 1689 727 1761 singulis,
772 1688 907 1743 nihil
938 1688 1172 1759 amplius
1198 1689 1533 1760 intelligatur
1556 1689 1609 1743 in

66 1779 220 1835 tribus.
253 1801 273 1833 ι
308 1781 373 1835 Et
400 1781 457 1836 in
488 1781 571 1839 his
600 1781 801 1847 verbis,
849 1782 990 1836 sicut
1028 1790 1086 1835 et
1121 1780 1174 1834 in
1224 1780 1610 1851 suprascriptis

65 1872 456 1945 beatiAugustini
481 1874 787 1940 sententiis,
810 1873 1253 1928 manifestissime
1272 1873 1607 1944 pervidetur,

65 1964 161 2035 mia
180 1964 359 2030 deitas,
390 1980 516 2033 quae
544 1964 801 2019 trinitatis
828 1974 911 2019 est
954 1964 1152 2027 unitas,
1197 1965 1335 2018 trina
1382 1964 1530 2019 credi
1558 1972 1611 2020 et

67 2057 146 2112 dici
186 2072 281 2113 non
327 2058 509 2123 debet,
564 2057 659 2111 sed
702 2064 927 2127 propter
982 2054 1501 2126 inseparabilitatem
1554 2065 1610 2110 et

65 2150 375 2220 equalitatem
426 2151 594 2205 trium
651 2165 1044 2220 personarum,
1095 2164 1216 2219 qua:
1266 2165 1432 2203 unum
1486 2155 1612 2204 sunt

66 2241 243 2308 deitate,
292 2241 676 2312 inseparabilis
729 2242 781 2295 in
834 2242 1037 2297 eisdem
1089 2239 1317 2312 singulis
1362 2240 1611 2311 personis

67 2341 149 2387 tota
172 2332 310 2403 plena
339 2343 393 2389 et
422 2332 666 2403 perfecta
699 2333 845 2388 credi
875 2341 931 2388 et
968 2332 1072 2388 dici
1101 2351 1114 2386 :
1147 2348 1211 2388 ac
1254 2331 1480 2403 praefato
1529 2333 1612 2388 in-

66 2412 241 2477 teilectu
289 2422 686 2493 superscriptio
733 2423 1002 2478 sermonis
1071 2423 1246 2478 sancti
1298 2420 1608 2493 Augustini,

66 2514 172 2570 sicut
206 2516 309 2587 ipse
351 2517 627 2588 exposuit,
676 2516 836 2572 debet
882 2515 1129 2588 intelligi.
1164 2516 1231 2571 Et
1267 2516 1392 2587 quia
1425 2515 1492 2571 de
1527 2516 1612 2571 his

66 2605 223 2671 verbis,
252 2623 367 2677 qua:
392 2608 666 2663 catholico
700 2624 731 2662 a
769 2608 1052 2663 catholicis
1078 2618 1134 2662 et
1163 2607 1536 2679 intelliguntur
1558 2616 1613 2663 et

64 2698 378 2767 proferuntur,
410 2700 484 2756 ab
514 2701 805 2767 haereticis,
839 2702 979 2757 sicut
1010 2709 1065 2757 et
1090 2702 1156 2756 de
1191 2701 1436 2770 pluribus
1478 2716 1610 2755 san-

66 2795 142 2842 cta
179 2787 467 2862 Scriptura:
510 2780 714 2859 verbis,
743 2792 862 2847 visa
906 2792 1014 2847 seri
1050 2799 1177 2847 sunt
1215 2790 1489 2856 scandala,
1522 2806 1614 2845 or-

65 2880 242 2939 thodoxi
288 2884 545 2941 doctores
601 2895 655 2941 et
711 2886 955 2958 magistri
1022 2885 1281 2941 Ecelesiaa
1332 2886 1386 2939 in
1439 2892 1611 2939 totum

64 2974 195 3030 taceri
215 2976 501 3032 voluerunt
552 2977 747 3032 trinam
795 2978 1077 3040 unitatem,
1126 2977 1268 3032 sicut
1313 2984 1369 3031 et
1413 2975 1611 3031 trinam

1715 482 1875 538 lative
1917 485 2134 553 dicitur,
2169 489 2293 558 quia
2324 499 2410 546 est
2450 491 2628 549 Patris
2665 493 2897 566 Filiique
2924 496 3178 567 Spiritus.
3210 498 3309 558 llis

1712 575 1858 629 enim
1881 577 2328 646 appellationibus
2352 583 2456 638 hoc
2488 584 3040 662 significatumﬁﬁc
3068 593 3210 663 quod
3239 592 3311 649 ad

1713 668 2014 724 seinvicem
2038 671 2364 729 referuntur.
2383 675 2517 747 Nam
2540 678 2653 748 ipsa
2670 681 2974 737 substantia
2997 700 3102 755 qua
3139 702 3307 744 unum

1714 768 1860 827 sunt,
1890 763 2117 832 proinde
2148 765 2384 824 Trinitas
2406 769 2460 824 in
2481 770 2720 827 relativis
2754 788 3109 842 personarum
3131 778 3306 834 nomi-

1714 856 1874 911 nibus
1903 867 2005 913 est.
2037 858 2220 915 Deitas
2247 876 2352 916 non
2382 862 2705 933 triplicatur,
2730 868 2824 922 sed
2853 867 2904 922 in
2926 868 3306 940 singularitate

1714 954 1819 1011 est,
1864 948 1990 1018 quia
2013 949 2058 1003 si
2092 951 2412 1020 triplicatur,
2439 953 2665 1010 deorum
2693 956 2996 1014 inducimus
3028 960 3309 1032 pluralita-

1717 1046 1845 1093 tem.
1888 1039 2094 1096 Nomen
2125 1051 2304 1098 autem
2334 1045 2555 1101 deorum
2581 1047 2634 1101 in
2659 1048 2867 1119 angelis
2892 1058 2947 1105 et
2971 1053 3178 1109 sanctis
3209 1054 3307 1110 ho-

1715 1129 1953 1187 minibus
1996 1133 2119 1188 ideo
2145 1134 2430 1203 pluraliter
2458 1136 2678 1204 dicitur,
2735 1147 2957 1209 propter
3005 1144 3150 1211 quod
3194 1159 3301 1199 non

1715 1225 1823 1278 sint
1850 1227 2044 1281 merito
2069 1228 2326 1297 mquales,
2354 1230 2423 1285 de
2459 1230 2659 1300 quibus
2688 1231 2959 1298 Psalmus,
3000 1233 3114 1305 Ego
3146 1237 3261 1291 dixi
3287 1252 3305 1289 :

1714 1316 1803 1371 Dii
1831 1320 1954 1373 estis
1996 1317 2168 1389 (Psal.
2208 1338 2395 1388 Lxxxt,
2422 1323 2518 1394 6):
2566 1324 2633 1380 de
2662 1324 2825 1381 Patre
2861 1335 3042 1382 autem
3083 1338 3139 1384 et
3169 1329 3315 1387 Filio

1713 1419 1768 1463 et
1802 1410 2004 1480 Spiritu
2032 1422 2241 1477 sancto,
2286 1424 2507 1487 propter
2536 1426 2786 1472 unam'ct
2813 1418 3079 1489 :equalem
3108 1420 3308 1476 divini-

1716 1510 1901 1568 tatem,
1940 1520 2044 1559 non
2078 1522 2272 1561 nomen
2305 1509 2552 1576 deorum,
2584 1512 2679 1565 sed
2716 1510 2812 1567 Dei
2834 1526 2956 1567 esse
2979 1514 3305 1583 ostenditur,

1713 1593 1854 1648 sicut
1880 1596 1955 1649 ait
1982 1596 2311 1666 Apostolus:
2354 1597 2523 1653 Nobis
2547 1609 2723 1655 tamen
2768 1618 2905 1659 unus
2930 1602 3070 1659 Deus
3095 1603 3149 1675 (1
3176 1603 3304 1659 Cor.

1714 1699 1808 1738 vni
1831 1726 1845 1751 ,
1870 1686 1956 1765 6};
1997 1686 2081 1741 vel
2111 1688 2254 1743 sicut
2283 1704 2419 1744 voce
2441 1687 2623 1744 divina
2654 1691 2856 1748 dicitur
2884 1710 2898 1747 :
2924 1694 3089 1762 Audi,
3112 1694 3307 1765 Israel,

1641 1760 1970 1832 BDontinits
2013 1777 2156 1835 Deus
2185 1791 2306 1835 tuus
2338 1781 2481 1836 Deus
2529 1799 2666 1837 unus
2721 1794 2795 1839 est
2844 1785 3026 1857 (Deut.
3075 1760 3174 1854 vt,

1711 1867 1917 1924 scilicet
1946 1879 2006 1925 ut
2026 1879 2081 1925 et
2108 1870 2346 1928 Trinitas
2375 1873 2464 1939 sit,
2490 1882 2545 1929 et
2573 1889 2714 1930 unus
2744 1876 3008 1932 Dominus
3033 1879 3177 1935 Deus
3207 1880 3306 1935 sit.

1709 1959 1871 2014 Fides
1909 1959 2050 2031 apud
2074 1958 2294 2018 Graecos
2318 1963 2384 2018 de
2412 1963 2680 2021 Trinitate
2704 1967 2806 2022 hoc
2834 1968 2997 2023 modo
3023 1976 3110 2025 est
3138 1987 3152 2024 :
3179 1968 3301 2027 Una

1710 2052 1878 2116 οὐσία,
1910 2066 1971 2107 ac
2004 2050 2051 2106 si
2078 2051 2226 2107 dicat
2246 2069 2354 2108 una
2383 2063 2603 2122 natura,
2632 2065 2726 2111 aut
2755 2073 2863 2139 una
2896 2060 3153 2127 essentia,
3192 2070 3307 2118 tres

1711 2141 2054 2213 hypostases,
2087 2144 2230 2213 quod
2262 2155 2482 2202 resonat
2510 2147 2564 2202 in
2617 2146 2891 2216 Latinum,
2921 2150 3006 2207 vel
3038 2158 3149 2207 tres
3182 2167 3311 2223 per-

1703 2249 1896 2302 sonas,
1921 2236 2007 2292 vel
2038 2246 2148 2293 tres
2176 2239 2531 2298 substantias.
2583 2240 2719 2297 Nam
2767 2243 3036 2301 Latinitas
3079 2246 3305 2319 proprio

1672 2399 1681 2403 _
1711 2344 1818 2385 non
1858 2330 1989 2385 dicit
2015 2326 2224 2388 de‘Deo
2266 2334 2370 2389 nisi
2406 2335 2741 2392 essentiam:
2785 2339 3144 2398 substantiam
3174 2356 3306 2399 vero

1712 2434 1818 2475 non
1864 2421 2083 2491 proprie
2110 2422 2264 2488 dicit,
2303 2424 2398 2479 sed
2433 2424 2681 2492 abusive,
2721 2431 2977 2497 quoniam
3022 2446 3151 2487 vere
3180 2433 3310 2490 sub-

1712 2512 1912 2567 stantia
1956 2513 2099 2582 apud
2139 2512 2359 2570 Grtecos
2404 2531 2635 2584 persona
2675 2518 3014 2596 intelligitur,
3058 2537 3166 2578 non
3214 2538 3315 2580 ηας

1715 2610 1857 2656 tura.
1886 2601 1956 2657 Et
1987 2602 2115 2658 hinc
2154 2614 2379 2659 sanctus
2417 2604 2778 2678 Hieronymus
2817 2610 3065 2667 scribens
3095 2613 3163 2668 ad
3203 2614 3313 2669 Da-

1712 2709 1924 2749 masum
1971 2709 2166 2763 papam
2208 2694 2340 2750 dicit
2380 2695 2552 2767 (epist.
2604 2697 2739 2767 57):
2795 2718 2815 2752 ι
2873 2699 3112 2757 Suliiciat
3153 2704 3315 2760 nobis

1713 2784 1896 2841 dicere
1924 2800 2084 2838 uuam
2116 2784 2501 2853 substantiam,
2554 2796 2665 2843 tres
2709 2804 2974 2858 personas
3007 2792 3313 2848 subsisten-
3416 2832 3427 2839 -

1715 2889 1818 2946 tes,
1848 2879 2139 2951 perfectas,
2187 2880 2448 2951 aequales,
2494 2892 2843 2939 cozeteruas:
2878 2892 3163 2943 taceantur
3192 2895 3313 2942 tres

1714 2972 2056 3045 hypostases,
2097 2973 2145 3029 si
2170 2972 2369 3044 placet,
2406 2982 2463 3031 et
2503 2990 2613 3029 una
2658 2982 2947 3031 teneatur:
2993 2992 3101 3033 non
3149 2977 3311 3034 bonae

66 3066 294 3133 deitatem,
322 3079 380 3126 et
429 3077 542 3125 tres
581 3069 721 3139 apud
751 3068 975 3125 Latinos
1019 3062 1372 3135 substantias,
1423 3068 1613 3124 dicen—
1660 3135 1683 3139 _
1718 3063 2044 3133 suspicionis
2089 3072 2193 3131 est,
2227 3080 2353 3121 cum
2395 3066 2449 3121 in
2478 3066 2669 3122 eodem
2711 3082 2875 3124 sensu
2905 3069 3069 3125 verba
3095 3069 3306 3127 dissen-

67 3159 233 3215 tesboe
258 3163 457 3216 uredo:
492 3135 734 3216 Trinitas
777 3161 1087 3232 appellatur
1115 3161 1257 3230 quod
1301 3162 1397 3215 ﬁat
1441 3168 1613 3216 totum
1641 3135 1687 3199 δ
1720 3156 1880 3211 tiunt.
1913 3154 2157 3212 Sulﬁciat
2203 3158 2362 3215 nobis
2404 3169 2709 3215 memorata
2752 3161 3091 3218 credulitas:
3141 3173 3238 3219 aut
3264 3164 3316 3222 si

65 3261 195 3304 unum
215 3265 276 3306 ex
301 3251 633 3323 quibusdam
658 3251 853 3317 tribus,
880 3252 1036 3321 quasi
1073 3250 1334 3319 Trinitas,
1362 3252 1615 3307 videlicet

65 3342 190 3398 trium
223 3347 421 3413 unitas,
453 3352 517 3401 ut
538 3346 823 3412 memoria,
856 3344 1234 3413 intelligentia,
1267 3343 1609 3411 etvoluntas,

64 3434 105 3488 in
134 3437 308 3506 quibus
332 3454 495 3495 mens
529 3439 691 3496 habet
721 3439 777 3494 in
807 3453 866 3494 se
891 3438 1181 3508 quamdam
1213 3437 1501 3509 imaginem
1528 3438 1611 3493 di-

61 3527 171 3585 vina:
210 3531 513 3588 Trinitatis.
561 3530 699 3587 Nam
751 3531 881 3586 dum
918 3531 1019 3586 tria
1055 3539 1201 3597 sunt,
1248 3546 1415 3585 unum
1463 3539 1610 3597 sunt,

62 3618 163 3687 Quia
181 3630 232 3676 et
254 3622 462 3696 singula
503 3624 559 3679 in
588 3638 650 3679 se
672 3630 916 3689 manent,
949 3632 1002 3678 et
1035 3623 1216 3678 omnia
1245 3623 1300 3677 in
1337 3623 1609 3680 omnibus.

60 3708 194 3767 Pater
217 3714 377 3786 igitur
403 3724 463 3772 et
482 3714 654 3771 Filius
679 3725 737 3771 et
766 3714 1001 3785 Spiritus
1027 3722 1266 3778 sanctus,
1299 3713 1538 3770 Trinitas
1560 3714 1617 3769 ‘et

61 3805 225 3861 unitas.
248 3808 395 3864 Idem
429 3809 579 3863 enim
603 3821 796 3874 unum,
840 3807 983 3863 idem
1011 3814 1068 3862 et
1109 3806 1236 3872 tria,
1274 3822 1440 3860 unum
1484 3821 1616 3876 pro-

58 3906 157 3967 pter
193 3901 490 3973 maiestatis
534 3902 993 3966 communionem,
1036 3899 1141 3954 tria
1170 3907 1393 3971 propter
1427 3914 1614 3970 pem

59 4007 217 4051 narum
243 3997 655 4069 proprietatem.
693 3996 831 4052 Nam
861 3995 1000 4051 alius
1030 3993 1214 4059 Pater,
1249 3993 1390 4048 alius
1416 3992 1613 4060 Filius,

60 4083 173 4141 alius
205 4087 438 4159 Spiritus
479 4098 722 4155 sanctus,
750 4088 845 4144 sed
875 4085 1015 4142 alius
1056 4084 1274 4155 quidem
1303 4098 1415 4138 non
1444 4083 1615 4150 aliud,

59 4178 163 4245 Quia
186 4181 387 4250 pariter
422 4182 655 4253 simplex
690 4181 1005 4251 pariterque
1046 4173 1494 4234 incommutabile
1520 4176 1616 4231 bo-

61 4281 165 4324 num
188 4279 613 4329 eteoaaternum.
670 4272 833 4328 Pater
882 4270 1030 4326 solus
1075 4283 1186 4325 non
1234 4275 1323 4323 est
1366 4267 1433 4322 de
1483 4266 1614 4332 alio,

60 4358 161 4417 ideo
184 4363 326 4421 solus
350 4365 653 4437 appellatur
694 4364 969 4437 ingenitus
997 4380 1011 4417 :
1054 4360 1228 4417 Filius
1252 4359 1401 4417 solus
1426 4359 1493 4415 de
1517 4358 1618 4414 Pa-

61 4456 127 4506 tre
152 4462 230 4509 est
252 4465 430 4522 natus,
458 4456 583 4513 ideo
611 4454 761 4512 solus
794 4454 996 4510 dicitur
1028 4452 1242 4524 genitus
1271 4469 1284 4506 :
1319 4450 1468 4507 solus
1497 4449 1614 4522 Spio

60 4544 172 4601 ritus
190 4559 409 4607 sanctus
430 4550 499 4607 de
530 4550 692 4607 Patre
719 4558 776 4607 et
810 4548 950 4604 Filio
996 4546 1261 4618 procedit,
1306 4546 1429 4602 ideo
1467 4546 1615 4603 solus

58 4637 308 4699 amborum
339 4653 687 4716 nuncupatur
732 4642 987 4714 Spiritus.
1035 4641 1104 4697 Et
1133 4642 1188 4696 in
1218 4641 1322 4696 bac
1352 4639 1616 4697 Trinitate

59 4732 141 4788 alia
184 4748 309 4793 sunt
363 4740 583 4796 nomina
638 4737 985 4809 appellativa,
1037 4735 1143 4791 alia
1191 4735 1413 4806 propria
1465 4743 1614 4790 sunt.

59 4824 252 4901 Propria
279 4844 407 4890 sunt
439 4833 781 4899 essentialia,
816 4841 878 4887 ut
913 4830 1077 4896 Deus,
1113 4830 1397 4894 Dominus,
1430 4828 1619 4885 Omni-

59 4928 239 4990 potens,
278 4924 658 4991 lmmutabilis,
710 4921 1056 4987 Immortalis,
1099 4931 1156 4978 et
1202 4921 1327 4977 inde
1373 4922 1614 4991 propria,

59 5016 163 5084 quia
181 5020 349 5090 ipsam
375 5022 737 5079 substantiam
761 5018 1098 5092 signiﬁcant,
1122 5017 1250 5088 quia
1276 5030 1443 5070 unum
1468 5021 1614 5072 sunt.

59 5108 365 5182 Appellativa
388 5132 536 5184 vero,
570 5115 740 5171 Pater
783 5123 839 5169 et
876 5110 1048 5167 Filius
1094 5122 1151 5168 et
1203 5108 1443 5180 Spiritus
1491 5124 1618 5166 san-

60 5211 177 5270 ctus,
203 5206 467 5278 ingenitus
502 5218 558 5266 et
594 5204 818 5280 genitus
863 5213 919 5260 et
951 5204 1290 5272 procedens:
1327 5200 1519 5256 eadem
1559 5206 1617 5255 et

59 5295 275 5367 relatira,
300 5304 420 5373 quia
443 5306 509 5361 ad
549 5318 617 5361 se
646 5300 877 5357 invicem
911 5298 1242 5355 referuntur.
1287 5295 1422 5352 Cum
1468 5297 1616 5353 enim

54 5388 228 5445 dicitur
256 5393 412 5463 Deus,
447 5395 687 5452 essentia
722 5401 824 5459 est,
850 5390 977 5463 quia
1000 5390 1068 5445 ad
1094 5394 1338 5463 seipsum
1365 5385 1607 5444 dicitur..-

1719 3255 1927 3304 rectum
1951 3248 2161 3320 putatis
2188 3258 2301 3304 tres
2324 3249 2648 3321 bypostases
2679 3266 2803 3307 cum
2846 3252 3315 3324 interpretationi-

1716 3342 1818 3399 bus
1841 3342 1954 3398 suis
1977 3342 2179 3400 debere
2218 3358 2319 3399 nos
2348 3343 2553 3410 dicere,
2586 3359 2691 3400 non
2722 3359 3016 3415 negamus;
3047 3347 3144 3402 sed
3173 3346 3315 3405 mihi

1716 3437 1943 3502 credite,
1969 3451 2241 3493 venenum
2278 3438 2380 3495 sub
2418 3435 2769 3518 ntellelatet,
2805 3437 3215 3522 transﬁguravit
3252 3452 3315 3497 se

1716 3529 1940 3601 angelus
1979 3530 2199 3586 Satanae
2224 3530 2281 3586 in
2319 3531 2573 3603 angelum
2612 3530 2769 3589 lucis.
2805 3550 2827 3586 ι
2858 3530 2927 3588 Ει
2966 3532 3127 3603 paulo
3152 3548 3317 3606 supe-

1716 3622 1830 3679 rius
1858 3640 1873 3677 :
1907 3641 1926 3675 ι
1955 3622 2025 3678 Et
2052 3623 2325 3694 quomodo
2358 3636 2649 3681 commune
2681 3639 2879 3680 nomen
2908 3624 3159 3681 essentia:
3189 3639 3315 3694 pro-

1714 3715 1893 3785 prium
1916 3715 2019 3772 sibi
2044 3715 2285 3772 vindicat
2311 3715 2495 3772 Deus?
2528 3715 2637 3773 Sed
2662 3717 2791 3787 quia
2833 3715 2925 3771 illa
2957 3715 3072 3773 sola
3110 3725 3309 3772 natura

1716 3815 1802 3863 est
1842 3806 2107 3877 perfecta,
2141 3814 2197 3863 et
2239 3807 2293 3862 in
2333 3808 2508 3864 tribus
2534 3809 2786 3879 personis
2820 3808 2995 3864 deitas
3040 3824 3146 3864 una
3187 3808 3316 3864 sui»

1717 3897 1885 3963 sistit,
1916 3913 2037 3968 qua:
2061 3907 2149 3955 est
2174 3912 2321 3964 vere,
2351 3906 2407 3955 et
2431 3914 2540 3955 una
2567 3907 2763 3954 natura
2801 3907 2904 3964 est,
2930 3898 3178 3970 quisquis
3201 3900 3309 3956 tria

1716 4008 1859 4058 esse,
1891 3993 1996 4049 hoc
2043 4002 2128 4049 est
2184 4002 2297 4050 tres
2346 4008 2468 4050 esse
2504 3996 2857 4067 ‘hypostases,
2911 3996 2967 4050 id
3016 4005 3102 4052 est
3144 3997 3315 4066 usias,

1717 4085 1872 4152 dicit,
1903 4086 2003 4141 sub
2031 4085 2249 4140 nomine
2276 4085 2493 4157 pietatis
2526 4093 2634 4140 tres
2666 4093 2892 4140 naturas
2913 4095 3144 4141 conatur
3162 4102 3314 4144 asse-

1716 4192 1859 4242 rere,
1890 4183 1948 4231 ct
1968 4175 2017 4231 si
2044 4175 2119 4230 ita
2144 4184 2250 4241 est,
2287 4191 2386 4231 cur
2410 4175 2480 4230 ab
2502 4173 2635 4231 Ario
2657 4173 2955 4245 parietibus
2984 4190 3311 4260 separamur

1716 4269 1942 4341 perﬁdia
2000 4267 2280 4339 copulati?
2333 4265 2604 4339 Jungatur
2657 4281 2783 4322 cum
2830 4265 3167 4323 beatitudine
3210 4276 3309 4323 tua

1718 4364 2021 4431 Ursicinus,
2046 4377 2169 4418 cum
2197 4362 2487 4418 Ambrosio
2526 4360 2768 4418 societur
2795 4360 3099 4418 Auxentius
3126 4379 3140 4417 :
3167 4361 3315 4418 absit

1718 4460 1822 4515 hoc
1869 4475 1899 4512 a
1940 4457 2186 4514 Romana
2230 4456 2358 4522 ﬁde,
2406 4457 2748 4529 sacrilegium
2796 4464 3008 4512 tantum
3060 4457 3314 4530 religiosa

1717 4550 2039 4622 populorum
2062 4550 2226 4606 corda
2252 4565 2363 4606 non
2404 4549 2677 4605 hauriant.
2711 4568 2731 4601 ι
2764 4549 2834 4605 Et
2875 4549 3005 4606 item
3036 4547 3317 4621 aliquanto

1721 4640 1972 4712 superius
1997 4658 2012 4695 :
2051 4658 2070 4694 ι
2106 4638 2437 4702 Clamamus,
2463 4638 2521 4695 Si
2545 4640 2670 4710 quis
2692 4646 2807 4696 tres
2849 4639 3192 4713 hypostases,
3220 4649 3320 4701 aut

1719 4733 1827 4788 tria
1868 4731 2252 4804 enhypostata,
2297 4734 2350 4787 id
2380 4739 2466 4787 est
2500 4740 2611 4788 tres
2648 4732 3009 4789 subsistentes
3053 4748 3319 4804 personas

1724 4826 2038 4889 conﬁtetur.
2068 4826 2360 4881 anathema
2385 4824 2486 4891 sit;
2515 4833 2570 4881 et
2595 4823 2724 4894 quia
2755 4824 3018 4880 vocabula
3062 4841 3172 4881 non
3198 4825 3319 4880 edi-

1724 4918 1949 4986 scimus,
1999 4917 2245 4974 lueretici
2272 4915 2607 4989 judicamur.
2656 4913 2716 4971 Si
2759 4915 2882 4986 quis
2914 4924 3097 4970 autem
3145 4916 3321 4985 hypo—

1724 5011 1916 5068 stasim
1968 5011 2143 5066 usiam
2197 5010 2524 5081 intelligens,
2574 5023 2683 5065 non
2746 5008 2802 5063 in
2852 5009 3029 5063 tribus
3076 5005 3323 5079 personis

1726 5119 1890 5160 unam
1939 5105 2280 5178 hypostasim
2320 5103 2477 5171 dicit,
2526 5102 2739 5159 alienus
2780 5114 2811 5154 a
2850 5097 3072 5156 Christo
3103 5108 3230 5153 est:
3268 5103 3327 5153 et

1726 5195 1829 5251 sub
1854 5196 1955 5252 hac
1982 5196 2335 5256 confessione
2363 5195 2642 5251 vobiscum
2671 5190 2881 5259 pariter
2904 5187 3148 5246 cauterio
3174 5185 3325 5241 unio-

1727 5290 1811 5345 nis
1840 5290 2129 5346 inurimur.
2182 5287 2489 5349 Discernite
2519 5286 2567 5343 si
2606 5283 2784 5354 placet
2814 5281 3070 5346 Obsecro.
3101 5295 3208 5334 ηοη
3257 5278 3327 5335 εἷ’

1726 5384 1887 5441 mebo
1914 5392 2026 5441 tres
2072 5385 2401 5457 bypostases
2431 5381 2657 5437 dicere:
2697 5374 2745 5428 si
2790 5372 3021 5443 iubetis,
3065 5370 3332 5427 condatur
