3998 6336
619 311 723 368 519

601 429 850 477 stanttas
895 415 1256 489 prtedicabit?
1307 414 1425 471 Una
1451 421 1539 470 est
1589 412 1684 468 Dei
1735 420 1791 467 et
1842 411 1956 467 sola
2014 418 2207 466 natura

621 527 741 582 quae
785 526 914 567 vere
966 521 1070 575 est,
1100 509 1178 592 “id
1221 507 1366 563 enim
1418 506 1563 577 quod
1609 504 1855 560 subsistit
1895 519 2002 559 non
2041 502 2210 557 habet

619 604 858 670 aliunde,
909 604 1003 659 sed
1048 617 1203 657 suum
1257 607 1386 656 est:
1435 606 1630 654 caetera
1670 614 1792 668 quae
1839 603 2204 662 creata"sunt,

621 699 834 754 etiamsi
893 698 1143 752 videntur
1187 708 1329 759 esse,
1382 708 1489 749 non
1533 702 1679 758 sunt,
1744 693 1870 763 quia
1919 691 2210 762 aliquando

619 789 782 863 457
814 804 919 845 non
944 789 1185 853 fuerunt,
1214 796 1270 842 et
1313 794 1492 856 potest
1533 802 1723 842 rursus
1769 801 1876 840 non
1921 800 2042 840 esse
2067 783 2211 854 quod

620 897 726 938 non
775 877 894 934 fuit.
932 878 1074 936 Deus
1119 877 1264 934 solus
1311 877 1402 948 qui
1431 885 1666 933 aeternus
1695 885 1812 944 est,
1860 876 1963 932 hoc
2006 876 2210 947 estqui

620 971 901 1029 exordium
930 984 1035 1024 non
1080 969 1276 1035 habet,
1325 968 1575 1024 essentia:
1622 983 1822 1025 nomen
1867 981 1996 1024 vere
2024 975 2207 1023 tenet:

523 1058 592 1136 Ἃ
621 1066 824 1122 idcirco
849 1075 903 1120 et
930 1064 998 1120 ad
1025 1061 1243 1136 Moysen
1268 1063 1334 1118 de
1363 1062 1500 1117 rubo
1522 1062 1762 1133 loquitur
1787 1080 1800 1117 :
1838 1058 1952 1132 Ego
1979 1077 2096 1118 sum
2122 1060 2212 1132 qui

619 1177 738 1216 sum
786 1158 995 1229 (Exod.
1030 1174 1126 1223 ιιι,
1172 1155 1308 1229 14),
1355 1165 1411 1212 et
1432 1171 1686 1213 rursum:
1737 1155 1842 1222 Qui
1864 1167 1939 1211 est
1961 1157 2101 1211 misit
2131 1147 2212 1211 uie

623 1251 821 1323 (ibid)
869 1271 888 1304 ι
923 1251 991 1306 Et
1029 1249 1265 1306 Hilarius
1312 1250 1365 1304 in
1406 1249 1546 1306 libro
1589 1251 1656 1306 de
1695 1248 1978 1322 Synodis':
2011 1267 2029 1301 α
2066 1249 2210 1316 llas,

621 1348 829 1420 inquit,
881 1347 1290 1413 similitudines,
1337 1361 1459 1417 qua:
1494 1362 1603 1402 non
1648 1361 1716 1402 ex
1761 1347 1968 1401 unitate
2008 1355 2214 1404 natura:

623 1449 749 1496 sunt
776 1448 974 1495 metuo.
1008 1439 1214 1495 Vereor
1247 1437 1414 1504 enim,
1458 1436 1675 1503 fratres,
1710 1436 1950 1493 Orientis
1975 1436 2214 1492 haereses

623 1533 677 1589 in
750 1541 989 1603 tempora
1048 1530 1256 1602 singula
1301 1530 1646 1602 pullulantes.
1707 1530 1972 1586 Cavenles
2018 1529 2217 1600 quippe

621 1624 736 1681 Arii
764 1624 1066 1691 vesaniam,
1092 1623 1384 1680 noluerunt
1409 1623 1514 1678 viri
1541 1623 1796 1680 catholici
1833 1624 2030 1678 trinam
2055 1623 2160 1678 dici
2183 1637 2215 1676 a

622 1719 865 1792 quolibet
893 1719 1182 1786 unitatem,
1208 1718 1304 1776 sed
1335 1718 1496 1773 unam
1522 1727 1724 1774 sancta:
1747 1718 2032 1774 Trinitatis
2053 1715 2218 1774 deita-

623 1817 765 1875 tem,
797 1811 1136 1867 divinitatem
1157 1853 1173 1880 ,
1207 1820 1459 1867 naturam
1479 1852 1494 1878 ,
1519 1811 1811 1868 essentiam
1835 1853 1850 1878 ,
1894 1819 2056 1881 atque
2084 1810 2213 1866 sub-

621 1901 898 1958 stantiam.
933 1922 953 1955 ι
983 1901 1044 1958 In
1083 1917 1193 1974 quo
1218 1903 1383 1960 etiam
1425 1903 1602 1970 dicto,
1634 1918 1742 1974 quo
1773 1918 1881 1957 una
1909 1903 2212 1959 substantia

619 1993 961 2064 praedicatur.
995 1992 1286 2050 Sabelliani
1315 1995 1540 2051 insidias
1561 1989 1878 2066 posuerunt,
1913 1995 2056 2051 sicut
2083 1995 2212 2051 item

621 2093 841 2141 sanctus
870 2085 1110 2143 Hilarius
1152 2088 1207 2142 in
1255 2087 1481 2159 praefato
1510 2087 1650 2144 libro
1677 2090 1744 2145 de
1795 2089 2027 2160 Synodis
2055 2104 2213 2145 mon-

623 2183 800 2241 strat;
844 2194 863 2228 ‹
911 2175 1085 2244 Multi,
1119 2177 1387 2248 inquiens,
1420 2195 1481 2234 ex
1522 2181 1698 2247 nobis,
1730 2180 1928 2237 fratres
1959 2181 2217 2238 charissi-

621 2267 718 2334 mi,
747 2267 823 2322 ita
855 2283 1018 2324 unam
1043 2269 1401 2327 substantiam
1434 2273 1614 2330 Patris
1658 2283 1713 2330 et
1745 2272 1867 2330 Filii
1895 2275 2214 2347 praedicant,

622 2366 684 2413 ut
710 2359 880 2415 videri
909 2361 1120 2432 possint
1147 2377 1254 2418 non
1286 2364 1457 2436 magis
1486 2365 1538 2421 id
1563 2366 1652 2437 pie
1687 2383 1852 2439 quam
1881 2369 2046 2440 impie
2070 2385 2210 2441 prae-

625 2452 828 2508 dicare.
867 2453 1044 2510 Habet
1082 2455 1227 2512 enim
1269 2456 1376 2512 hoc
1405 2457 1628 2514 verbum
1655 2459 1711 2515 in
1753 2474 1812 2515 se
1840 2467 1897 2516 et
1925 2460 2050 2517 ﬁdei
2083 2477 2218 2517 con-

625 2543 911 2601 scientiam
949 2554 1007 2601 et
1045 2545 1292 2604 fraudem
1321 2557 1586 2618 paratam.
1641 2549 1777 2606 Nam
1826 2551 1872 2607 si
1919 2551 2218 2608 secundum

624 2645 833 2693 naturae
857 2639 1243 2712 preprietatem
1274 2657 1338 2697 ac
1371 2641 1807 2712 similitudinem,
1839 2653 1894 2700 ut
1919 2645 2219 2702 similitudo

624 2746 732 2786 non
761 2733 994 2804 speciem
1024 2734 1164 2790 solat
1185 2733 1397 2803 ail‘erat,
1425 2737 1519 2792 sed
1545 2753 1716 2806 genus
1743 2745 1941 2805 teneat,
1969 2739 2220 2812 religiose

623 2837 787 2877 unam
839 2825 1196 2882 substantiam
1243 2829 1638 2900 praedicamus,
1707 2831 2001 2888 dummodo
2055 2847 2216 2888 unam

626 2913 986 2970 substantiam
1015 2918 1366 2989 proprietatis
1393 2920 1804 2977 similitudinem
1830 2923 2216 2995 intelligamus,

626 3014 688 3059 ut
725 3008 870 3076 quod
898 3023 1066 3063 unum
1096 3022 1257 3078 sunt,
1296 3027 1402 3068 non
1430 3014 1762 3085 singularem
1791 3015 2089 3088 signiticet,
2121 3017 2217 3073 sed

625 3098 862 3168 aequales
901 3115 918 3153 :
961 3090 1324 3171 aequalitatem
1369 3105 1525 3172 dico,
1576 3106 1630 3162 id
1673 3115 1756 3163 est
1797 3107 2218 3164 indifferentiam

627 3189 1029 3258 similitudinis,
1117 3202 1178 3247 ut
1234 3195 1528 3252 similitudo
1591 3198 1856 3255 habeatur
1915 3201 2212 3271 aequalitas.

625 3283 934 3355 IEqnalitas
963 3300 1092 3342 vero
1117 3303 1285 3342 unum
1318 3289 1520 3346 idcirco
1548 3290 1747 3348 dicitur
1776 3307 1916 3360 esse,
1967 3295 2092 3364 quia
2118 3310 2218 3366 par

627 3378 738 3434 sit:
774 3396 940 3436 unum
985 3390 1165 3436 autem
1217 3381 1271 3436 in
1320 3397 1426 3452 quo
1470 3385 1951 3456 par‘signiﬁcatur,
1995 3402 2101 3443 non
2149 3387 2218 3442 ad

626 3471 844 3526 unicum
891 3473 1218 3528 vindicetur.
1271 3471 1388 3528 Una
1429 3474 1595 3546 igitur
1635 3477 1971 3543 substantia,
2020 3478 2066 3533 si
2109 3493 2215 3534 non

625 3578 916 3632 personam
946 3564 1329 3620 subsistentem
1361 3566 1614 3637 perimat,
1645 3582 1744 3624 nec
1767 3584 1928 3624 unam
1961 3570 2217 3626 substan-

626 3654 756 3707 tiam
783 3655 1043 3724 partitam
1088 3657 1142 3712 in
1170 3657 1305 3714 duos
1341 3659 1567 3726 dividat,
1606 3661 1856 3733 religiose
1896 3663 2216 3732 praedicabi-

627 3754 746 3812 tur,
800 3763 919 3817 quae
959 3764 1026 3804 ex
1074 3750 1376 3806 nativitatis
1421 3754 1754 3823 proprietate
1796 3763 1852 3809 et
1901 3769 1968 3810 ex
2011 3763 2219 3810 natura:

628 3835 986 3893 similitudine
1035 3839 1110 3893 ita
1157 3839 1473 3897 indill‘erens
1503 3843 1594 3908 sit,
1647 3852 1702 3898 ut
1749 3859 1856 3898 una
1887 3844 2120 3898 dicatur.
2148 3844 2220 3898 At

626 3943 756 3985 vero
780 3931 826 3986 si
853 3931 1056 3988 idcirco
1083 3933 1242 3989 unius
1265 3933 1580 3990 substantiae
1601 3935 1766 3990 Pater
1792 3945 1848 3992 et
1869 3935 2042 3991 Filius
2067 3937 2216 3993 dica~

626 4030 734 4088 tur,
764 4033 824 4078 ut
846 4024 937 4080 hic
965 4026 1267 4082 subsistens
1291 4027 1392 4082 sub
1419 4026 1814 4098 signiﬁcatione
1836 4027 1962 4084 licet
1989 4029 2220 4084 duorum

625 4118 907 4174 nominum
921 4135 1060 4175 unus
1082 4135 1145 4176 ac
1165 4121 1314 4176 solus
1337 4121 1428 4188 sit,
1451 4121 1760 4179 confessum
1787 4124 2005 4179 nomine
2022 4122 2219 4180 Filium

624 4208 957 4264 conscientia
989 4227 1095 4266 non
1123 4219 1392 4276 tenemus,
1424 4212 1470 4266 si
1509 4228 1673 4267 unam
1701 4213 2060 4268 substantiam
2086 4229 2218 4269 con-

623 4285 857 4365 ﬁtentes,
891 4301 1064 4371 ipsum
1095 4303 1197 4358 sibi
1227 4303 1446 4358 unicum
1474 4318 1537 4358 ac
1560 4303 1888 4375 singularem
1917 4315 1972 4360 et
1998 4305 2217 4360 Patrem

625 4406 745 4448 esse
774 4393 1001 4449 dicimus
1022 4403 1077 4448 et
1105 4394 1321 4449 Filium.
1361 4415 1380 4446 ι
1409 4394 1478 4450 Et
1501 4405 1623 4464 post
1653 4396 1925 4466 aliquanta
1954 4414 1967 4451 :
2005 4416 2024 4449 ι
2055 4397 2220 4454 Caret

626 4482 814 4553 igitur,
844 4484 1064 4552 fratres,
1098 4486 1398 4542 similitudo
1431 4497 1640 4543 natura:
1667 4489 2014 4546 contumelia:
2040 4491 2216 4563 suspi-

627 4574 804 4640 cione,
831 4590 930 4630 nec
960 4585 1139 4646 potest
1169 4577 1338 4632 videri
1369 4576 1538 4633 Filius
1571 4578 1774 4634 idcirco
1801 4581 1853 4634 in
1881 4574 2215 4652 proprietate

626 4674 868 4736 patorum
898 4677 1105 4723 naturae
1132 4684 1239 4724 non
1269 4684 1390 4726 esse
1410 4670 1539 4740 quia
1561 4671 1756 4727 similis
1781 4683 1883 4738 est,
1919 4690 2041 4730 cum
2064 4675 2215 4730 simi-

626 4757 796 4813 litudo
823 4758 965 4813 nulla
997 4760 1066 4815 sit
1091 4761 1192 4815 nisi
1220 4777 1287 4816 ex
1316 4762 1626 4832 aequalitate
1653 4773 1901 4820 naturae:
1934 4767 2214 4836 aequalitas

627 4857 807 4905 autem
839 4863 1048 4906 naturtc
1073 4868 1178 4907 non
1201 4862 1379 4922 potest
1402 4869 1522 4911 esse
1553 4855 1656 4910 nisi
1689 4872 1795 4911 una
1825 4858 1919 4924 sit,
1949 4874 2056 4913 una
2085 4875 2216 4916 vero

627 4958 731 4997 non
764 4943 970 4999 unitate
992 4959 1256 5014 personae,
1288 4947 1381 5001 sed
1411 4947 1646 5017 generis.
1682 4946 1808 5002 Haec
1836 4948 1968 5004 ﬁdes
1998 4950 2085 5020 pia
2107 4960 2212 5020 est,

627 5033 743 5090 haec
771 5035 1101 5090 conscientia
1150 5035 1399 5108 religiosa
1421 5077 1436 5102 ,
1485 5037 1575 5091 hic
1603 5025 1864 5094 salutaris.
1894 5055 2075 5095 sermo
2098 5049 2213 5107 est,

629 5143 792 5182 unam
817 5129 1174 5184 substantiam
1200 5130 1380 5186 Patris
1405 5140 1460 5186 et
1497 5131 1618 5186 Filii
1654 5131 1855 5196 idcirco
1882 5149 1988 5190 non
2018 5149 2216 5208 negare

628 5219 754 5289 quia
786 5220 976 5276 similis
1003 5229 1084 5277 est
1102 5263 1115 5286 ,
1165 5223 1396 5279 similem
1423 5239 1553 5280 vero
1578 5226 1647 5280 ob
1677 5219 1728 5281 id
1755 5227 2052 5298 praedicare
2089 5231 2214 5300 quia

629 5331 796 5371 unum
823 5327 968 5372 sunt.
1010 5317 1291 5388 Exposita,
1325 5319 1658 5386 charissimi,
1688 5322 1852 5378 unius
1876 5325 2212 5390 substantiae,

631 5423 751 5478 quae
798 5408 984 5464 Crmcc
1015 5413 1259 5482 ὀμουσιον
1288 5412 1511 5479 dicitur,
1553 5424 1607 5468 et
1637 5414 1830 5470 similis
1871 5417 2211 5486 substantiae,

630 5515 751 5569 qua:
784 5502 1076 5573 ὁμοιούσιον
1101 5505 1426 5576 appellatur,
1461 5506 1603 5562 ﬁdeli
1631 5523 1694 5564 ac
1716 5509 1804 5578 pia
1837 5510 2212 5583 intelligentia,

633 5601 690 5647 et
718 5594 880 5661 vitiis,
913 5612 1032 5664 (una:
1054 5612 1121 5651 ex
1145 5601 1437 5655 verborum
1470 5601 1553 5655 vel
1582 5603 1849 5659 brevitate
1876 5606 2101 5663 subdola
2130 5608 2215 5663 vel

631 5686 933 5755 periculosa
964 5691 1206 5748 nuditate
1238 5695 1499 5750 accedere
1526 5705 1782 5765 possent,
1813 5697 2215 5757 absolutissime

633 5777 1043 5850 demonstratis,
1072 5782 1311 5856 reliquus
1343 5787 1479 5845 mihi
1517 5802 1697 5844 sermo
1720 5787 1784 5844 ad
1821 5800 2041 5849 sanctos
2070 5793 2214 5850 viros

1587 295 1916 356 HINCMARI
1954 293 2349 353 RHEMENSIS
2382 283 2899 356 ARCHIEPISCOPI

3731 311 3808 369 ξςἳο

2236 415 2286 474 Α
2313 409 2618 469 Orientales
2643 414 2929 485 episcopos
2957 413 3267 485 dirigendus
3297 425 3400 483 est,
3440 427 3496 474 ut
3521 423 3632 490 quia
3652 422 3742 495 jam
3763 429 3813 486 de

2313 502 2419 559 ﬁde
2448 512 2635 560 nostra
2666 505 2799 561 nihil
2833 507 2976 562 inter
3015 521 3116 561 nos
3146 508 3465 578 suspicionis
3493 511 3704 570 relictum
3728 529 3812 588 cst,

2310 614 2374 655 ea
2399 615 2518 669 qua:
2543 601 2722 656 adhuc
2749 601 2802 655 in
2833 600 3194 671 suspicionem
3215 616 3281 656 ex
3303 603 3478 658 verbis
3506 607 3699 662 veniunt
3718 627 3813 681 pur-

2311 701 2528 763 gentur.
2569 713 2588 747 )
2619 693 2786 767 458
2822 694 3050 764 Propter
3079 693 3177 750 has
3201 711 3330 766 ergo
3343 691 3739 768 Qrauduleutias,
3777 716 3816 761 et

2311 782 2626 854 laqueorum
2659 784 2932 850 scandala,
2958 799 3079 854 quae
3102 785 3288 841 Ariani
3322 789 3375 842 in
3402 799 3578 855 sancta
3612 791 3819 852 Trinitale

2313 872 2529 929 deitatis
2551 873 2744 934 unitati
2769 874 3135 940 detrahentes,
3157 885 3213 931 el.
3232 875 3514 934 Sabelliani
3536 894 3817 951 personarum

2313 963 2630 1035 proprietati
2686 964 3041 1038 derogantes,
3096 968 3264 1024 rectis
3309 969 3548 1025 sensibus
3579 970 3711 1040 juxta
3743 975 3818 1031 iter

2312 1053 2610 1124 ponebant,
2637 1054 2829 1111 Patres
2858 1065 2913 1111 et
2941 1057 3186 1128 magistri
3211 1059 3406 1124 nostri,
3433 1060 3529 1116 viri
3557 1063 3764 1120 catholici
3781 1077 3820 1122 et

2316 1144 2568 1200 doctores
2596 1161 2661 1201 ac
2689 1154 2932 1202 rectores
2962 1146 3251 1215 Ecclesiae,
3304 1150 3428 1218 quia
3469 1149 3598 1205 sicut
3619 1153 3819 1222 scriptum

2315 1250 2399 1296 est
2427 1256 2441 1295 :
2467 1240 2871 1297 Pertransibunt
2900 1242 3118 1311 plurimi
3153 1254 3201 1298 et
3246 1244 3516 1316 multiplex
3545 1245 3628 1300 erit
3657 1248 3819 1302 scientia

2317 1332 2495 1403 (Dan.
2528 1347 2604 1388 xu
2627 1373 2640 1399 ,
2669 1332 2737 1405 4)
2759 1374 2776 1400 ,
2808 1349 2974 1389 unum
3007 1335 3176 1391 Deum
3207 1335 3455 1402 Patrem,
3482 1345 3534 1392 et
3559 1336 3752 1404 Filium,
3783 1350 3820 1394 et

2318 1423 2580 1495 Spiritum
2607 1433 2877 1492 sanctum,
2902 1426 3155 1483 videlicet
3184 1427 3526 1493 Trinitatem,
3554 1431 3766 1500 ὀμούσεον,
3784 1431 3819 1485 id

2317 1524 2403 1572 est
2431 1517 2592 1573 unius
2619 1519 2960 1586 substantiae,
2989 1519 3075 1576 vel
3101 1521 3626 1589 consubstantialem,
3654 1533 3700 1578 et
3721 1524 3820 1578 inse-

2317 1609 2616 1680 parabilem
2671 1619 2835 1683 atque
2872 1613 3238 1681 individuam,
3277 1615 3453 1686 potius
3493 1632 3640 1687 quam
3679 1617 3818 1671 trinam

2319 1699 2583 1756 unitatem
2631 1711 2685 1757 et
2730 1718 2892 1758 unam
2925 1703 3249 1760 Trinitatem
3271 1746 3286 1770 ,
3333 1706 3508 1763 dicere
3536 1715 3587 1762 et
3619 1707 3818 1772 scribere,

2242 1808 2295 1871 Β
2321 1794 2794 1866 δυϊεᾳυεζροεῐθτίε
2815 1796 3097 1854 dicendam
3121 1808 3177 1854 et
3199 1799 3533 1856 scribendam
3555 1800 3820 1857 decernendo

2319 1886 2536 1942 tradere
2556 1887 2866 1944 maluerunt
2890 1907 2902 1943 :
2937 1904 3006 1946 ne
3033 1891 3263 1947 dicendo
3293 1892 3486 1948 trinam
3512 1893 3754 1959 unitatem,
3772 1895 3821 1948 ei-

2319 1980 2440 2036 dem
2469 1980 2665 2037 unitati
2691 1997 2980 2038 numerum
3020 1984 3114 2054 qui
3161 1985 3218 2040 in
3268 1986 3409 2041 trina
3435 1995 3515 2044 est
3537 1995 3820 2059 apponentes,

2318 2071 2562 2126 eamdem
2602 2071 2866 2128 unitatem
2893 2074 3291 2145 numerabilern
3323 2075 3518 2144 facere,
3545 2085 3595 2134 et
3613 2085 3662 2132 ut
3680 2077 3818 2132 Ariani

2319 2161 2576 2217 deitatem
2596 2202 2612 2228 ,
2657 2163 2710 2218 id
2739 2173 2825 2220 est
2847 2163 3130 2221 Trinitatis
3171 2167 3438 2223 unitatem
3467 2168 3681 2224 dividere
3709 2168 3816 2223 vide-

2320 2261 2531 2319 rentur,
2558 2260 2619 2308 nt
2643 2267 2711 2309 ex
2743 2254 3042 2324 praemissis
3064 2256 3251 2313 verbis
3282 2257 3457 2314 sancti
3485 2256 3766 2330 Hieronymi,
3787 2266 3822 2312 et

2319 2342 2377 2399 in
2401 2344 2507 2400 hoc
2530 2344 2792 2415 opusculo
2817 2360 2882 2403 ex
2909 2348 3141 2418 epistola
3168 2349 3419 2423 Gregorii
3453 2365 3596 2423 papa:
3624 2350 3678 2406 ad
3698 2337 3820 2404 [ean-

2320 2433 2478 2490 drum
2509 2434 2826 2507 Spalensem
2851 2438 3165 2512 episcopum
3205 2441 3329 2514 (lib.
3383 2461 3434 2510 ι,
3475 2460 3551 2515 ep.
3573 2441 3688 2515 41),
3715 2441 3821 2510 cujus

2319 2533 2528 2597 partem
2562 2527 2616 2582 in
2649 2543 2749 2585 suo
2776 2529 2897 2587 loco
2945 2531 3180 2601 positam
3224 2533 3396 2591 lector
3440 2549 3592 2607 sagax
3621 2533 3816 2594 inveniet,

2320 2618 2412 2689 qui
2443 2617 2587 2675 volet
2613 2619 2757 2676 valet
2785 2620 3042 2694 colligere
3071 2641 3084 2678 :
3113 2633 3169 2680 et
3198 2640 3364 2681 unam
3392 2625 3678 2682 Trinitatem
3696 2623 3820 2678 dicen-

2302 2710 2414 2778 ‘do,
2461 2713 2853 2784 preprietatem
2887 2716 3051 2770 trium
3081 2731 3440 2788 personarum
3481 2719 3534 2774 in
3555 2716 3712 2773 eadem
3735 2728 3818 2769 san-

2321 2813 2409 2861 cta
2457 2816 2514 2862 et
2545 2807 2896 2880 inseparabili
2941 2810 3211 2869 Trinitate
3241 2813 3471 2882 auferri,
3517 2821 3573 2869 ut
3603 2808 3817 2869 Sabelliani

2321 2898 2804 2968 calumniarentur,
2822 2903 2969 2959 sicut
2989 2918 3058 2960 ex
3081 2906 3509 2976 praecedentibus
3525 2903 3679 2960 verbis
3696 2900 3816 2958 sancti

2321 2991 2511 3049 Hilarii
2547 2995 2638 3064 qui
2660 2997 2895 3052 advertit
2923 3007 3101 3069 potest
3123 3013 3472 3072 cognoscere.
3501 2997 3638 3054 Unde
3660 3004 3702 3052 et
3721 2995 3816 3049 idem

2321 3086 2438 3158 ipse
2468 3100 2688 3145 sanctus
2715 3088 3074 3171 Augustinus,
3102 3091 3258 3163 cuius
3284 3108 3460 3150 sermo
3496 3092 3557 3147 de
3578 3105 3665 3146 una
3691 3087 3816 3143 Trini-

2243 3182 2292 3246 ο
2325 3187 2436 3236 tate
2463 3181 2712 3252 trinaque
2740 3182 2950 3239 unitate
2975 3184 3179 3240 dicitur
3209 3186 3474 3251 titulatus,
3494 3185 3544 3242 in
3572 3184 3686 3240 libro
3705 3179 3818 3251 septi-

2324 3288 2414 3329 mo
2441 3274 2506 3330 de
2536 3274 2822 3341 Trinitate,
2857 3293 2920 3333 ac
2945 3278 2991 3332 si
3017 3294 3198 3350 ungue
3227 3280 3494 3346 censorio,
3517 3279 3640 3335 sicut
3657 3277 3708 3332 de
3723 3271 3817 3329 mul-

2323 3367 2394 3424 tis
2422 3367 2544 3424 aliis
2569 3369 2794 3436 fecerat,
2837 3371 3030 3427 scribit
3063 3379 3204 3445 (cap.
3232 3375 3286 3448 6)
3312 3393 3326 3429 ε
3367 3394 3385 3428 ε
3415 3374 3521 3432 Nec
3539 3374 3608 3430 sic
3639 3369 3816 3442 inquiens

2323 3459 2651 3518 Trinitatem
2693 3464 2928 3520 dicimus
2957 3474 3070 3522 tres
3102 3482 3371 3538 personas
3393 3467 3475 3523 vel
3501 3459 3813 3522 subsistentias.

2321 3569 2486 3610 unam
2531 3557 2822 3612 essentiam
2869 3567 2922 3614 et
2963 3575 3131 3614 unum
3178 3561 3371 3629 Deum,
3404 3570 3634 3632 tanquam
3671 3570 3722 3611 ex
3742 3564 3814 3606 una

2322 3649 2551 3705 materia
2597 3652 2699 3706 tria
2729 3653 2977 3722 quaedam
3006 3655 3333 3721 subsistant,
3383 3656 3538 3712 etiam
3565 3653 3603 3708 si
3626 3640 3813 3720 quidquid

2323 3740 2452 3796 illud
2482 3750 2565 3797 est
2597 3743 2651 3797 in
2684 3743 2769 3799 his
2795 3744 2970 3800 tribus
3000 3747 3330 3817 explicatum
3364 3749 3453 3814 sit,
3481 3761 3578 3801 non
3613 3741 3726 3798 enim
3745 3734 3811 3790 ali-

2323 3833 2450 3904 quid
2483 3834 2630 3888 aliud
2657 3835 2774 3906 ejus
2815 3838 3068 3893 essentia:
3095 3848 3179 3894 est
3223 3849 3420 3911 praster
3464 3839 3606 3893 istam
3640 3829 3813 3887 Trinita-

2323 3937 2454 3984 tem.
2507 3927 2716 3986 Tamen
2750 3940 2864 3988 tres
2904 3949 3169 4004 personas
3205 3937 3444 4007 ejusdem
3490 3930 3724 3991 essentia.
3757 3921 3813 3977 τοι

2323 4032 2436 4081 tres
2467 4040 2732 4096 personas
2771 4044 2935 4083 unam
2964 4032 3259 4087 essentiam
3289 4032 3539 4095 dicimus,
3577 4035 3670 4081 tres
3687 4029 3812 4077 autem

2320 4131 2584 4198 personas
2629 4134 2698 4174 ex
2751 4122 2940 4175 eadem
2985 4125 3224 4179 essentia
3271 4139 3377 4180 non
3421 4123 3655 4184 dicimus,
3706 4108 3812 4185 quasi

2322 4210 2467 4267 aliud
2492 4212 2563 4268 ibi
2586 4213 2657 4268 sit
2684 4215 2829 4284 quod
2857 4199 3094 4272 essentia
3125 4227 3232 4284 est,
3260 4219 3404 4274 aliud
3430 4217 3560 4288 quod
3580 4222 3806 4285 persona.»

2321 4303 2390 4358 Et
2416 4305 2469 4358 in
2501 4304 2640 4360 libro
2668 4307 2882 4362 decimo
2909 4307 3102 4377 quinto
3151 4309 3292 4382 (cap.
3319 4311 3371 4382 7)
3399 4329 3410 4364 :
3445 4329 3462 4362 ι
3491 4301 3702 4376 Nunquid
3725 4311 3810 4370 POS‘

2322 4413 2510 4454 sumus
2552 4399 2736 4456 dicere
2784 4401 3105 4458 Trinitatem
3139 4419 3264 4462 esse
3310 4405 3364 4461 in
3411 4404 3548 4466 Deo,
3588 4408 3637 4454 ut
3669 4387 3811 4461 aliquid

2321 4487 2419 4544 Dei
2447 4489 2518 4544 sit
2546 4506 2648 4545 nec
2697 4491 2813 4561 ipsa
2841 4493 2912 4547 sit
2935 4493 3122 4549 Deus?
3175 4497 3494 4552 nullatenus.
3525 4490 3619 4548 Sed
3639 4483 3812 4541 Trinilas

2241 4557 2294 4616 Ῑ)
2321 4581 2411 4637 illa
2436 4583 2574 4637 nihil
2607 4557 2754 4639 aliud
2798 4593 2882 4641 est
2909 4594 3018 4642 tota
3048 4603 3214 4657 quam
3257 4589 3427 4653 Deus,
3475 4582 3595 4640 nihil
3625 4575 3737 4634 aliud
3756 4576 3811 4624 est

2326 4680 2434 4728 tota
2463 4689 2625 4744 quam
2657 4675 2918 4744 Trinitas,
2941 4694 3042 4734 nec
3068 4679 3272 4750 aliquid
3301 4680 3366 4735 ad
3393 4687 3619 4733 naturam
3639 4668 3712 4725 Dei
3730 4675 3810 4733 Ρετ·

2323 4767 2480 4833 tinet,
2518 4769 2661 4840 quod
2692 4770 2759 4825 ad
2796 4770 2940 4826 illam
2971 4788 3078 4828 non
3109 4776 3378 4844 pertineat
3399 4770 3696 4828 Trinitatem.
3728 4752 3810 4810 »Εἴ

2324 4867 2436 4914 tres
2463 4860 2567 4916 illae
2605 4877 2852 4932 persona'
2880 4874 3006 4921 sunt
3035 4867 3198 4924 unius
3224 4866 3540 4927 substantiae,
3567 4858 3700 4915 unius
3725 4851 3809 4904 ειωε

2323 4956 2598 5021 εςεθηιίξθ,
2626 4957 2878 5028 viamque
2903 4961 3107 5031 regiam
3137 4971 3298 5032 atque
3323 4958 3620 5015 tutissimam
3642 4949 3685 5002 in
3707 4945 3808 5041 ξςςίο

2325 5045 2487 5116 huius
2533 5059 2735 5104 sanctae
2786 5049 3070 5107 Trinitatis
3119 5031 3422 5116 intellectu,
3488 5049 3611 5102 inter
3647 5031 3807 5093 insidias

2325 5138 2520 5196 horum
2567 5140 2860 5210 latronum,
2894 5143 3221 5202 Arianorum
3249 5145 3450 5203 scilicet
3476 5149 3526 5196 et
3554 5127 3805 5192 Sabelliano-

2326 5250 2467 5301 rum,
2498 5237 2786 5293 tenendam
2816 5248 2977 5310 atque
3024 5242 3323 5298 tercndam.
3349 5239 3413 5294 Et
3437 5236 3603 5291 beatus
3626 5222 3802 5321 Albani):

2325 5325 2457 5392 sius,
2486 5327 2627 5383 sicut
2657 5345 2816 5401 supra
2842 5333 3202 5399 ostendimus,
3231 5341 3285 5389 et
3311 5339 3520 5388 sanctus
3550 5316 3802 5408 Αιιςυίειίξηίέ

2325 5418 2379 5474 in
2406 5420 2544 5477 libro
2571 5421 2638 5477 ad
2664 5421 3017 5480 Laurentium
3033 5441 3224 5497 papam
3247 5425 3312 5480 de
3339 5416 3574 5495 Symbolo
3596 5406 3801 5497 aptissitlte

2319 5521 2620 5583 monstrat,
2652 5516 2842 5572 dicens
2870 5536 2882 5572 :
2923 5536 2942 5569 ‹
2977 5487 3121 5575 Haec.
3135 5528 3247 5585 est,
3277 5515 3459 5588 inquit,
3486 5504 3698 5566 Trinitas,
3719 5487 3799 5571 tibi"

2318 5623 2424 5678 que
2461 5607 2638 5665 latens
2679 5619 2733 5664 et
2776 5612 2976 5682 ubique
3023 5627 3316 5684 apparens,
3373 5592 3797 5695 vocabuli-stff-‘o:

2321 5701 2512 5770 nisque
2535 5702 2790 5768 discreta,
2833 5705 3214 5777 inseparabilis
3257 5695 3534 5759 substantia
3571 5685 3790 5785 d03f3“’5_‘_:

2322 5795 2390 5850 Et
2426 5767 2498 5852 iin
2548 5767 2797 5854 sermone
2850 5799 2917 5856 de
2954 5767 3178 5872 ⁸Ξρίνίιιι
3229 5805 3426 5859 sancto,
3461 5782 3585 5860 quod
3617 5767 3791 5844 θὲυδίίθω
