3998 6336
184 376 259 436 ιιι
1192 367 1281 427 DE
1319 368 1459 426 UNA
1500 367 1590 424 ΕΤ
1627 364 1738 422 N02

1841 362 2017 419 'RINA
2054 362 2372 422 DElTATE.
2424 366 2434 399 τ

3296 360 3420 423 iiii

184 494 241 552 sit
291 487 603 547 substantia
673 495 839 558 atqne
908 486 1128 543 deitatis
1196 485 1355 554 cujus
1413 492 1496 540 est
1566 482 1724 536 Pater
1754 484 1799 542 Λ
1830 479 2090 536 Do‘minus
2141 481 2278 537 dicit
2330 481 2386 536 in
2447 476 2757 551 Evangelio’
2787 497 2799 532 :
2826 476 2829 479 ’
2854 477 2968 550 Ego
3037 495 3154 535 sunt
3226 481 3419 538 ueritas

179 594 226 642 et
260 582 417 638 Filius
456 598 471 634 :
538 598 556 630 ι
619 579 738 651 ipse
760 608 792 645 ,ε
836 578 1047 649 inquit,
1096 577 1357 633 Dominus
1407 583 1592 631 noster
1638 572 1731 629 Je-

178 692 252 734 sns
286 671 733 747 5590bristu.
766 685 891 725 cum
912 668 1026 737 jam
1064 666 1417 739 gloriﬁcatus'
1440 665 1734 723 resurrexit

171 785 196 821 a
234 763 468 827 mortuis,
506 761 563 816 in
588 760 788 817 coelum
824 772 1151 815 ascensurus
1174 758 1242 812 ad
1271 755 1490 811 Patrem
1519 756 1619 811 hoc
1638 770 1733 810 sa-

168 861 481 911 cramentum
506 850 630 905 lldei
656 848 956 919 discipulis,
1006 847 1058 901 id
1101 857 1184 903 est
1227 846 1506 916 apostolis,
1536 845 1734 901 dereli-

162 948 285 1016 quit.
314 944 401 998 Ait
425 944 571 998 enim
615 960 629 995 :
686 941 910 1005 Euntes,
957 940 1215 1008 baptizate
1260 955 1438 993 omnes
1466 948 1640 1008 gentes
1678 939 1735 991 in

167 1036 354 1090 nomine
382 1031 562 1087 Patris
589 1041 636 1086 et
665 1029 792 1084 Filii
818 1039 868 1084 et
895 1028 1126 1099 Spiritus
1154 1027 1343 1088 sancti,
1382 1025 1622 1081 docentes
1644 1042 1732 1083 eos

165 1142 353 1183 seruare
403 1124 581 1178 omnia
630 1137 955 1193 quaecunque
1000 1120 1247 1177 mandari
1306 1118 1448 1173 vobis
1495 1116 1728 1190 (Matth.

166 1231 340 1276 nvm.
369 1214 456 1278 i9,
494 1212 609 1278 20).
658 1213 857 1266 Rerum
908 1211 1147 1282 ipsarum
1175 1208 1342 1263 dictat
1379 1207 1625 1271 etfeetus,
1675 1215 1735 1262 ιιι

166 1307 316 1361 trium
339 1305 393 1360 in
420 1319 529 1359 una
573 1303 776 1358 deitate
811 1314 1166 1371 personarum
1204 1299 1501 1369 potentiam
1545 1297 1733 1353 creda-

163 1411 292 1453 mus.
322 1415 342 1448 ι
393 1395 461 1450 Ει
509 1396 563 1449 in
605 1407 856 1449 sermone
906 1392 973 1446 dc
1021 1391 1284 1461 mysterio
1325 1388 1668 1458 baptismatis
1712 1403 1728 1440 :

163 1503 185 1540 ι
230 1484 408 1545 Nemo,
438 1482 633 1553 inquit,
665 1496 785 1537 cum
817 1480 967 1535 audit
992 1479 1235 1544 Patrem,
1258 1486 1350 1531 aut
1376 1476 1590 1539 Filium,
1640 1484 1736 1529 aut

159 1574 408 1645 Spiritum
447 1580 723 1637 sanctum,
753 1579 864 1626 tres
891 1570 1029 1625 Deos
1058 1584 1157 1624 nos
1202 1568 1434 1622 aestimet
1459 1565 1730 1630 conﬁteri,

155 1665 295 1737 quod
337 1663 678 1735 sacrilegium
726 1661 869 1717 absit
914 1661 1070 1731 longe
1120 1676 1150 1713 a
1189 1658 1295 1713 [ide
1346 1665 1554 1723 nostra,
1604 1654 1731 1726 quia

155 1771 319 1811 unum
355 1755 524 1811 Deum
558 1768 679 1809 esse
724 1752 843 1823 ipso
864 1757 1154 1807 attestante
1180 1747 1560 1818 cognovimus:
1593 1744 1727 1816 Ego,

1834 570 2010 644 (ibist,
2054 571 2135 642 6).
2191 571 2248 627 in
2296 572 2410 628 Deo
2456 572 2622 642 igitur
2683 571 3043 628 substantiale
3093 587 3292 629 nomen
3330 582 3423 629 est

1831 662 2067 718 Veritas.
2092 663 2160 719 Et
2178 664 2301 732 quis
2322 663 2494 734 magis
2515 671 2622 727 est,
2642 669 2704 718 ut
2721 663 3061 735 Augustinus
3078 662 3219 718 libro
3230 664 3425 735 quinto

1832 752 1972 824 (cap.
1994 752 2050 823 2)
2074 753 2142 808 de
2165 752 2436 808 Trinitate
2461 752 2614 818 dicit,
2634 768 2801 823 quam
2832 754 2920 809 ille
2942 754 3035 824 qui
3056 753 3196 809 dixit
3218 754 3423 811 famulo

1832 856 1968 897 suo:
1999 839 2113 911 Ego
2142 858 2259 896 sum
2288 842 2378 913 qui
2420 857 2559 906 sum,
2604 851 2652 895 et
2681 841 2847 915 ᾦα)
2882 845 3024 903 dices
3071 843 3199 913 [iliis
3225 842 3422 908 Israel,

1834 928 1941 995 Qui
1968 940 2044 985 est
2070 932 2211 985 misit
2231 947 2314 986 me
2345 932 2416 985 ad
2441 946 2529 985 eos
2552 932 2578 985 .9
2603 930 2799 1002 (Exod.
2835 947 2917 997 tn,
2947 932 3060 1005 14.)
3093 953 3112 987 s
3141 933 3260 993 Non
3288 949 3423 1007 ergo

1834 1019 1976 1074 trina
2002 1020 2226 1085 veritas,
2253 1029 2316 1076 ut
2342 1021 2608 1092 impostor
2628 1021 2809 1091 verbis
2852 1021 2911 1074 Β.
2944 1021 3228 1091 Augustini
3256 1025 3425 1080 inter‘

1832 1112 2032 1180 posuit,
2077 1113 2174 1167 sed
2215 1127 2322 1167 una
2369 1113 2596 1178 veritas,
2626 1111 2789 1167 Pater
2813 1121 2869 1168 et
2913 1112 3084 1170 Filius
3109 1124 3165 1169 et
3190 1114 3427 1186 Spiritus

1833 1212 2076 1268 sanctus,
2098 1206 2224 1272 quia
2250 1204 2556 1258 substantia
2586 1203 2750 1258 dividi
2795 1218 2901 1258 non
2947 1213 3145 1274 potest.
3189 1206 3344 1263 Sicut
3369 1209 3427 1264 in

1833 1293 2023 1348 eodem
2054 1292 2194 1349 libro
2236 1303 2425 1350 contra
2456 1296 2698 1366 quinque
2750 1296 2985 1353 hostium
3031 1311 3232 1368 genera
3281 1299 3426 1356 idem

1832 1380 1895 1434 Β.
1929 1382 2263 1454 Augustinus
2302 1384 2435 1439 dicit
2491 1402 2505 1438 :
2565 1404 2584 1436 ι
2643 1384 2944 1440 Λίιθτηίιιιε
2994 1402 3099 1441 una
3133 1395 3217 1443 est
3262 1397 3429 1459 atque

1833 1471 2157 1527 substantia.
2205 1491 2224 1523 ι
2269 1471 2337 1526 Et
2356 1471 2410 1526 in
2432 1472 2570 1528 libro
2595 1480 2751 1529 sexto
2770 1474 2837 1529 de
2861 1472 3129 1531 Trinitate
3158 1475 3297 1548 (cap.
3327 1477 3382 1548 7)
3408 1496 3424 1531 :

1839 1579 1860 1612 ι
1882 1561 1949 1616 Ει
1963 1562 2153 1617 eadem
2170 1561 2265 1618 Dei
2279 1570 2361 1617 est
2374 1562 2591 1619 bonitas
2602 1578 2724 1633 quae
2737 1564 3001 1634 sapientia
3014 1573 3072 1619 et
3085 1566 3424 1637 magnitudo,

1832 1661 1890 1707 et
1917 1653 2107 1711 eadem
2136 1653 2339 1708 veritas
2366 1667 2488 1722 quas
2515 1653 2603 1708 illa
2634 1655 2839 1721 omnia,
2860 1664 2917 1710 et
2934 1670 3041 1711 non
3064 1665 3149 1713 est
3177 1657 3251 1712 ibi
3277 1657 3427 1715 aliud

1833 1744 2050 1799 beatum
2070 1758 2214 1812 esse,
2246 1753 2302 1800 et
2339 1743 2483 1801 aliud
2512 1760 2789 1818 magnum,
2838 1756 2935 1802 aut
2979 1748 3300 1819 sapientem,
3329 1761 3429 1807 aut

156 1847 348 1919 inquit,
388 1844 545 1910 Deus,
574 1857 623 1899 et
650 1862 754 1899 non
777 1843 916 1897 alius
933 1851 1124 1914 printer
1140 1856 1242 1904 me,
1260 1840 1439 1910 justus
1463 1847 1513 1891 et
1551 1836 1725 1891 satva—
1754 1840 1804 1902 B
1831 1849 2046 1899 verum,
2073 1844 2169 1889 aut
2212 1835 2412 1891 bonum
2442 1851 2587 1901 esse,
2613 1847 2709 1891 aut
2749 1837 2972 1895 omnino
3014 1839 3190 1911 ipsum
3221 1855 3364 1900 esse.
3400 1860 3420 1894 ι

153 1951 235 1995 tor
262 1956 364 1994 non
389 1947 671 2010 cstprcter
691 1952 792 1990 me.
821 1933 1194 1989 Convertimini
1241 1931 1311 1985 ad
1359 1945 1460 1991 me,
1504 1938 1553 1982 et
1599 1926 1730 2005 salvi

153 2030 320 2094 eritis,
342 2027 556 2099 quiaab
599 2036 829 2081 extremo
851 2034 1007 2077 terra
1033 2037 1126 2092 ego
1165 2037 1280 2075 sum
1327 2019 1494 2082 Deus,
1532 2027 1580 2073 et
1629 2033 1732 2071 non

153 2128 229 2174 est
284 2117 417 2172 aiiss
452 2126 645 2187 praeter
671 2130 753 2169 ine
776 2112 940 2186 '(lsa.
964 2124 1088 2174 ην,
1119 2110 1213 2175 21,
1258 2109 1373 2180 22).
1425 2107 1495 2163 Et
1542 2107 1597 2165 in
1625 2106 1732 2161 alio

154 2207 331 2265 libro:
371 2207 534 2272 Audi,
569 2204 762 2269 Israel,
786 2203 1044 2258 Dominus
1074 2200 1217 2255 Deus
1254 2210 1376 2253 tuus
1407 2197 1547 2253 Deus
1595 2212 1732 2251 unus

154 2310 228 2355 est
275 2299 451 2371 (Deut.
476 2313 551 2359 vt,
576 2296 656 2367 4).
700 2295 769 2351 Et
818 2308 1048 2349 rursus:
1089 2291 1343 2345 Dominus
1366 2288 1508 2345 Deus
1532 2289 1617 2343 hic
1656 2299 1733 2342 est

153 2391 209 2446 in
259 2392 382 2447 ccio
430 2406 666 2453 sursum,
720 2397 773 2442 et
819 2388 876 2441 in
918 2395 1060 2440 terra
1100 2383 1365 2446 deorsum,
1415 2390 1465 2436 ct
1509 2396 1614 2434 non
1657 2389 1730 2434 est

156 2480 291 2536 alius
307 2490 494 2551 prater
516 2480 687 2550 ipsum
711 2479 889 2551 (Deut.
918 2491 990 2537 tv,
1013 2474 1127 2545 59).
1159 2472 1293 2529 Tres
1316 2487 1448 2543 ergo
1475 2485 1733 2542 personas

155 2578 394 2628 lemnius
415 2580 473 2626 et
498 2569 791 2632 credimus,
820 2567 872 2621 id
891 2575 975 2622 est
1000 2566 1216 2620 Patrem
1236 2571 1291 2619 et
1319 2563 1511 2618 Filiutn
1537 2570 1593 2616 et
1620 2560 1734 2631 Spi-

155 2663 315 2717 ritum
368 2672 639 2724 sauctum,
685 2660 845 2714 unius
888 2657 1160 2729 potentiae,
1209 2655 1367 2710 uuius
1391 2652 1732 2716 substantiaz,

154 2754 313 2809 unius
337 2751 681 2815 aeternitatis,
710 2749 870 2804 unius
896 2746 1209 2812 voluntatis,
1239 2745 1400 2799 unius
1427 2743 1593 2797 etiam
1621 2741 1733 2796 dei-

152 2845 300 2910 tatis,
331 2853 387 2899 et
446 2851 618 2899 totam
660 2840 980 2895 Trinitatem
1027 2838 1188 2893 unius
1235 2835 1329 2890 Dei
1376 2832 1735 2904 appellatione

151 2949 488 2991 veneremur.
519 2932 757 2989 Credere
781 2939 961 2986 autem
998 2928 1184 2999 plures
1213 2928 1352 2984 Dens
1383 2925 1596 2996 gentilis
1635 2924 1734 2979 iut-

145 3027 366 3098 pietatis
390 3033 497 3080 est.
533 3044 554 3077 s
586 3023 654 3078 Et
685 3023 880 3078 iterum
916 3038 930 3076 :
967 3039 986 3073 ι
1039 3019 1158 3074 Non
1205 3017 1431 3073 credere
1467 3023 1579 3071 tres
1610 3028 1734 3084 per-

141 3135 306 3177 sonas
328 3120 492 3176 unius
516 3116 834 3175 substantiae
862 3116 918 3171 in
961 3129 1068 3168 una
1095 3113 1318 3176 deitate,
1368 3120 1530 3180 atque
1554 3122 1735 3178 aequm—

1834 1925 1977 1997 Ergo
2000 1935 2057 1981 ttt
2085 1929 2364 1983 uon.trina
2399 1930 2661 1995 essentia,
2691 1930 2778 1986 vel
2807 1930 2948 1987 trina
2966 1941 3185 2000 natura,
3213 1935 3289 1989 ita
3315 1946 3424 1991 non

1834 2016 1978 2071 trina
2007 2016 2204 2083 deitas,
2236 2033 2337 2073 nec
2358 2019 2501 2074 trina
2531 2020 2735 2075 veritas
2754 2030 2861 2076 est.
2904 2042 2924 2075 s
2985 2021 3051 2077 Et
3087 2021 3328 2089 Boetius,
3370 2030 3427 2083 in

1834 2105 1973 2162 libro
1993 2107 2061 2162 ad
2082 2106 2350 2165 Joannem
2370 2109 2674 2166 Romanum
2698 2112 3010 2179 diaconum,
3037 2123 3225 2184 postea
3243 2126 3428 2175 autem

1833 2195 2169 2267 episcopum,
2206 2213 2370 2268 quem
2417 2198 2608 2255 beatus
2651 2200 2950 2273 Gregorius
3008 2205 3062 2261 in
3113 2205 3252 2261 libro
3300 2207 3428 2263 Dia-

1834 2286 2079 2356 logorum
2109 2286 2491 2356 persecutione
2516 2288 2840 2347 Theoderici
2877 2294 3022 2365 regis
3061 2295 3251 2353 Ariani
3277 2311 3425 2351 mar-

1835 2378 1978 2450 tyrio
2005 2378 2365 2450 gloriticatum
2395 2395 2516 2435 esse
2537 2381 2795 2447 ostendit,
2819 2398 2888 2439 ex
2925 2384 3108 2440 verbis
3147 2385 3293 2441 beati
3316 2390 3427 2440 Au-

1835 2468 2035 2541 gustini
2065 2469 2205 2526 sicut
2228 2470 2344 2540 ipse
2390 2470 2611 2535 fatetur,
2663 2473 2837 2527 dicit:
2877 2492 2896 2524 σ
2928 2472 3047 2530 Una
3087 2475 3252 2545 igitur
3292 2477 3425 2531 sub-

1836 2560 2038 2615 stantia
2068 2560 2255 2623 trium,
2292 2576 2393 2617 nec
2443 2563 2689 2633 separari
2720 2562 2831 2617 ullo
2858 2564 3021 2619 modo
3064 2573 3157 2618 aut
3188 2564 3423 2637 disjungi

1834 2660 2034 2722 potest,
2090 2667 2192 2707 nec
2238 2652 2384 2707 velut
2410 2653 2657 2723 partibus
2690 2654 2744 2708 in
2773 2669 2937 2709 unum
2995 2653 3282 2724 conjuncta
3319 2665 3427 2721 est,

1835 2745 1931 2801 sed
1957 2753 2043 2801 est
2072 2760 2178 2800 una
2207 2744 2541 2815 simpliciter.
2577 2745 2922 2816 Quaecunque
2949 2748 3116 2819 igitur
3141 2748 3208 2805 de
3236 2750 3416 2811 divinar

1835 2840 2136 2896 substantia
2159 2841 2541 2910 praedicantur,
2573 2856 2638 2897 ea
2671 2841 2843 2896 tribus
2876 2849 3090 2911 oportet
3112 2858 3233 2898 esse
3279 2858 3428 2899 com-

1836 2933 2044 2988 munia.
2079 2953 2098 2984 s
2132 2932 2200 2987 Et
2226 2931 2388 3003 paulo
2415 2940 2537 3002 post
2571 2951 2586 2986 :
2617 2952 2636 2985 ‹
2677 2933 2735 2988 Si
2764 2934 2930 3004 igitur
2959 2949 3148 2990 eorum
3180 2949 3287 2990 una
3316 2936 3430 2991 ἀει-

1839 3030 1923 3077 tas
1953 3036 2061 3075 una
2088 3020 2388 3077 substantia
2425 3030 2529 3086 est,
2561 3021 2690 3077 licet
2716 3024 2808 3078 Dei
2834 3037 3029 3080 nomen
3057 3025 3124 3078 de
3144 3025 3429 3079 divinitate

1838 3114 2266 3170 substantialiter
2290 3113 2572 3185 praedicari
2603 3132 2616 3168 :
2648 3115 2720 3169 ita
2752 3112 2933 3181 Pater,
2956 3115 3157 3171 veritas
3180 3125 3301 3182 est,»
3340 3116 3428 3181 Fi-

141 3211 297 3269 litate
321 3211 409 3266 vel
431 3210 807 3267 coaeternitate
831 3248 847 3273 ,
880 3205 1133 3263 haeretica
1162 3203 1431 3261 dementia
1478 3210 1580 3263 est,
1613 3215 1736 3255 cum
1765 3194 1810 3258 C
1842 3207 1946 3263 lius
1976 3209 2178 3263 veritas
2195 3216 2299 3273 est,
2332 3206 2571 3278 Spiritus
2597 3204 2821 3263 Sanetus
2852 3209 3067 3265 veritas
3089 3220 3193 3275 est,
3242 3208 3428 3273 Pater,

134 3300 437 3359 manifesta
467 3299 585 3356 haec
623 3299 696 3354 sit
723 3312 885 3367 quam
913 3296 1153 3352 diximus
1184 3292 1483 3349 auctoritas
1510 3289 1735 3354 Christi,

131 3391 425 3463 Baptixate
455 3406 634 3446 omnes
660 3398 835 3460 gentes
872 3387 928 3442 in
971 3386 1179 3440 nomine
1224 3383 1406 3439 Patris
1442 3391 1490 3437 et
1522 3379 1653 3436 Filii
1689 3388 1738 3434 et

134 3483 387 3554 Spiritus
414 3481 606 3538 sancti.
645 3499 663 3532 ι
702 3479 772 3535 Et
801 3479 930 3534 item
958 3474 1360 3548 Augustinusin
1383 3474 1524 3529 libro
1547 3472 1741 3543 quinto

129 3577 285 3647 (cap.
342 3575 402 3646 8)
429 3573 499 3630 de
544 3571 813 3630 Triuitate
855 3569 1039 3625 dicit:
1085 3587 1104 3619 ε
1141 3565 1275 3622 Illud
1314 3579 1444 3620 vero
1469 3565 1741 3635 praecipue

132 3669 447 3723 tenendum
470 3673 576 3731 est,
604 3664 748 3736 quod
772 3659 1035 3734 quidquid
1065 3659 1132 3714 ad
1154 3673 1216 3715 se
1253 3657 1453 3715 dicitur
1473 3663 1741 3728 prtestan-

133 3760 364 3817 tissima
410 3757 500 3815 illa
545 3772 610 3813 ae
661 3756 842 3811 divina
888 3752 1194 3809 sublimitas
1221 3790 1239 3816 ,
1308 3746 1743 3806 substantialiter

136 3852 353 3909 dicitur
380 3865 397 3903 :
426 3848 569 3919 quod
613 3856 794 3904 autem
828 3846 896 3902 ad
921 3844 1148 3916 aliquid,
1177 3858 1283 3898 non
1311 3839 1744 3899 substantialiter

138 3946 239 4003 sed
271 3943 503 4001 relative
526 3959 543 4008 ;
571 3950 884 4011 tantamque
905 3940 1015 3994 vim
1028 3954 1152 3994 esse
1168 3937 1407 4009 ejusdem
1426 3935 1744 3992 substantiae

140 4034 198 4089 in
231 4033 405 4089 Patre
426 4040 487 4089 et
527 4031 667 4087 Filio
714 4038 771 4086 et
800 4028 1007 4099 Spiritu
1061 4036 1268 4090 sancto,
1301 4034 1361 4081 ut
1387 4025 1650 4096 quidquid
1677 4025 1745 4079 de

142 4121 382 4190 singulis
400 4121 479 4187 ad
497 4121 702 4191 scipsos
729 4120 946 4184 dicitur,
977 4133 1083 4173 non
1109 4117 1394 4188 pluraliter
1423 4116 1479 4171 in
1510 4130 1741 4177 summa.

144 4212 245 4270 sed
273 4210 633 4283 singulariter
655 4208 974 4278 accipiatur.
1010 4227 1030 4259 ι
1062 4207 1129 4262 Et
1151 4207 1278 4262 item
1303 4207 1358 4262 in
1381 4204 1521 4261 libro
1551 4204 1745 4276 quinto

149 4305 297 4376 (esp.
337 4301 529 4376 10)::
564 4301 677 4358 Deo
702 4315 812 4357 non
855 4310 943 4356 est
982 4299 1187 4370 aliquid
1215 4300 1410 4371 majus.
1457 4298 1537 4354 Ea
1581 4298 1747 4369 igitur

148 4392 532 4467 magnitudine
557 4407 785 4464 magnus
804 4400 909 4456 est,
945 4405 1051 4461 qua
1080 4390 1195 4460 ipse
1218 4399 1303 4446 est
1328 4391 1514 4445 eadem
1538 4388 1745 4460 magni-

151 4486 283 4542 tudo
321 4503 341 4539 :
380 4492 441 4539 et
464 4482 583 4539 ideo
621 4484 762 4539 sicut
789 4497 897 4537 non
938 4481 1168 4536 dicimus
1192 4488 1306 4536 tres
1345 4478 1634 4541 essentias,
1666 4478 1747 4533 sic

1840 3298 2032 3366 Filius,
2061 3299 2298 3370 Spiritus
2344 3307 2564 3355 sanctus
2589 3315 2695 3356 non
2722 3310 2834 3356 tres
2861 3302 3141 3367 veritates,
3171 3302 3267 3357 sed
3315 3315 3425 3356 una

1840 3392 2041 3446 veritas
2062 3398 2166 3446 est.
2221 3387 2279 3445 Si
2306 3389 2471 3460 igitur
2501 3405 2605 3444 una
2636 3391 2691 3445 in
2714 3390 2800 3445 his
2857 3391 3179 3454 substantia,
3213 3407 3319 3446 una
3345 3402 3433 3448 est

1840 3481 2062 3543 veritas,
2094 3492 2319 3534 necesse
2372 3482 2458 3533 est
2495 3477 2782 3534 veritatem
2834 3479 3263 3535 substantialiter
3287 3497 3428 3551 pra:-

1842 3571 2014 3629 dicari
2036 3572 2104 3627 de
2134 3569 2396 3636 bonitate,
2423 3570 2490 3625 de
2521 3569 3086 3637 incommutabilitate,
3109 3569 3426 3641 dejustitia,

1842 3666 1910 3721 de
1939 3662 2352 3735 omnipotentis,
2382 3677 2447 3717 ac
2465 3662 2534 3718 de
2558 3663 2772 3718 caeteris
2786 3664 3061 3729 omnibus,
3083 3679 3206 3734 quae
3236 3676 3343 3719 tam
3364 3664 3434 3721 du

1843 3757 2090 3830 singulis,
2116 3770 2279 3827 quam
2316 3754 2383 3809 de
2411 3754 2664 3810 omnibus
2689 3754 3038 3825 singulariter
3051 3756 3431 3825 praedicamus,

1843 3845 2192 3903 manifestum
2237 3853 2325 3900 est
2366 3843 2799 3900 substantialiter
2833 3843 2962 3900 dici.
3012 3862 3033 3896 ι
3072 3845 3140 3900 Ει
3178 3847 3376 3901 iterum
3414 3866 3428 3901 :

1850 3958 1870 3991 ι
1897 3936 2032 3992 Nam
2058 3936 2151 4007 qui
2174 3936 2336 3991 Pater
2357 3942 2464 4001 est,
2488 3934 2591 3991 hoc
2622 3934 2940 3989 vocabulum
2978 3949 3084 3991 non
3113 3937 3438 3995 transmittit

1847 4029 1914 4085 ad
1946 4028 2140 4082 Filium
2166 4067 2182 4092 ,
2219 4041 2396 4096 neque
2434 4027 2502 4081 ad
2535 4024 2795 4095 Spiritum
2823 4033 3094 4080 sanctum.
3127 4026 3246 4094 Quo
3275 4028 3337 4083 ﬁt
3374 4039 3440 4083 ut

1847 4136 1954 4177 non
1983 4121 2056 4176 sit
2081 4118 2436 4175 substantiale
2460 4133 2656 4174 nomen
2678 4117 2780 4173 hoc
2802 4117 3052 4172 inditum.
3079 4117 3212 4173 Nam
3240 4120 3286 4174 si
3314 4121 3437 4177 sub~

1848 4215 2101 4274 stantiale
2122 4222 2288 4277 esset.
2311 4221 2369 4267 ut
2389 4213 2550 4277 Deus,
2567 4220 2629 4267 ut
2657 4211 2883 4276 veritas,
2911 4219 2969 4264 ut
2983 4211 3213 4281 justitia,
3236 4220 3297 4267 ut
3317 4214 3433 4284 ipsa

1847 4322 2063 4380 quoque
2092 4304 2412 4367 substantia,
2446 4304 2514 4360 de
2541 4303 2755 4359 caneris
2775 4301 3068 4359 diceretur.
3103 4293 3232 4358 Item
3262 4303 3435 4361 Filius

1849 4399 1995 4456 solus
2019 4397 2123 4453 hoc
2154 4396 2345 4467 recipit
2370 4411 2567 4451 nomen
2586 4434 2601 4460 ,
2633 4409 2811 4465 neque
2836 4395 2980 4450 enim
3009 4408 3133 4450 cum
3160 4395 3282 4452 aliis
3306 4396 3433 4466 jun~

1851 4491 2018 4564 gitur,
2051 4489 2194 4544 sicut
2234 4487 2287 4541 in
2332 4487 2546 4542 ueteris
2586 4499 2707 4555 qua:
2744 4484 2994 4556 superius
3021 4484 3152 4540 dixi.
3200 4484 3437 4555 Spiritus

155 4590 254 4632 nec
301 4583 419 4630 tres
458 4573 878 4645 magnitudineS-
932 4570 1047 4628 Hoc
1094 4579 1150 4628 el
1179 4570 1247 4627 de
1277 4571 1540 4634 ὺοηῖιθιον
1580 4578 1637 4625 ει
1678 4569 1745 4624 de
1778 4551 2066 4650 unoque
2109 4586 2330 4633 sanctus
2372 4591 2479 4630 non
2520 4551 2777 4630 est-idem
2812 4551 2911 4644 qui
2935 4572 3100 4630 Pater
3136 4590 3201 4631 ac
3243 4551 3434 4633 Pilius.

154 4662 487 4727 atemitate,
509 4669 567 4716 et
593 4661 662 4717 de
685 4660 1077 4730 omnipotentis
1097 4659 1193 4716 Dei
1222 4660 1424 4715 dictum
1449 4660 1542 4724 sit,
1570 4658 1748 4714 omni-

157 4755 371 4826 busque
394 4755 617 4810 omnino
647 4752 1085 4825 praedicamentis
1113 4767 1234 4823 quae
1266 4753 1334 4808 de
1383 4752 1493 4807 Deo
1521 4759 1749 4822 possunt

158 4845 523 4918 pronuntiari,
549 4844 694 4917 quod
717 4843 787 4897 ad
812 4843 1050 4914 scipsum
1078 4842 1300 4899 dicitur.
1333 4863 1351 4895 ι
1407 4842 1475 4898 Ει
1505 4843 1560 4899 in
1607 4842 1746 4896 libro

162 4947 320 4995 sexto
344 4935 487 5009 (cap.
514 4935 573 5007 4)
599 4953 619 4991 :
650 4954 669 4988 ι
704 4934 818 4992 Deo
842 4935 945 4990 hoc
975 4941 1059 4991 est
1078 4948 1200 4991 esse
1224 4933 1367 5003 quod
1387 4942 1472 4988 est
1501 4934 1745 5004 omnipo-

166 5036 366 5085 tentem
381 5041 524 5094 esse,
540 5033 635 5081 aut
648 5025 857 5097 justum
872 5040 1014 5090 esse,
1029 5033 1121 5080 aut
1136 5024 1438 5095 sapientem
1458 5037 1602 5087 esse,
1617 5032 1671 5078 et
1696 5023 1742 5079 si

164 5118 290 5190 quid
316 5118 384 5173 de
410 5116 499 5173 illa
524 5116 759 5187 simplici
789 5106 1203 5186 multiplicitate,
1231 5124 1287 5171 et
1311 5113 1589 5183 multiplici
1610 5113 1744 5169 sim-

164 5211 403 5283 plicitate
441 5209 669 5275 dixeris,
699 5223 807 5279 quo
852 5208 1152 5265 substantia
1181 5208 1299 5278 ejus
1328 5206 1683 5277 signiﬁcetur.
1721 5226 1741 5259 s

163 5298 233 5354 Et
279 5300 337 5355 in
382 5297 521 5361 libro
547 5306 746 5354 octavo
784 5315 799 5351 :
843 5316 863 5350 ι
912 5294 1076 5352 Pater
1108 5297 1274 5368 igitur
1320 5305 1375 5352 et
1426 5296 1597 5351 Filius
1638 5311 1744 5350 una

164 5390 398 5446 essentia
427 5428 445 5456 ,
495 5402 554 5467 et
579 5405 688 5465 una
714 5389 1048 5463 magnitudo,
1090 5398 1145 5443 ct
1172 5404 1279 5442 una
1312 5388 1531 5452 veritas,
1561 5397 1615 5444 et
1639 5404 1744 5442 una

162 5480 446 5551 sapientia,
471 5495 503 5535 a
533 5481 733 5550 quibus
780 5495 887 5536 non
929 5486 1210 5549 separetur
1240 5477 1480 5547 Spiritus
1502 5487 1744 5544 sanctus,

162 5571 232 5627 de
256 5586 364 5642 quo
389 5570 705 5627 dicitFilius
736 5571 789 5626 in
818 5570 1143 5641 Evangelio:
1174 5568 1288 5639 Ego
1314 5570 1505 5640 rogabo
1536 5567 1746 5624 Patrem

160 5670 217 5723 α
240 5662 405 5717 aliam
427 5663 755 5734 paracletum
793 5663 938 5739 dabit
963 5662 1125 5740 nobis,
1165 5670 1222 5715 ut
1251 5671 1458 5718 maneat
1487 5662 1747 5719 uobiscum

163 5756 519 5819 “aeternum,
566 5754 824 5825 Spiritum
854 5740 1085 5809 ueritatis
1132 5753 1315 5825 (Joau.
1362 5768 1472 5818 xlv,
1523 5753 1629 5825 16).
1682 5754 1748 5808 Ει

564 5847 815 5908 Parnm.
889 5845 1153 5908 CXXV.

1849 4671 1926 4727 Ex
1954 4670 2039 4725 his
2074 4669 2238 4741 igitur
2263 4668 2637 4739 intelligimus,
2668 4665 2881 4722 Patrem
2912 4675 2971 4722 et’
2994 4666 3190 4723 Filium
3221 4682 3286 4724 ac
3315 4668 3439 4741 δρία

1848 4763 2013 4818 ritum
2039 4770 2287 4816 sanctum
2326 4773 2433 4814 non
2462 4760 2530 4814 de
2550 4758 2666 4829 ipsa
2700 4757 2983 4815 divinitate
3011 4760 3439 4816 substantialiter

1850 4851 1955 4908 dici
1973 4891 1989 4916 ,
2012 4851 2109 4906 sed
2130 4850 2237 4905 alio
2256 4849 2489 4920 quodam
2517 4848 2694 4903 modo.
2752 4845 2810 4902 Si
2831 4848 2978 4904 enim
3005 4850 3436 4905 substantialitor

1848 4940 2267 5014 pmdicaretur,
2293 4946 2352 4994 et
2371 4938 2439 4993 de
2460 4937 2685 5009 singulis
2705 4946 2759 4992 et
2778 4939 2847 4993 de
2863 4939 3116 4993 omnibus
3138 4938 3417 5008 singulari-

1854 5041 1940 5087 ter
1964 5032 2253 5088 diceretur.
2293 5028 2421 5084 Hmc
2451 5043 2581 5084 vero
2610 5029 2678 5083 ad
2710 5029 2912 5100 aliquid
2946 5030 3054 5085 dici
3093 5028 3438 5086 manifestum

1852 5132 1956 5180 est.
1996 5141 2015 5175 ι
2044 5122 2110 5177 Et
2130 5120 2289 5192 paulo
2312 5128 2470 5191 pos:
2509 5140 2528 5171 ι
2562 5119 2801 5175 Trinitas
2826 5120 3046 5191 quidem
3086 5120 3140 5175 in
3179 5134 3437 5191 persona-

1856 5230 1976 5270 rum
2010 5214 2317 5285 pluralitate
2344 5212 2624 5278 consistit,
2657 5212 2838 5267 unitas
2865 5227 2996 5267 vero
3038 5213 3092 5267 in
3120 5213 3437 5268 substantia:

1855 5303 2218 5373 simplicitate.
2263 5322 2283 5355 ι
2320 5303 2391 5357 Ει
2420 5302 2591 5357 item:
2639 5320 2657 5353 ι
2700 5301 2940 5355 Trinitas
2982 5302 3146 5373 igitur
3174 5316 3279 5356 non
3320 5314 3442 5372 per-

1856 5394 1994 5448 tinet
2018 5394 2085 5450 ad
2111 5392 2470 5449 substantiam
2498 5409 2510 5444 :
2534 5406 2643 5461 quo
2667 5391 2747 5455 ﬁt,
2770 5403 2832 5447 ut
2860 5407 3035 5464 neque
3058 5392 3241 5455 Pater,
3266 5408 3443 5464 neque

1854 5484 2047 5550 Filius,
2092 5499 2268 5555 neque
2304 5481 2538 5553 Spiritus
2582 5489 2829 5547 sanctus,
2888 5498 3062 5552 neque
3102 5482 3339 5540 Trinitas
3375 5484 3444 5547 de

1855 5574 1966 5630 Deo
1995 5571 2421 5629 substantialiter
2444 5571 2788 5643 prmdicetur,
2815 5571 2909 5626 sed
2937 5581 2994 5626 ut
3019 5573 3222 5627 dictum
3253 5582 3335 5629 est
3372 5575 3442 5628 ad

1857 5664 2080 5736 aliquid.
2120 5664 2262 5719 Deus
2292 5676 2443 5727 vero,
2476 5662 2701 5728 veritas,
2729 5661 2961 5731 justitia,
3002 5663 3237 5731 bonitas,
3264 5665 3443 5723 omni-

1855 5756 2117 5829 potentia,
2162 5753 2487 5821 substantia,
2519 5753 2952 5819 immutabilitas,
2984 5755 3179 5821 virtus,
3221 5754 3437 5828 sapiun-

2971 5847 3044 5911 17
