3888 5374
100 419 180 476 ius
1064 416 1154 470 nr.
1189 414 1327 471 una
1367 412 1454 467 ur
1494 409 1629 464 NON
1671 396 1879 467 'thA
1919 413 2235 472 DEITATE.

98 534 235 593 mines
265 519 428 594 erant,
458 525 696 596 ejusdem
751 515 1064 584 substantiae
1114 529 1348 592 fuerant,
1397 543 1502 582 non
1529 527 1609 581 di-
1637 529 1684 590 Α
1713 531 1970 595 essentia,
1997 541 2105 587 tres
2127 545 2373 601 persona:
2396 545 2583 596 unum,
2607 530 2658 584 id
2683 540 2767 586 est
2790 545 2927 588 unus
2954 531 3128 598 Deus,
3151 525 3301 592 sunt‘.

89 637 242 681 versae.
276 640 292 674 ι
334 620 458 674 Item
515 618 763 690 legimus,
805 621 923 690 ipso
973 619 1188 676 Christo
1235 621 1449 676 dicente
1490 639 1502 675 :
1547 617 1614 674 Ut
1715 629 1771 675 et
1801 635 1908 675 non
1938 636 2042 674 una
2085 635 2313 690 persona
2344 620 2507 676 Pater
2533 628 2588 674 et
2618 620 2786 676 Filius
2814 632 2870 678 et
2901 623 3138 694 Spiritus
3170 621 3301 678 suis

89 720 167 772 sitit
188 729 346 777 unum,
386 711 514 764 sicut
545 720 594 765 et
618 727 710 766 nos
732 728 895 766 unum
916 727 1098 766 sumus
1121 711 1304 784 (Joan.
1335 728 1470 775 xvii,
1494 712 1608 782 2i).

87 805 176 859 Non
235 805 384 869 dixit,
454 811 513 857 ut
568 802 670 874 ipsi
745 810 801 856 et
854 815 953 856 nos
1006 817 1202 865 unum,
1266 801 1361 858 sed
1408 809 1467 856 ut
1511 802 1611 875 ipsi

87 896 168 950 sint
202 911 346 948 unum
400 895 452 948 in
514 902 704 948 natura
753 907 851 946 sua
903 899 958 946 et
1011 892 1066 946 in
1109 892 1412 947 substantia
1467 908 1606 958 sua,

87 987 332 1042 concordiae
372 985 626 1055 qualitate
669 984 904 1054 quodam
957 984 1118 1039 modo
1177 983 1316 1038 uniti
1365 992 1420 1038 et
1471 998 1606 1038 con-

87 1077 168 1130 ﬂati
202 1095 214 1129 :
249 1085 297 1130 et
326 1075 480 1130 Pater
509 1083 564 1128 et
604 1073 773 1128 Filius
813 1081 867 1127 et
900 1069 1135 1142 Spiritus
1173 1081 1394 1126 sanctus
1434 1087 1604 1126 unum

83 1176 256 1236 propter
279 1164 594 1220 individuam
638 1163 993 1231 eamdemque
1027 1170 1299 1216 naturam.
1332 1161 1491 1215 Aliud
1521 1169 1607 1215 est

82 1256 189 1311 enim
228 1271 372 1308 unum
421 1264 569 1317 sunt,
625 1263 681 1308 et
729 1253 873 1309 aliud
921 1269 1084 1308 unum
1133 1269 1316 1306 sumus
1379 1270 1398 1309 :
1459 1251 1605 1307 aliud

81 1345 202 1418 ιω
231 1362 352 1398 unus
377 1354 472 1399 est.
518 1343 750 1412 Quando
777 1343 976 1398 dicitur
998 1357 1164 1397 unum
1192 1351 1339 1406 sunt,
1369 1342 1470 1396 etsi
1498 1357 1604 1395 non

81 1439 243 1491 dicatur
280 1435 400 1506 quid
444 1452 646 1500 unum,
700 1435 1019 1504 intelligitur
1076 1449 1182 1489 una
1235 1433 1540 1488 substantia
1584 1452 1596 1487 :

79 1525 246 1596 quando
269 1526 453 1581 dicitur
477 1541 620 1581 unus
649 1534 735 1580 est
760 1526 828 1580 de
857 1525 1066 1580 duabus
1092 1524 1323 1578 diversis
1349 1523 1600 1578 substan-

1715 722 1854 768 ctus.
1896 713 2230 768 Auctoritate
2269 712 2508 782 quidem,
2538 713 2666 783 quia
2709 721 2768 769 ut
2800 713 3020 770 Boetius
3058 715 3112 770 in
3154 712 3295 772 unis

1712 803 1788 860 De
1832 805 2097 860 Trinitate
2143 805 2321 861 dicit:
2363 825 2382 856 ι
2415 805 2473 860 In
2521 819 2748 861 numero
2790 821 2900 877 quo
2943 801 3295 886 numeramus

1711 896 1960 967 repetitio
2015 897 2283 952 unitatum
2343 897 2474 952 facit
2531 897 2894 966 pluralitatem
2937 915 2951 952 :
2996 900 3053 954 in
3109 895 3293 956 rerum

1706 1000 1849 1075 ηενρ,
1867 1000 2092 1040 numero
2129 1003 2235 1041 non
2275 986 2402 1040 facit
2443 986 2807 1056 pluralitatem
2836 977 3291 1062 unitatum‘repei

1708 1055 1852 1139 ιὶιὶὄξ
1879 1075 2044 1129 veluti
2074 1091 2195 1130 cum
2226 1074 2388 1131 Pater
2416 1055 2471 1131 et
2505 1074 2673 1130 Filius
2702 1083 2758 1132 et
2796 1077 3030 1148 Spiritus
3064 1055 3289 1136 saucius

1707 1163 1870 1220 tertio
1903 1166 2230 1235 praedicatur
2258 1165 2563 1230 Deus.\Et
2602 1167 2772 1221 item:
2805 1187 2823 1220 ς
2856 1166 3030 1223 Unum
3070 1163 3290 1234 res'est,

1705 1254 1888 1308 unitas
1920 1270 2030 1324 quo
2068 1271 2233 1309 unum
2273 1257 2522 1310 dicimus.
2557 1276 2575 1308 ι
2609 1255 2673 1310 Et
2709 1257 3025 1313 Ambrosius
3054 1260 3107 1314 in
3138 1255 3289 1316 iib‘rb

1703 1344 1879 1416 primo
1922 1346 1987 1400 de
2035 1346 2166 1400 Fide
2209 1347 2348 1417 (cap.
2373 1345 2478 1416 2):
2520 1365 2540 1397 ς
2573 1346 2763 1402 Unitas
2818 1363 3078 1404 numerus
3109 1347 3290 1423 'm

1703 1445 1932 1500 nonest,
1965 1436 2059 1490 sed
2092 1437 2207 1490 lucc
2235 1438 2475 1492 omnium
2499 1437 2613 1507 ipsa
2636 1437 2958 1509 principium
2989 1447 3090 1494 est.
3122 1441 3144 1493 ἡ
3173 1435 3286 1495 Su'u

1701 1542 1917 1597 quoque
1959 1527 2365 1598 impugnationc
2396 1529 2738 1600 interpositio
2772 1531 2872 1585 ista
2909 1532 3138 1586 destruit
3164 1517 3287 1601 quas

81 1619 158 1683 liis,
184 1633 381 1673 necesse
406 1623 490 1673 est
521 1626 579 1672 ιιι
602 1625 880 1688 quaeratur
917 1615 1046 1686 quid
1089 1629 1250 1670 unus.
1287 1615 1448 1670 Verbi
1477 1631 1600 1687 gra-
1699 1615 1832 1670 dicit
1859 1616 2090 1670 trina'et
2117 1633 2222 1671 uua
2257 1618 2456 1684 unitas,
2486 1620 2611 1688 quia
2652 1621 2833 1676 unitas
2865 1621 2917 1676 in
2944 1636 3012 1676 eo
3037 1626 3284 1691 quo-unﬁt

79 1709 148 1772 tia,
171 1707 355 1762 diversa
395 1707 698 1762 substantia
741 1718 827 1763 est
868 1707 1049 1761 anima
1075 1715 1131 1761 et
1164 1721 1383 1775 corpus,
1415 1714 1597 1760 tamen
1696 1715 1783 1761 est
1814 1706 1955 1761 trina
1985 1721 2105 1762 esse
2140 1723 2246 1762 non
2289 1717 2491 1778 potest,
2526 1711 2669 1765 sicut
2698 1711 2938 1768 Trinitas
2979 1715 3032 1768 in
3073 1728 3139 1770 eo
3171 1706 3282 1786 qud

78 1815 181 1853 unus
203 1800 344 1854 homo
377 1817 389 1853 :
422 1800 636 1854 diversa
666 1799 972 1854 substantia
996 1806 1080 1852 est
1107 1798 1330 1868 spiritus
1359 1797 1594 1852 hominis
1699 1802 1842 1857 trina
1869 1811 1949 1856 est
1972 1818 2078 1857 una
2101 1818 2220 1857 esse
2242 1817 2346 1858 non
2370 1813 2564 1874 potest.
2590 1803 2830 1860 Trinitas
2850 1806 3058 1862 scilicet
3081 1809 3134 1862 in
3161 1807 3284 1879 per}

75 1898 114 1945 et
143 1891 332 1962 spiritus
350 1889 462 1956 Dei,
497 1900 678 1946 tamen
723 1906 846 1946 cum
884 1890 1116 1946 Domino
1154 1890 1415 1954 adhreret,
1454 1903 1596 1943 unus
1625 1879 1672 1940 Β
1699 1893 1848 1948 sonis
1875 1897 1982 1947 una‘
2011 1908 2133 1948 esse
2162 1910 2266 1947 non
2300 1902 2494 1963 potest,
2517 1895 2658 1950 sicut
2688 1895 2955 1952 Sabellius
2984 1893 3157 1952 voluit
3181 1907 3197 1954 ξ
3226 1898 3284 1954 ει

76 1982 244 2050 spiritus
264 1991 360 2036 est.
386 1981 610 2036 Addidit
644 1981 893 2051 spiritus,
927 1995 1034 2035 non
1062 1979 1199 2034 dixit
1221 1995 1386 2034 unum
1416 1986 1544 2034 sunt
1575 1996 1588 2032 :
1699 1985 1882 2040 unitas
1906 1985 2212 2048 Trinitatis,
2241 1986 2293 2040 id
2315 1997 2400 2040 est
2425 1987 2619 2053 deitas,
2644 1989 2784 2042 trina
2807 2003 2927 2044 esse
2951 2005 3056 2045 non
3083 1987 3284 2060 potest;

74 2073 139 2127 ubi
161 2083 314 2128 autem
340 2072 538 2128 dicitur
569 2088 735 2127 unum
779 2079 925 2135 sunt,
951 2085 1057 2124 una
1098 2069 1401 2125 substantia
1428 2068 1594 2139 signi-
1695 2076 1836 2130 sicut
1858 2075 2020 2130 Arius
2043 2076 2198 2129 dixit.
2219 2074 2382 2130 Fides
2406 2086 2586 2131 autem
2612 2077 2881 2134 catholica
2903 2087 3004 2143 est,
3031 2088 3090 2135 ut
3115 2080 3286 2135 'At‘hal

74 2163 237 2217 licetur.
266 2161 350 2218 Sic
373 2172 426 2217 et
451 2177 582 2218 cum
609 2161 744 2218 dicit
765 2160 1093 2232 Apostolus:
1121 2158 1326 2214 Scimus
1352 2159 1476 2230 quia
1512 2159 1595 2210 ηὲο
1695 2166 1884 2222 nasius
1927 2165 2120 2230 sentit,
2171 2173 2227 2220 et
2277 2167 2457 2221 omnis
2510 2167 2900 2223 catholicorum
2951 2169 3284 2224 unanimlt’dit

68 2255 200 2311 liilest
218 2254 401 2310 idolum
429 2255 484 2326 (Ι
515 2253 640 2310 Cor.
668 2270 792 2322 vui,
815 2256 872 2325 4)
895 2268 910 2308 :
939 2254 1033 2318 Et,
1060 2253 1217 2320 Quod
1243 2250 1420 2308 nullus
1448 2249 1592 2305 Deus

65 2348 145 2400 nisi
180 2364 314 2402 usus.
347 2347 491 2403 Nam
533 2347 630 2402 etsi
652 2356 777 2402 sunt
819 2347 910 2418 qui
943 2346 1192 2400 dicuntur
1219 2345 1296 2398 dii
1344 2342 1516 2406 multi,
1542 2351 1591 2397 et

70 2439 218 2492 iouini
239 2438 400 2505 multi,
427 2440 540 2511 sive
577 2439 631 2492 in
660 2436 812 2504 caalo,
835 2437 944 2491 sive
969 2437 1026 2491 iu
1053 2445 1216 2499 terra,
1245 2434 1391 2488 nobis
1418 2442 1592 2488 tamen

69 2543 167 2580 usus
190 2526 312 2582 Deus
341 2526 524 2594 Pater,
549 2544 615 2583 eo;
644 2545 748 2598 quo
779 2529 958 2582 omnia
981 2537 1029 2582 et
1052 2544 1146 2582 nos
1168 2527 1223 2580 in
1249 2525 1420 2592 illum,
1454 2540 1590 2579 unus

67 2616 263 2674 Domitius
295 2619 446 2676 Iesus
478 2618 746 2686 Christus,
773 2636 866 2690 per
891 2635 1043 2690 quem
1071 2620 1249 2673 omnia
1285 2627 1334 2672 et
1373 2633 1465 2672 nos
1499 2632 1590 2685 per

67 2705 352 2779 iiistn(ibid.,
394 2711 448 2778 ι,
478 2711 540 2776 5,
565 2709 643 2783 6),
667 2710 916 2766 addendo
950 2712 1074 2780 quis
1126 2709 1211 2764 vel
1252 2709 1380 2780 quid
1424 2723 1586 2763 unus.

67 2795 164 2853 Cum
184 2799 297 2856 dicit
320 2818 454 2856 unus
483 2801 627 2856 Deus
655 2799 842 2867 Pater,
873 2811 930 2857 et
955 2817 1092 2855 unus
1125 2799 1382 2855 Dominus
1405 2796 1585 2864 Iesus,

57 2903 268 2959 penuriae
314 2892 566 2950 distinxit
621 2893 953 2952 nominando
997 2891 1215 2946 Patrem
1262 2898 1318 2944 et
1363 2887 1583 2952 Filium,

59 2982 356 3041 substantiam
397 3001 568 3048 unam
607 2985 849 3041 ostendit
885 2999 1011 3040 cum
1049 2983 1192 3038 Deus
1232 2982 1383 3037 dicit.
1431 2979 1586 3036 Unde

59 3070 155 3128 alibi
183 3073 391 3145 loquens
431 3077 740 3136 trinitatem
781 3091 1137 3146 personarum
1171 3074 1332 3130 unius
1364 3073 1582 3128 deitatis

63 3161 338 3222 demonstrat
377 3181 507 3224 cum
549 3166 701 3233 dicit,
733 3164 820 3220 Ea:
848 3167 982 3236 ipso,
1011 3164 1260 3221 videlicet
1299 3179 1368 3220 ex
1401 3164 1582 3228 Patre,

57 3267 125 3320 ρετ
156 3255 338 3325 ipsum.
376 3273 479 3328 per
520 3231 743 3322 Filium,
781 3256 838 3310 in
867 3231 1013 3326 ipso,
1039 3256 1249 3312 scilicet
1283 3255 1339 3310 in
1378 3253 1582 3324 Spiritu
1611 3231 1658 3294 ο

58 3355 218 3412 sancto,
243 3359 355 3405 sunt
388 3349 594 3414 omnia,
619 3349 720 3419 ipsi
744 3348 915 3419 gloria
943 3347 1118 3419 (Rom.
1149 3364 1226 3414 XI,
1249 3347 1361 3418 36),
1395 3355 1451 3402 et
1476 3361 1584 3402 non

58 3432 156 3504 ipsis
175 3438 324 3508 gloria
352 3441 638 3512 subiunxit
669 3457 683 3494 :
709 3439 834 3509 quia
866 3439 972 3494 alia
998 3449 1084 3493 est
1115 3453 1346 3508 persona
1380 3437 1583 3504 Patris,

58 3523 136 3580 alia
151 3526 275 3597 Filii,
301 3529 403 3586 alia
436 3529 685 3601 Spiritus
718 3529 893 3584 sancti
925 3547 938 3582 :
965 3529 1059 3584 sed
1095 3528 1148 3581 iu
1177 3529 1379 3582 deitate
1404 3528 1586 3582 unitas

56 3618 244 3674 creditur
267 3629 319 3676 et
341 3621 698 3692 prmdicatur,
732 3619 859 3690 quia
900 3616 1081 3672 Patris
1105 3625 1157 3671 et
1183 3615 1307 3671 Filii
1331 3624 1387 3670 et
1415 3615 1587 3684 Spiri-

55 3715 118 3760 tus
137 3712 287 3767 sancti
314 3728 416 3768 una
440 3721 532 3769 est
549 3711 826 3776 divinitas,
853 3709 1077 3780 aequalis
1096 3709 1288 3780 gloria,
1312 3719 1583 3765 coaterna

53 3797 278 3866 maiestas.
315 3802 588 3874 linpostor
613 3817 744 3859 vero
785 3798 1056 3866 falsitatis,
1093 3809 1148 3856 et
1185 3801 1368 3854 verbis
1411 3801 1584 3856 sancti

47 3883 284 3959 Augustini
331 3892 648 3958 insultator,
693 3892 1032 3962 quiscunque
1088 3890 1178 3946 ille
1230 3889 1423 3955 fuerit,
1476 3905 1584 3944 non

49 3997 178 4040 ausus
204 3999 377 4058 aperte
407 3989 689 4060 imponere
715 3988 856 4043 trina
885 3997 940 4042 et
968 4003 1074 4040 una
1099 3985 1294 4050 deitas,
1318 3999 1388 4038 ne
1410 3984 1587 4054 perci-

45 4085 240 4142 peretur,
264 4079 492 4135 immisit
517 4080 661 4154 quod
692 4076 1024 4132 tantumdem
1067 4076 1294 4140 valeret,
1317 4083 1586 4144 quatenus

44 4173 120 4229 Per
149 4165 490 4225 substantiale
536 4182 759 4234 nomen,
791 4167 933 4237 quod
978 4173 1064 4220 est
1099 4165 1323 4230 veritas,
1355 4162 1587 4218 dicendo

46 4252 156 4308 trina
179 4265 229 4312 et
257 4274 362 4314 una
385 4261 617 4324 veritas,
641 4271 767 4314 cum
797 4257 965 4313 Pater
991 4265 1046 4311 et
1067 4254 1240 4310 Filius
1261 4262 1317 4310 et
1346 4253 1585 4324 Spiritus

45 4353 242 4413 sanctus,
268 4359 326 4404 ut
352 4350 693 4423 Augustinus
717 4349 869 4417 dicit,
892 4365 1002 4405 non
1041 4359 1153 4403 tres
1173 4347 1450 4411 veritates,
1483 4360 1586 4402 nec

43 4433 154 4493 trina
183 4441 394 4508 veritas,
418 4443 517 4498 sed
544 4458 652 4497 una
691 4442 800 4498 sint
826 4442 1053 4505 veritas,
1088 4442 1229 4496 sicut
1261 4454 1366 4494 una
1399 4453 1586 4494 essen-

47 4524 119 4591 tia,
144 4537 193 4584 et
223 4547 325 4588 una
370 4533 487 4588 vita
517 4547 533 4587 :
562 4541 618 4589 et
665 4532 912 4589 addendo
953 4533 1098 4587 trina
1134 4543 1191 4586 et
1232 4547 1337 4586 una
1379 4531 1578 4595 unitas,
1612 4574 1663 4634 Β

42 4622 232 4683 Probare
251 4633 434 4694 posset
456 4627 598 4694 quod
628 4626 734 4680 diei
761 4625 983 4681 deberet
1007 4623 1147 4679 trina
1173 4632 1229 4678 et
1253 4639 1359 4678 una
1385 4625 1580 4679 deitas.

43 4701 93 4759 Ει
123 4709 276 4767 noluit
302 4714 528 4770 mittere
559 4712 899 4772 Gotbescslci
925 4713 1112 4779 verba,
1150 4724 1208 4766 ut
1235 4713 1441 4768 diceret
1468 4715 1581 4769 del-

43 4804 106 4851 tas
127 4803 248 4857 trina
274 4815 359 4861 est
381 4806 770 4876 personaliter,
791 4817 849 4861 et
885 4819 992 4858 una
1036 4805 1375 4868 naturaliter,
1399 4819 1468 4859 ne
1497 4821 1583 4861 re-

42 4900 478 4960 cognoscerentur,
509 4904 563 4950 et
590 4911 658 4952 ex
689 4910 758 4952 eo
793 4903 1196 4964 respuerentur.
1239 4893 1470 4948 liiuuisit
1503 4903 1583 4948 ta-

42 4991 137 5036 men
169 4985 404 5044 absolute
447 4988 587 5043 trina
628 4997 686 5044 et
721 5003 828 5042 una
869 4973 1069 5050 unitas,
1105 5001 1171 5040 ne
1213 5000 1309 5040 sua
1348 4985 1509 5040 verba
1543 5003 1580 5043 a

41 5069 336 5134 Gotbescalci
365 5080 551 5136 verbis
579 5095 748 5136 sensu
773 5079 1168 5134 discordarent.
1205 5077 1335 5141 Sed,
1363 5085 1423 5131 ut
1449 5081 1582 5135 scri-

38 5173 158 5229 l‘tuin
186 5180 293 5226 est:
324 5169 556 5228 Frustra
583 5175 786 5248 jucimr
823 5183 930 5228 rete
955 5183 1076 5228 ante
1116 5173 1296 5228 oculos
1331 5187 1580 5243 pennata-

31 5267 120 5306 rum
145 5257 312 5326 (Prov.
345 5277 386 5326 ι,
424 5261 538 5336 1⁸7).
581 5263 808 5320 Videtur
833 5276 1068 5331 namque
1105 5262 1257 5317 fraus
1294 5265 1574 5337 sacrilega,

390 5359 577 5374 λαμ---η
609 5372 631 5374 ._
681 5362 755 5374 --Α
787 5361 832 5374 ,ι
866 5352 1037 5374 -‘IL---
1085 5352 1397 5374 -_.-_..I..I.-_

1691 2256 1983 2320 consentit,
2020 2265 2079 2310 ut
2122 2271 2288 2311 unum
2334 2256 2504 2311 Deum
2546 2257 2600 2311 in
2647 2258 2887 2314 trinitate
2919 2269 3279 2330 personarum

1693 2357 1884 2404 contra
1909 2346 2225 2413 Sahellium,
2253 2355 2310 2402 et
2355 2347 2656 2402 trinitatem
2682 2364 3036 2418 personarum
3073 2350 3129 2404 iu
3159 2350 3281 2406 utris

1693 2448 1805 2495 tate
1838 2440 2076 2504 deitatis,
2107 2447 2296 2494 contra
2335 2439 2523 2493 Arium
2547 2453 2870 2496 veneremur
2899 2456 2916 2494 :
2949 2438 3281 2510 neqtie’cono'

1690 2531 1978 2587 fundentes
2029 2546 2324 2600 personas,
2371 2541 2431 2586 ut
2479 2530 2766 2596 Sabellius,
2797 2533 2951 2603 quasi
3009 2543 3120 2589 tres
3158 2533 3279 2606 non

1691 2624 1822 2687 sint,
1853 2637 2030 2691 neque
2057 2621 2415 2678 substantiam
2442 2634 2782 2693 separantes,
2812 2633 2873 2677 ut
2907 2625 3090 2690 Arius,
3118 2611 3277 2696 quasi

1690 2714 1833 2770 trina
1881 2715 1970 2768 sit.
2015 2713 2165 2769 Unde
2220 2714 2267 2768 si
2319 2717 2462 2782 quod
2513 2714 2780 2784 impostor
2831 2707 3277 2773 inconven‘ientér

1687 2807 1870 2879 posuit
1907 2820 2011 2860 una
2053 2806 2237 2859 unitas
2278 2805 2442 2860 etiam
2490 2805 2571 2859 sic
2624 2805 2972 2875 intelligatur,
3013 2808 3278 2876 quoniam

1689 2899 1849 2953 aliter
1877 2904 2026 2953 recte
2064 2911 2170 2952 non
2208 2904 2388 2965 potest
2427 2895 2671 2966 intelligi,
2697 2897 2823 2967 quia
2853 2905 2937 2952 est
2958 2912 3122 2966 super
3157 2900 3276 2954 dina'

1687 2991 1776 3045 nia
1826 2990 1880 3045 in
1923 2989 2122 3061 quibus
2166 2989 2348 3042 unitas
2390 2987 2520 3069 dici.
2542 2997 2738 3058 potest,
2772 2989 2826 3043 in
2865 2990 3039 3045 tribus
3069 2987 3278 3047 saneta

1686 3080 1971 3136 Trinitatis
2007 3079 2256 3149 personis
2284 3076 2462 3132 Patris
2497 3086 2552 3131 et
2591 3077 2712 3132 Filii
2743 3085 2800 3133 et
2829 3079 3066 3149 Spiritus
3099 3078 3278 3138 θαησῐί

1686 3186 1792 3226 una
1822 3166 1875 3226 id
1893 3178 1986 3224 est
2012 3167 2304 3239 singularis
2337 3175 2424 3223 est
2447 3168 2646 3234 unitas,
2675 3183 2904 3238 quorum
2934 3179 3019 3225 est
3047 3152 3154 3225 una
3189 3172 3275 3227 di-

1687 3260 1919 3323 vinitas,
1960 3257 2046 3313 vel
2089 3247 2493 3328 si‘expressius
2537 3256 2736 3313 dicitur
2780 3259 2989 3325 deitas,
3043 3260 3278 3317 destruit

1687 3353 1829 3424 quod
1870 3361 1997 3407 ante
2027 3351 2260 3420 positum
2307 3359 2410 3416 est,
2438 3360 2498 3406 ut
2544 3337 2684 3406 trina
2730 3352 2804 3406 sit
2850 3349 3054 3410 unitas.
3097 3352 3152 3407 id
3188 3359 3277 3408 est

1686 3443 1864 3499 Patris
1901 3449 1958 3498 et
1992 3441 2115 3496 Filii
2148 3452 2203 3496 et
2239 3441 2474 3511 Spiritus
2513 3442 2688 3497 sancti
2717 3442 2912 3509 deitas,
2940 3459 3061 3513 qua:
3087 3444 3272 3500 Trinii

1687 3535 1816 3589 tatis
1853 3541 1938 3588 est
1973 3533 2177 3587 unitas.
2209 3532 2692 3588 Extermiuandum
2729 3544 2816 3588 est
2857 3534 3022 3605 igitur
3048 3539 3274 3611 pravum

1686 3625 1901 3696 dogma,
1938 3619 2366 3694 et'sequenduru
2413 3626 2557 3693 quod
2603 3625 2800 3680 docent
2835 3625 3274 3700 catholici,-quli|

1689 3717 1926 3773 Trinitas
1965 3716 2126 3772 Pater
2168 3725 2224 3771 et
2257 3715 2426 3771 Filius
2448 3724 2504 3770 et
2531 3715 2768 3786 Spiritus
2796 3727 3019 3773 sanctus
3050 3719 3128 3774 ad
3169 3713 3274 3774 alii

1686 3813 1836 3884 quid,
1862 3810 1916 3866 id
1944 3817 2027 3865 est
2057 3809 2280 3864 relative
2308 3809 2577 3869 dicuntur,
2621 3809 2762 3863 unde
2791 3821 2845 3864 et
2885 3807 3163 3880 pluralita’s
3189 3805 3278 3867 est

1687 3906 1740 3961 in
1781 3903 2061 3976 personis;
2101 3901 2303 3955 veritas
2339 3915 2488 3965 vero,
2525 3901 2783 3962 essentia.
2817 3902 3010 3968 deitas,
3043 3913 3184 3973 qum;

1687 3992 2018 4065 Augustinus
2056 3990 2186 4045 dicit
2218 4007 2232 4042 :
2260 3988 2542 4043 Trinitatis
2580 3998 2663 4044 est
2702 3991 2904 4056 unitas,
2944 3992 3012 4046 de
3057 3984 3277 4062 ρεστ-’δα

1687 4099 1746 4138 se
1777 4082 1829 4136 id
1861 4089 1945 4135 est
1979 4076 2408 4136 substantialiter
2448 4093 2514 4133 ac
2547 4093 2647 4147 per
2683 4079 2787 4134 hoc
2823 4069 3278 4150 singulariter

1687 4174 1849 4237 citur,
1880 4179 1936 4227 et
1970 4185 2108 4224 unus
2139 4169 2279 4224 Deus
2315 4167 2480 4223 Pater
2511 4176 2568 4222 et
2597 4167 2766 4222 Filius
2793 4172 2861 4224 et”
2877 4159 3128 4244 Spiritus‘
3149 4163 3275 4226 s‘an‘i-

1687 4274 1825 4329 ctus,
1864 4263 1917 4319 in
1951 4277 2018 4318 eo
2050 4276 2156 4331 quo
2191 4260 2366 4315 trinus
2399 4267 2507 4323 est,
2547 4275 2688 4315 unus
2731 4275 2836 4315 non
2870 4250 3274 4326 dicitur,_‘itt'ift

1687 4369 1755 4409 eo
1786 4370 1896 4424 quo
1937 4367 2078 4407 unus
2113 4362 2217 4418 est,
2246 4351 2424 4406 trinus
2459 4366 2566 4406 non
2607 4343 2965 4406 dicunt-{Sed
2993 4340 3287 4420 uthébtiis-
3353 4401 3359 4406 .

1687 4453 1871 4500 cantat
1910 4442 2230 4498 Ambrosius
2275 4459 2288 4494 :
2335 4441 2486 4496 Unus
2527 4449 2613 4496 est
2657 4441 3045 4514 potentialiter,
3180 4429 3276 4499 ait

1689 4532 2135 4598 substantialiter,
2163 4533 2304 4587 sicut
2326 4532 2659 4603 Augustinus
2687 4533 2835 4599 dicit,
2861 4543 2917 4590 et
2943 4519 3271 4607 trinitd‘ﬂéri

1687 4625 1962 4681 sonaliter.
1997 4623 2339 4678 Manifestum
2360 4630 2417 4677 et
2437 4622 2840 4679 manifestatum
2860 4632 2948 4680 est“
2961 4610 3097 4698 ergo
3116 4608 3271 4698 cordi

1685 4714 1932 4784 pilatum,
1965 4721 2022 4768 et
2047 4711 2407 4768 adulteratum
2439 4721 2603 4782 atque
2631 4711 2883 4770 falsatum
2921 4699 3274 4791 ἑκά·Μίἱῶ

1685 4805 1827 4861 beati
1873 4803 2156 4874 Augustini
2194 4813 2383 4858 contra
2421 4805 2663 4874 quinque
2699 4801 2936 4860 hostium
2961 4793 3274 4880 ξᾳῇὼιὲιέίῖἠ

1685 4912 1794 4966 quo
1838 4897 1953 4951 haec
2009 4895 2262 4952 haeretica
2294 4895 2550 4965 pravitas
2586 4911 2619 4950 a
2655 4877 2985 4967 quocunque
3007 4877 3277 4953 Ὧιιέὲὶὸὶίό

1686 4985 2004 5055 interposita
2032 4985 2419 5055 comprobatur
2447 5003 2461 5039 :
2491 4987 2636 5042 sicut
2667 4986 2720 5039 in
2754 4976 3276 5058 quinta‘syﬁ'ttdb‘ex

1686 5076 2077 5134 catholicorum
2107 5076 2258 5132 libris
2284 5075 2535 5145 quaedam
2568 5075 2875 5130 testimonia
2905 5059 3278 5152 θινὶὣῆϋὲιᾶ

1685 5171 1753 5225 ad
1797 5184 1952 5225 suam
1991 5163 2420 5225 conﬁrmandam
2467 5169 2790 5239 pravitatem
2831 5165 3203 5233 detruncata,
3227 5159 3285 5223 et

1685 5262 1932 5331 quazdam
1974 5262 2108 5319 falsa
2152 5258 2442 5317 catholicis
2471 5258 2865 5316 catholicorum
2893 5253 3080 5313 verbis
3108 5245 3288 5331 tuteris

1683 5351 1852 5374 _-..£s..
1913 5349 2075 5374 ΑΛ---
2129 5351 2233 5374 -.ζ-2

2129 5348 2405 5374 -.!_2I-..l:n
2478 5346 2863 5374 ...ιιι-Αιῖιιηηιιω
2915 5346 3117 5374 ..Δια-ἐτι

3447 802 3518 900 ιι
