3888 5428
581 421 682 482 δτι
978 450 990 460 ν
1557 423 1890 482 ΗΙΝΟΜΑΗΙ
1928 424 2116 482 RHEM

2220 423 2322 481 SIS
2359 419 2879 483 ARCHIEPISCOPI
3677 431 3749 489 εει

579 534 808 605 quentia
856 534 1168 591 destruunt.
1227 536 1364 592 Nam
1413 537 1559 608 quod
1606 541 1766 605 dixit,-
1801 540 1943 596 sicut
1989 548 2177 596 sancta
2207 545 2255 602 Α
2283 539 2607 603 substantia,
2623 547 2677 594 et
2702 549 2895 595 natura
2921 537 3101 594 Patris
3119 547 3177 595 et
3192 537 3750 612 FiliietSpiritussanctl.

581 627 824 682 Trinitas
867 626 1237 684 essentialiter
1281 638 1448 701 atque
1498 633 1821 690 naturaliter
1853 645 1940 690 est
1963 651 2089 698 una,
2128 633 2174 689 si
2281 628 2443 684 Fides
2483 630 2681 699 Quippe
2707 629 2975 684 catholica
3019 629 3136 684 haec
3162 636 3268 695 est,
3307 634 3364 683 ut
3386 644 3531 685 unum
3562 632 3688 690 Deum
3718 638 3752 692 in

579 718 662 772 ita
701 717 1034 786 intelligatur
1082 721 1223 776 sicut
1277 719 1441 776 debet
1487 721 1745 795 intelligi,
1801 725 2008 781 scilicet
2049 725 2174 796 quia
2278 719 2545 776 Trinitate
2568 737 2955 792 personarum,
2985 729 3040 776 et
3078 720 3395 777 Trinitatem
3419 737 3702 792 personantm
3718 730 3755 784 in

579 811 826 867 Trinitas
888 827 999 869 una
1054 821 1144 870 est
1207 815 1446 872 essentia
1495 827 1658 888 atque
1711 826 1946 884 natura,
1996 821 2047 875 id
2092 834 2114 875 e

2276 809 2485 865 unitate
2506 810 2726 866 deitatis
2747 825 3088 875 veneremur,
3119 825 3296 881 neque
3327 811 3660 871 confundentes
3675 831 3757 886 per-

578 902 813 966 deitate,
867 901 1158 962 Trinitatis
1215 907 1470 963 videlicet
1518 908 1758 975 unitate,
1817 909 2106 979 personalit

2305 915 2458 963 onas,
2487 911 2548 955 ut
2578 910 2690 957 tres
2713 916 2823 956 non
2852 901 2982 966 sint,
3012 915 3194 971 neque
3212 900 3545 957 substantiam
3568 918 3758 974 septum

573 994 753 1050 deitas
807 1000 956 1054 trina
1013 1015 1135 1056 esse
1192 1015 1302 1057 non
1359 1010 1574 1072 potest,
1631 1018 1695 1058 ac
1751 1016 1851 1073 per
1894 1003 1999 1058 hoc
2045 1005 2108 1058 illi

2305 1005 2388 1054 es,
2417 1000 2480 1056 ut
2503 991 2644 1047 trina
2673 991 2774 1057 sit;
2804 1006 2926 1061 quae
2951 1007 3058 1046 una
3086 991 3392 1054 substantia
3410 1031 3426 1054 .
3453 991 3501 1047 id
3523 1002 3593 1048 est
3613 994 3761 1063 deitas,

577 1087 729 1154 quod
798 1089 1064 1160 praemisit
1121 1098 1314 1146 sancta
1384 1089 1627 1147 Trinitas
1681 1093 2040 1148 essentialiter
2086 1109 2112 1147 a

2274 1096 2396 1150 quae
2422 1080 2704 1140 Trinitatis
2729 1093 2817 1138 est
2835 1083 3052 1147 unitas,
3076 1084 3243 1139 etiam
3272 1084 3326 1138 in
3347 1085 3568 1154 personis
3588 1100 3670 1140 non
3689 1101 3757 1141 va-

574 1188 697 1245 (μω
730 1178 1056 1234 naturaliter
1093 1187 1178 1234 est
1222 1195 1352 1245 una,
1398 1181 1629 1236 destruit
1669 1181 1811 1251 quod
1863 1183 2109 1252 subjunxi

2275 1168 2394 1226 lens
2426 1173 2594 1227 dividi
2642 1174 2754 1242 ipsa
2795 1173 3197 1242 separabilitate
3226 1188 3359 1239 sua,
3386 1172 3535 1246 470
3557 1184 3645 1231 tres
3664 1176 3764 1232 inse-

571 1265 944 1345 mdeius
971 1272 1333 1343 personaliter
1374 1283 1460 1330 εει
1487 1275 1650 1337 trina,
1698 1275 1843 1344 (μιοά
1893 1290 2015 1330 esse
2065 1291 2171 1328 ηοη
2273 1260 2532 1328 parabilis
2577 1261 2861 1318 Trinitatis
2901 1277 3162 1332 personas
3207 1263 3440 1318 ostendit
3479 1278 3606 1328 esse,
3639 1275 3683 1321 et
3716 1267 3762 1322 ab

577 1371 778 1434 putest,
805 1363 1062 1434 quoniam
1088 1363 1261 1419 deitas
1290 1364 1344 1418 id
1374 1364 1551 1434 ipsum
1584 1373 1669 1419 est
1697 1365 1840 1434 quod
1870 1365 2170 1419 substantia
2275 1353 2505 1408 iIWicem
2529 1356 2775 1424 separari
2810 1370 2916 1410 n0“
2945 1369 3125 1424 P0556.
3147 1354 3273 1425 (ιυίτι
3301 1355 3564 1425 cuium)“
3585 1372 3762 1427 Nm

577 1463 899 1520 ornatura,
928 1469 1049 1524 qua:
1087 1469 1305 1524 semper
1347 1469 1454 1509 una
1501 1462 1604 1518 est,
1651 1463 1708 1510 et
1741 1455 1879 1509 trina
1919 1470 2170 1510 essenon
2274 1461 2470 1502 nomen
2519 1435 2738 1516 semper
2788 1447 2855 1501 ad
2895 1447 3126 1502 alteram
3177 1448 3398 1518 respicit
3439 1463 3694 1517 personam.
3724 1451 3763 1507 Si

576 1549 791 1617 potest,
819 1547 945 1616 quia
988 1545 1164 1600 deitas
1212 1552 1272 1600 ut
1315 1544 1684 1609 Athanasius,
1737 1544 2089 1607 Ambrosius,

2305 1538 2489 1592 latrem
2519 1537 2675 1602 dicis,
2707 1537 2901 1592 Filium
2927 1539 3170 1594 ostendis
3199 1555 3214 1603 ;
3259 1539 3304 1594 si
3349 1538 3534 1593 Filium
3563 1540 3763 1606 nominas,

575 1636 910 1707 Augustinus
955 1637 1160 1702 dicunt,
1199 1635 1482 1691 Trinitatis
1530 1645 1615 1692 est
1663 1637 1867 1690 unitas.
1915 1636 1984 1690 Et
2026 1636 2169 1706 quod
2273 1626 2491 1683 Patrem
2533 1628 2830 1698 pradicas;
2891 1631 2933 1685 Si
2967 1629 3230 1705 Spiritum
3270 1639 3511 1687 sanctum
3553 1632 3763 1702 appellas,

574 1727 876 1797 subiunxit,
927 1731 1097 1784 deitas
1144 1729 1496 1799 personaliter
1532 1740 1607 1785 est
1659 1730 1799 1783 trina
1825 1769 1839 1793 ,
1891 1729 2171 1800 impugnat.
2273 1721 2500 1791 alicujus
2529 1736 2650 1776 esse
2689 1724 2938 1793 Spiritum
2975 1740 3200 1781 necesse
3229 1734 3314 1780 est
3355 1724 3626 1795 intelligas,
3656 1727 3767 1782 idest

574 1819 722 1886 quod
748 1819 1085 1890 praemiserat
1113 1837 1126 1852 ο
1163 1820 1404 1877 Trinitas
1425 1819 1794 1876 essentialitcr
1819 1829 1980 1889 atque
2005 1828 2168 1873 natu-
2273 1813 2452 1869 Patris
2477 1824 2532 1868 ct
2565 1815 2724 1880 Filii,
2750 1832 2980 1885 quorum
3031 1833 3137 1872 una
3185 1818 3479 1888 eademque
3521 1820 3766 1884 substantia,

572 1909 763 1964 raliter
785 1919 870 1966 est
897 1926 1024 1965 una.
1057 1908 1174 1966 Non
1199 1911 1342 1966 enim
1369 1911 1424 1966 in
1452 1926 1517 1966 eo
1538 1927 1648 1980 quo
1667 1925 1770 1964 una
1795 1919 1878 1964 est
1905 1909 2164 1974 Trinitas,
2197 1894 2244 1953 Β
2272 1906 2326 1960 id
2351 1915 2436 1962 est
2465 1907 2640 1962 deitas
2667 1924 2789 1978 quae
2815 1908 3097 1964 Trinitatis
3123 1919 3208 1965 est
3227 1910 3433 1975 unitas,
3454 1912 3502 1966 in
3525 1911 3767 1983 singulisett

573 1997 640 2053 id
669 2007 755 2054 est
795 1999 846 2054 in
885 2000 1122 2055 essentia
1165 2009 1330 2069 atque
1370 2009 1597 2066 natura,
1645 2000 1784 2054 trina
1817 2015 1940 2054 esse
1969 2008 2167 2070 potest,
2277 2006 2387 2054 tota
2428 1999 2698 2068 personis,
2727 2009 2783 2054 et
2813 2009 2927 2056 tota
2971 2001 3026 2056 in
3069 2000 3242 2058 tribus
3266 2003 3431 2058 simul
3455 2003 3768 2074 personiszrel

572 2091 725 2145 sicut.
764 2091 926 2146 Arius
971 2091 1303 2146 dementavit
1332 2110 1345 2146 :
1375 2100 1430 2146 et
1474 2093 1526 2147 in
1569 2107 1639 2147 eo
1686 2107 1795 2161 quo
1844 2107 1984 2146 unus
2027 2091 2169 2146 Dens
2268 2089 2314 2142 si
2344 2089 2546 2146 rectius
2568 2090 2790 2158 dicitur,
2820 2107 2891 2147 ne
2927 2101 3185 2164 putentur
3222 2094 3371 2149 aliud
3401 2110 3516 2152 esse
3549 2096 3596 2150 in
3633 2105 3768 2152 sancta

574 2182 818 2240 Trinitas
848 2184 930 2240 vel
958 2185 1132 2239 trinus
1159 2183 1381 2250 dicitur,
1406 2184 1458 2239 id
1491 2186 1648 2240 estin
1674 2199 2024 2254 personarum
2045 2199 2169 2253 pro-
2270 2178 2538 2235 Trinitate
2566 2196 2832 2250 personae,
2859 2192 2916 2238 et
2942 2183 3086 2238 aliud
3112 2184 3307 2249 deitas,
3339 2193 3454 2240 tota
3486 2184 3768 2256 perfecta“,

571 2275 832 2343 peteme,
883 2291 990 2330 non
1045 2291 1220 2340 unus,
1255 2278 1398 2332 sicut
1446 2275 1712 2331 Sabellius
1745 2276 2164 2346 blasphemavit,
2268 2282 2351 2327 est
2379 2271 2552 2329 deitas
2588 2274 2815 2346 singulae
2860 2275 2914 2330 in
2953 2285 3142 2332 sancta
3191 2275 3461 2332 Trinitate
3500 2287 3772 2346 persona,et

571 2366 670 2420 sed
696 2379 862 2421 unum
886 2375 991 2431 est,
1020 2365 1161 2421 sicut
1180 2365 1428 2422 Christus
1455 2367 1507 2421 in
1533 2365 1827 2437 Evangelia
1851 2367 2002 2420 dicit.
2026 2365 2166 2420 Con-
2268 2371 2378 2417 tota
2411 2365 2794 2436 perfectaque,
2843 2375 2928 2422 est
2968 2367 3143 2422 deitas
3189 2375 3302 2423 tres
3353 2368 3507 2423 simul
3545 2369 3596 2422 in
3633 2377 3764 2423 sancta

573 2469 661 2512 Ira
677 2454 828 2528 lquos
852 2467 1036 2512 cantat
1061 2457 1410 2512 Ambrosius:
1433 2478 1451 2508 ι
1473 2459 1762 2513 Deusumta
1788 2455 2163 2528 potentialiter,
2267 2453 2533 2510 Trinitate
2558 2471 2820 2527 persona).
2855 2457 2924 2512 Et
2959 2457 3164 2514 idcirco
3206 2459 3578 2528 inseparabilis
3599 2468 3667 2515 est
3684 2474 3768 2514 san-

569 2548 1218 2621 rrinusquepersonaliter.
1251 2569 1272 2603 ι
1299 2549 1366 2604 Et
1385 2549 1739 2615 Athanasius,
1761 2568 1778 2601 ι
1800 2550 2162 2606 Fidescatbo-
2266 2555 2353 2602 cta
2399 2547 2642 2604 Trinitas
2674 2549 2840 2605 etiam
2887 2550 2943 2605 in
2991 2553 3241 2620 personis
3279 2568 3445 2610 sensu
3487 2553 3770 2624 intelligunt,

568 2639 674 2695 lica
704 2641 822 2695 lure
863 2649 971 2705 est,
1020 2648 1082 2694 nt
1123 2655 1290 2695 unum
1332 2639 1503 2696 Deum
1539 2642 1593 2696 in
1623 2642 1862 2696 trinitate
1904 2656 2164 2712 persona-
2265 2639 2513 2708 quamvis
2543 2640 2596 2694 in
2636 2655 2770 2697 voce
2817 2642 3138 2712 separabilia
3185 2644 3392 2700 habeat
3435 2645 3655 2705 nomina,
3689 2643 3772 2712 quia

567 2743 725 2793 rum,
759 2740 816 2787 et
856 2731 1157 2789 trinitatem
1203 2746 1559 2802 personarum
1603 2733 1658 2788 in
1694 2734 1906 2788 unitate
1948 2733 2167 2789 deitatis
2264 2729 2524 2800 pluralem
2551 2747 2834 2788 numerum
2873 2735 2927 2788 in
2955 2743 3162 2790 natura:
3202 2736 3511 2792 nominibus
3543 2735 3770 2791 nullatent

563 2835 912 2888 veneremur,
935 2837 1109 2892 neque
1133 2822 1528 2878 confundentes
1551 2837 1809 2892 personas
1834 2831 1895 2876 ut
1920 2831 2032 2878 tres
2051 2838 2161 2878 non
2264 2822 2476 2890 recipit.
2509 2823 2567 2876 In
2596 2824 2844 2892 personis
2875 2839 3109 2895 namque
3143 2824 3387 2881 Trinitas
3409 2834 3623 2891 constat,
3644 2825 3685 2878 in
3709 2838 3773 2876 na-

563 2913 706 2978 slnt,
753 2929 931 2983 neque
979 2914 1336 2970 substantiam
1390 2924 1741 2985 separantes,
1783 2925 1844 2969 ut
1875 2916 2012 2970 trina
2049 2916 2157 2971 sit:
2266 2921 2384 2967 tura
2419 2913 2471 2966 id
2503 2923 2589 2968 est
2627 2915 2683 2968 in
2713 2915 2920 2970 deitate
2947 2917 3149 2982 unitas,
3193 2932 3318 2988 qua:
3344 2917 3513 2973 dividi
3539 2932 3630 2973 non
3652 2922 3774 2987 potest

566 3005 708 3074 quino
724 3005 828 3058 alia
857 3013 941 3060 est
971 3020 1200 3074 persona
1227 3005 1426 3066 Patris,
1458 3005 1562 3059 alia
1602 3005 1750 3069 Filii,
1784 3005 1886 3060 alia
1929 3004 2162 3074 Spiritus
2265 3003 2522 3070 quoniam
2551 3011 2767 3070 natura,
2801 3005 2855 3060 id
2891 3015 2976 3062 est
3001 3007 3176 3062 deitas
3211 3007 3498 3064 Trinitatis
3528 3016 3602 3063 est
3632 3005 3770 3060 unitas.
3840 3001 3841 3074 ἦ

566 3096 766 3162 sancti,
795 3098 888 3151 sed
929 3096 1112 3152 Patris
1151 3105 1208 3150 et
1236 3096 1355 3150 Filii
1381 3105 1438 3150 et
1477 3096 1719 3166 Spiritus
1742 3097 1916 3152 sancti
1941 3111 2047 3151 una
2075 3106 2162 3151 est
2263 3091 2381 3148 Hoc
2406 3094 2550 3148 enim
2581 3109 2710 3150 vere
2742 3096 3102 3166 inseparabile
3126 3097 3349 3164 dicitur,
3373 3098 3516 3168 quod
3541 3095 3774 3152 nullatenus

565 3188 847 3253 divinitas,
883 3189 1108 3257 aequalis
1153 3188 1322 3258 gloria
1347 3225 1363 3250 ,
1412 3197 1680 3243 cowterna
1726 3187 1999 3255 maiestas.
2036 3208 2054 3241 ο
2091 3187 2160 3242 Ει
2191 3250 2228 3261 Α
2262 3185 2658 3254 separationem
2685 3195 2864 3257 potest
2881 3188 3144 3260 recipere.
3167 3187 3301 3243 Nam
3329 3191 3476 3261 quod
3497 3205 3592 3245 non
3617 3200 3771 3257 separa-

563 3250 904 3349 Angustinus
945 3250 998 3332 in
1040 3250 1182 3332 libro
1221 3277 1452 3347 septimo
1481 3278 1547 3332 de
1582 3250 1850 3332 Trinitate
1879 3279 2021 3350 (cap.
2052 3277 2151 3350 6):
2184 3250 2230 3313 δ
2263 3250 2368 3338 tur,
2384 3277 2478 3331 sed
2491 3250 2732 3346 separari
2748 3250 3320 3350 potest,inseparabile
3341 3250 3449 3336 non
3467 3289 3563 3336 est.
3576 3250 3775 3345 Inseran-

573 3370 796 3437 ὀλϐίσαι,
829 3371 1028 3442 inquit,
1059 3370 1362 3426 substantia
1387 3369 1565 3424 Patris
1591 3370 1705 3440 ipse
1731 3369 1896 3426 Pater
1917 3378 2022 3433 est,
2047 3386 2156 3426 non
2259 3367 2382 3424 bilis
2401 3377 2484 3423 est
2510 3383 2642 3440 ergo
2661 3376 2848 3424 sancta
2876 3369 3117 3425 Trinitas
3135 3370 3302 3424 etiam
3335 3371 3391 3426 in
3419 3368 3641 3441 personis
3657 3365 3770 3420 sensti
3840 3379 3841 3442 ξ

561 3474 858 3537 quo'pater
877 3475 982 3531 est,
1015 3465 1109 3520 sed
1141 3479 1251 3534 quo
1273 3472 1378 3529 est,
1409 3464 1482 3519 ita
1509 3471 1566 3518 et
1584 3478 1817 3534 persona
1841 3462 2017 3518 Patris
2046 3479 2153 3518 non
2260 3459 2629 3530 intelligenda,
2653 3459 2908 3530 quoniam
2930 3459 3108 3514 Patris
3131 3467 3187 3516 et
3203 3459 3328 3515 Filii
3350 3469 3408 3516 et
3430 3449 3771 3529 Spiritussancti

563 3555 716 3614 attad
743 3571 906 3628 quam
924 3559 1052 3628 ipse
1071 3557 1234 3612 Pater
1261 3564 1361 3612 est.
1394 3556 1473 3610 Ad
1505 3570 1564 3610 se
1585 3557 1784 3625 quippe
1811 3556 2010 3610 dicitur
2029 3570 2154 3625 per-
2258 3566 2364 3605 non
2396 3550 2535 3604 trina
2563 3550 2656 3605 sed
2687 3566 2792 3605 una
2825 3560 2910 3605 est
2935 3551 3191 3606 divinitas
3215 3592 3232 3616 ,
3271 3551 3497 3622 aequalis
3523 3548 3770 3621 gloria,co-
3840 3548 3841 3624 Ῐ

564 3655 724 3714 auita;
747 3662 854 3704 non
883 3649 952 3703 ad
981 3648 1198 3711 Filium,
1220 3646 1304 3702 vel
1331 3647 1396 3700 ad
1420 3646 1682 3717 Spiritum
1709 3656 1989 3702 sanctum:
2014 3647 2156 3702 sicut
2255 3650 2460 3698 aeterna
2510 3643 2786 3714 maiestas.
2831 3643 3094 3700 Mentitur
3139 3643 3302 3715 igitur
3361 3640 3704 3701 Gotbescalcus
3733 3643 3772 3690 ut

565 3741 638 3794 ad
657 3737 952 3796 se‘dicitur
979 3741 1123 3797 Deus
1148 3749 1203 3794 et
1233 3754 1479 3811 magnus,
1507 3747 1564 3794 et
1582 3740 1775 3804 bonus,
1803 3747 1860 3796 et
1876 3738 2078 3808 justus,
2101 3747 2157 3794 et
2256 3734 2414 3799 solet,
2453 3735 2669 3791 dicens:

567 3829 623 3887 si
645 3831 962 3900 quid‘aiind
992 3829 1319 3900 liujnsmodi.
1367 3831 1431 3887 Et
1466 3831 1918 3898 quemadmodum
1944 3830 2048 3885 hoc
2075 3829 2154 3884 illi
3020 3825 3086 3880 V.

833 3923 977 3990 quod
1007 3920 1176 3977 Deum
1211 3936 1351 3986 esse,
1383 3921 1527 3992 quod
1553 3935 1806 3990 magnum
1837 3935 1977 3983 esse,
2010 3921 2154 3990 quod
2321 3915 2563 3982 +tQuia
2579 3917 2914 3974 sicutsancta
2929 3917 3288 3972 Trinitasuna
3302 3915 3770 3980 essentialiteratqne
3840 3925 3841 3946 ῖ

563 4013 770 4067 homo
791 4025 932 4074 esse,
953 4013 1026 4067 ita
1046 4013 1151 4068 huc
1171 4012 1245 4066 illi
1273 4023 1358 4066 est
1380 4025 1504 4066 esse
1524 4013 1668 4082 quod
1693 4026 1981 4082 personam
2008 4026 2150 4067 esse.
2260 4026 2280 4060 ι
2316 4008 2656 4072 naturaliter,
2689 4009 2768 4064 sic
2796 4007 2980 4078 procul
3019 4007 3181 4062 dubio
3204 4017 3288 4061 est
3312 4004 3652 4078 personaliter
3669 4001 3768 4055 trita
3840 3995 3841 4052 ἲ

562 4099 756 4171 lioque
775 4115 900 4157 cum
931 4102 1188 4171 quislibet
1220 4102 1454 4157 audierit
1492 4101 1706 4157 Patrem
1734 4101 1910 4157 solum
1947 4103 2150 4166 Deum,
2259 4116 2279 4148 ι
2315 4099 2521 4162 deitas,
2549 4098 2690 4154 sicut
2723 4098 2932 4154 scilicet
2969 4097 3258 4166 maiestas,
3290 4099 3486 4167 pietas,
3512 4101 3726 4167 potestas.
3754 4106 3767 4139 ι

561 4190 933 4260 sep-tet'inde
953 4190 1172 4255 Filium,
1205 4199 1300 4245 aut
1331 4190 1593 4260 Spiritum
1627 4200 1893 4247 sanctum.
1923 4191 2058 4247 Cum
2085 4207 2152 4246 eo
2322 4200 2416 4244 xr.
2446 4188 2600 4256 Quod
2627 4189 2822 4244 refellit
2860 4189 3123 4244 catholica
3153 4187 3317 4253 ﬁdes,
3349 4203 3450 4258 per
3479 4185 3688 4242 omnium
3709 4193 3770 4232 or-

559 4281 779 4351 (μίμνε
803 4281 955 4348 scius
998 4281 1144 4336 Deus
1171 4291 1286 4347 est,
1316 4297 1441 4337 cum
1469 4297 1578 4350 quo
1607 4291 1664 4336 et
1694 4298 1833 4337 unus
1859 4283 2002 4338 Deus
2025 4291 2146 4344 est;
2253 4283 2608 4336 thodoxorum
2634 4296 2731 4336 ora
2753 4281 3051 4350 praedicans
3077 4289 3133 4335 et
3153 4279 3487 4334 confirmans
3513 4275 3627 4348 quia
3648 4268 3770 4326 Trini-

553 4371 1012 4442 .qda‘reL-Fiiium
1059 4388 1186 4428 cum
1223 4372 1529 4428 audivimus
1574 4371 1747 4425 solum
1782 4371 1994 4436 Deum,
2032 4371 2152 4428 sine
2252 4386 2337 4431 tas
2360 4372 2427 4426 ad
2457 4386 2719 4443 personas
2751 4371 2932 4426 Patris
2959 4380 3014 4426 et
3053 4370 3174 4425 Filii
3206 4378 3264 4423 et
3291 4368 3530 4439 Spiritus
3547 4360 3772 4421 sanotire'

558 4461 670 4515 ulla
699 4462 1062 4531 instauratione
1107 4461 1289 4516 Patris
1335 4469 1392 4516 et
1436 4460 1672 4532 Spiritus
1718 4462 1894 4518 sancti
1935 4469 2150 4533 oportet
2250 4463 2447 4530 fertur,
2479 4464 2659 4519 unitas
2685 4463 2754 4518 ad
2790 4471 3038 4516 naturam
3081 4470 3300 4515 πίει-ηπ
3338 4458 3556 4514 deitatis
3580 4451 3769 4525 pertinet-

557 4553 831 4621 uui’nre',
859 4554 1010 4608 sicut
1051 4555 1106 4608 in
1151 4553 1444 4624 Evangelia
1491 4555 1753 4625 scriptum
1788 4564 1910 4611 est:
1945 4555 2060 4626 Ego
2097 4565 2148 4611 et
2173 4596 2226 4657 υ
2252 4555 2408 4610 Unde
2443 4553 2778 4623 Augustinus
2821 4553 2875 4607 in
2922 4551 3061 4607 libro
3096 4551 3328 4620 septimo
3360 4545 3587 4657 (ἔσῳζε)
3610 4537 3771 4657 (lt-Tr:

558 4642 913 4697 {butum
937 4660 1122 4698 unus
1159 4643 1344 4714 (Joan.
1381 4659 1437 4710 ι,
1474 4645 1594 4717 50).
1643 4647 1711 4701 Et
1739 4663 1903 4701 unum
1927 4648 2065 4702 dixit
2090 4657 2149 4704 et
2173 4633 2224 4657 υ
2248 4646 2424 4701 nitate
2447 4644 2577 4700 dicit
2606 4661 2620 4697 :
2653 4662 2674 4696 ι
2705 4643 2818 4698 Hoc
2837 4652 2922 4698 est
2948 4644 3060 4698 Deo
3086 4654 3208 4696 esse
3247 4640 3394 4711 quod
3434 4639 3715 4695 subsistere.
3733 4633 3772 4680 ei

557 4741 780 4793 mea:
796 4744 964 4787 suum
981 4735 1280 4790 secundum
1300 4735 1615 4796 essentiam,
1644 4738 1786 4802 quod
1806 4737 1947 4793 idem
1965 4737 2092 4793 Deut

2254 4737 2378 4793 ideo
2400 4737 2446 4790 si
2476 4751 2581 4790 una
2603 4735 2838 4790 essentia
2866 4733 3138 4797 Trinitas,
3179 4747 3286 4787 una
3308 4730 3475 4785 etiam
3505 4719 3770 4784 substituit.

548 4819 1576 4902 -atttttitlttettumtnmirelativum,uquod
1607 4833 1694 4888 ille
1725 4833 1908 4898 Pater,
1940 4835 2028 4890 hic
2056 4836 2083 4890 Ε

2253 4836 2308 4883 et
2343 4827 2546 4881 idcirco
2573 4823 2914 4880 commodius
2939 4823 3192 4878 dicuntur
3235 4831 3348 4874 tres
3372 4829 3632 4887 personat,
3654 4819 3767 4902 quell

551 4920 686 4980 lim
725 4915 1174 4992 ρι’-ιορωμαι
1218 4925 1382 4979 etiam
1432 4896 1695 4996 pluralem
1735 4896 2019 4980 nume-rum
2049 4927 2145 4982 ads
2251 4929 2364 4974 tres
2398 4917 2730 4974 substantiae.
2760 4915 2876 4970 Non
2904 4916 3049 4971 enim
3077 4913 3220 4969 aliud
3244 4923 3328 4969 est
3359 4911 3474 4966 Deo
3515 4922 3650 4971 esse.
3670 4896 3772 4996 aii“

548 5003 812 5067 unum“;
825 4991 947 5068 mm
973 4991 1106 5083 σέο
1131 5029 1248 5070 non.
1271 5015 1390 5070 [me
1419 4991 1521 5069 ίι-ίη
1555 5014 1714 5070 simul
1753 5029 1915 5071 unam
1955 5031 2145 5085 pag-so.
2252 5023 2537 5080 personam
2573 5022 2713 5071 esse,
2741 5007 2835 5060 sed
2869 5005 3091 5060 omnino
3128 5005 3269 5059 idem
3313 5021 3326 5056 :
3372 5017 3502 5055 nam
3526 5012 3635 5053 esse
3657 4991 3771 5085 ad}

550 5076 1639 5170 5Ilidttiidittiirr’tis,’sieratUnamessentiam
1661 5113 1716 5160 et
1748 5121 1914 5161 unum
1945 5076 2140 5170 Deum,
2249 5076 2469 5161 dicitur,
2496 5111 2727 5168 persona
2755 5111 2884 5151 vero
2916 5095 3161 5170 relative,
3189 5093 3441 5148 videlicet
3467 5081 3695 5157 Paterad
3711 5076 3772 5133 FI-

547 5186 1380 5268 Beil-‘ldieiniusitrés-personas.
1426 5213 1550 5252 cum
1597 5208 1705 5252 tres
1743 5199 1874 5253 deos
1909 5207 2002 5253 aut
2033 5206 2082 5252 tr

2245 5190 2401 5254 lium,
2425 5187 2596 5243 Filius
2632 5188 2700 5242 ad
2721 5187 2960 5251 Patrem,
2994 5185 3230 5256 Spiritus
3251 5193 3474 5240 sanctus
3517 5182 3582 5235 ad
3608 5177 3771 5232 Patrem

674 5291 696 5297 ”
725 5287 956 5320 ”“⁴”’“““
991 5290 1267 5342 dir-mnos.
1287 5286 1390 5338 nisi
1417 5288 1544 5336 mnia
1572 5289 1821 5334 vnlumtts
1863 5289 1943 5332 vel
1971 5306 2080 5332 umt

2245 5291 2297 5330 et
2334 5281 2554 5330 Filium.
2600 5296 2830 5334 utrorum
2863 5288 2948 5334 est
2976 5279 3213 5334 Sniritus
3273 5277 3414 5326 sicut
3452 5275 3592 5330 idem
3630 5269 3774 5323 ὼείοῐ
