  <div class='ocr_page' id='page_1' title='image "/cluster/home/n/w/nwhite01/storage/ocr_20150623/125/hvd.32044015471667/272.png"; bbox 0 0 3888 5742; ppageno 0'>
   <div class='ocr_carea' id='block_1_1' title="bbox 555 309 898 355">
    <p class='ocr_par' dir='ltr' id='par_1_1' title="bbox 555 309 898 355">
     <span class='ocr_line' id='line_1_1' title="bbox 555 309 898 355; baseline -0.003 -30"><span class='ocrx_word' id='word_1_1' title='bbox 555 309 597 325; x_wconf 71' lang='grc' dir='ltr'><strong>οσ-</strong></span> <span class='ocrx_word' id='word_1_2' title='bbox 644 309 898 355; x_wconf 48' lang='grc' dir='ltr'><strong>-εἽεη-ςσ-</strong></span> 
     </span>
    </p>
   </div>
   <div class='ocr_carea' id='block_1_2' title="bbox 94 344 195 430">
    <p class='ocr_par' dir='ltr' id='par_1_2' title="bbox 94 344 195 430">
     <span class='ocr_line' id='line_1_2' title="bbox 94 344 195 430; baseline 0 -6"><span class='ocrx_word' id='word_1_3' title='bbox 94 344 195 430; x_wconf 67' lang='lat'><strong>£33</strong></span> 
     </span>
    </p>
   </div>
   <div class='ocr_carea' id='block_1_3' title="bbox 1116 356 2302 424">
    <p class='ocr_par' dir='ltr' id='par_1_3' title="bbox 1116 356 2302 424">
     <span class='ocr_line' id='line_1_3' title="bbox 1116 356 2302 424; baseline -0.003 0"><span class='ocrx_word' id='word_1_4' title='bbox 1116 364 1212 424; x_wconf 79' lang='lat' dir='ltr'><strong>DE</strong></span> <span class='ocrx_word' id='word_1_5' title='bbox 1249 359 1387 423; x_wconf 77' lang='lat' dir='ltr'><strong>UNA</strong></span> <span class='ocrx_word' id='word_1_6' title='bbox 1425 356 1517 422; x_wconf 78' lang='lat' dir='ltr'><strong>ET</strong></span> <span class='ocrx_word' id='word_1_7' title='bbox 1553 360 1695 421; x_wconf 70' lang='lat' dir='ltr'><strong>NON</strong></span> <span class='ocrx_word' id='word_1_8' title='bbox 1730 358 1941 418; x_wconf 78' lang='lat' dir='ltr'><strong>TBINA</strong></span> <span class='ocrx_word' id='word_1_9' title='bbox 1976 358 2302 421; x_wconf 72' lang='lat' dir='ltr'><strong>DEITATE.</strong></span> 
     </span>
    </p>
   </div>
   <div class='ocr_carea' id='block_1_4' title="bbox 3239 357 3392 421">
    <p class='ocr_par' dir='ltr' id='par_1_4' title="bbox 3239 357 3392 421">
     <span class='ocr_line' id='line_1_4' title="bbox 3239 357 3392 421; baseline 0 -10"><span class='ocrx_word' id='word_1_10' title='bbox 3239 357 3392 421; x_wconf 55' lang='lat'><strong>533.}.</strong></span> 
     </span>
    </p>
   </div>
   <div class='ocr_carea' id='block_1_5' title="bbox 97 470 3383 549">
    <p class='ocr_par' dir='ltr' id='par_1_5' title="bbox 97 470 3383 549">
     <span class='ocr_line' id='line_1_5' title="bbox 97 470 3383 549; baseline -0.001 -13"><span class='ocrx_word' id='word_1_11' title='bbox 97 493 280 536; x_wconf 83' lang='lat' dir='ltr'><strong>narum</strong></span> <span class='ocrx_word' id='word_1_12' title='bbox 323 470 627 534; x_wconf 77' lang='lat' dir='ltr'><strong>substantia</strong></span> <span class='ocrx_word' id='word_1_13' title='bbox 667 492 774 534; x_wconf 87' lang='lat' dir='ltr'><strong>una</strong></span> <span class='ocrx_word' id='word_1_14' title='bbox 800 484 905 545; x_wconf 88' lang='lat' dir='ltr'><strong>est,</strong></span> <span class='ocrx_word' id='word_1_15' title='bbox 957 478 1010 534; x_wconf 89' lang='lat' dir='ltr'><strong>id</strong></span> <span class='ocrx_word' id='word_1_16' title='bbox 1052 486 1135 534; x_wconf 90' lang='lat' dir='ltr'><strong>est</strong></span> <span class='ocrx_word' id='word_1_17' title='bbox 1178 478 1351 535; x_wconf 86' lang='lat' dir='ltr'><strong>deitas</strong></span> <span class='ocrx_word' id='word_1_18' title='bbox 1381 494 1397 534; x_wconf 88' lang='lat'><strong>:</strong></span> <span class='ocrx_word' id='word_1_19' title='bbox 1426 493 1580 549; x_wconf 73' lang='lat' dir='ltr'><strong>quae,</strong></span> <span class='ocrx_word' id='word_1_20' title='bbox 1607 486 1668 532; x_wconf 90' lang='lat' dir='ltr'><strong>ut</strong></span> <span class='ocrx_word' id='word_1_21' title='bbox 1696 480 1742 540; x_wconf 79' lang='grc' dir='ltr'><strong>Α</strong></span> <span class='ocrx_word' id='word_1_22' title='bbox 1770 486 1997 548; x_wconf 88' lang='lat' dir='ltr'><strong>possunt</strong></span> <span class='ocrx_word' id='word_1_23' title='bbox 2041 479 2296 534; x_wconf 78' lang='lat' dir='ltr'><strong>existere.</strong></span> <span class='ocrx_word' id='word_1_24' title='bbox 2346 476 2403 532; x_wconf 88' lang='lat' dir='ltr'><strong>In</strong></span> <span class='ocrx_word' id='word_1_25' title='bbox 2449 476 2540 531; x_wconf 89' lang='lat' dir='ltr'><strong>illa</strong></span> <span class='ocrx_word' id='word_1_26' title='bbox 2586 487 2717 530; x_wconf 86' lang='lat' dir='ltr'><strong>vero</strong></span> <span class='ocrx_word' id='word_1_27' title='bbox 2754 474 2988 529; x_wconf 82' lang='lat' dir='ltr'><strong>essentia</strong></span> <span class='ocrx_word' id='word_1_28' title='bbox 3029 475 3346 540; x_wconf 77' lang='lat' dir='ltr'><strong>Trinitatis,</strong></span> <span class='ocrx_word' id='word_1_29' title='bbox 3372 500 3383 523; x_wconf 63' lang='grc' dir='ltr'><strong>ν.</strong></span> 
     </span>
    </p>
   </div>
   <div class='ocr_carea' id='block_1_6' title="bbox 96 567 1671 643">
    <p class='ocr_par' dir='ltr' id='par_1_6' title="bbox 96 567 1671 643">
     <span class='ocr_line' id='line_1_6' title="bbox 96 567 1671 643; baseline -0.002 -17"><span class='ocrx_word' id='word_1_30' title='bbox 96 572 417 642; x_wconf 66' lang='lat' dir='ltr'><strong>Augustinus</strong></span> <span class='ocrx_word' id='word_1_31' title='bbox 445 572 501 628; x_wconf 91' lang='lat' dir='ltr'><strong>in</strong></span> <span class='ocrx_word' id='word_1_32' title='bbox 530 572 707 643; x_wconf 88' lang='lat' dir='ltr'><strong>primo</strong></span> <span class='ocrx_word' id='word_1_33' title='bbox 734 571 874 626; x_wconf 90' lang='lat' dir='ltr'><strong>libro</strong></span> <span class='ocrx_word' id='word_1_34' title='bbox 904 569 971 627; x_wconf 89' lang='lat' dir='ltr'><strong>de</strong></span> <span class='ocrx_word' id='word_1_35' title='bbox 1011 570 1277 627; x_wconf 86' lang='lat' dir='ltr'><strong>Trinitate</strong></span> <span class='ocrx_word' id='word_1_36' title='bbox 1304 570 1469 635; x_wconf 90' lang='lat' dir='ltr'><strong>dicit,</strong></span> <span class='ocrx_word' id='word_1_37' title='bbox 1494 567 1671 624; x_wconf 88' lang='lat' dir='ltr'><strong>Trini-</strong></span> 
     </span>
    </p>
   </div>
   <div class='ocr_carea' id='block_1_7' title="bbox 94 658 1669 732">
    <p class='ocr_par' dir='ltr' id='par_1_7' title="bbox 94 658 1669 732">
     <span class='ocr_line' id='line_1_7' title="bbox 94 658 1669 732; baseline -0.003 -16"><span class='ocrx_word' id='word_1_38' title='bbox 94 663 216 719; x_wconf 87' lang='lat' dir='ltr'><strong>tatis</strong></span> <span class='ocrx_word' id='word_1_39' title='bbox 271 670 355 719; x_wconf 90' lang='lat' dir='ltr'><strong>est</strong></span> <span class='ocrx_word' id='word_1_40' title='bbox 409 661 624 729; x_wconf 88' lang='lat' dir='ltr'><strong>unitas,</strong></span> <span class='ocrx_word' id='word_1_41' title='bbox 689 660 898 719; x_wconf 83' lang='lat' dir='ltr'><strong>scilicet</strong></span> <span class='ocrx_word' id='word_1_42' title='bbox 964 676 1071 732; x_wconf 87' lang='lat' dir='ltr'><strong>qua</strong></span> <span class='ocrx_word' id='word_1_43' title='bbox 1136 669 1222 717; x_wconf 91' lang='lat' dir='ltr'><strong>est</strong></span> <span class='ocrx_word' id='word_1_44' title='bbox 1290 658 1669 731; x_wconf 76' lang='lat' dir='ltr'><strong>inseparabilis</strong></span> 
     </span>
    </p>
   </div>
   <div class='ocr_carea' id='block_1_8' title="bbox 92 751 1668 826">
    <p class='ocr_par' dir='ltr' id='par_1_8' title="bbox 92 751 1668 826">
     <span class='ocr_line' id='line_1_8' title="bbox 92 751 1668 826; baseline -0.004 -15"><span class='ocrx_word' id='word_1_45' title='bbox 92 754 360 821; x_wconf 80' lang='lat' dir='ltr'><strong>Trinitas,</strong></span> <span class='ocrx_word' id='word_1_46' title='bbox 392 756 648 826; x_wconf 87' lang='lat' dir='ltr'><strong>quoniam</strong></span> <span class='ocrx_word' id='word_1_47' title='bbox 687 770 795 810; x_wconf 88' lang='lat' dir='ltr'><strong>una</strong></span> <span class='ocrx_word' id='word_1_48' title='bbox 829 754 1128 825; x_wconf 90' lang='lat' dir='ltr'><strong>eademque</strong></span> <span class='ocrx_word' id='word_1_49' title='bbox 1174 762 1258 810; x_wconf 89' lang='lat' dir='ltr'><strong>est</strong></span> <span class='ocrx_word' id='word_1_50' title='bbox 1300 760 1410 808; x_wconf 90' lang='lat' dir='ltr'><strong>tota</strong></span> <span class='ocrx_word' id='word_1_51' title='bbox 1460 753 1514 807; x_wconf 91' lang='lat' dir='ltr'><strong>in</strong></span> <span class='ocrx_word' id='word_1_52' title='bbox 1552 751 1668 805; x_wconf 87' lang='lat' dir='ltr'><strong>sin-</strong></span> 
     </span>
    </p>
   </div>
   <div class='ocr_carea' id='block_1_9' title="bbox 90 840 1670 918">
    <p class='ocr_par' dir='ltr' id='par_1_9' title="bbox 90 840 1670 918">
     <span class='ocr_line' id='line_1_9' title="bbox 90 840 1670 918; baseline -0.001 -19"><span class='ocrx_word' id='word_1_53' title='bbox 90 840 265 915; x_wconf 84' lang='lat' dir='ltr'><strong>gulis,</strong></span> <span class='ocrx_word' id='word_1_54' title='bbox 325 854 439 900; x_wconf 86' lang='lat' dir='ltr'><strong>tota</strong></span> <span class='ocrx_word' id='word_1_55' title='bbox 495 847 549 900; x_wconf 90' lang='lat' dir='ltr'><strong>in</strong></span> <span class='ocrx_word' id='word_1_56' title='bbox 609 844 783 901; x_wconf 88' lang='lat' dir='ltr'><strong>tribus</strong></span> <span class='ocrx_word' id='word_1_57' title='bbox 832 844 993 900; x_wconf 89' lang='lat' dir='ltr'><strong>simul</strong></span> <span class='ocrx_word' id='word_1_58' title='bbox 1044 844 1309 918; x_wconf 84' lang='lat' dir='ltr'><strong>personis.</strong></span> <span class='ocrx_word' id='word_1_59' title='bbox 1375 842 1670 899; x_wconf 87' lang='lat' dir='ltr'><strong>Dicendum</strong></span> 
     </span>
    </p>
   </div>
   <div class='ocr_carea' id='block_1_10' title="bbox 88 928 1670 1008">
    <p class='ocr_par' dir='ltr' id='par_1_10' title="bbox 88 928 1670 1008">
     <span class='ocr_line' id='line_1_10' title="bbox 88 928 1670 1008; baseline -0.002 -17"><span class='ocrx_word' id='word_1_60' title='bbox 88 951 215 1006; x_wconf 79' lang='lat' dir='ltr'><strong>ergo</strong></span> <span class='ocrx_word' id='word_1_61' title='bbox 261 928 386 1001; x_wconf 84' lang='lat' dir='ltr'><strong>est,</strong></span> <span class='ocrx_word' id='word_1_62' title='bbox 434 936 575 993; x_wconf 85' lang='lat' dir='ltr'><strong>sicut</strong></span> <span class='ocrx_word' id='word_1_63' title='bbox 616 936 951 1008; x_wconf 77' lang='lat' dir='ltr'><strong>Augustinus</strong></span> <span class='ocrx_word' id='word_1_64' title='bbox 983 936 1152 1004; x_wconf 85' lang='lat' dir='ltr'><strong>dicit,</strong></span> <span class='ocrx_word' id='word_1_65' title='bbox 1186 934 1425 991; x_wconf 78' lang='lat' dir='ltr'><strong>Trinitas</strong></span> <span class='ocrx_word' id='word_1_66' title='bbox 1451 950 1556 989; x_wconf 89' lang='lat' dir='ltr'><strong>una</strong></span> <span class='ocrx_word' id='word_1_67' title='bbox 1578 948 1670 989; x_wconf 80' lang='lat' dir='ltr'><strong>es-</strong></span> 
     </span>
    </p>
   </div>
   <div class='ocr_carea' id='block_1_11' title="bbox 88 1025 1673 1100">
    <p class='ocr_par' dir='ltr' id='par_1_11' title="bbox 88 1025 1673 1100">
     <span class='ocr_line' id='line_1_11' title="bbox 88 1025 1673 1100; baseline -0.003 -18"><span class='ocrx_word' id='word_1_68' title='bbox 88 1028 289 1089; x_wconf 80' lang='lat' dir='ltr'><strong>sentia,</strong></span> <span class='ocrx_word' id='word_1_69' title='bbox 339 1035 396 1081; x_wconf 90' lang='lat' dir='ltr'><strong>et</strong></span> <span class='ocrx_word' id='word_1_70' title='bbox 433 1042 541 1083; x_wconf 89' lang='lat' dir='ltr'><strong>una</strong></span> <span class='ocrx_word' id='word_1_71' title='bbox 588 1027 895 1083; x_wconf 78' lang='lat' dir='ltr'><strong>substantia</strong></span> <span class='ocrx_word' id='word_1_72' title='bbox 933 1035 1045 1083; x_wconf 88' lang='lat' dir='ltr'><strong>tres</strong></span> <span class='ocrx_word' id='word_1_73' title='bbox 1094 1042 1377 1100; x_wconf 75' lang='lat' dir='ltr'><strong>personze,</strong></span> <span class='ocrx_word' id='word_1_74' title='bbox 1426 1025 1513 1081; x_wconf 87' lang='lat' dir='ltr'><strong>vel</strong></span> <span class='ocrx_word' id='word_1_75' title='bbox 1552 1025 1673 1079; x_wconf 85' lang='lat' dir='ltr'><strong>Tri-</strong></span> 
     </span>
    </p>
   </div>
   <div class='ocr_carea' id='block_1_12' title="bbox 88 1114 1665 1192">
    <p class='ocr_par' dir='ltr' id='par_1_12' title="bbox 88 1114 1665 1192">
     <span class='ocr_line' id='line_1_12' title="bbox 88 1114 1665 1192; baseline -0.002 -19"><span class='ocrx_word' id='word_1_76' title='bbox 88 1119 230 1181; x_wconf 77' lang='lat' dir='ltr'><strong>nitas</strong></span> <span class='ocrx_word' id='word_1_77' title='bbox 254 1116 416 1192; x_wconf 59' lang='grc'><strong>471</strong></span> <span class='ocrx_word' id='word_1_78' title='bbox 455 1116 886 1176; x_wconf 83' lang='lat' dir='ltr'><strong>substantiallter</strong></span> <span class='ocrx_word' id='word_1_79' title='bbox 920 1134 1063 1173; x_wconf 89' lang='lat' dir='ltr'><strong>unus</strong></span> <span class='ocrx_word' id='word_1_80' title='bbox 1089 1119 1230 1173; x_wconf 87' lang='lat' dir='ltr'><strong>Deus</strong></span> <span class='ocrx_word' id='word_1_81' title='bbox 1256 1133 1363 1172; x_wconf 92' lang='lat' dir='ltr'><strong>non</strong></span> <span class='ocrx_word' id='word_1_82' title='bbox 1393 1116 1532 1172; x_wconf 90' lang='lat' dir='ltr'><strong>sicut</strong></span> <span class='ocrx_word' id='word_1_83' title='bbox 1560 1114 1665 1171; x_wconf 58' lang='lat' dir='ltr'><strong>Goo</strong></span> 
     </span>
    </p>
   </div>
   <div class='ocr_carea' id='block_1_13' title="bbox 90 1207 1675 1277">
    <p class='ocr_par' dir='ltr' id='par_1_13' title="bbox 90 1207 1675 1277">
     <span class='ocr_line' id='line_1_13' title="bbox 90 1207 1675 1277; baseline -0.002 -13"><span class='ocrx_word' id='word_1_84' title='bbox 90 1209 393 1265; x_wconf 83' lang='lat' dir='ltr'><strong>thescalcus</strong></span> <span class='ocrx_word' id='word_1_85' title='bbox 423 1207 666 1264; x_wconf 81' lang='lat' dir='ltr'><strong>absolute</strong></span> <span class='ocrx_word' id='word_1_86' title='bbox 695 1208 844 1275; x_wconf 85' lang='lat' dir='ltr'><strong>dicit,</strong></span> <span class='ocrx_word' id='word_1_87' title='bbox 866 1208 1108 1264; x_wconf 83' lang='lat' dir='ltr'><strong>Trinitas</strong></span> <span class='ocrx_word' id='word_1_88' title='bbox 1127 1207 1492 1265; x_wconf 87' lang='lat' dir='ltr'><strong>essentialiter</strong></span> <span class='ocrx_word' id='word_1_89' title='bbox 1511 1215 1675 1277; x_wconf 89' lang='lat' dir='ltr'><strong>atque</strong></span> 
     </span>
    </p>
   </div>
   <div class='ocr_carea' id='block_1_14' title="bbox 88 1298 1672 1371">
    <p class='ocr_par' dir='ltr' id='par_1_14' title="bbox 88 1298 1672 1371">
     <span class='ocr_line' id='line_1_14' title="bbox 88 1298 1672 1371; baseline -0.001 -18"><span class='ocrx_word' id='word_1_90' title='bbox 88 1298 406 1355; x_wconf 83' lang='lat' dir='ltr'><strong>naturaliter</strong></span> <span class='ocrx_word' id='word_1_91' title='bbox 443 1308 527 1355; x_wconf 89' lang='lat' dir='ltr'><strong>est</strong></span> <span class='ocrx_word' id='word_1_92' title='bbox 554 1314 693 1365; x_wconf 88' lang='lat' dir='ltr'><strong>una,</strong></span> <span class='ocrx_word' id='word_1_93' title='bbox 741 1315 811 1356; x_wconf 90' lang='lat' dir='ltr'><strong>ne</strong></span> <span class='ocrx_word' id='word_1_94' title='bbox 848 1300 1028 1356; x_wconf 90' lang='lat' dir='ltr'><strong>induci</strong></span> <span class='ocrx_word' id='word_1_95' title='bbox 1065 1307 1283 1371; x_wconf 84' lang='lat' dir='ltr'><strong>putetur</strong></span> <span class='ocrx_word' id='word_1_96' title='bbox 1319 1312 1672 1370; x_wconf 82' lang='lat' dir='ltr'><strong>personarum</strong></span> 
     </span>
    </p>
   </div>
   <div class='ocr_carea' id='block_1_15' title="bbox 86 1389 1673 1462">
    <p class='ocr_par' dir='ltr' id='par_1_15' title="bbox 86 1389 1673 1462">
     <span class='ocr_line' id='line_1_15' title="bbox 86 1389 1673 1462; baseline -0.002 -17"><span class='ocrx_word' id='word_1_97' title='bbox 86 1389 360 1455; x_wconf 78' lang='lat' dir='ltr'><strong>confusio,</strong></span> <span class='ocrx_word' id='word_1_98' title='bbox 390 1390 534 1445; x_wconf 89' lang='lat' dir='ltr'><strong>unde</strong></span> <span class='ocrx_word' id='word_1_99' title='bbox 576 1390 740 1462; x_wconf 88' lang='lat' dir='ltr'><strong>paulo</strong></span> <span class='ocrx_word' id='word_1_100' title='bbox 785 1392 1034 1461; x_wconf 85' lang='lat' dir='ltr'><strong>superius</strong></span> <span class='ocrx_word' id='word_1_101' title='bbox 1072 1396 1333 1461; x_wconf 90' lang='lat' dir='ltr'><strong>quantum</strong></span> <span class='ocrx_word' id='word_1_102' title='bbox 1380 1403 1546 1445; x_wconf 85' lang='lat' dir='ltr'><strong>causa</strong></span> <span class='ocrx_word' id='word_1_103' title='bbox 1573 1402 1673 1459; x_wconf 85' lang='lat' dir='ltr'><strong>po-</strong></span> 
     </span>
    </p>
   </div>
   <div class='ocr_carea' id='block_1_16' title="bbox 84 1481 1673 1553">
    <p class='ocr_par' dir='ltr' id='par_1_16' title="bbox 84 1481 1673 1553">
     <span class='ocr_line' id='line_1_16' title="bbox 84 1481 1673 1553; baseline 0 -18"><span class='ocrx_word' id='word_1_104' title='bbox 84 1481 261 1551; x_wconf 80' lang='lat' dir='ltr'><strong>poscit</strong></span> <span class='ocrx_word' id='word_1_105' title='bbox 285 1482 672 1553; x_wconf 69' lang='lat' dir='ltr'><strong>prasmisimus.</strong></span> <span class='ocrx_word' id='word_1_106' title='bbox 704 1481 816 1539; x_wconf 85' lang='lat' dir='ltr'><strong>Nec</strong></span> <span class='ocrx_word' id='word_1_107' title='bbox 846 1484 898 1537; x_wconf 92' lang='lat' dir='ltr'><strong>in</strong></span> <span class='ocrx_word' id='word_1_108' title='bbox 925 1484 1029 1539; x_wconf 88' lang='lat' dir='ltr'><strong>ltoc</strong></span> <span class='ocrx_word' id='word_1_109' title='bbox 1067 1483 1232 1550; x_wconf 72' lang='lat' dir='ltr'><strong>etiam</strong></span> <span class='ocrx_word' id='word_1_110' title='bbox 1264 1482 1373 1536; x_wconf 89' lang='lat' dir='ltr'><strong>ullo</strong></span> <span class='ocrx_word' id='word_1_111' title='bbox 1399 1481 1559 1537; x_wconf 87' lang='lat' dir='ltr'><strong>modo</strong></span> <span class='ocrx_word' id='word_1_112' title='bbox 1583 1493 1673 1535; x_wconf 82' lang='lat' dir='ltr'><strong>se-</strong></span> 
     </span>
    </p>
   </div>
   <div class='ocr_carea' id='block_1_17' title="bbox 86 1570 1678 1642">
    <p class='ocr_par' dir='ltr' id='par_1_17' title="bbox 86 1570 1678 1642">
     <span class='ocr_line' id='line_1_17' title="bbox 86 1570 1678 1642; baseline -0.001 -16"><span class='ocrx_word' id='word_1_113' title='bbox 86 1571 337 1642; x_wconf 85' lang='lat' dir='ltr'><strong>quendus</strong></span> <span class='ocrx_word' id='word_1_114' title='bbox 380 1578 465 1627; x_wconf 87' lang='lat' dir='ltr'><strong>est</strong></span> <span class='ocrx_word' id='word_1_115' title='bbox 506 1570 918 1637; x_wconf 85' lang='lat' dir='ltr'><strong>Gotbescalcus,</strong></span> <span class='ocrx_word' id='word_1_116' title='bbox 946 1582 1009 1629; x_wconf 90' lang='lat' dir='ltr'><strong>ttt</strong></span> <span class='ocrx_word' id='word_1_117' title='bbox 1045 1573 1301 1629; x_wconf 83' lang='lat' dir='ltr'><strong>credatur</strong></span> <span class='ocrx_word' id='word_1_118' title='bbox 1338 1570 1424 1626; x_wconf 90' lang='lat' dir='ltr'><strong>vel</strong></span> <span class='ocrx_word' id='word_1_119' title='bbox 1467 1571 1678 1626; x_wconf 80' lang='lat' dir='ltr'><strong>dicatur</strong></span> 
     </span>
    </p>
   </div>
   <div class='ocr_carea' id='block_1_18' title="bbox 83 1663 1678 1735">
    <p class='ocr_par' dir='ltr' id='par_1_18' title="bbox 83 1663 1678 1735">
     <span class='ocr_line' id='line_1_18' title="bbox 83 1663 1678 1735; baseline -0.001 -14"><span class='ocrx_word' id='word_1_120' title='bbox 83 1665 259 1721; x_wconf 79' lang='lat' dir='ltr'><strong>deitas</strong></span> <span class='ocrx_word' id='word_1_121' title='bbox 303 1663 663 1735; x_wconf 82' lang='lat' dir='ltr'><strong>personaliter</strong></span> <span class='ocrx_word' id='word_1_122' title='bbox 703 1663 864 1718; x_wconf 89' lang='lat' dir='ltr'><strong>trina.</strong></span> <span class='ocrx_word' id='word_1_123' title='bbox 914 1663 1016 1732; x_wconf 82' lang='lat' dir='ltr'><strong>Qui</strong></span> <span class='ocrx_word' id='word_1_124' title='bbox 1056 1663 1202 1718; x_wconf 86' lang='lat' dir='ltr'><strong>enim</strong></span> <span class='ocrx_word' id='word_1_125' title='bbox 1245 1664 1419 1718; x_wconf 77' lang='lat' dir='ltr'><strong>credit</strong></span> <span class='ocrx_word' id='word_1_126' title='bbox 1446 1671 1501 1720; x_wconf 90' lang='lat' dir='ltr'><strong>et</strong></span> <span class='ocrx_word' id='word_1_127' title='bbox 1544 1664 1678 1720; x_wconf 86' lang='lat' dir='ltr'><strong>dicit</strong></span> 
     </span>
    </p>
   </div>
   <div class='ocr_carea' id='block_1_19' title="bbox 86 1755 1673 1827">
    <p class='ocr_par' dir='ltr' id='par_1_19' title="bbox 86 1755 1673 1827">
     <span class='ocr_line' id='line_1_19' title="bbox 86 1755 1673 1827; baseline 0 -15"><span class='ocrx_word' id='word_1_128' title='bbox 86 1758 286 1812; x_wconf 79' lang='lat' dir='ltr'><strong>trinam</strong></span> <span class='ocrx_word' id='word_1_129' title='bbox 330 1756 695 1827; x_wconf 88' lang='lat' dir='ltr'><strong>personaliter</strong></span> <span class='ocrx_word' id='word_1_130' title='bbox 726 1757 1015 1822; x_wconf 85' lang='lat' dir='ltr'><strong>deitatem,</strong></span> <span class='ocrx_word' id='word_1_131' title='bbox 1059 1755 1192 1812; x_wconf 84' lang='lat' dir='ltr'><strong>nihil</strong></span> <span class='ocrx_word' id='word_1_132' title='bbox 1224 1756 1402 1811; x_wconf 77' lang='lat' dir='ltr'><strong>differt</strong></span> <span class='ocrx_word' id='word_1_133' title='bbox 1426 1757 1495 1812; x_wconf 88' lang='lat' dir='ltr'><strong>ab</strong></span> <span class='ocrx_word' id='word_1_134' title='bbox 1521 1757 1673 1821; x_wconf 82' lang='lat' dir='ltr'><strong>Ario,</strong></span> 
     </span>
    </p>
   </div>
   <div class='ocr_carea' id='block_1_20' title="bbox 1770 565 3384 638">
    <p class='ocr_par' dir='ltr' id='par_1_20' title="bbox 1770 565 3384 638">
     <span class='ocr_line' id='line_1_20' title="bbox 1770 565 3384 638; baseline 0 -14"><span class='ocrx_word' id='word_1_135' title='bbox 1770 568 1917 624; x_wconf 88' lang='lat' dir='ltr'><strong>nullo</strong></span> <span class='ocrx_word' id='word_1_136' title='bbox 1940 569 2101 624; x_wconf 87' lang='lat' dir='ltr'><strong>modo</strong></span> <span class='ocrx_word' id='word_1_137' title='bbox 2124 568 2226 622; x_wconf 87' lang='lat' dir='ltr'><strong>alia</strong></span> <span class='ocrx_word' id='word_1_138' title='bbox 2251 566 2502 638; x_wconf 63' lang='lat' dir='ltr'><strong>quaelibet</strong></span> <span class='ocrx_word' id='word_1_139' title='bbox 2527 580 2760 637; x_wconf 85' lang='lat' dir='ltr'><strong>persona</strong></span> <span class='ocrx_word' id='word_1_140' title='bbox 2789 579 2853 619; x_wconf 78' lang='lat' dir='ltr'><strong>ex</strong></span> <span class='ocrx_word' id='word_1_141' title='bbox 2881 565 3072 620; x_wconf 82' lang='lat' dir='ltr'><strong>eadem</strong></span> <span class='ocrx_word' id='word_1_142' title='bbox 3084 596 3092 616; x_wconf 61' lang='grc' dir='ltr'><strong>ι.</strong></span> <span class='ocrx_word' id='word_1_143' title='bbox 3114 568 3384 624; x_wconf 52' lang='lat' dir='ltr'><strong>essential</strong></span> 
     </span>
    </p>
   </div>
   <div class='ocr_carea' id='block_1_21' title="bbox 1769 655 3396 731">
    <p class='ocr_par' dir='ltr' id='par_1_21' title="bbox 1769 655 3396 731">
     <span class='ocr_line' id='line_1_21' title="bbox 1769 655 3396 731; baseline 0.001 -16"><span class='ocrx_word' id='word_1_144' title='bbox 1769 668 1945 731; x_wconf 85' lang='lat' dir='ltr'><strong>potest</strong></span> <span class='ocrx_word' id='word_1_145' title='bbox 1971 660 2226 717; x_wconf 74' lang='lat' dir='ltr'><strong>existere.</strong></span> <span class='ocrx_word' id='word_1_146' title='bbox 2253 658 2371 715; x_wconf 82' lang='lat' dir='ltr'><strong>Non</strong></span> <span class='ocrx_word' id='word_1_147' title='bbox 2400 658 2547 713; x_wconf 89' lang='lat' dir='ltr'><strong>enim</strong></span> <span class='ocrx_word' id='word_1_148' title='bbox 2586 655 2761 726; x_wconf 83' lang='lat' dir='ltr'><strong>major</strong></span> <span class='ocrx_word' id='word_1_149' title='bbox 2804 656 3042 713; x_wconf 80' lang='lat' dir='ltr'><strong>essentia</strong></span> <span class='ocrx_word' id='word_1_150' title='bbox 3076 656 3396 715; x_wconf 60' lang='lat' dir='ltr'><strong>est-Nm</strong></span> 
     </span>
    </p>
   </div>
   <div class='ocr_carea' id='block_1_22' title="bbox 1771 750 3383 823">
    <p class='ocr_par' dir='ltr' id='par_1_22' title="bbox 1771 750 3383 823">
     <span class='ocr_line' id='line_1_22' title="bbox 1771 750 3383 823; baseline -0.001 -14"><span class='ocrx_word' id='word_1_151' title='bbox 1771 759 1827 809; x_wconf 89' lang='lat' dir='ltr'><strong>et</strong></span> <span class='ocrx_word' id='word_1_152' title='bbox 1848 751 2022 808; x_wconf 82' lang='lat' dir='ltr'><strong>Filius</strong></span> <span class='ocrx_word' id='word_1_153' title='bbox 2040 752 2222 815; x_wconf 90' lang='lat' dir='ltr'><strong>simul,</strong></span> <span class='ocrx_word' id='word_1_154' title='bbox 2248 766 2411 823; x_wconf 85' lang='lat' dir='ltr'><strong>quam</strong></span> <span class='ocrx_word' id='word_1_155' title='bbox 2436 751 2583 807; x_wconf 82' lang='lat' dir='ltr'><strong>solus</strong></span> <span class='ocrx_word' id='word_1_156' title='bbox 2596 751 2763 806; x_wconf 84' lang='lat' dir='ltr'><strong>Pater</strong></span> <span class='ocrx_word' id='word_1_157' title='bbox 2782 758 2876 805; x_wconf 86' lang='lat' dir='ltr'><strong>aut</strong></span> <span class='ocrx_word' id='word_1_158' title='bbox 2892 750 3102 805; x_wconf 77' lang='lat' dir='ltr'><strong>Filius:</strong></span> <span class='ocrx_word' id='word_1_159' title='bbox 3125 750 3383 808; x_wconf 63' lang='lat' dir='ltr'><strong>sed-ttae‘</strong></span> 
     </span>
    </p>
   </div>
   <div class='ocr_carea' id='block_1_23' title="bbox 1771 835 3391 912">
    <p class='ocr_par' dir='ltr' id='par_1_23' title="bbox 1771 835 3391 912">
     <span class='ocr_line' id='line_1_23' title="bbox 1771 835 3391 912; baseline 0 -15"><span class='ocrx_word' id='word_1_160' title='bbox 1771 835 1930 897; x_wconf 78' lang='lat' dir='ltr'><strong>simul</strong></span> <span class='ocrx_word' id='word_1_161' title='bbox 1955 841 2057 896; x_wconf 67' lang='lat' dir='ltr'><strong>illae</strong></span> <span class='ocrx_word' id='word_1_162' title='bbox 2083 841 2465 906; x_wconf 64' lang='lat' dir='ltr'><strong>subsistentia,</strong></span> <span class='ocrx_word' id='word_1_163' title='bbox 2498 840 2613 896; x_wconf 82' lang='lat' dir='ltr'><strong>sive</strong></span> <span class='ocrx_word' id='word_1_164' title='bbox 2636 854 2903 912; x_wconf 80' lang='lat' dir='ltr'><strong>persome,</strong></span> <span class='ocrx_word' id='word_1_165' title='bbox 2936 839 2981 894; x_wconf 88' lang='lat' dir='ltr'><strong>si</strong></span> <span class='ocrx_word' id='word_1_166' title='bbox 3011 839 3083 893; x_wconf 81' lang='lat' dir='ltr'><strong>ita</strong></span> <span class='ocrx_word' id='word_1_167' title='bbox 3113 840 3391 905; x_wconf 59' lang='lat' dir='ltr'><strong>dicentia:</strong></span> 
     </span>
    </p>
   </div>
   <div class='ocr_carea' id='block_1_24' title="bbox 1772 930 3385 1002">
    <p class='ocr_par' dir='ltr' id='par_1_24' title="bbox 1772 930 3385 1002">
     <span class='ocr_line' id='line_1_24' title="bbox 1772 930 3385 1002; baseline -0.001 -16"><span class='ocrx_word' id='word_1_168' title='bbox 1772 939 1914 994; x_wconf 86' lang='lat' dir='ltr'><strong>sunt,</strong></span> <span class='ocrx_word' id='word_1_169' title='bbox 1946 932 2180 1001; x_wconf 66' lang='lat' dir='ltr'><strong>aequales</strong></span> <span class='ocrx_word' id='word_1_170' title='bbox 2203 941 2329 987; x_wconf 91' lang='lat' dir='ltr'><strong>sunt</strong></span> <span class='ocrx_word' id='word_1_171' title='bbox 2358 930 2574 1002; x_wconf 87' lang='lat' dir='ltr'><strong>singuli,</strong></span> <span class='ocrx_word' id='word_1_172' title='bbox 2607 931 2751 1000; x_wconf 88' lang='lat' dir='ltr'><strong>quod</strong></span> <span class='ocrx_word' id='word_1_173' title='bbox 2780 930 3030 989; x_wconf 86' lang='lat' dir='ltr'><strong>animalis</strong></span> <span class='ocrx_word' id='word_1_174' title='bbox 3054 932 3225 989; x_wconf 76' lang='lat' dir='ltr'><strong>homo</strong></span> <span class='ocrx_word' id='word_1_175' title='bbox 3246 942 3385 989; x_wconf 61' lang='lat' dir='ltr'><strong>item</strong></span> 
     </span>
    </p>
   </div>
   <div class='ocr_carea' id='block_1_25' title="bbox 1772 1020 3386 1101">
    <p class='ocr_par' dir='ltr' id='par_1_25' title="bbox 1772 1020 3386 1101">
     <span class='ocr_line' id='line_1_25' title="bbox 1772 1020 3386 1101; baseline 0 -25"><span class='ocrx_word' id='word_1_176' title='bbox 1772 1022 2038 1093; x_wconf 87' lang='lat' dir='ltr'><strong>percipit;</strong></span> <span class='ocrx_word' id='word_1_177' title='bbox 2070 1041 2089 1076; x_wconf 74' lang='grc' dir='ltr'><strong><em>ι</em></strong></span> <span class='ocrx_word' id='word_1_178' title='bbox 2118 1030 2174 1076; x_wconf 88' lang='lat' dir='ltr'><strong>et</strong></span> <span class='ocrx_word' id='word_1_179' title='bbox 2202 1022 2407 1092; x_wconf 89' lang='lat' dir='ltr'><strong>reliqua</strong></span> <span class='ocrx_word' id='word_1_180' title='bbox 2439 1036 2560 1092; x_wconf 75' lang='lat' dir='ltr'><strong>qua:</strong></span> <span class='ocrx_word' id='word_1_181' title='bbox 2585 1020 2751 1094; x_wconf 62' lang='grc'><strong>4³12</strong></span> <span class='ocrx_word' id='word_1_182' title='bbox 2793 1020 2956 1076; x_wconf 81' lang='lat' dir='ltr'><strong>latius</strong></span> <span class='ocrx_word' id='word_1_183' title='bbox 2984 1021 3182 1101; x_wconf 65' lang='lat' dir='ltr'><strong>ibidem</strong></span> <span class='ocrx_word' id='word_1_184' title='bbox 3213 1021 3386 1085; x_wconf 58' lang='lat' dir='ltr'><strong>illum</strong></span> 
     </span>
    </p>
   </div>
   <div class='ocr_carea' id='block_1_26' title="bbox 1773 1111 3381 1183">
    <p class='ocr_par' dir='ltr' id='par_1_26' title="bbox 1773 1111 3381 1183">
     <span class='ocr_line' id='line_1_26' title="bbox 1773 1111 3381 1183; baseline -0.002 -15"><span class='ocrx_word' id='word_1_185' title='bbox 1773 1113 2156 1183; x_wconf 68' lang='lat' dir='ltr'><strong>sagacissimus</strong></span> <span class='ocrx_word' id='word_1_186' title='bbox 2184 1113 2374 1168; x_wconf 88' lang='lat' dir='ltr'><strong>doctor</strong></span> <span class='ocrx_word' id='word_1_187' title='bbox 2413 1112 2753 1183; x_wconf 81' lang='lat' dir='ltr'><strong>exsequitur.</strong></span> <span class='ocrx_word' id='word_1_188' title='bbox 2782 1111 2851 1167; x_wconf 83' lang='lat' dir='ltr'><strong>Et</strong></span> <span class='ocrx_word' id='word_1_189' title='bbox 2876 1111 2933 1169; x_wconf 89' lang='lat' dir='ltr'><strong>iu</strong></span> <span class='ocrx_word' id='word_1_190' title='bbox 2960 1119 3227 1171; x_wconf 64' lang='lat' dir='ltr'><strong>sermone</strong></span> <span class='ocrx_word' id='word_1_191' title='bbox 3256 1112 3381 1175; x_wconf 46' lang='lat' dir='ltr'><strong>nisi</strong></span> 
     </span>
    </p>
   </div>
   <div class='ocr_carea' id='block_1_27' title="bbox 1773 1199 3383 1285">
    <p class='ocr_par' dir='ltr' id='par_1_27' title="bbox 1773 1199 3383 1285">
     <span class='ocr_line' id='line_1_27' title="bbox 1773 1199 3383 1285; baseline -0.001 -26"><span class='ocrx_word' id='word_1_192' title='bbox 1773 1206 1981 1275; x_wconf 87' lang='lat' dir='ltr'><strong>gesitno</strong></span> <span class='ocrx_word' id='word_1_193' title='bbox 2012 1213 2168 1261; x_wconf 83' lang='lat' dir='ltr'><strong>sexto</strong></span> <span class='ocrx_word' id='word_1_194' title='bbox 2198 1203 2471 1273; x_wconf 81' lang='lat' dir='ltr'><strong>Evangelii</strong></span> <span class='ocrx_word' id='word_1_195' title='bbox 2500 1203 2798 1259; x_wconf 84' lang='lat' dir='ltr'><strong>secundum</strong></span> <span class='ocrx_word' id='word_1_196' title='bbox 2835 1199 3101 1257; x_wconf 77' lang='lat' dir='ltr'><strong>Joannem</strong></span> <span class='ocrx_word' id='word_1_197' title='bbox 3124 1220 3145 1256; x_wconf 68' lang='grc' dir='ltr'><strong>ς</strong></span> <span class='ocrx_word' id='word_1_198' title='bbox 3173 1220 3194 1255; x_wconf 82' lang='lat' dir='ltr'><strong>t</strong></span> 
     </span>
    </p>
   </div>
   <div class='ocr_carea' id='block_1_28' title="bbox 1774 1292 3392 1371">
    <p class='ocr_par' dir='ltr' id='par_1_28' title="bbox 1774 1292 3392 1371">
     <span class='ocr_line' id='line_1_28' title="bbox 1774 1292 3392 1371; baseline 0 -21"><span class='ocrx_word' id='word_1_199' title='bbox 1774 1295 1919 1351; x_wconf 87' lang='lat' dir='ltr'><strong>nitas</strong></span> <span class='ocrx_word' id='word_1_200' title='bbox 1963 1310 2102 1351; x_wconf 88' lang='lat' dir='ltr'><strong>unus</strong></span> <span class='ocrx_word' id='word_1_201' title='bbox 2143 1296 2310 1358; x_wconf 89' lang='lat' dir='ltr'><strong>Deus,</strong></span> <span class='ocrx_word' id='word_1_202' title='bbox 2349 1294 2589 1351; x_wconf 84' lang='lat' dir='ltr'><strong>Trinitas</strong></span> <span class='ocrx_word' id='word_1_203' title='bbox 2630 1308 2740 1349; x_wconf 88' lang='lat' dir='ltr'><strong>una</strong></span> <span class='ocrx_word' id='word_1_204' title='bbox 2785 1302 2871 1350; x_wconf 90' lang='lat' dir='ltr'><strong>est</strong></span> <span class='ocrx_word' id='word_1_205' title='bbox 2914 1292 3189 1361; x_wconf 63' lang='lat' dir='ltr'><strong>interni-tas</strong></span> <span class='ocrx_word' id='word_1_206' title='bbox 3206 1308 3392 1371; x_wconf 9' lang='lat' dir='ltr'><strong>tum:</strong></span> 
     </span>
    </p>
   </div>
   <div class='ocr_carea' id='block_1_29' title="bbox 1774 1383 3381 1457">
    <p class='ocr_par' dir='ltr' id='par_1_29' title="bbox 1774 1383 3381 1457">
     <span class='ocr_line' id='line_1_29' title="bbox 1774 1383 3381 1457; baseline -0.002 -15"><span class='ocrx_word' id='word_1_207' title='bbox 1774 1394 2047 1457; x_wconf 80' lang='lat' dir='ltr'><strong>potestas,</strong></span> <span class='ocrx_word' id='word_1_208' title='bbox 2101 1402 2207 1441; x_wconf 88' lang='lat' dir='ltr'><strong>ttua</strong></span> <span class='ocrx_word' id='word_1_209' title='bbox 2256 1384 2563 1456; x_wconf 76' lang='lat' dir='ltr'><strong>maiestas:</strong></span> <span class='ocrx_word' id='word_1_210' title='bbox 2610 1385 2741 1457; x_wconf 90' lang='lat' dir='ltr'><strong>qttid</strong></span> <span class='ocrx_word' id='word_1_211' title='bbox 2772 1399 2904 1456; x_wconf 80' lang='lat' dir='ltr'><strong>ergo</strong></span> <span class='ocrx_word' id='word_1_212' title='bbox 2933 1383 3080 1441; x_wconf 82' lang='lat' dir='ltr'><strong>tres?</strong></span> <span class='ocrx_word' id='word_1_213' title='bbox 3122 1384 3381 1450; x_wconf 49' lang='lat' dir='ltr'><strong>siveaim.</strong></span> 
     </span>
    </p>
   </div>
   <div class='ocr_carea' id='block_1_30' title="bbox 1777 1473 3387 1549">
    <p class='ocr_par' dir='ltr' id='par_1_30' title="bbox 1777 1473 3387 1549">
     <span class='ocr_line' id='line_1_30' title="bbox 1777 1473 3387 1549; baseline 0.001 -18"><span class='ocrx_word' id='word_1_214' title='bbox 1777 1485 1888 1531; x_wconf 73' lang='lat' dir='ltr'><strong>ttes</strong></span> <span class='ocrx_word' id='word_1_215' title='bbox 1917 1477 2024 1543; x_wconf 88' lang='lat' dir='ltr'><strong>ait,</strong></span> <span class='ocrx_word' id='word_1_216' title='bbox 2053 1485 2270 1549; x_wconf 87' lang='lat' dir='ltr'><strong>oportet</strong></span> <span class='ocrx_word' id='word_1_217' title='bbox 2301 1477 2452 1532; x_wconf 86' lang='lat' dir='ltr'><strong>dicas</strong></span> <span class='ocrx_word' id='word_1_218' title='bbox 2475 1476 2605 1547; x_wconf 90' lang='lat' dir='ltr'><strong>quid</strong></span> <span class='ocrx_word' id='word_1_219' title='bbox 2646 1488 2778 1531; x_wconf 88' lang='lat' dir='ltr'><strong>tres.</strong></span> <span class='ocrx_word' id='word_1_220' title='bbox 2812 1474 3135 1545; x_wconf 82' lang='lat' dir='ltr'><strong>Respondeo</strong></span> <span class='ocrx_word' id='word_1_221' title='bbox 3155 1515 3174 1542; x_wconf 86' lang='lat'><strong>,</strong></span> <span class='ocrx_word' id='word_1_222' title='bbox 3204 1473 3387 1539; x_wconf 67' lang='lat' dir='ltr'><strong>Pater.-</strong></span> 
     </span>
    </p>
   </div>
   <div class='ocr_carea' id='block_1_31' title="bbox 1776 1565 3381 1637">
    <p class='ocr_par' dir='ltr' id='par_1_31' title="bbox 1776 1565 3381 1637">
     <span class='ocr_line' id='line_1_31' title="bbox 1776 1565 3381 1637; baseline -0.002 -14"><span class='ocrx_word' id='word_1_223' title='bbox 1776 1577 1833 1623; x_wconf 91' lang='lat' dir='ltr'><strong>et</strong></span> <span class='ocrx_word' id='word_1_224' title='bbox 1859 1566 2027 1623; x_wconf 75' lang='lat' dir='ltr'><strong>Filius</strong></span> <span class='ocrx_word' id='word_1_225' title='bbox 2064 1575 2121 1621; x_wconf 92' lang='lat' dir='ltr'><strong>ct</strong></span> <span class='ocrx_word' id='word_1_226' title='bbox 2154 1566 2421 1637; x_wconf 87' lang='lat' dir='ltr'><strong>Spiritus;</strong></span> <span class='ocrx_word' id='word_1_227' title='bbox 2455 1568 2508 1621; x_wconf 87' lang='lat' dir='ltr'><strong>id</strong></span> <span class='ocrx_word' id='word_1_228' title='bbox 2542 1566 2686 1621; x_wconf 90' lang='lat' dir='ltr'><strong>enim</strong></span> <span class='ocrx_word' id='word_1_229' title='bbox 2712 1567 2858 1636; x_wconf 87' lang='lat' dir='ltr'><strong>quod</strong></span> <span class='ocrx_word' id='word_1_230' title='bbox 2894 1566 3059 1621; x_wconf 84' lang='lat' dir='ltr'><strong>Pater</strong></span> <span class='ocrx_word' id='word_1_231' title='bbox 3101 1565 3153 1620; x_wconf 82' lang='lat' dir='ltr'><strong>iu</strong></span> <span class='ocrx_word' id='word_1_232' title='bbox 3176 1581 3240 1625; x_wconf 83' lang='lat' dir='ltr'><strong>se</strong></span> <span class='ocrx_word' id='word_1_233' title='bbox 3262 1572 3381 1627; x_wconf 48' lang='lat' dir='ltr'><strong>est.</strong></span> 
     </span>
    </p>
   </div>
   <div class='ocr_carea' id='block_1_32' title="bbox 1778 1654 3381 1728">
    <p class='ocr_par' dir='ltr' id='par_1_32' title="bbox 1778 1654 3381 1728">
     <span class='ocr_line' id='line_1_32' title="bbox 1778 1654 3381 1728; baseline -0.003 -16"><span class='ocrx_word' id='word_1_234' title='bbox 1778 1656 1922 1712; x_wconf 84' lang='lat' dir='ltr'><strong>Deus</strong></span> <span class='ocrx_word' id='word_1_235' title='bbox 1944 1665 2030 1712; x_wconf 88' lang='lat' dir='ltr'><strong>est</strong></span> <span class='ocrx_word' id='word_1_236' title='bbox 2049 1698 2064 1723; x_wconf 96' lang='lat'><strong>,</strong></span> <span class='ocrx_word' id='word_1_237' title='bbox 2093 1657 2238 1728; x_wconf 89' lang='lat' dir='ltr'><strong>quod</strong></span> <span class='ocrx_word' id='word_1_238' title='bbox 2263 1658 2329 1711; x_wconf 89' lang='lat' dir='ltr'><strong>ad</strong></span> <span class='ocrx_word' id='word_1_239' title='bbox 2353 1655 2550 1712; x_wconf 79' lang='lat' dir='ltr'><strong>Filium</strong></span> <span class='ocrx_word' id='word_1_240' title='bbox 2584 1665 2669 1713; x_wconf 84' lang='lat' dir='ltr'><strong>est</strong></span> <span class='ocrx_word' id='word_1_241' title='bbox 2690 1656 2854 1712; x_wconf 84' lang='lat' dir='ltr'><strong>Pater</strong></span> <span class='ocrx_word' id='word_1_242' title='bbox 2883 1665 2998 1717; x_wconf 86' lang='lat' dir='ltr'><strong>est,</strong></span> <span class='ocrx_word' id='word_1_243' title='bbox 3025 1655 3170 1726; x_wconf 84' lang='lat' dir='ltr'><strong>quod</strong></span> <span class='ocrx_word' id='word_1_244' title='bbox 3188 1654 3381 1723; x_wconf 63' lang='lat' dir='ltr'><strong>Filius,</strong></span> 
     </span>
    </p>
   </div>
   <div class='ocr_carea' id='block_1_33' title="bbox 1778 1746 3379 1829">
    <p class='ocr_par' dir='ltr' id='par_1_33' title="bbox 1778 1746 3379 1829">
     <span class='ocr_line' id='line_1_33' title="bbox 1778 1746 3379 1829; baseline 0.001 -28"><span class='ocrx_word' id='word_1_245' title='bbox 1778 1748 1847 1803; x_wconf 87' lang='lat' dir='ltr'><strong>ad</strong></span> <span class='ocrx_word' id='word_1_246' title='bbox 1878 1748 2112 1820; x_wconf 87' lang='lat' dir='ltr'><strong>seipsttm</strong></span> <span class='ocrx_word' id='word_1_247' title='bbox 2131 1748 2273 1804; x_wconf 88' lang='lat' dir='ltr'><strong>Deus</strong></span> <span class='ocrx_word' id='word_1_248' title='bbox 2295 1757 2398 1813; x_wconf 89' lang='lat' dir='ltr'><strong>est,</strong></span> <span class='ocrx_word' id='word_1_249' title='bbox 2424 1748 2567 1818; x_wconf 88' lang='lat' dir='ltr'><strong>quod</strong></span> <span class='ocrx_word' id='word_1_250' title='bbox 2586 1749 2655 1803; x_wconf 90' lang='lat' dir='ltr'><strong>ad</strong></span> <span class='ocrx_word' id='word_1_251' title='bbox 2680 1746 2896 1804; x_wconf 79' lang='lat' dir='ltr'><strong>Patrem</strong></span> <span class='ocrx_word' id='word_1_252' title='bbox 2919 1756 3004 1805; x_wconf 85' lang='lat' dir='ltr'><strong>est</strong></span> <span class='ocrx_word' id='word_1_253' title='bbox 3020 1748 3201 1829; x_wconf 64' lang='lat' dir='ltr'><strong>Filius</strong></span> <span class='ocrx_word' id='word_1_254' title='bbox 3213 1758 3315 1807; x_wconf 62' lang='lat' dir='ltr'><strong>est.</strong></span> <span class='ocrx_word' id='word_1_255' title='bbox 3341 1767 3379 1827; x_wconf 60' lang='grc' dir='ltr'><strong>τι</strong></span> 
     </span>
    </p>
   </div>
   <div class='ocr_carea' id='block_1_34' title="bbox 84 1835 3395 1920">
    <p class='ocr_par' dir='ltr' id='par_1_34' title="bbox 84 1835 3395 1920">
     <span class='ocr_line' id='line_1_34' title="bbox 84 1835 3395 1920; baseline -0.001 -15"><span class='ocrx_word' id='word_1_256' title='bbox 84 1850 147 1905; x_wconf 87' lang='lat' dir='ltr'><strong>ad</strong></span> <span class='ocrx_word' id='word_1_257' title='bbox 171 1849 338 1918; x_wconf 75' lang='lat' dir='ltr'><strong>cuius</strong></span> <span class='ocrx_word' id='word_1_258' title='bbox 374 1864 596 1917; x_wconf 84' lang='lat' dir='ltr'><strong>pravam</strong></span> <span class='ocrx_word' id='word_1_259' title='bbox 632 1847 1044 1920; x_wconf 84' lang='lat' dir='ltr'><strong>intelligentiam</strong></span> <span class='ocrx_word' id='word_1_260' title='bbox 1081 1847 1464 1914; x_wconf 75' lang='lat' dir='ltr'><strong>refellendam,</strong></span> <span class='ocrx_word' id='word_1_261' title='bbox 1498 1850 1671 1904; x_wconf 88' lang='lat' dir='ltr'><strong>sancti</strong></span> <span class='ocrx_word' id='word_1_262' title='bbox 1702 1835 1750 1897; x_wconf 83' lang='grc' dir='ltr'><strong>Β</strong></span> <span class='ocrx_word' id='word_1_263' title='bbox 1778 1843 1847 1898; x_wconf 85' lang='lat' dir='ltr'><strong>Et</strong></span> <span class='ocrx_word' id='word_1_264' title='bbox 1884 1852 2007 1915; x_wconf 89' lang='lat' dir='ltr'><strong>post</strong></span> <span class='ocrx_word' id='word_1_265' title='bbox 2029 1841 2307 1913; x_wconf 87' lang='lat' dir='ltr'><strong>paululum</strong></span> <span class='ocrx_word' id='word_1_266' title='bbox 2339 1857 2355 1896; x_wconf 91' lang='lat'><strong>:</strong></span> <span class='ocrx_word' id='word_1_267' title='bbox 2393 1859 2415 1893; x_wconf 76' lang='grc' dir='ltr'><strong><em>ι</em></strong></span> <span class='ocrx_word' id='word_1_268' title='bbox 2448 1840 2564 1896; x_wconf 81' lang='lat' dir='ltr'><strong>Non</strong></span> <span class='ocrx_word' id='word_1_269' title='bbox 2596 1850 2681 1898; x_wconf 90' lang='lat' dir='ltr'><strong>est</strong></span> <span class='ocrx_word' id='word_1_270' title='bbox 2725 1840 2855 1912; x_wconf 88' lang='lat' dir='ltr'><strong>quid</strong></span> <span class='ocrx_word' id='word_1_271' title='bbox 2883 1841 3060 1898; x_wconf 83' lang='lat' dir='ltr'><strong>dicam</strong></span> <span class='ocrx_word' id='word_1_272' title='bbox 3088 1841 3395 1903; x_wconf 65' lang='lat' dir='ltr'><strong>tres-nisi</strong></span> 
     </span>
    </p>
   </div>
   <div class='ocr_carea' id='block_1_35' title="bbox 84 1939 1672 2005">
    <p class='ocr_par' dir='ltr' id='par_1_35' title="bbox 84 1939 1672 2005">
     <span class='ocr_line' id='line_1_35' title="bbox 84 1939 1672 2005; baseline -0.001 -8"><span class='ocrx_word' id='word_1_273' title='bbox 84 1940 344 1997; x_wconf 84' lang='lat' dir='ltr'><strong>catholici</strong></span> <span class='ocrx_word' id='word_1_274' title='bbox 376 1939 590 2004; x_wconf 82' lang='lat' dir='ltr'><strong>Patres,</strong></span> <span class='ocrx_word' id='word_1_275' title='bbox 617 1954 724 1995; x_wconf 90' lang='lat' dir='ltr'><strong>non</strong></span> <span class='ocrx_word' id='word_1_276' title='bbox 755 1940 993 1995; x_wconf 86' lang='lat' dir='ltr'><strong>humana</strong></span> <span class='ocrx_word' id='word_1_277' title='bbox 1017 1939 1424 2005; x_wconf 89' lang='lat' dir='ltr'><strong>adinventione,</strong></span> <span class='ocrx_word' id='word_1_278' title='bbox 1465 1940 1560 1994; x_wconf 87' lang='lat' dir='ltr'><strong>sed</strong></span> <span class='ocrx_word' id='word_1_279' title='bbox 1586 1939 1672 1995; x_wconf 88' lang='lat' dir='ltr'><strong>di-</strong></span> 
     </span>
    </p>
   </div>
   <div class='ocr_carea' id='block_1_36' title="bbox 81 2028 1673 2103">
    <p class='ocr_par' dir='ltr' id='par_1_36' title="bbox 81 2028 1673 2103">
     <span class='ocr_line' id='line_1_36' title="bbox 81 2028 1673 2103; baseline 0 -15"><span class='ocrx_word' id='word_1_280' title='bbox 81 2032 209 2088; x_wconf 79' lang='lat' dir='ltr'><strong>vina</strong></span> <span class='ocrx_word' id='word_1_281' title='bbox 238 2031 618 2101; x_wconf 85' lang='lat' dir='ltr'><strong>inspiratione,</strong></span> <span class='ocrx_word' id='word_1_282' title='bbox 646 2031 702 2085; x_wconf 88' lang='lat' dir='ltr'><strong>in</strong></span> <span class='ocrx_word' id='word_1_283' title='bbox 730 2044 888 2086; x_wconf 85' lang='lat' dir='ltr'><strong>sacro</strong></span> <span class='ocrx_word' id='word_1_284' title='bbox 907 2028 1130 2087; x_wconf 60' lang='lat' dir='ltr'><strong>Niceno</strong></span> <span class='ocrx_word' id='word_1_285' title='bbox 1157 2030 1391 2087; x_wconf 91' lang='lat' dir='ltr'><strong>concilio</strong></span> <span class='ocrx_word' id='word_1_286' title='bbox 1410 2031 1673 2103; x_wconf 74' lang='grc' dir='ltr'><strong>ὅμούσιον,</strong></span> 
     </span>
    </p>
   </div>
   <div class='ocr_carea' id='block_1_37' title="bbox 84 2109 1679 2187">
    <p class='ocr_par' dir='ltr' id='par_1_37' title="bbox 84 2109 1679 2187">
     <span class='ocr_line' id='line_1_37' title="bbox 84 2109 1679 2187; baseline 0 -10"><span class='ocrx_word' id='word_1_287' title='bbox 84 2121 137 2177; x_wconf 97' lang='lat' dir='ltr'><strong>id</strong></span> <span class='ocrx_word' id='word_1_288' title='bbox 162 2130 258 2179; x_wconf 81' lang='lat' dir='ltr'><strong>est</strong></span> <span class='ocrx_word' id='word_1_289' title='bbox 283 2109 931 2187; x_wconf 77' lang='lat' dir='ltr'><strong>consubstantialitatem,</strong></span> <span class='ocrx_word' id='word_1_290' title='bbox 960 2120 1210 2176; x_wconf 87' lang='lat' dir='ltr'><strong>videlicet</strong></span> <span class='ocrx_word' id='word_1_291' title='bbox 1236 2136 1397 2177; x_wconf 85' lang='lat' dir='ltr'><strong>uuam</strong></span> <span class='ocrx_word' id='word_1_292' title='bbox 1424 2122 1679 2178; x_wconf 87' lang='lat' dir='ltr'><strong>substan-</strong></span> 
     </span>
    </p>
   </div>
   <div class='ocr_carea' id='block_1_38' title="bbox 83 2212 1679 2283">
    <p class='ocr_par' dir='ltr' id='par_1_38' title="bbox 83 2212 1679 2283">
     <span class='ocr_line' id='line_1_38' title="bbox 83 2212 1679 2283; baseline 0.001 -15"><span class='ocrx_word' id='word_1_293' title='bbox 83 2213 244 2279; x_wconf 83' lang='lat' dir='ltr'><strong>tiam,</strong></span> <span class='ocrx_word' id='word_1_294' title='bbox 272 2212 591 2279; x_wconf 80' lang='lat' dir='ltr'><strong>essentiam,</strong></span> <span class='ocrx_word' id='word_1_295' title='bbox 618 2219 904 2278; x_wconf 87' lang='lat' dir='ltr'><strong>naturam,</strong></span> <span class='ocrx_word' id='word_1_296' title='bbox 933 2218 988 2267; x_wconf 90' lang='lat' dir='ltr'><strong>et</strong></span> <span class='ocrx_word' id='word_1_297' title='bbox 1014 2212 1273 2268; x_wconf 84' lang='lat' dir='ltr'><strong>deitatem</strong></span> <span class='ocrx_word' id='word_1_298' title='bbox 1302 2213 1466 2269; x_wconf 89' lang='lat' dir='ltr'><strong>trium</strong></span> <span class='ocrx_word' id='word_1_299' title='bbox 1492 2228 1679 2283; x_wconf 77' lang='lat' dir='ltr'><strong>perso-</strong></span> 
     </span>
    </p>
   </div>
   <div class='ocr_carea' id='block_1_39' title="bbox 84 2302 1680 2376">
    <p class='ocr_par' dir='ltr' id='par_1_39' title="bbox 84 2302 1680 2376">
     <span class='ocr_line' id='line_1_39' title="bbox 84 2302 1680 2376; baseline -0.001 -16"><span class='ocrx_word' id='word_1_300' title='bbox 84 2318 323 2371; x_wconf 82' lang='lat' dir='ltr'><strong>narum,</strong></span> <span class='ocrx_word' id='word_1_301' title='bbox 366 2302 549 2360; x_wconf 84' lang='lat' dir='ltr'><strong>Patris</strong></span> <span class='ocrx_word' id='word_1_302' title='bbox 583 2311 639 2359; x_wconf 89' lang='lat' dir='ltr'><strong>et</strong></span> <span class='ocrx_word' id='word_1_303' title='bbox 663 2302 785 2358; x_wconf 80' lang='lat' dir='ltr'><strong>Filii</strong></span> <span class='ocrx_word' id='word_1_304' title='bbox 827 2311 880 2359; x_wconf 90' lang='lat' dir='ltr'><strong>et</strong></span> <span class='ocrx_word' id='word_1_305' title='bbox 926 2302 1165 2376; x_wconf 82' lang='lat' dir='ltr'><strong>Spiritus</strong></span> <span class='ocrx_word' id='word_1_306' title='bbox 1207 2303 1417 2369; x_wconf 87' lang='lat' dir='ltr'><strong>sancti,</strong></span> <span class='ocrx_word' id='word_1_307' title='bbox 1449 2304 1596 2360; x_wconf 84' lang='lat' dir='ltr'><strong>credi</strong></span> <span class='ocrx_word' id='word_1_308' title='bbox 1623 2311 1680 2359; x_wconf 88' lang='lat' dir='ltr'><strong>et</strong></span> 
     </span>
    </p>
   </div>
   <div class='ocr_carea' id='block_1_40' title="bbox 85 2396 1677 2469">
    <p class='ocr_par' dir='ltr' id='par_1_40' title="bbox 85 2396 1677 2469">
     <span class='ocr_line' id='line_1_40' title="bbox 85 2396 1677 2469; baseline -0.001 -15"><span class='ocrx_word' id='word_1_309' title='bbox 85 2397 265 2454; x_wconf 80' lang='lat' dir='ltr'><strong>teneri</strong></span> <span class='ocrx_word' id='word_1_310' title='bbox 323 2396 636 2453; x_wconf 82' lang='lat' dir='ltr'><strong>ﬁrmissime</strong></span> <span class='ocrx_word' id='word_1_311' title='bbox 681 2397 1071 2463; x_wconf 87' lang='lat' dir='ltr'><strong>decreverunt,</strong></span> <span class='ocrx_word' id='word_1_312' title='bbox 1118 2407 1174 2454; x_wconf 90' lang='lat' dir='ltr'><strong>et</strong></span> <span class='ocrx_word' id='word_1_313' title='bbox 1218 2399 1287 2453; x_wconf 89' lang='lat' dir='ltr'><strong>ab</strong></span> <span class='ocrx_word' id='word_1_314' title='bbox 1336 2396 1440 2454; x_wconf 86' lang='lat' dir='ltr'><strong>bac</strong></span> <span class='ocrx_word' id='word_1_315' title='bbox 1490 2397 1677 2469; x_wconf 87' lang='lat' dir='ltr'><strong>regula</strong></span> 
     </span>
    </p>
   </div>
   <div class='ocr_carea' id='block_1_41' title="bbox 87 2487 1677 2545">
    <p class='ocr_par' dir='ltr' id='par_1_41' title="bbox 87 2487 1677 2545">
     <span class='ocr_line' id='line_1_41' title="bbox 87 2487 1677 2545; baseline 0.001 -3"><span class='ocrx_word' id='word_1_316' title='bbox 87 2488 373 2542; x_wconf 80' lang='lat' dir='ltr'><strong>deviantes</strong></span> <span class='ocrx_word' id='word_1_317' title='bbox 416 2488 1035 2543; x_wconf 81' lang='lat' dir='ltr'><strong>anathematizaverunt.</strong></span> <span class='ocrx_word' id='word_1_318' title='bbox 1073 2487 1460 2545; x_wconf 88' lang='lat' dir='ltr'><strong>Gotbescalcus</strong></span> <span class='ocrx_word' id='word_1_319' title='bbox 1497 2496 1677 2543; x_wconf 90' lang='lat' dir='ltr'><strong>autem</strong></span> 
     </span>
    </p>
   </div>
   <div class='ocr_carea' id='block_1_42' title="bbox 84 2579 1682 2651">
    <p class='ocr_par' dir='ltr' id='par_1_42' title="bbox 84 2579 1682 2651">
     <span class='ocr_line' id='line_1_42' title="bbox 84 2579 1682 2651; baseline 0 -16"><span class='ocrx_word' id='word_1_320' title='bbox 84 2579 191 2635; x_wconf 76' lang='lat' dir='ltr'><strong>mel</strong></span> <span class='ocrx_word' id='word_1_321' title='bbox 220 2579 348 2650; x_wconf 89' lang='lat' dir='ltr'><strong>plus</strong></span> <span class='ocrx_word' id='word_1_322' title='bbox 387 2579 673 2636; x_wconf 78' lang='lat' dir='ltr'><strong>comedere</strong></span> <span class='ocrx_word' id='word_1_323' title='bbox 699 2579 886 2635; x_wconf 84' lang='lat' dir='ltr'><strong>volens</strong></span> <span class='ocrx_word' id='word_1_324' title='bbox 914 2595 1078 2651; x_wconf 88' lang='lat' dir='ltr'><strong>quam</strong></span> <span class='ocrx_word' id='word_1_325' title='bbox 1118 2579 1335 2644; x_wconf 79' lang='lat' dir='ltr'><strong>sufﬁcit,</strong></span> <span class='ocrx_word' id='word_1_326' title='bbox 1367 2580 1421 2635; x_wconf 91' lang='lat' dir='ltr'><strong>id</strong></span> <span class='ocrx_word' id='word_1_327' title='bbox 1450 2587 1531 2635; x_wconf 88' lang='lat' dir='ltr'><strong>est</strong></span> <span class='ocrx_word' id='word_1_328' title='bbox 1557 2579 1682 2650; x_wconf 88' lang='lat' dir='ltr'><strong>plus</strong></span> 
     </span>
    </p>
   </div>
   <div class='ocr_carea' id='block_1_43' title="bbox 85 2670 1679 2741">
    <p class='ocr_par' dir='ltr' id='par_1_43' title="bbox 85 2670 1679 2741">
     <span class='ocr_line' id='line_1_43' title="bbox 85 2670 1679 2741; baseline 0.001 -17"><span class='ocrx_word' id='word_1_329' title='bbox 85 2682 286 2741; x_wconf 77' lang='lat' dir='ltr'><strong>sapere</strong></span> <span class='ocrx_word' id='word_1_330' title='bbox 309 2684 474 2741; x_wconf 87' lang='lat' dir='ltr'><strong>quam</strong></span> <span class='ocrx_word' id='word_1_331' title='bbox 501 2678 745 2741; x_wconf 86' lang='lat' dir='ltr'><strong>oporteat</strong></span> <span class='ocrx_word' id='word_1_332' title='bbox 767 2685 982 2741; x_wconf 90' lang='lat' dir='ltr'><strong>sapere,</strong></span> <span class='ocrx_word' id='word_1_333' title='bbox 1004 2680 1058 2726; x_wconf 91' lang='lat' dir='ltr'><strong>et</strong></span> <span class='ocrx_word' id='word_1_334' title='bbox 1086 2672 1318 2728; x_wconf 88' lang='lat' dir='ltr'><strong>scrutari</strong></span> <span class='ocrx_word' id='word_1_335' title='bbox 1341 2670 1679 2737; x_wconf 75' lang='lat' dir='ltr'><strong>maiestatem</strong></span> 
     </span>
    </p>
   </div>
   <div class='ocr_carea' id='block_1_44' title="bbox 87 2758 1683 2833">
    <p class='ocr_par' dir='ltr' id='par_1_44' title="bbox 87 2758 1683 2833">
     <span class='ocr_line' id='line_1_44' title="bbox 87 2758 1683 2833; baseline 0.001 -18"><span class='ocrx_word' id='word_1_336' title='bbox 87 2758 233 2815; x_wconf 74' lang='lat' dir='ltr'><strong>ultra</strong></span> <span class='ocrx_word' id='word_1_337' title='bbox 264 2775 379 2815; x_wconf 66' lang='lat' dir='ltr'><strong>suae</strong></span> <span class='ocrx_word' id='word_1_338' title='bbox 403 2760 735 2816; x_wconf 72' lang='lat' dir='ltr'><strong>inﬁrmitatis</strong></span> <span class='ocrx_word' id='word_1_339' title='bbox 763 2762 1116 2831; x_wconf 86' lang='lat' dir='ltr'><strong>capacitatem</strong></span> <span class='ocrx_word' id='word_1_340' title='bbox 1134 2804 1149 2827; x_wconf 97' lang='lat'><strong>,</strong></span> <span class='ocrx_word' id='word_1_341' title='bbox 1176 2761 1281 2818; x_wconf 87' lang='lat' dir='ltr'><strong>hoc</strong></span> <span class='ocrx_word' id='word_1_342' title='bbox 1311 2761 1683 2833; x_wconf 62' lang='lat' dir='ltr'><strong>intelligentiae</strong></span> 
     </span>
    </p>
   </div>
   <div class='ocr_carea' id='block_1_45' title="bbox 86 2848 1684 2924">
    <p class='ocr_par' dir='ltr' id='par_1_45' title="bbox 86 2848 1684 2924">
     <span class='ocr_line' id='line_1_45' title="bbox 86 2848 1684 2924; baseline 0.002 -18"><span class='ocrx_word' id='word_1_343' title='bbox 86 2848 257 2916; x_wconf 81' lang='lat' dir='ltr'><strong>dicto,</strong></span> <span class='ocrx_word' id='word_1_344' title='bbox 302 2850 445 2906; x_wconf 85' lang='lat' dir='ltr'><strong>sicut</strong></span> <span class='ocrx_word' id='word_1_345' title='bbox 486 2850 691 2909; x_wconf 90' lang='lat' dir='ltr'><strong>clausis</strong></span> <span class='ocrx_word' id='word_1_346' title='bbox 725 2852 898 2908; x_wconf 90' lang='lat' dir='ltr'><strong>oculis</strong></span> <span class='ocrx_word' id='word_1_347' title='bbox 941 2853 1008 2907; x_wconf 87' lang='lat' dir='ltr'><strong>ad</strong></span> <span class='ocrx_word' id='word_1_348' title='bbox 1051 2853 1255 2924; x_wconf 81' lang='lat' dir='ltr'><strong>ignem,</strong></span> <span class='ocrx_word' id='word_1_349' title='bbox 1284 2852 1356 2906; x_wconf 87' lang='lat' dir='ltr'><strong>ita</strong></span> <span class='ocrx_word' id='word_1_350' title='bbox 1406 2853 1586 2908; x_wconf 90' lang='lat' dir='ltr'><strong>sciens</strong></span> <span class='ocrx_word' id='word_1_351' title='bbox 1627 2860 1684 2909; x_wconf 90' lang='lat' dir='ltr'><strong>et</strong></span> 
     </span>
    </p>
   </div>
   <div class='ocr_carea' id='block_1_46' title="bbox 85 2940 1682 3013">
    <p class='ocr_par' dir='ltr' id='par_1_46' title="bbox 85 2940 1682 3013">
     <span class='ocr_line' id='line_1_46' title="bbox 85 2940 1682 3013; baseline 0.002 -18"><span class='ocrx_word' id='word_1_352' title='bbox 85 2940 277 2996; x_wconf 79' lang='lat' dir='ltr'><strong>videre</strong></span> <span class='ocrx_word' id='word_1_353' title='bbox 299 2941 493 2997; x_wconf 85' lang='lat' dir='ltr'><strong>nolens</strong></span> <span class='ocrx_word' id='word_1_354' title='bbox 512 2941 567 2996; x_wconf 92' lang='lat' dir='ltr'><strong>in</strong></span> <span class='ocrx_word' id='word_1_355' title='bbox 589 2956 756 3013; x_wconf 91' lang='lat' dir='ltr'><strong>prave</strong></span> <span class='ocrx_word' id='word_1_356' title='bbox 777 2942 1149 3007; x_wconf 86' lang='lat' dir='ltr'><strong>sentientium,</strong></span> <span class='ocrx_word' id='word_1_357' title='bbox 1179 2941 1400 2999; x_wconf 88' lang='lat' dir='ltr'><strong>Sabellii</strong></span> <span class='ocrx_word' id='word_1_358' title='bbox 1428 2942 1682 2999; x_wconf 82' lang='lat' dir='ltr'><strong>videlicet</strong></span> 
     </span>
    </p>
   </div>
   <div class='ocr_carea' id='block_1_47' title="bbox 84 3034 1680 3109">
    <p class='ocr_par' dir='ltr' id='par_1_47' title="bbox 84 3034 1680 3109">
     <span class='ocr_line' id='line_1_47' title="bbox 84 3034 1680 3109; baseline 0.001 -21"><span class='ocrx_word' id='word_1_359' title='bbox 84 3041 140 3089; x_wconf 90' lang='lat' dir='ltr'><strong>et</strong></span> <span class='ocrx_word' id='word_1_360' title='bbox 163 3034 311 3099; x_wconf 73' lang='lat' dir='ltr'><strong>Arii,</strong></span> <span class='ocrx_word' id='word_1_361' title='bbox 340 3047 478 3104; x_wconf 89' lang='lat' dir='ltr'><strong>quos</strong></span> <span class='ocrx_word' id='word_1_362' title='bbox 505 3048 629 3088; x_wconf 90' lang='lat' dir='ltr'><strong>cum</strong></span> <span class='ocrx_word' id='word_1_363' title='bbox 657 3034 905 3109; x_wconf 85' lang='lat' dir='ltr'><strong>nominat</strong></span> <span class='ocrx_word' id='word_1_364' title='bbox 929 3034 1253 3101; x_wconf 86' lang='lat' dir='ltr'><strong>detestatur,</strong></span> <span class='ocrx_word' id='word_1_365' title='bbox 1277 3040 1332 3090; x_wconf 89' lang='lat' dir='ltr'><strong>et</strong></span> <span class='ocrx_word' id='word_1_366' title='bbox 1360 3048 1525 3090; x_wconf 90' lang='lat' dir='ltr'><strong>sensu</strong></span> <span class='ocrx_word' id='word_1_367' title='bbox 1557 3050 1680 3090; x_wconf 91' lang='lat' dir='ltr'><strong>cum</strong></span> 
     </span>
    </p>
   </div>
   <div class='ocr_carea' id='block_1_48' title="bbox 88 3126 1682 3196">
    <p class='ocr_par' dir='ltr' id='par_1_48' title="bbox 88 3126 1682 3196">
     <span class='ocr_line' id='line_1_48' title="bbox 88 3126 1682 3196; baseline 0.001 -15"><span class='ocrx_word' id='word_1_368' title='bbox 88 3126 334 3196; x_wconf 84' lang='lat' dir='ltr'><strong>disputat</strong></span> <span class='ocrx_word' id='word_1_369' title='bbox 373 3127 660 3196; x_wconf 85' lang='lat' dir='ltr'><strong>sequitur,</strong></span> <span class='ocrx_word' id='word_1_370' title='bbox 703 3127 1000 3183; x_wconf 85' lang='lat' dir='ltr'><strong>sententias</strong></span> <span class='ocrx_word' id='word_1_371' title='bbox 1036 3127 1255 3182; x_wconf 83' lang='lat' dir='ltr'><strong>videtur</strong></span> <span class='ocrx_word' id='word_1_372' title='bbox 1297 3141 1521 3182; x_wconf 88' lang='lat' dir='ltr'><strong>currere</strong></span> <span class='ocrx_word' id='word_1_373' title='bbox 1559 3140 1682 3183; x_wconf 87' lang='lat' dir='ltr'><strong>cum</strong></span> 
     </span>
    </p>
   </div>
   <div class='ocr_carea' id='block_1_49' title="bbox 1779 1929 3375 2002">
    <p class='ocr_par' dir='ltr' id='par_1_49' title="bbox 1779 1929 3375 2002">
     <span class='ocr_line' id='line_1_49' title="bbox 1779 1929 3375 2002; baseline 0.001 -14"><span class='ocrx_word' id='word_1_374' title='bbox 1779 1929 1992 1989; x_wconf 85' lang='lat' dir='ltr'><strong>Patrem</strong></span> <span class='ocrx_word' id='word_1_375' title='bbox 2019 1941 2076 1988; x_wconf 91' lang='lat' dir='ltr'><strong>et</strong></span> <span class='ocrx_word' id='word_1_376' title='bbox 2105 1932 2300 1987; x_wconf 87' lang='lat' dir='ltr'><strong>Filium</strong></span> <span class='ocrx_word' id='word_1_377' title='bbox 2326 1940 2384 1987; x_wconf 88' lang='lat' dir='ltr'><strong>et</strong></span> <span class='ocrx_word' id='word_1_378' title='bbox 2399 1930 2664 2002; x_wconf 86' lang='lat' dir='ltr'><strong>Spiritum</strong></span> <span class='ocrx_word' id='word_1_379' title='bbox 2687 1941 3151 1997; x_wconf 78' lang='lat' dir='ltr'><strong>sanctum,unttm</strong></span> <span class='ocrx_word' id='word_1_380' title='bbox 3174 1931 3375 1995; x_wconf 46' lang='lat' dir='ltr'><strong>Daunia</strong></span> 
     </span>
    </p>
   </div>
   <div class='ocr_carea' id='block_1_50' title="bbox 1780 2022 3399 2096">
    <p class='ocr_par' dir='ltr' id='par_1_50' title="bbox 1780 2022 3399 2096">
     <span class='ocr_line' id='line_1_50' title="bbox 1780 2022 3399 2096; baseline 0.002 -15"><span class='ocrx_word' id='word_1_381' title='bbox 1780 2041 1945 2081; x_wconf 86' lang='lat' dir='ltr'><strong>unum</strong></span> <span class='ocrx_word' id='word_1_382' title='bbox 1966 2026 2413 2096; x_wconf 87' lang='lat' dir='ltr'><strong>omnipotentem,</strong></span> <span class='ocrx_word' id='word_1_383' title='bbox 2439 2040 2573 2096; x_wconf 83' lang='lat' dir='ltr'><strong>ergo</strong></span> <span class='ocrx_word' id='word_1_384' title='bbox 2598 2040 2765 2081; x_wconf 89' lang='lat' dir='ltr'><strong>unum</strong></span> <span class='ocrx_word' id='word_1_385' title='bbox 2790 2024 3139 2096; x_wconf 76' lang='lat' dir='ltr'><strong>principium.</strong></span> <span class='ocrx_word' id='word_1_386' title='bbox 3154 2033 3203 2078; x_wconf 64' lang='grc' dir='ltr'><strong>,δι</strong></span> <span class='ocrx_word' id='word_1_387' title='bbox 3221 2022 3399 2085; x_wconf 58' lang='lat' dir='ltr'><strong>Eii-iur</strong></span> 
     </span>
    </p>
   </div>
   <div class='ocr_carea' id='block_1_51' title="bbox 1779 2115 3484 2189">
    <p class='ocr_par' dir='ltr' id='par_1_51' title="bbox 1779 2115 3484 2189">
     <span class='ocr_line' id='line_1_51' title="bbox 1779 2115 3484 2189; baseline 0.005 -17"><span class='ocrx_word' id='word_1_388' title='bbox 1779 2131 2031 2173; x_wconf 86' lang='lat' dir='ltr'><strong>sermone</strong></span> <span class='ocrx_word' id='word_1_389' title='bbox 2052 2116 2335 2189; x_wconf 84' lang='lat' dir='ltr'><strong>trigesimo</strong></span> <span class='ocrx_word' id='word_1_390' title='bbox 2374 2117 2652 2189; x_wconf 88' lang='lat' dir='ltr'><strong>septimo:</strong></span> <span class='ocrx_word' id='word_1_391' title='bbox 2698 2136 2718 2170; x_wconf 72' lang='grc' dir='ltr'><em>α</em></span> <span class='ocrx_word' id='word_1_392' title='bbox 2752 2115 2812 2173; x_wconf 89' lang='lat' dir='ltr'><strong>Si</strong></span> <span class='ocrx_word' id='word_1_393' title='bbox 2851 2118 2998 2175; x_wconf 88' lang='lat' dir='ltr'><strong>enim</strong></span> <span class='ocrx_word' id='word_1_394' title='bbox 3036 2117 3180 2188; x_wconf 88' lang='lat' dir='ltr'><strong>quod</strong></span> <span class='ocrx_word' id='word_1_395' title='bbox 3204 2118 3379 2189; x_wconf 65' lang='lat' dir='ltr'><strong>pum</strong></span> <span class='ocrx_word' id='word_1_396' title='bbox 3472 2180 3484 2187; x_wconf 71' lang='grc'><strong>,</strong></span> 
     </span>
    </p>
   </div>
   <div class='ocr_carea' id='block_1_52' title="bbox 1780 2206 3377 2285">
    <p class='ocr_par' dir='ltr' id='par_1_52' title="bbox 1780 2206 3377 2285">
     <span class='ocr_line' id='line_1_52' title="bbox 1780 2206 3377 2285; baseline 0 -23"><span class='ocrx_word' id='word_1_397' title='bbox 1780 2206 2103 2277; x_wconf 83' lang='lat' dir='ltr'><strong>intelligunt,</strong></span> <span class='ocrx_word' id='word_1_398' title='bbox 2132 2206 2364 2278; x_wconf 81' lang='lat' dir='ltr'><strong>simplex</strong></span> <span class='ocrx_word' id='word_1_399' title='bbox 2389 2217 2475 2264; x_wconf 89' lang='lat' dir='ltr'><strong>est</strong></span> <span class='ocrx_word' id='word_1_400' title='bbox 2504 2218 2700 2264; x_wconf 88' lang='lat' dir='ltr'><strong>natura</strong></span> <span class='ocrx_word' id='word_1_401' title='bbox 2724 2209 2991 2269; x_wconf 86' lang='lat' dir='ltr'><strong>veritatis.</strong></span> <span class='ocrx_word' id='word_1_402' title='bbox 3019 2206 3377 2285; x_wconf 63' lang='lat' dir='ltr'><strong>hoeestgdiiq</strong></span> 
     </span>
    </p>
   </div>
   <div class='ocr_carea' id='block_1_53' title="bbox 1780 2298 3399 2370">
    <p class='ocr_par' dir='ltr' id='par_1_53' title="bbox 1780 2298 3399 2370">
     <span class='ocr_line' id='line_1_53' title="bbox 1780 2298 3399 2370; baseline 0.004 -18"><span class='ocrx_word' id='word_1_403' title='bbox 1780 2310 1934 2363; x_wconf 85' lang='lat' dir='ltr'><strong>esse,</strong></span> <span class='ocrx_word' id='word_1_404' title='bbox 1964 2298 2109 2368; x_wconf 88' lang='lat' dir='ltr'><strong>quod</strong></span> <span class='ocrx_word' id='word_1_405' title='bbox 2152 2313 2334 2354; x_wconf 89' lang='lat' dir='ltr'><strong>nosse.</strong></span> <span class='ocrx_word' id='word_1_406' title='bbox 2385 2316 2406 2350; x_wconf 78' lang='grc' dir='ltr'><strong><em>ι</em></strong></span> <span class='ocrx_word' id='word_1_407' title='bbox 2443 2298 2514 2355; x_wconf 85' lang='lat' dir='ltr'><strong>Et</strong></span> <span class='ocrx_word' id='word_1_408' title='bbox 2557 2299 2612 2354; x_wconf 91' lang='lat' dir='ltr'><strong>in</strong></span> <span class='ocrx_word' id='word_1_409' title='bbox 2661 2313 2913 2355; x_wconf 88' lang='lat' dir='ltr'><strong>sermone</strong></span> <span class='ocrx_word' id='word_1_410' title='bbox 2951 2299 3399 2370; x_wconf 54' lang='lat' dir='ltr'><strong>quadragesimo;</strong></span> 
     </span>
    </p>
   </div>
   <div class='ocr_carea' id='block_1_54' title="bbox 1781 2388 3373 2467">
    <p class='ocr_par' dir='ltr' id='par_1_54' title="bbox 1781 2388 3373 2467">
     <span class='ocr_line' id='line_1_54' title="bbox 1781 2388 3373 2467; baseline 0.006 -27"><span class='ocrx_word' id='word_1_411' title='bbox 1781 2397 1976 2459; x_wconf 88' lang='lat' dir='ltr'><strong>quarto</strong></span> <span class='ocrx_word' id='word_1_412' title='bbox 2001 2406 2015 2442; x_wconf 93' lang='lat'><strong>:</strong></span> <span class='ocrx_word' id='word_1_413' title='bbox 2040 2407 2060 2441; x_wconf 71' lang='grc' dir='ltr'>ι</span> <span class='ocrx_word' id='word_1_414' title='bbox 2087 2388 2276 2445; x_wconf 83' lang='lat' dir='ltr'><strong>Ariani</strong></span> <span class='ocrx_word' id='word_1_415' title='bbox 2305 2390 2513 2456; x_wconf 89' lang='lat' dir='ltr'><strong>dicunt,</strong></span> <span class='ocrx_word' id='word_1_416' title='bbox 2537 2390 2683 2445; x_wconf 88' lang='lat' dir='ltr'><strong>aliud</strong></span> <span class='ocrx_word' id='word_1_417' title='bbox 2707 2399 2790 2445; x_wconf 84' lang='lat' dir='ltr'><strong>est</strong></span> <span class='ocrx_word' id='word_1_418' title='bbox 2810 2390 2994 2454; x_wconf 85' lang='lat' dir='ltr'><strong>Pater,</strong></span> <span class='ocrx_word' id='word_1_419' title='bbox 3010 2389 3161 2447; x_wconf 80' lang='lat' dir='ltr'><strong>aliud</strong></span> <span class='ocrx_word' id='word_1_420' title='bbox 3177 2388 3373 2467; x_wconf 57' lang='lat' dir='ltr'><strong>Eilis“</strong></span> 
     </span>
    </p>
   </div>
   <div class='ocr_carea' id='block_1_55' title="bbox 1781 2480 3393 2557">
    <p class='ocr_par' dir='ltr' id='par_1_55' title="bbox 1781 2480 3393 2557">
     <span class='ocr_line' id='line_1_55' title="bbox 1781 2480 3393 2557; baseline 0.004 -21"><span class='ocrx_word' id='word_1_421' title='bbox 1781 2481 1937 2552; x_wconf 89' lang='lat' dir='ltr'><strong>quasi</strong></span> <span class='ocrx_word' id='word_1_422' title='bbox 1971 2496 2079 2538; x_wconf 89' lang='lat' dir='ltr'><strong>non</strong></span> <span class='ocrx_word' id='word_1_423' title='bbox 2111 2483 2220 2539; x_wconf 90' lang='lat' dir='ltr'><strong>sint</strong></span> <span class='ocrx_word' id='word_1_424' title='bbox 2243 2483 2484 2554; x_wconf 82' lang='lat' dir='ltr'><strong>ejusdem</strong></span> <span class='ocrx_word' id='word_1_425' title='bbox 2510 2482 2830 2539; x_wconf 68' lang='lat' dir='ltr'><strong>substantia:</strong></span> <span class='ocrx_word' id='word_1_426' title='bbox 2856 2481 3021 2537; x_wconf 86' lang='lat' dir='ltr'><strong>Pater</strong></span> <span class='ocrx_word' id='word_1_427' title='bbox 3036 2490 3098 2536; x_wconf 87' lang='lat' dir='ltr'><strong>et</strong></span> <span class='ocrx_word' id='word_1_428' title='bbox 3121 2480 3393 2557; x_wconf 58' lang='lat' dir='ltr'><strong>Filiusaw</strong></span> 
     </span>
    </p>
   </div>
   <div class='ocr_carea' id='block_1_56' title="bbox 1780 2573 3399 2647">
    <p class='ocr_par' dir='ltr' id='par_1_56' title="bbox 1780 2573 3399 2647">
     <span class='ocr_line' id='line_1_56' title="bbox 1780 2573 3399 2647; baseline 0.001 -18"><span class='ocrx_word' id='word_1_429' title='bbox 1780 2575 1838 2629; x_wconf 91' lang='lat' dir='ltr'><strong>in</strong></span> <span class='ocrx_word' id='word_1_430' title='bbox 1869 2589 2119 2631; x_wconf 86' lang='lat' dir='ltr'><strong>sermone</strong></span> <span class='ocrx_word' id='word_1_431' title='bbox 2145 2576 2561 2647; x_wconf 81' lang='lat' dir='ltr'><strong>quadragesimo</strong></span> <span class='ocrx_word' id='word_1_432' title='bbox 2600 2576 2833 2644; x_wconf 86' lang='lat' dir='ltr'><strong>quinto:</strong></span> <span class='ocrx_word' id='word_1_433' title='bbox 2874 2590 2895 2626; x_wconf 74' lang='grc' dir='ltr'>ι</span> <span class='ocrx_word' id='word_1_434' title='bbox 2933 2574 2993 2631; x_wconf 91' lang='lat' dir='ltr'><strong>Si</strong></span> <span class='ocrx_word' id='word_1_435' title='bbox 3022 2580 3243 2631; x_wconf 81' lang='lat' dir='ltr'><strong>manuni</strong></span> 
     </span>
    </p>
   </div>
   <div class='ocr_carea' id='block_1_57' title="bbox 1784 2665 3398 2739">
    <p class='ocr_par' dir='ltr' id='par_1_57' title="bbox 1784 2665 3398 2739">
     <span class='ocr_line' id='line_1_57' title="bbox 1784 2665 3398 2739; baseline 0.001 -17"><span class='ocrx_word' id='word_1_436' title='bbox 1784 2666 2091 2738; x_wconf 86' lang='lat' dir='ltr'><strong>telligamus</strong></span> <span class='ocrx_word' id='word_1_437' title='bbox 2119 2676 2460 2739; x_wconf 87' lang='lat' dir='ltr'><strong>potestatem,</strong></span> <span class='ocrx_word' id='word_1_438' title='bbox 2493 2683 2599 2723; x_wconf 90' lang='lat' dir='ltr'><strong>una</strong></span> <span class='ocrx_word' id='word_1_439' title='bbox 2626 2676 2713 2723; x_wconf 86' lang='lat' dir='ltr'><strong>est</strong></span> <span class='ocrx_word' id='word_1_440' title='bbox 2753 2667 2932 2723; x_wconf 86' lang='lat' dir='ltr'><strong>Patris</strong></span> <span class='ocrx_word' id='word_1_441' title='bbox 2958 2676 3017 2722; x_wconf 90' lang='lat' dir='ltr'><strong>et</strong></span> <span class='ocrx_word' id='word_1_442' title='bbox 3056 2665 3183 2722; x_wconf 73' lang='lat' dir='ltr'><strong>Filii</strong></span> <span class='ocrx_word' id='word_1_443' title='bbox 3209 2675 3398 2738; x_wconf 65' lang='lat' dir='ltr'><strong>[tuo-«.-</strong></span> 
     </span>
    </p>
   </div>
   <div class='ocr_carea' id='block_1_58' title="bbox 1784 2757 3398 2829">
    <p class='ocr_par' dir='ltr' id='par_1_58' title="bbox 1784 2757 3398 2829">
     <span class='ocr_line' id='line_1_58' title="bbox 1784 2757 3398 2829; baseline -0.001 -16"><span class='ocrx_word' id='word_1_444' title='bbox 1784 2765 1925 2819; x_wconf 84' lang='lat' dir='ltr'><strong>stas,</strong></span> <span class='ocrx_word' id='word_1_445' title='bbox 1957 2758 2084 2828; x_wconf 84' lang='lat' dir='ltr'><strong>quia</strong></span> <span class='ocrx_word' id='word_1_446' title='bbox 2118 2770 2226 2812; x_wconf 87' lang='lat' dir='ltr'><strong>una</strong></span> <span class='ocrx_word' id='word_1_447' title='bbox 2268 2757 2547 2815; x_wconf 78' lang='lat' dir='ltr'><strong>divinitas.</strong></span> <span class='ocrx_word' id='word_1_448' title='bbox 2589 2776 2608 2811; x_wconf 78' lang='grc' dir='ltr'><strong><em>ι</em></strong></span> <span class='ocrx_word' id='word_1_449' title='bbox 2642 2757 2711 2812; x_wconf 89' lang='lat' dir='ltr'><strong>Et</strong></span> <span class='ocrx_word' id='word_1_450' title='bbox 2746 2766 2872 2828; x_wconf 85' lang='lat' dir='ltr'><strong>post</strong></span> <span class='ocrx_word' id='word_1_451' title='bbox 2916 2772 3095 2829; x_wconf 70' lang='lat' dir='ltr'><strong>pauca</strong></span> <span class='ocrx_word' id='word_1_452' title='bbox 3124 2775 3149 2812; x_wconf 67' lang='grc' dir='ltr'><strong>σε</strong></span> <span class='ocrx_word' id='word_1_453' title='bbox 3176 2757 3398 2828; x_wconf 56' lang='grc' dir='ltr'><strong>σὺν»</strong></span> 
     </span>
    </p>
   </div>
   <div class='ocr_carea' id='block_1_59' title="bbox 1785 2846 3391 2919">
    <p class='ocr_par' dir='ltr' id='par_1_59' title="bbox 1785 2846 3391 2919">
     <span class='ocr_line' id='line_1_59' title="bbox 1785 2846 3391 2919; baseline 0.002 -16"><span class='ocrx_word' id='word_1_454' title='bbox 1785 2860 1945 2904; x_wconf 85' lang='lat' dir='ltr'><strong>nemo</strong></span> <span class='ocrx_word' id='word_1_455' title='bbox 1973 2848 2196 2919; x_wconf 87' lang='lat' dir='ltr'><strong>rapitde</strong></span> <span class='ocrx_word' id='word_1_456' title='bbox 2216 2864 2379 2904; x_wconf 84' lang='lat' dir='ltr'><strong>manu</strong></span> <span class='ocrx_word' id='word_1_457' title='bbox 2401 2846 2583 2904; x_wconf 86' lang='lat' dir='ltr'><strong>Patris</strong></span> <span class='ocrx_word' id='word_1_458' title='bbox 2611 2850 2743 2913; x_wconf 84' lang='lat' dir='ltr'><strong>mei,</strong></span> <span class='ocrx_word' id='word_1_459' title='bbox 2770 2850 2874 2904; x_wconf 85' lang='lat' dir='ltr'><strong>ltoe</strong></span> <span class='ocrx_word' id='word_1_460' title='bbox 2899 2857 3006 2915; x_wconf 85' lang='lat' dir='ltr'><strong>est,</strong></span> <span class='ocrx_word' id='word_1_461' title='bbox 3024 2862 3200 2904; x_wconf 73' lang='lat' dir='ltr'><strong>nemo</strong></span> <span class='ocrx_word' id='word_1_462' title='bbox 3229 2848 3391 2919; x_wconf 54' lang='lat' dir='ltr'><strong>capiat</strong></span> 
     </span>
    </p>
   </div>
   <div class='ocr_carea' id='block_1_60' title="bbox 1787 2938 3395 3012">
    <p class='ocr_par' dir='ltr' id='par_1_60' title="bbox 1787 2938 3395 3012">
     <span class='ocr_line' id='line_1_60' title="bbox 1787 2938 3395 3012; baseline -0.001 -18"><span class='ocrx_word' id='word_1_463' title='bbox 1787 2938 1942 2995; x_wconf 81' lang='lat' dir='ltr'><strong>mihi.</strong></span> <span class='ocrx_word' id='word_1_464' title='bbox 1976 2958 1995 2991; x_wconf 72' lang='grc' dir='ltr'><strong>ο</strong></span> <span class='ocrx_word' id='word_1_465' title='bbox 2038 2940 2094 2995; x_wconf 90' lang='lat' dir='ltr'><strong>in</strong></span> <span class='ocrx_word' id='word_1_466' title='bbox 2135 2954 2390 2996; x_wconf 88' lang='lat' dir='ltr'><strong>sermone</strong></span> <span class='ocrx_word' id='word_1_467' title='bbox 2436 2939 2835 3012; x_wconf 83' lang='lat' dir='ltr'><strong>septuagesimo</strong></span> <span class='ocrx_word' id='word_1_468' title='bbox 2875 2947 3083 3010; x_wconf 78' lang='lat' dir='ltr'><strong>quarto</strong></span> <span class='ocrx_word' id='word_1_469' title='bbox 3098 2958 3127 2993; x_wconf 63' lang='grc' dir='ltr'><strong>ε,</strong></span> <span class='ocrx_word' id='word_1_470' title='bbox 3151 2940 3395 3011; x_wconf 53' lang='lat' dir='ltr'><strong>suam.</strong></span> 
     </span>
    </p>
   </div>
   <div class='ocr_carea' id='block_1_61' title="bbox 1785 3030 3387 3103">
    <p class='ocr_par' dir='ltr' id='par_1_61' title="bbox 1785 3030 3387 3103">
     <span class='ocr_line' id='line_1_61' title="bbox 1785 3030 3387 3103; baseline 0.003 -18"><span class='ocrx_word' id='word_1_471' title='bbox 1785 3044 1918 3102; x_wconf 86' lang='lat' dir='ltr'><strong>ergo</strong></span> <span class='ocrx_word' id='word_1_472' title='bbox 1958 3030 2032 3086; x_wconf 85' lang='lat' dir='ltr'><strong>sit</strong></span> <span class='ocrx_word' id='word_1_473' title='bbox 2073 3030 2294 3086; x_wconf 88' lang='lat' dir='ltr'><strong>omnino</strong></span> <span class='ocrx_word' id='word_1_474' title='bbox 2347 3031 2728 3103; x_wconf 87' lang='lat' dir='ltr'><strong>inseparabilis</strong></span> <span class='ocrx_word' id='word_1_475' title='bbox 2777 3031 3046 3097; x_wconf 83' lang='lat' dir='ltr'><strong>Trinitas,</strong></span> <span class='ocrx_word' id='word_1_476' title='bbox 3095 3036 3387 3102; x_wconf 48' lang='lat' dir='ltr'><strong>antiqua</strong></span> 
     </span>
    </p>
   </div>
   <div class='ocr_carea' id='block_1_62' title="bbox 1791 3122 3383 3193">
    <p class='ocr_par' dir='ltr' id='par_1_62' title="bbox 1791 3122 3383 3193">
     <span class='ocr_line' id='line_1_62' title="bbox 1791 3122 3383 3193; baseline 0.003 -16"><span class='ocrx_word' id='word_1_477' title='bbox 1791 3122 2032 3181; x_wconf 84' lang='lat' dir='ltr'><strong>Trinitas</strong></span> <span class='ocrx_word' id='word_1_478' title='bbox 2077 3137 2201 3178; x_wconf 89' lang='lat' dir='ltr'><strong>esse</strong></span> <span class='ocrx_word' id='word_1_479' title='bbox 2253 3122 2511 3187; x_wconf 89' lang='lat' dir='ltr'><strong>sciretur,</strong></span> <span class='ocrx_word' id='word_1_480' title='bbox 2566 3123 2612 3179; x_wconf 89' lang='lat' dir='ltr'><strong>si</strong></span> <span class='ocrx_word' id='word_1_481' title='bbox 2669 3138 2887 3193; x_wconf 89' lang='lat' dir='ltr'><strong>semper</strong></span> <span class='ocrx_word' id='word_1_482' title='bbox 2943 3122 3383 3193; x_wconf 59' lang='lat' dir='ltr'><strong>iuseum</strong></span> 
     </span>
    </p>
   </div>
   <div class='ocr_carea' id='block_1_63' title="bbox 87 3187 3381 3287">
    <p class='ocr_par' dir='ltr' id='par_1_63' title="bbox 87 3187 3381 3287">
     <span class='ocr_line' id='line_1_63' title="bbox 87 3187 3381 3287; baseline 0.001 -16"><span class='ocrx_word' id='word_1_483' title='bbox 87 3187 200 3272; x_wconf 73' lang='lat' dir='ltr'><strong>suis</strong></span> <span class='ocrx_word' id='word_1_484' title='bbox 234 3187 728 3287; x_wconf 26' lang='lat' dir='ltr'><strong>compiicibuspde</strong></span> <span class='ocrx_word' id='word_1_485' title='bbox 756 3217 953 3287; x_wconf 88' lang='lat' dir='ltr'><strong>quibus</strong></span> <span class='ocrx_word' id='word_1_486' title='bbox 995 3218 1257 3287; x_wconf 88' lang='lat' dir='ltr'><strong>scriptum</strong></span> <span class='ocrx_word' id='word_1_487' title='bbox 1301 3225 1416 3272; x_wconf 89' lang='lat' dir='ltr'><strong>est:</strong></span> <span class='ocrx_word' id='word_1_488' title='bbox 1449 3215 1679 3272; x_wconf 74' lang='lat' dir='ltr'><strong>Descen-</strong></span> <span class='ocrx_word' id='word_1_489' title='bbox 1710 3187 1758 3250; x_wconf 69' lang='grc' dir='ltr'>Ο</span> <span class='ocrx_word' id='word_1_490' title='bbox 1790 3214 2095 3270; x_wconf 90' lang='lat' dir='ltr'><strong>doceretur.</strong></span> <span class='ocrx_word' id='word_1_491' title='bbox 2128 3213 2263 3270; x_wconf 82' lang='lat' dir='ltr'><strong>Nam</strong></span> <span class='ocrx_word' id='word_1_492' title='bbox 2306 3230 2431 3271; x_wconf 90' lang='lat' dir='ltr'><strong>cum</strong></span> <span class='ocrx_word' id='word_1_493' title='bbox 2469 3214 2702 3272; x_wconf 86' lang='lat' dir='ltr'><strong>dicimus</strong></span> <span class='ocrx_word' id='word_1_494' title='bbox 2740 3187 2958 3271; x_wconf 76' lang='lat' dir='ltr'><strong>Patrem</strong></span> <span class='ocrx_word' id='word_1_495' title='bbox 2988 3187 3381 3277; x_wconf 43' lang='lat' dir='ltr'><strong>&#39;et-Filium&#39;at</strong></span> 
     </span>
    </p>
   </div>
   <div class='ocr_carea' id='block_1_64' title="bbox 85 3307 1683 3378">
    <p class='ocr_par' dir='ltr' id='par_1_64' title="bbox 85 3307 1683 3378">
     <span class='ocr_line' id='line_1_64' title="bbox 85 3307 1683 3378; baseline 0.001 -17"><span class='ocrx_word' id='word_1_496' title='bbox 85 3309 216 3362; x_wconf 77' lang='lat' dir='ltr'><strong>dant</strong></span> <span class='ocrx_word' id='word_1_497' title='bbox 237 3310 297 3362; x_wconf 85' lang='lat' dir='ltr'><strong>in</strong></span> <span class='ocrx_word' id='word_1_498' title='bbox 325 3308 594 3377; x_wconf 80' lang='lat' dir='ltr'><strong>infernum</strong></span> <span class='ocrx_word' id='word_1_499' title='bbox 620 3310 862 3374; x_wconf 73' lang='lat' dir='ltr'><strong>viventes,</strong></span> <span class='ocrx_word' id='word_1_500' title='bbox 891 3309 944 3364; x_wconf 90' lang='lat' dir='ltr'><strong>id</strong></span> <span class='ocrx_word' id='word_1_501' title='bbox 970 3316 1054 3365; x_wconf 90' lang='lat' dir='ltr'><strong>est</strong></span> <span class='ocrx_word' id='word_1_502' title='bbox 1074 3308 1327 3364; x_wconf 88' lang='lat' dir='ltr'><strong>labantur</strong></span> <span class='ocrx_word' id='word_1_503' title='bbox 1352 3310 1406 3364; x_wconf 92' lang='lat' dir='ltr'><strong>in</strong></span> <span class='ocrx_word' id='word_1_504' title='bbox 1432 3307 1683 3378; x_wconf 86' lang='lat' dir='ltr'><strong>blasphe-</strong></span> 
     </span>
    </p>
   </div>
   <div class='ocr_carea' id='block_1_65' title="bbox 86 3396 1686 3469">
    <p class='ocr_par' dir='ltr' id='par_1_65' title="bbox 86 3396 1686 3469">
     <span class='ocr_line' id='line_1_65' title="bbox 86 3396 1686 3469; baseline 0.002 -18"><span class='ocrx_word' id='word_1_505' title='bbox 86 3397 212 3453; x_wconf 69' lang='lat' dir='ltr'><strong>mia</strong></span> <span class='ocrx_word' id='word_1_506' title='bbox 238 3407 530 3469; x_wconf 83' lang='lat' dir='ltr'><strong>peccatum</strong></span> <span class='ocrx_word' id='word_1_507' title='bbox 572 3396 825 3455; x_wconf 88' lang='lat' dir='ltr'><strong>scientes.</strong></span> <span class='ocrx_word' id='word_1_508' title='bbox 863 3396 1003 3454; x_wconf 81' lang='lat' dir='ltr'><strong>Nam</strong></span> <span class='ocrx_word' id='word_1_509' title='bbox 1040 3399 1087 3456; x_wconf 88' lang='lat' dir='ltr'><strong>si</strong></span> <span class='ocrx_word' id='word_1_510' title='bbox 1119 3400 1296 3455; x_wconf 86' lang='lat' dir='ltr'><strong>deitas</strong></span> <span class='ocrx_word' id='word_1_511' title='bbox 1327 3399 1686 3469; x_wconf 87' lang='lat' dir='ltr'><strong>personaliter</strong></span> 
     </span>
    </p>
   </div>
   <div class='ocr_carea' id='block_1_66' title="bbox 86 3487 1685 3561">
    <p class='ocr_par' dir='ltr' id='par_1_66' title="bbox 86 3487 1685 3561">
     <span class='ocr_line' id='line_1_66' title="bbox 86 3487 1685 3561; baseline 0.004 -22"><span class='ocrx_word' id='word_1_512' title='bbox 86 3487 229 3543; x_wconf 87' lang='lat' dir='ltr'><strong>trina</strong></span> <span class='ocrx_word' id='word_1_513' title='bbox 255 3497 362 3552; x_wconf 89' lang='lat' dir='ltr'><strong>est,</strong></span> <span class='ocrx_word' id='word_1_514' title='bbox 397 3497 510 3544; x_wconf 90' lang='lat' dir='ltr'><strong>tres</strong></span> <span class='ocrx_word' id='word_1_515' title='bbox 533 3489 764 3546; x_wconf 87' lang='lat' dir='ltr'><strong>deitates</strong></span> <span class='ocrx_word' id='word_1_516' title='bbox 788 3505 855 3546; x_wconf 86' lang='lat' dir='ltr'><strong>ac</strong></span> <span class='ocrx_word' id='word_1_517' title='bbox 877 3505 976 3561; x_wconf 84' lang='lat' dir='ltr'><strong>per</strong></span> <span class='ocrx_word' id='word_1_518' title='bbox 997 3491 1100 3546; x_wconf 84' lang='lat' dir='ltr'><strong>hoc</strong></span> <span class='ocrx_word' id='word_1_519' title='bbox 1139 3500 1252 3547; x_wconf 88' lang='lat' dir='ltr'><strong>tres</strong></span> <span class='ocrx_word' id='word_1_520' title='bbox 1277 3491 1350 3546; x_wconf 90' lang='lat' dir='ltr'><strong>dii</strong></span> <span class='ocrx_word' id='word_1_521' title='bbox 1383 3499 1561 3557; x_wconf 89' lang='lat' dir='ltr'><strong>erunt,</strong></span> <span class='ocrx_word' id='word_1_522' title='bbox 1592 3498 1685 3546; x_wconf 84' lang='lat' dir='ltr'><strong>aut</strong></span> 
     </span>
    </p>
   </div>
   <div class='ocr_carea' id='block_1_67' title="bbox 83 3582 1683 3655">
    <p class='ocr_par' dir='ltr' id='par_1_67' title="bbox 83 3582 1683 3655">
     <span class='ocr_line' id='line_1_67' title="bbox 83 3582 1683 3655; baseline 0.003 -20"><span class='ocrx_word' id='word_1_523' title='bbox 83 3597 195 3636; x_wconf 88' lang='lat' dir='ltr'><strong>una</strong></span> <span class='ocrx_word' id='word_1_524' title='bbox 223 3582 409 3638; x_wconf 87' lang='lat' dir='ltr'><strong>deitas</strong></span> <span class='ocrx_word' id='word_1_525' title='bbox 454 3582 511 3637; x_wconf 88' lang='lat' dir='ltr'><strong>in</strong></span> <span class='ocrx_word' id='word_1_526' title='bbox 557 3583 729 3638; x_wconf 86' lang='lat' dir='ltr'><strong>tribus</strong></span> <span class='ocrx_word' id='word_1_527' title='bbox 771 3583 1020 3653; x_wconf 86' lang='lat' dir='ltr'><strong>personis</strong></span> <span class='ocrx_word' id='word_1_528' title='bbox 1062 3584 1169 3639; x_wconf 89' lang='lat' dir='ltr'><strong>erit</strong></span> <span class='ocrx_word' id='word_1_529' title='bbox 1210 3583 1410 3655; x_wconf 85' lang='lat' dir='ltr'><strong>partita</strong></span> <span class='ocrx_word' id='word_1_530' title='bbox 1435 3625 1450 3649; x_wconf 94' lang='lat'><strong>,</strong></span> <span class='ocrx_word' id='word_1_531' title='bbox 1494 3591 1551 3639; x_wconf 88' lang='lat' dir='ltr'><strong>et</strong></span> <span class='ocrx_word' id='word_1_532' title='bbox 1572 3584 1683 3655; x_wconf 83' lang='lat' dir='ltr'><strong>jam</strong></span> 
     </span>
    </p>
   </div>
   <div class='ocr_carea' id='block_1_68' title="bbox 85 3672 1685 3747">
    <p class='ocr_par' dir='ltr' id='par_1_68' title="bbox 85 3672 1685 3747">
     <span class='ocr_line' id='line_1_68' title="bbox 85 3672 1685 3747; baseline 0.003 -21"><span class='ocrx_word' id='word_1_533' title='bbox 85 3672 335 3728; x_wconf 86' lang='lat' dir='ltr'><strong>Trinitas</strong></span> <span class='ocrx_word' id='word_1_534' title='bbox 362 3688 472 3728; x_wconf 90' lang='lat' dir='ltr'><strong>non</strong></span> <span class='ocrx_word' id='word_1_535' title='bbox 500 3673 904 3744; x_wconf 84' lang='lat' dir='ltr'><strong>inseparabilis,</strong></span> <span class='ocrx_word' id='word_1_536' title='bbox 933 3675 1026 3730; x_wconf 89' lang='lat' dir='ltr'><strong>sed</strong></span> <span class='ocrx_word' id='word_1_537' title='bbox 1061 3684 1345 3747; x_wconf 86' lang='lat' dir='ltr'><strong>separata,</strong></span> <span class='ocrx_word' id='word_1_538' title='bbox 1376 3683 1431 3729; x_wconf 91' lang='lat' dir='ltr'><strong>et</strong></span> <span class='ocrx_word' id='word_1_539' title='bbox 1460 3675 1601 3732; x_wconf 90' lang='lat' dir='ltr'><strong>sicut</strong></span> <span class='ocrx_word' id='word_1_540' title='bbox 1629 3676 1685 3730; x_wconf 90' lang='lat' dir='ltr'><strong>in</strong></span> 
     </span>
    </p>
   </div>
   <div class='ocr_carea' id='block_1_69' title="bbox 82 3763 1684 3832">
    <p class='ocr_par' dir='ltr' id='par_1_69' title="bbox 82 3763 1684 3832">
     <span class='ocr_line' id='line_1_69' title="bbox 82 3763 1684 3832; baseline 0.001 -14"><span class='ocrx_word' id='word_1_541' title='bbox 82 3764 362 3832; x_wconf 86' lang='lat' dir='ltr'><strong>personis,</strong></span> <span class='ocrx_word' id='word_1_542' title='bbox 395 3763 468 3818; x_wconf 90' lang='lat' dir='ltr'><strong>ita</strong></span> <span class='ocrx_word' id='word_1_543' title='bbox 500 3774 557 3819; x_wconf 90' lang='lat' dir='ltr'><strong>et</strong></span> <span class='ocrx_word' id='word_1_544' title='bbox 586 3765 640 3819; x_wconf 77' lang='lat' dir='ltr'><strong>i’n</strong></span> <span class='ocrx_word' id='word_1_545' title='bbox 672 3765 972 3820; x_wconf 88' lang='lat' dir='ltr'><strong>substantia</strong></span> <span class='ocrx_word' id='word_1_546' title='bbox 1003 3765 1359 3821; x_wconf 84' lang='lat' dir='ltr'><strong>numerabilis</strong></span> <span class='ocrx_word' id='word_1_547' title='bbox 1386 3766 1513 3831; x_wconf 90' lang='lat' dir='ltr'><strong>erit,</strong></span> <span class='ocrx_word' id='word_1_548' title='bbox 1545 3774 1602 3822; x_wconf 88' lang='lat' dir='ltr'><strong>et</strong></span> <span class='ocrx_word' id='word_1_549' title='bbox 1630 3766 1684 3821; x_wconf 90' lang='lat' dir='ltr'><strong>in</strong></span> 
     </span>
    </p>
   </div>
   <div class='ocr_carea' id='block_1_70' title="bbox 82 3838 1689 3928">
    <p class='ocr_par' dir='ltr' id='par_1_70' title="bbox 82 3838 1689 3928">
     <span class='ocr_line' id='line_1_70' title="bbox 82 3838 1689 3928; baseline 0.001 -19"><span class='ocrx_word' id='word_1_550' title='bbox 82 3848 241 3909; x_wconf 82' lang='lat' dir='ltr'><strong>nulla</strong></span> <span class='ocrx_word' id='word_1_551' title='bbox 275 3854 346 3910; x_wconf 89' lang='lat' dir='ltr'><strong>de</strong></span> <span class='ocrx_word' id='word_1_552' title='bbox 375 3838 550 3909; x_wconf 70' lang='lat' dir='ltr'><strong>tribus</strong></span> <span class='ocrx_word' id='word_1_553' title='bbox 573 3856 821 3924; x_wconf 88' lang='lat' dir='ltr'><strong>personis</strong></span> <span class='ocrx_word' id='word_1_554' title='bbox 856 3852 1032 3910; x_wconf 86' lang='lat' dir='ltr'><strong>deitas</strong></span> <span class='ocrx_word' id='word_1_555' title='bbox 1070 3854 1305 3928; x_wconf 79' lang='lat' dir='ltr'><strong>perfecta</strong></span> <span class='ocrx_word' id='word_1_556' title='bbox 1336 3856 1477 3920; x_wconf 88' lang='lat' dir='ltr'><strong>erit,</strong></span> <span class='ocrx_word' id='word_1_557' title='bbox 1500 3853 1689 3925; x_wconf 85' lang='lat' dir='ltr'><strong>sicque</strong></span> 
     </span>
    </p>
   </div>
   <div class='ocr_carea' id='block_1_71' title="bbox 83 3944 1689 4017">
    <p class='ocr_par' dir='ltr' id='par_1_71' title="bbox 83 3944 1689 4017">
     <span class='ocr_line' id='line_1_71' title="bbox 83 3944 1689 4017; baseline -0.001 -15"><span class='ocrx_word' id='word_1_558' title='bbox 83 3944 259 4010; x_wconf 76' lang='lat' dir='ltr'><strong>ﬂens,</strong></span> <span class='ocrx_word' id='word_1_559' title='bbox 286 3946 436 4015; x_wconf 87' lang='lat' dir='ltr'><strong>quod</strong></span> <span class='ocrx_word' id='word_1_560' title='bbox 470 3952 526 4000; x_wconf 92' lang='lat' dir='ltr'><strong>et</strong></span> <span class='ocrx_word' id='word_1_561' title='bbox 548 3944 770 4001; x_wconf 87' lang='lat' dir='ltr'><strong>stultum</strong></span> <span class='ocrx_word' id='word_1_562' title='bbox 796 3954 852 4001; x_wconf 91' lang='lat' dir='ltr'><strong>et</strong></span> <span class='ocrx_word' id='word_1_563' title='bbox 874 3945 1030 4002; x_wconf 82' lang='lat' dir='ltr'><strong>nefas</strong></span> <span class='ocrx_word' id='word_1_564' title='bbox 1057 3952 1143 4001; x_wconf 89' lang='lat' dir='ltr'><strong>est</strong></span> <span class='ocrx_word' id='word_1_565' title='bbox 1172 3944 1375 4010; x_wconf 86' lang='lat' dir='ltr'><strong>dicere,</strong></span> <span class='ocrx_word' id='word_1_566' title='bbox 1403 3944 1689 4017; x_wconf 79' lang='lat' dir='ltr'><strong>imperfec-</strong></span> 
     </span>
    </p>
   </div>
   <div class='ocr_carea' id='block_1_72' title="bbox 81 4033 1686 4106">
    <p class='ocr_par' dir='ltr' id='par_1_72' title="bbox 81 4033 1686 4106">
     <span class='ocr_line' id='line_1_72' title="bbox 81 4033 1686 4106; baseline 0.001 -18"><span class='ocrx_word' id='word_1_567' title='bbox 81 4042 177 4089; x_wconf 85' lang='lat' dir='ltr'><strong>tus</strong></span> <span class='ocrx_word' id='word_1_568' title='bbox 208 4035 337 4091; x_wconf 87' lang='lat' dir='ltr'><strong>erit.</strong></span> <span class='ocrx_word' id='word_1_569' title='bbox 381 4033 723 4105; x_wconf 83' lang='lat' dir='ltr'><strong>Quapropter</strong></span> <span class='ocrx_word' id='word_1_570' title='bbox 750 4049 856 4090; x_wconf 88' lang='lat' dir='ltr'><strong>non</strong></span> <span class='ocrx_word' id='word_1_571' title='bbox 889 4036 963 4091; x_wconf 84' lang='lat' dir='ltr'><strong>ab</strong></span> <span class='ocrx_word' id='word_1_572' title='bbox 985 4048 1047 4091; x_wconf 86' lang='lat' dir='ltr'><strong>re</strong></span> <span class='ocrx_word' id='word_1_573' title='bbox 1073 4042 1455 4106; x_wconf 64' lang='lat' dir='ltr'><strong>commtamus</strong></span> <span class='ocrx_word' id='word_1_574' title='bbox 1477 4076 1493 4101; x_wconf 95' lang='lat'><strong>,</strong></span> <span class='ocrx_word' id='word_1_575' title='bbox 1535 4033 1686 4090; x_wconf 87' lang='lat' dir='ltr'><strong>illum</strong></span> 
     </span>
    </p>
   </div>
   <div class='ocr_carea' id='block_1_73' title="bbox 78 4123 1691 4203">
    <p class='ocr_par' dir='ltr' id='par_1_73' title="bbox 78 4123 1691 4203">
     <span class='ocr_line' id='line_1_73' title="bbox 78 4123 1691 4203; baseline 0.002 -25"><span class='ocrx_word' id='word_1_576' title='bbox 78 4124 270 4203; x_wconf 81' lang='lat' dir='ltr'><strong>ipsum</strong></span> <span class='ocrx_word' id='word_1_577' title='bbox 298 4125 553 4195; x_wconf 82' lang='lat' dir='ltr'><strong>spiritum</strong></span> <span class='ocrx_word' id='word_1_578' title='bbox 576 4139 676 4181; x_wconf 90' lang='lat' dir='ltr'><strong>nos</strong></span> <span class='ocrx_word' id='word_1_579' title='bbox 700 4139 803 4196; x_wconf 90' lang='lat' dir='ltr'><strong>per</strong></span> <span class='ocrx_word' id='word_1_580' title='bbox 825 4123 985 4194; x_wconf 83' lang='lat' dir='ltr'><strong>hujus</strong></span> <span class='ocrx_word' id='word_1_581' title='bbox 1002 4166 1017 4191; x_wconf 93' lang='lat'><strong>,</strong></span> <span class='ocrx_word' id='word_1_582' title='bbox 1058 4125 1199 4181; x_wconf 88' lang='lat' dir='ltr'><strong>sicut</strong></span> <span class='ocrx_word' id='word_1_583' title='bbox 1221 4131 1278 4180; x_wconf 91' lang='lat' dir='ltr'><strong>et</strong></span> <span class='ocrx_word' id='word_1_584' title='bbox 1318 4140 1419 4196; x_wconf 91' lang='lat' dir='ltr'><strong>per</strong></span> <span class='ocrx_word' id='word_1_585' title='bbox 1444 4124 1594 4190; x_wconf 85' lang='lat' dir='ltr'><strong>Arii,</strong></span> <span class='ocrx_word' id='word_1_586' title='bbox 1627 4139 1691 4181; x_wconf 88' lang='lat' dir='ltr'><strong>os</strong></span> 
     </span>
    </p>
   </div>
   <div class='ocr_carea' id='block_1_74' title="bbox 79 4215 1692 4291">
    <p class='ocr_par' dir='ltr' id='par_1_74' title="bbox 79 4215 1692 4291">
     <span class='ocr_line' id='line_1_74' title="bbox 79 4215 1692 4291; baseline 0 -20"><span class='ocrx_word' id='word_1_587' title='bbox 79 4216 304 4281; x_wconf 81' lang='lat' dir='ltr'><strong>audire,</strong></span> <span class='ocrx_word' id='word_1_588' title='bbox 332 4216 428 4286; x_wconf 88' lang='lat' dir='ltr'><strong>qui</strong></span> <span class='ocrx_word' id='word_1_589' title='bbox 474 4231 572 4287; x_wconf 89' lang='lat' dir='ltr'><strong>per</strong></span> <span class='ocrx_word' id='word_1_590' title='bbox 591 4226 898 4291; x_wconf 88' lang='lat' dir='ltr'><strong>serpentem</strong></span> <span class='ocrx_word' id='word_1_591' title='bbox 928 4218 1120 4290; x_wconf 88' lang='lat' dir='ltr'><strong>primis</strong></span> <span class='ocrx_word' id='word_1_592' title='bbox 1146 4216 1466 4289; x_wconf 84' lang='lat' dir='ltr'><strong>parentibus</strong></span> <span class='ocrx_word' id='word_1_593' title='bbox 1506 4215 1692 4271; x_wconf 75' lang='lat' dir='ltr'><strong>sibila-</strong></span> 
     </span>
    </p>
   </div>
   <div class='ocr_carea' id='block_1_75' title="bbox 80 4306 1692 4381">
    <p class='ocr_par' dir='ltr' id='par_1_75' title="bbox 80 4306 1692 4381">
     <span class='ocr_line' id='line_1_75' title="bbox 80 4306 1692 4381; baseline 0.001 -21"><span class='ocrx_word' id='word_1_594' title='bbox 80 4306 183 4371; x_wconf 83' lang='lat' dir='ltr'><strong>vit,</strong></span> <span class='ocrx_word' id='word_1_595' title='bbox 219 4306 396 4362; x_wconf 77' lang='lat' dir='ltr'><strong>Eritis</strong></span> <span class='ocrx_word' id='word_1_596' title='bbox 438 4307 575 4363; x_wconf 78' lang='lat' dir='ltr'><strong>sicut</strong></span> <span class='ocrx_word' id='word_1_597' title='bbox 599 4308 696 4364; x_wconf 80' lang='lat' dir='ltr'><strong>dii.</strong></span> <span class='ocrx_word' id='word_1_598' title='bbox 740 4307 945 4365; x_wconf 86' lang='lat' dir='ltr'><strong>Contra</strong></span> <span class='ocrx_word' id='word_1_599' title='bbox 986 4308 1142 4381; x_wconf 81' lang='lat' dir='ltr'><strong>cujus</strong></span> <span class='ocrx_word' id='word_1_600' title='bbox 1184 4307 1520 4380; x_wconf 88' lang='lat' dir='ltr'><strong>impietatem</strong></span> <span class='ocrx_word' id='word_1_601' title='bbox 1560 4322 1692 4363; x_wconf 88' lang='lat' dir='ltr'><strong>san-</strong></span> 
     </span>
    </p>
   </div>
   <div class='ocr_carea' id='block_1_76' title="bbox 79 4397 1692 4472">
    <p class='ocr_par' dir='ltr' id='par_1_76' title="bbox 79 4397 1692 4472">
     <span class='ocr_line' id='line_1_76' title="bbox 79 4397 1692 4472; baseline 0 -19"><span class='ocrx_word' id='word_1_602' title='bbox 79 4407 213 4453; x_wconf 83' lang='lat' dir='ltr'><strong>ctus</strong></span> <span class='ocrx_word' id='word_1_603' title='bbox 246 4397 589 4470; x_wconf 82' lang='lat' dir='ltr'><strong>Augustinus</strong></span> <span class='ocrx_word' id='word_1_604' title='bbox 616 4399 671 4454; x_wconf 91' lang='lat' dir='ltr'><strong>in</strong></span> <span class='ocrx_word' id='word_1_605' title='bbox 703 4400 936 4469; x_wconf 89' lang='lat' dir='ltr'><strong>septimo</strong></span> <span class='ocrx_word' id='word_1_606' title='bbox 962 4399 1103 4456; x_wconf 86' lang='lat' dir='ltr'><strong>libro</strong></span> <span class='ocrx_word' id='word_1_607' title='bbox 1143 4400 1283 4472; x_wconf 75' lang='lat' dir='ltr'><strong>(cap.</strong></span> <span class='ocrx_word' id='word_1_608' title='bbox 1314 4398 1372 4470; x_wconf 85' lang='lat'><strong>6)</strong></span> <span class='ocrx_word' id='word_1_609' title='bbox 1399 4398 1466 4455; x_wconf 86' lang='lat' dir='ltr'><strong>de</strong></span> <span class='ocrx_word' id='word_1_610' title='bbox 1501 4407 1692 4454; x_wconf 83' lang='lat' dir='ltr'><strong>sancta</strong></span> 
     </span>
    </p>
   </div>
   <div class='ocr_carea' id='block_1_77' title="bbox 1790 3303 3378 3376">
    <p class='ocr_par' dir='ltr' id='par_1_77' title="bbox 1790 3303 3378 3376">
     <span class='ocr_line' id='line_1_77' title="bbox 1790 3303 3378 3376; baseline 0.004 -19"><span class='ocrx_word' id='word_1_611' title='bbox 1790 3303 2052 3374; x_wconf 83' lang='lat' dir='ltr'><strong>Spiritum</strong></span> <span class='ocrx_word' id='word_1_612' title='bbox 2076 3313 2341 3367; x_wconf 88' lang='lat' dir='ltr'><strong>sanctum,</strong></span> <span class='ocrx_word' id='word_1_613' title='bbox 2377 3320 2487 3360; x_wconf 90' lang='lat' dir='ltr'><strong>non</strong></span> <span class='ocrx_word' id='word_1_614' title='bbox 2513 3319 2610 3362; x_wconf 89' lang='lat' dir='ltr'><strong>eos</strong></span> <span class='ocrx_word' id='word_1_615' title='bbox 2639 3305 2831 3376; x_wconf 83' lang='lat' dir='ltr'><strong>utique</strong></span> <span class='ocrx_word' id='word_1_616' title='bbox 2857 3304 3378 3370; x_wconf 67' lang='lat' dir='ltr'><strong>diceremustsinﬂti,</strong></span> 
     </span>
    </p>
   </div>
   <div class='ocr_carea' id='block_1_78' title="bbox 1785 3395 3449 3474">
    <p class='ocr_par' dir='ltr' id='par_1_78' title="bbox 1785 3395 3449 3474">
     <span class='ocr_line' id='line_1_78' title="bbox 1785 3395 3449 3474; baseline 0.002 -22"><span class='ocrx_word' id='word_1_617' title='bbox 1785 3411 1909 3452; x_wconf 87' lang='lat' dir='ltr'><strong>eum</strong></span> <span class='ocrx_word' id='word_1_618' title='bbox 1955 3396 2056 3465; x_wconf 89' lang='lat' dir='ltr'><strong>ipsi</strong></span> <span class='ocrx_word' id='word_1_619' title='bbox 2085 3411 2190 3452; x_wconf 92' lang='lat' dir='ltr'><strong>non</strong></span> <span class='ocrx_word' id='word_1_620' title='bbox 2220 3398 2431 3467; x_wconf 83' lang='lat' dir='ltr'><strong>possint</strong></span> <span class='ocrx_word' id='word_1_621' title='bbox 2463 3411 2585 3453; x_wconf 85' lang='lat' dir='ltr'><strong>esse</strong></span> <span class='ocrx_word' id='word_1_622' title='bbox 2626 3412 2736 3453; x_wconf 87' lang='lat' dir='ltr'><strong>non</strong></span> <span class='ocrx_word' id='word_1_623' title='bbox 2757 3396 2941 3458; x_wconf 85' lang='lat' dir='ltr'><strong>simul.</strong></span> <span class='ocrx_word' id='word_1_624' title='bbox 2978 3395 3103 3454; x_wconf 78' lang='lat' dir='ltr'><strong>t.ln.</strong></span> <span class='ocrx_word' id='word_1_625' title='bbox 3126 3411 3382 3474; x_wconf 61' lang='lat' dir='ltr'><strong>sum</strong></span> <span class='ocrx_word' id='word_1_626' title='bbox 3442 3416 3449 3421; x_wconf 64' lang='grc' dir='ltr'><em>ί</em></span> 
     </span>
    </p>
   </div>
   <div class='ocr_carea' id='block_1_79' title="bbox 1784 3487 3381 3566">
    <p class='ocr_par' dir='ltr' id='par_1_79' title="bbox 1784 3487 3381 3566">
     <span class='ocr_line' id='line_1_79' title="bbox 1784 3487 3381 3566; baseline -0.002 -19"><span class='ocrx_word' id='word_1_627' title='bbox 1784 3490 2118 3560; x_wconf 86' lang='lat' dir='ltr'><strong>octogesimo</strong></span> <span class='ocrx_word' id='word_1_628' title='bbox 2161 3499 2391 3545; x_wconf 83' lang='lat' dir='ltr'><strong>octavo:</strong></span> <span class='ocrx_word' id='word_1_629' title='bbox 2446 3508 2465 3541; x_wconf 74' lang='grc' dir='ltr'><em>α</em></span> <span class='ocrx_word' id='word_1_630' title='bbox 2500 3489 2751 3546; x_wconf 85' lang='lat' dir='ltr'><strong>Christus</strong></span> <span class='ocrx_word' id='word_1_631' title='bbox 2790 3504 3043 3559; x_wconf 85' lang='lat' dir='ltr'><strong>namque.</strong></span> <span class='ocrx_word' id='word_1_632' title='bbox 3064 3503 3193 3566; x_wconf 63' lang='lat' dir='ltr'><strong>eum</strong></span> <span class='ocrx_word' id='word_1_633' title='bbox 3218 3487 3381 3551; x_wconf 66' lang='lat' dir='ltr'><strong>lintre</strong></span> 
     </span>
    </p>
   </div>
   <div class='ocr_carea' id='block_1_80' title="bbox 1786 3578 3381 3654">
    <p class='ocr_par' dir='ltr' id='par_1_80' title="bbox 1786 3578 3381 3654">
     <span class='ocr_line' id='line_1_80' title="bbox 1786 3578 3381 3654; baseline 0 -19"><span class='ocrx_word' id='word_1_634' title='bbox 1786 3589 1844 3635; x_wconf 91' lang='lat' dir='ltr'><strong>et</strong></span> <span class='ocrx_word' id='word_1_635' title='bbox 1867 3578 2074 3650; x_wconf 83' lang='lat' dir='ltr'><strong>Spiritu</strong></span> <span class='ocrx_word' id='word_1_636' title='bbox 2103 3591 2316 3647; x_wconf 84' lang='lat' dir='ltr'><strong>saneto,</strong></span> <span class='ocrx_word' id='word_1_637' title='bbox 2345 3594 2457 3635; x_wconf 87' lang='lat' dir='ltr'><strong>non</strong></span> <span class='ocrx_word' id='word_1_638' title='bbox 2479 3589 2604 3635; x_wconf 87' lang='lat' dir='ltr'><strong>sunt</strong></span> <span class='ocrx_word' id='word_1_639' title='bbox 2635 3588 2745 3635; x_wconf 88' lang='lat' dir='ltr'><strong>tres</strong></span> <span class='ocrx_word' id='word_1_640' title='bbox 2774 3579 2883 3645; x_wconf 91' lang='lat' dir='ltr'><strong>dii,</strong></span> <span class='ocrx_word' id='word_1_641' title='bbox 2914 3580 3010 3636; x_wconf 86' lang='lat' dir='ltr'><strong>sed</strong></span> <span class='ocrx_word' id='word_1_642' title='bbox 3030 3594 3192 3643; x_wconf 65' lang='lat' dir='ltr'><strong>unus.</strong></span> <span class='ocrx_word' id='word_1_643' title='bbox 3212 3579 3381 3654; x_wconf 60' lang='lat' dir='ltr'><strong>Deus.</strong></span> 
     </span>
    </p>
   </div>
   <div class='ocr_carea' id='block_1_81' title="bbox 1786 3670 3397 3744">
    <p class='ocr_par' dir='ltr' id='par_1_81' title="bbox 1786 3670 3397 3744">
     <span class='ocr_line' id='line_1_81' title="bbox 1786 3670 3397 3744; baseline 0.001 -16"><span class='ocrx_word' id='word_1_644' title='bbox 1786 3672 1854 3727; x_wconf 82' lang='lat' dir='ltr'><strong>de</strong></span> <span class='ocrx_word' id='word_1_645' title='bbox 1867 3686 1976 3742; x_wconf 86' lang='lat' dir='ltr'><strong>quo</strong></span> <span class='ocrx_word' id='word_1_646' title='bbox 1995 3672 2255 3744; x_wconf 88' lang='lat' dir='ltr'><strong>scriptum</strong></span> <span class='ocrx_word' id='word_1_647' title='bbox 2276 3679 2391 3727; x_wconf 84' lang='lat' dir='ltr'><strong>est:</strong></span> <span class='ocrx_word' id='word_1_648' title='bbox 2419 3670 2734 3727; x_wconf 80' lang='lat' dir='ltr'><strong>Benedictus</strong></span> <span class='ocrx_word' id='word_1_649' title='bbox 2751 3670 3010 3729; x_wconf 80' lang='lat' dir='ltr'><strong>Dominus</strong></span> <span class='ocrx_word' id='word_1_650' title='bbox 3021 3670 3397 3736; x_wconf 45' lang='lat' dir='ltr'><strong>“ulmus-</strong></span> 
     </span>
    </p>
   </div>
   <div class='ocr_carea' id='block_1_82' title="bbox 1787 3762 3396 3838">
    <p class='ocr_par' dir='ltr' id='par_1_82' title="bbox 1787 3762 3396 3838">
     <span class='ocr_line' id='line_1_82' title="bbox 1787 3762 3396 3838; baseline 0.001 -20"><span class='ocrx_word' id='word_1_651' title='bbox 1787 3766 1879 3838; x_wconf 81' lang='lat' dir='ltr'><strong>qui</strong></span> <span class='ocrx_word' id='word_1_652' title='bbox 1905 3766 2032 3835; x_wconf 69' lang='lat' dir='ltr'><strong>facit</strong></span> <span class='ocrx_word' id='word_1_653' title='bbox 2064 3762 2330 3818; x_wconf 81' lang='lat' dir='ltr'><strong>mirabilia</strong></span> <span class='ocrx_word' id='word_1_654' title='bbox 2355 3780 2548 3834; x_wconf 74' lang='lat' dir='ltr'><strong>magna</strong></span> <span class='ocrx_word' id='word_1_655' title='bbox 2572 3763 2718 3818; x_wconf 80' lang='lat' dir='ltr'><strong>solus</strong></span> <span class='ocrx_word' id='word_1_656' title='bbox 2744 3762 3291 3835; x_wconf 51' lang='lat' dir='ltr'><strong>(Pssuma-~18)”</strong></span> <span class='ocrx_word' id='word_1_657' title='bbox 3315 3764 3396 3827; x_wconf 64' lang='lat' dir='ltr'><strong>Ir.</strong></span> 
     </span>
    </p>
   </div>
   <div class='ocr_carea' id='block_1_83' title="bbox 1787 3852 3383 3926">
    <p class='ocr_par' dir='ltr' id='par_1_83' title="bbox 1787 3852 3383 3926">
     <span class='ocr_line' id='line_1_83' title="bbox 1787 3852 3383 3926; baseline 0.003 -17"><span class='ocrx_word' id='word_1_658' title='bbox 1787 3867 2037 3909; x_wconf 85' lang='lat' dir='ltr'><strong>sermone</strong></span> <span class='ocrx_word' id='word_1_659' title='bbox 2068 3852 2417 3924; x_wconf 80' lang='lat' dir='ltr'><strong>nonagesimo</strong></span> <span class='ocrx_word' id='word_1_660' title='bbox 2452 3853 2631 3924; x_wconf 87' lang='lat' dir='ltr'><strong>primo</strong></span> <span class='ocrx_word' id='word_1_661' title='bbox 2661 3870 2674 3907; x_wconf 93' lang='lat'><strong>:</strong></span> <span class='ocrx_word' id='word_1_662' title='bbox 2710 3870 2731 3905; x_wconf 84' lang='lat' dir='ltr'><strong>t</strong></span> <span class='ocrx_word' id='word_1_663' title='bbox 2769 3852 2875 3909; x_wconf 81' lang='lat' dir='ltr'><strong>Ubi</strong></span> <span class='ocrx_word' id='word_1_664' title='bbox 2912 3868 3105 3913; x_wconf 80' lang='lat' dir='ltr'><strong>eorum</strong></span> <span class='ocrx_word' id='word_1_665' title='bbox 3140 3854 3383 3926; x_wconf 59' lang='lat' dir='ltr'><strong>quilibet</strong></span> 
     </span>
    </p>
   </div>
   <div class='ocr_carea' id='block_1_84' title="bbox 1788 3943 3395 4014">
    <p class='ocr_par' dir='ltr' id='par_1_84' title="bbox 1788 3943 3395 4014">
     <span class='ocr_line' id='line_1_84' title="bbox 1788 3943 3395 4014; baseline -0.001 -12"><span class='ocrx_word' id='word_1_666' title='bbox 1788 3960 1958 4011; x_wconf 88' lang='lat' dir='ltr'><strong>unus,</strong></span> <span class='ocrx_word' id='word_1_667' title='bbox 1991 3944 2151 3999; x_wconf 82' lang='lat' dir='ltr'><strong>Pater</strong></span> <span class='ocrx_word' id='word_1_668' title='bbox 2184 3943 2453 4010; x_wconf 84' lang='lat' dir='ltr'><strong>videlicet,</strong></span> <span class='ocrx_word' id='word_1_669' title='bbox 2486 3943 2672 4007; x_wconf 82' lang='lat' dir='ltr'><strong>Filius,</strong></span> <span class='ocrx_word' id='word_1_670' title='bbox 2704 3952 2801 3998; x_wconf 88' lang='lat' dir='ltr'><strong>aut</strong></span> <span class='ocrx_word' id='word_1_671' title='bbox 2835 3944 3095 4014; x_wconf 72' lang='lat' dir='ltr'><strong>Spiritus.</strong></span> <span class='ocrx_word' id='word_1_672' title='bbox 3116 3954 3395 4007; x_wconf 63' lang='lat' dir='ltr'><strong>suum.</strong></span> 
     </span>
    </p>
   </div>
   <div class='ocr_carea' id='block_1_85' title="bbox 1790 4033 3399 4107">
    <p class='ocr_par' dir='ltr' id='par_1_85' title="bbox 1790 4033 3399 4107">
     <span class='ocr_line' id='line_1_85' title="bbox 1790 4033 3399 4107; baseline -0.002 -12"><span class='ocrx_word' id='word_1_673' title='bbox 1790 4038 1863 4095; x_wconf 90' lang='lat' dir='ltr'><strong>ibi</strong></span> <span class='ocrx_word' id='word_1_674' title='bbox 1891 4036 2131 4092; x_wconf 89' lang='lat' dir='ltr'><strong>Trinitas</strong></span> <span class='ocrx_word' id='word_1_675' title='bbox 2143 4037 2285 4092; x_wconf 87' lang='lat' dir='ltr'><strong>Deus</strong></span> <span class='ocrx_word' id='word_1_676' title='bbox 2310 4049 2470 4090; x_wconf 84' lang='lat' dir='ltr'><strong>unus.</strong></span> <span class='ocrx_word' id='word_1_677' title='bbox 2495 4033 2791 4105; x_wconf 82' lang='lat' dir='ltr'><strong>Oportebat</strong></span> <span class='ocrx_word' id='word_1_678' title='bbox 2814 4035 3399 4107; x_wconf 47' lang='lat' dir='ltr'><strong>autemitasinm&#39;upari.</strong></span> 
     </span>
    </p>
   </div>
   <div class='ocr_carea' id='block_1_86' title="bbox 1789 4122 3389 4194">
    <p class='ocr_par' dir='ltr' id='par_1_86' title="bbox 1789 4122 3389 4194">
     <span class='ocr_line' id='line_1_86' title="bbox 1789 4122 3389 4194; baseline -0.003 -10"><span class='ocrx_word' id='word_1_679' title='bbox 1789 4128 2111 4184; x_wconf 90' lang='lat' dir='ltr'><strong>Trinitatem</strong></span> <span class='ocrx_word' id='word_1_680' title='bbox 2132 4167 2147 4189; x_wconf 90' lang='lat'><strong>,</strong></span> <span class='ocrx_word' id='word_1_681' title='bbox 2192 4133 2251 4179; x_wconf 89' lang='lat' dir='ltr'><strong>ut</strong></span> <span class='ocrx_word' id='word_1_682' title='bbox 2288 4124 2539 4194; x_wconf 82' lang='lat' dir='ltr'><strong>quamvis</strong></span> <span class='ocrx_word' id='word_1_683' title='bbox 2566 4122 2709 4178; x_wconf 89' lang='lat' dir='ltr'><strong>nulla</strong></span> <span class='ocrx_word' id='word_1_684' title='bbox 2738 4132 2907 4179; x_wconf 84' lang='lat' dir='ltr'><strong>esset.</strong></span> <span class='ocrx_word' id='word_1_685' title='bbox 2926 4123 3389 4193; x_wconf 60' lang='lat' dir='ltr'><strong>(livemitastqiu</strong></span> 
     </span>
    </p>
   </div>
   <div class='ocr_carea' id='block_1_87' title="bbox 1791 4214 3378 4287">
    <p class='ocr_par' dir='ltr' id='par_1_87' title="bbox 1791 4214 3378 4287">
     <span class='ocr_line' id='line_1_87' title="bbox 1791 4214 3378 4287; baseline -0.004 -12"><span class='ocrx_word' id='word_1_686' title='bbox 1791 4220 2026 4280; x_wconf 77' lang='lat' dir='ltr'><strong>stantite,</strong></span> <span class='ocrx_word' id='word_1_687' title='bbox 2058 4215 2370 4287; x_wconf 83' lang='lat' dir='ltr'><strong>singillatim</strong></span> <span class='ocrx_word' id='word_1_688' title='bbox 2402 4224 2582 4270; x_wconf 84' lang='lat' dir='ltr'><strong>tamen</strong></span> <span class='ocrx_word' id='word_1_689' title='bbox 2608 4214 2777 4285; x_wconf 72' lang='lat' dir='ltr'><strong>cmpit</strong></span> <span class='ocrx_word' id='word_1_690' title='bbox 2815 4214 3378 4285; x_wconf 57' lang='lat' dir='ltr'><strong>distinethmiqs</strong></span> 
     </span>
    </p>
   </div>
   <div class='ocr_carea' id='block_1_88' title="bbox 1791 4306 3394 4377">
    <p class='ocr_par' dir='ltr' id='par_1_88' title="bbox 1791 4306 3394 4377">
     <span class='ocr_line' id='line_1_88' title="bbox 1791 4306 3394 4377; baseline -0.002 -13"><span class='ocrx_word' id='word_1_691' title='bbox 1791 4322 1950 4374; x_wconf 89' lang='lat' dir='ltr'><strong>rum,</strong></span> <span class='ocrx_word' id='word_1_692' title='bbox 1994 4308 2088 4363; x_wconf 88' lang='lat' dir='ltr'><strong>ubi</strong></span> <span class='ocrx_word' id='word_1_693' title='bbox 2138 4308 2222 4363; x_wconf 83' lang='lat' dir='ltr'><strong>eis</strong></span> <span class='ocrx_word' id='word_1_694' title='bbox 2248 4306 2341 4377; x_wconf 87' lang='lat' dir='ltr'><strong>qui</strong></span> <span class='ocrx_word' id='word_1_695' title='bbox 2400 4315 2545 4361; x_wconf 87' lang='lat' dir='ltr'><strong>recte</strong></span> <span class='ocrx_word' id='word_1_696' title='bbox 2599 4306 2827 4361; x_wconf 87' lang='lat' dir='ltr'><strong>credunt</strong></span> <span class='ocrx_word' id='word_1_697' title='bbox 2862 4306 3394 4377; x_wconf 56' lang='grc' dir='ltr'><strong>οιιιπηικιιωιινὼῄ</strong></span> 
     </span>
    </p>
   </div>
   <div class='ocr_carea' id='block_1_89' title="bbox 1791 4393 3390 4470">
    <p class='ocr_par' dir='ltr' id='par_1_89' title="bbox 1791 4393 3390 4470">
     <span class='ocr_line' id='line_1_89' title="bbox 1791 4393 3390 4470; baseline 0.001 -19"><span class='ocrx_word' id='word_1_698' title='bbox 1791 4405 1973 4470; x_wconf 88' lang='lat' dir='ltr'><strong>potest</strong></span> <span class='ocrx_word' id='word_1_699' title='bbox 1999 4396 2270 4467; x_wconf 87' lang='lat' dir='ltr'><strong>separatio</strong></span> <span class='ocrx_word' id='word_1_700' title='bbox 2312 4402 2651 4449; x_wconf 81' lang='lat' dir='ltr'><strong>naturarum.</strong></span> <span class='ocrx_word' id='word_1_701' title='bbox 2678 4412 2707 4447; x_wconf 74' lang='lat' dir='ltr'><strong>,t</strong></span> <span class='ocrx_word' id='word_1_702' title='bbox 2733 4393 2879 4448; x_wconf 67' lang='lat' dir='ltr'><strong>item</strong></span> <span class='ocrx_word' id='word_1_703' title='bbox 2896 4394 3238 4468; x_wconf 63' lang='lat' dir='ltr'><strong>iam</strong></span> <span class='ocrx_word' id='word_1_704' title='bbox 3263 4399 3390 4453; x_wconf 51' lang='lat' dir='ltr'><strong>sibi</strong></span> 
     </span>
    </p>
   </div>
   <div class='ocr_carea' id='block_1_90' title="bbox 78 4485 1679 4590">
    <p class='ocr_par' dir='ltr' id='par_1_90' title="bbox 78 4485 1679 4562">
     <span class='ocr_line' id='line_1_90' title="bbox 78 4485 1679 4562; baseline -0.001 -16"><span class='ocrx_word' id='word_1_705' title='bbox 78 4485 540 4546; x_wconf 77' lang='lat' dir='ltr'><strong>Trinitate&#39;inter</strong></span> <span class='ocrx_word' id='word_1_706' title='bbox 569 4488 672 4546; x_wconf 87' lang='lat' dir='ltr'><strong>alia</strong></span> <span class='ocrx_word' id='word_1_707' title='bbox 699 4490 867 4547; x_wconf 89' lang='lat' dir='ltr'><strong>dicit:</strong></span> <span class='ocrx_word' id='word_1_708' title='bbox 908 4509 928 4542; x_wconf 74' lang='grc' dir='ltr'><strong><em>ι</em></strong></span> <span class='ocrx_word' id='word_1_709' title='bbox 965 4489 1077 4547; x_wconf 80' lang='lat' dir='ltr'><strong>Nec</strong></span> <span class='ocrx_word' id='word_1_710' title='bbox 1100 4490 1183 4547; x_wconf 88' lang='lat' dir='ltr'><strong>sic</strong></span> <span class='ocrx_word' id='word_1_711' title='bbox 1209 4504 1343 4562; x_wconf 82' lang='lat' dir='ltr'><strong>ergo</strong></span> <span class='ocrx_word' id='word_1_712' title='bbox 1366 4489 1679 4545; x_wconf 84' lang='lat' dir='ltr'><strong>Trinitatem</strong></span> 
     </span>
    </p>
   </div>
   <div class='ocr_carea' id='block_1_91' title="bbox 1784 4485 3429 4590">
    <p class='ocr_par' dir='ltr' id='par_1_91' title="bbox 1797 4485 3429 4590">
     <span class='ocr_line' id='line_1_91' title="bbox 1797 4485 3429 4590; baseline -0.01 -42"><span class='ocrx_word' id='word_1_713' title='bbox 1797 4490 2077 4563; x_wconf 87' lang='lat' dir='ltr'><strong>nagesimo</strong></span> <span class='ocrx_word' id='word_1_714' title='bbox 2095 4487 2335 4545; x_wconf 81' lang='lat' dir='ltr'><strong>secundo</strong></span> <span class='ocrx_word' id='word_1_715' title='bbox 2361 4501 2378 4542; x_wconf 89' lang='lat'><strong>:</strong></span> <span class='ocrx_word' id='word_1_716' title='bbox 2402 4504 2437 4539; x_wconf 61' lang='grc' dir='ltr'><strong>με</strong></span> <span class='ocrx_word' id='word_1_717' title='bbox 2470 4485 3082 4590; x_wconf 47' lang='grc' dir='ltr'><strong>Βωρωυξαιιράξξὶωμη</strong></span> <span class='ocrx_word' id='word_1_718' title='bbox 3104 4486 3386 4561; x_wconf 60' lang='lat' dir='ltr'><strong>iam,</strong></span> <span class='ocrx_word' id='word_1_719' title='bbox 3402 4526 3429 4533; x_wconf 79' lang='grc'><strong>,.</strong></span> 
     </span>
    </p>
   </div>
   <div class='ocr_carea' id='block_1_92' title="bbox 74 4575 3412 4652">
    <p class='ocr_par' dir='ltr' id='par_1_92' title="bbox 74 4575 3412 4652">
     <span class='ocr_line' id='line_1_92' title="bbox 74 4575 3412 4652; baseline 0 -15"><span class='ocrx_word' id='word_1_720' title='bbox 74 4575 333 4639; x_wconf 78' lang='lat' dir='ltr'><strong>dicimus</strong></span> <span class='ocrx_word' id='word_1_721' title='bbox 366 4582 492 4637; x_wconf 76' lang='lat' dir='ltr'><strong>tres’</strong></span> <span class='ocrx_word' id='word_1_722' title='bbox 523 4595 807 4651; x_wconf 89' lang='lat' dir='ltr'><strong>personas,</strong></span> <span class='ocrx_word' id='word_1_723' title='bbox 835 4582 922 4638; x_wconf 76' lang='lat' dir='ltr'><strong>vel</strong></span> <span class='ocrx_word' id='word_1_724' title='bbox 949 4575 1331 4638; x_wconf 84' lang='lat' dir='ltr'><strong>subsistentias</strong></span> <span class='ocrx_word' id='word_1_725' title='bbox 1355 4621 1371 4648; x_wconf 93' lang='lat'><strong>,</strong></span> <span class='ocrx_word' id='word_1_726' title='bbox 1398 4594 1563 4636; x_wconf 86' lang='lat' dir='ltr'><strong>unam</strong></span> <span class='ocrx_word' id='word_1_727' title='bbox 1605 4594 1694 4636; x_wconf 85' lang='lat' dir='ltr'><strong>es-</strong></span> <span class='ocrx_word' id='word_1_728' title='bbox 1721 4575 1767 4590; x_wconf 73' lang='lat'><em>&quot;</em></span> <span class='ocrx_word' id='word_1_729' title='bbox 1788 4583 1923 4639; x_wconf 74' lang='lat' dir='ltr'><strong>.bilia</strong></span> <span class='ocrx_word' id='word_1_730' title='bbox 1951 4596 2073 4637; x_wconf 86' lang='lat' dir='ltr'><strong>esse</strong></span> <span class='ocrx_word' id='word_1_731' title='bbox 2096 4594 2262 4652; x_wconf 84' lang='lat' dir='ltr'><strong>opera</strong></span> <span class='ocrx_word' id='word_1_732' title='bbox 2296 4578 2601 4643; x_wconf 82' lang='lat' dir='ltr'><strong>Trinitatis,</strong></span> <span class='ocrx_word' id='word_1_733' title='bbox 2624 4576 2735 4633; x_wconf 77' lang='lat' dir='ltr'><strong>sed</strong></span> <span class='ocrx_word' id='word_1_734' title='bbox 2762 4576 3412 4647; x_wconf 61' lang='lat' dir='ltr'><strong>singillatim-</strong></span> 
     </span>
    </p>
   </div>
   <div class='ocr_carea' id='block_1_93' title="bbox 78 4668 1691 4757">
    <p class='ocr_par' dir='ltr' id='par_1_93' title="bbox 78 4668 1691 4757">
     <span class='ocr_line' id='line_1_93' title="bbox 78 4668 1691 4757; baseline 0 -28"><span class='ocrx_word' id='word_1_735' title='bbox 78 4668 329 4757; x_wconf 70' lang='lat' dir='ltr'><strong>se&#39;titiam</strong></span> <span class='ocrx_word' id='word_1_736' title='bbox 372 4683 431 4730; x_wconf 91' lang='lat' dir='ltr'><strong>et</strong></span> <span class='ocrx_word' id='word_1_737' title='bbox 470 4690 637 4731; x_wconf 89' lang='lat' dir='ltr'><strong>unum</strong></span> <span class='ocrx_word' id='word_1_738' title='bbox 674 4674 879 4757; x_wconf 78' lang='lat' dir='ltr'><strong>Deum,</strong></span> <span class='ocrx_word' id='word_1_739' title='bbox 904 4683 1165 4746; x_wconf 86' lang='lat' dir='ltr'><strong>tanquam</strong></span> <span class='ocrx_word' id='word_1_740' title='bbox 1204 4687 1270 4729; x_wconf 83' lang='lat' dir='ltr'><strong>ex</strong></span> <span class='ocrx_word' id='word_1_741' title='bbox 1319 4690 1424 4730; x_wconf 87' lang='lat' dir='ltr'><strong>una</strong></span> <span class='ocrx_word' id='word_1_742' title='bbox 1462 4675 1691 4730; x_wconf 83' lang='lat' dir='ltr'><strong>materia</strong></span> 
     </span>
    </p>
   </div>
   <div class='ocr_carea' id='block_1_94' title="bbox 80 4756 1693 4841">
    <p class='ocr_par' dir='ltr' id='par_1_94' title="bbox 80 4756 1693 4841">
     <span class='ocr_line' id='line_1_94' title="bbox 80 4756 1693 4841; baseline 0.003 -18"><span class='ocrx_word' id='word_1_743' title='bbox 80 4756 204 4824; x_wconf 72' lang='lat' dir='ltr'><strong>tria</strong></span> <span class='ocrx_word' id='word_1_744' title='bbox 248 4757 501 4841; x_wconf 65' lang='lat' dir='ltr'><strong>quaedam</strong></span> <span class='ocrx_word' id='word_1_745' title='bbox 532 4756 860 4835; x_wconf 83' lang='lat' dir='ltr'><strong>subsistant,</strong></span> <span class='ocrx_word' id='word_1_746' title='bbox 889 4768 1102 4825; x_wconf 88' lang='lat' dir='ltr'><strong>etiamsi</strong></span> <span class='ocrx_word' id='word_1_747' title='bbox 1146 4769 1410 4841; x_wconf 88' lang='lat' dir='ltr'><strong>quidquid</strong></span> <span class='ocrx_word' id='word_1_748' title='bbox 1452 4770 1583 4826; x_wconf 89' lang='lat' dir='ltr'><strong>illud</strong></span> <span class='ocrx_word' id='word_1_749' title='bbox 1607 4779 1693 4828; x_wconf 90' lang='lat' dir='ltr'><strong>est</strong></span> 
     </span>
    </p>
   </div>
   <div class='ocr_carea' id='block_1_95' title="bbox 80 4860 1692 4933">
    <p class='ocr_par' dir='ltr' id='par_1_95' title="bbox 80 4860 1692 4933">
     <span class='ocr_line' id='line_1_95' title="bbox 80 4860 1692 4933; baseline 0.002 -17"><span class='ocrx_word' id='word_1_750' title='bbox 80 4862 145 4918; x_wconf 80' lang='lat' dir='ltr'><strong>in</strong></span> <span class='ocrx_word' id='word_1_751' title='bbox 176 4861 273 4918; x_wconf 83' lang='lat' dir='ltr'><strong>his</strong></span> <span class='ocrx_word' id='word_1_752' title='bbox 297 4861 478 4918; x_wconf 86' lang='lat' dir='ltr'><strong>tribus</strong></span> <span class='ocrx_word' id='word_1_753' title='bbox 518 4862 844 4933; x_wconf 87' lang='lat' dir='ltr'><strong>explicatum</strong></span> <span class='ocrx_word' id='word_1_754' title='bbox 895 4860 985 4918; x_wconf 85' lang='lat' dir='ltr'><strong>sit.</strong></span> <span class='ocrx_word' id='word_1_755' title='bbox 1033 4860 1152 4917; x_wconf 87' lang='lat' dir='ltr'><strong>Non</strong></span> <span class='ocrx_word' id='word_1_756' title='bbox 1197 4863 1343 4917; x_wconf 87' lang='lat' dir='ltr'><strong>enim</strong></span> <span class='ocrx_word' id='word_1_757' title='bbox 1388 4860 1533 4918; x_wconf 89' lang='lat' dir='ltr'><strong>aliud</strong></span> <span class='ocrx_word' id='word_1_758' title='bbox 1574 4860 1692 4932; x_wconf 84' lang='lat' dir='ltr'><strong>ejus</strong></span> 
     </span>
    </p>
   </div>
   <div class='ocr_carea' id='block_1_96' title="bbox 79 4942 1691 5023">
    <p class='ocr_par' dir='ltr' id='par_1_96' title="bbox 79 4942 1691 5023">
     <span class='ocr_line' id='line_1_96' title="bbox 79 4942 1691 5023; baseline 0.001 -15"><span class='ocrx_word' id='word_1_759' title='bbox 79 4942 357 5008; x_wconf 63' lang='lat' dir='ltr'><strong>essentia:</strong></span> <span class='ocrx_word' id='word_1_760' title='bbox 399 4957 487 5007; x_wconf 88' lang='lat' dir='ltr'><strong>est</strong></span> <span class='ocrx_word' id='word_1_761' title='bbox 522 4962 717 5023; x_wconf 64' lang='lat' dir='ltr'><strong>praeter</strong></span> <span class='ocrx_word' id='word_1_762' title='bbox 753 4952 915 5007; x_wconf 89' lang='lat' dir='ltr'><strong>istam</strong></span> <span class='ocrx_word' id='word_1_763' title='bbox 954 4947 1301 5007; x_wconf 88' lang='lat' dir='ltr'><strong>Trinitatent.</strong></span> <span class='ocrx_word' id='word_1_764' title='bbox 1339 4950 1544 5007; x_wconf 87' lang='lat' dir='ltr'><strong>Tamen</strong></span> <span class='ocrx_word' id='word_1_765' title='bbox 1577 4961 1691 5010; x_wconf 83' lang='lat' dir='ltr'><strong>tres</strong></span> 
     </span>
    </p>
   </div>
   <div class='ocr_carea' id='block_1_97' title="bbox 78 5028 1690 5119">
    <p class='ocr_par' dir='ltr' id='par_1_97' title="bbox 78 5028 1690 5119">
     <span class='ocr_line' id='line_1_97' title="bbox 78 5028 1690 5119; baseline 0.002 -21"><span class='ocrx_word' id='word_1_766' title='bbox 78 5028 372 5119; x_wconf 70' lang='lat' dir='ltr'><strong>personas</strong></span> <span class='ocrx_word' id='word_1_767' title='bbox 399 5033 633 5112; x_wconf 69' lang='lat' dir='ltr'><strong>ejusdem</strong></span> <span class='ocrx_word' id='word_1_768' title='bbox 660 5041 945 5106; x_wconf 71' lang='lat' dir='ltr'><strong>essentize,</strong></span> <span class='ocrx_word' id='word_1_769' title='bbox 971 5040 1057 5096; x_wconf 84' lang='lat' dir='ltr'><strong>vel</strong></span> <span class='ocrx_word' id='word_1_770' title='bbox 1089 5048 1199 5098; x_wconf 87' lang='lat' dir='ltr'><strong>tres</strong></span> <span class='ocrx_word' id='word_1_771' title='bbox 1234 5056 1497 5114; x_wconf 85' lang='lat' dir='ltr'><strong>personas</strong></span> <span class='ocrx_word' id='word_1_772' title='bbox 1521 5055 1690 5101; x_wconf 79' lang='lat' dir='ltr'><strong>uuam</strong></span> 
     </span>
    </p>
   </div>
   <div class='ocr_carea' id='block_1_98' title="bbox 76 5131 1692 5206">
    <p class='ocr_par' dir='ltr' id='par_1_98' title="bbox 76 5131 1692 5206">
     <span class='ocr_line' id='line_1_98' title="bbox 76 5131 1692 5206; baseline 0.002 -16"><span class='ocrx_word' id='word_1_773' title='bbox 76 5131 407 5190; x_wconf 72' lang='lat' dir='ltr'><strong>essentiam</strong></span> <span class='ocrx_word' id='word_1_774' title='bbox 443 5132 665 5201; x_wconf 87' lang='lat' dir='ltr'><strong>dicimus</strong></span> <span class='ocrx_word' id='word_1_775' title='bbox 696 5154 710 5192; x_wconf 89' lang='lat'>:</span> <span class='ocrx_word' id='word_1_776' title='bbox 741 5143 861 5191; x_wconf 87' lang='lat' dir='ltr'><strong>tres</strong></span> <span class='ocrx_word' id='word_1_777' title='bbox 902 5142 1079 5188; x_wconf 88' lang='lat' dir='ltr'><strong>autem</strong></span> <span class='ocrx_word' id='word_1_778' title='bbox 1105 5148 1369 5206; x_wconf 83' lang='lat' dir='ltr'><strong>personas</strong></span> <span class='ocrx_word' id='word_1_779' title='bbox 1407 5150 1469 5191; x_wconf 87' lang='lat' dir='ltr'><strong>ex</strong></span> <span class='ocrx_word' id='word_1_780' title='bbox 1500 5135 1692 5194; x_wconf 84' lang='lat' dir='ltr'><strong>eadem</strong></span> 
     </span>
    </p>
   </div>
   <div class='ocr_carea' id='block_1_99' title="bbox 74 5214 1692 5305">
    <p class='ocr_par' dir='ltr' id='par_1_99' title="bbox 74 5214 1692 5305">
     <span class='ocr_line' id='line_1_99' title="bbox 74 5214 1692 5305; baseline 0.003 -26"><span class='ocrx_word' id='word_1_781' title='bbox 74 5214 478 5305; x_wconf 65' lang='lat' dir='ltr'><strong>essentia&#39;non</strong></span> <span class='ocrx_word' id='word_1_782' title='bbox 503 5222 747 5305; x_wconf 83' lang='lat' dir='ltr'><strong>dicimus,</strong></span> <span class='ocrx_word' id='word_1_783' title='bbox 780 5221 937 5293; x_wconf 88' lang='lat' dir='ltr'><strong>quasi</strong></span> <span class='ocrx_word' id='word_1_784' title='bbox 968 5221 1110 5278; x_wconf 87' lang='lat' dir='ltr'><strong>aliud</strong></span> <span class='ocrx_word' id='word_1_785' title='bbox 1137 5223 1210 5281; x_wconf 77' lang='lat' dir='ltr'><strong>ibi</strong></span> <span class='ocrx_word' id='word_1_786' title='bbox 1253 5225 1324 5281; x_wconf 90' lang='lat' dir='ltr'><strong>sit</strong></span> <span class='ocrx_word' id='word_1_787' title='bbox 1343 5227 1484 5294; x_wconf 82' lang='lat' dir='ltr'><strong>quod</strong></span> <span class='ocrx_word' id='word_1_788' title='bbox 1506 5230 1692 5284; x_wconf 84' lang='lat' dir='ltr'><strong>essen-</strong></span> 
     </span>
    </p>
   </div>
   <div class='ocr_carea' id='block_1_100' title="bbox 74 5302 1693 5398">
    <p class='ocr_par' dir='ltr' id='par_1_100' title="bbox 74 5302 1693 5398">
     <span class='ocr_line' id='line_1_100' title="bbox 74 5302 1693 5398; baseline 0.003 -27"><span class='ocrx_word' id='word_1_789' title='bbox 74 5302 521 5398; x_wconf 37' lang='lat' dir='ltr'><strong>iiiiest&#39;i&#39;aliu&#39;d</strong></span> <span class='ocrx_word' id='word_1_790' title='bbox 536 5304 1021 5398; x_wconf 30' lang='lat' dir='ltr'><strong>f’qtiod’ipersontc&#39;,</strong></span> <span class='ocrx_word' id='word_1_791' title='bbox 1059 5310 1357 5371; x_wconf 75' lang='lat' dir='ltr'><strong>siettt‘tres&#39;</strong></span> <span class='ocrx_word' id='word_1_792' title='bbox 1392 5317 1601 5398; x_wconf 67' lang='lat' dir='ltr'><strong>Statuas</strong></span> <span class='ocrx_word' id='word_1_793' title='bbox 1620 5334 1693 5398; x_wconf 78' lang='lat' dir='ltr'><strong>ex</strong></span> 
     </span>
    </p>
   </div>
   <div class='ocr_carea' id='block_1_101' title="bbox 64 5392 1694 5487">
    <p class='ocr_par' dir='ltr' id='par_1_101' title="bbox 64 5392 1694 5487">
     <span class='ocr_line' id='line_1_101' title="bbox 64 5392 1694 5487; baseline 0.032 -72"><span class='ocrx_word' id='word_1_794' title='bbox 64 5392 809 5487; x_wconf 45' lang='grc' dir='ltr'><strong>,ὥοῶεςὴφδς</strong></span> <span class='ocrx_word' id='word_1_795' title='bbox 829 5406 1039 5482; x_wconf 53' lang='grc' dir='ltr'><strong>ἀκραεί</strong></span> <span class='ocrx_word' id='word_1_796' title='bbox 1072 5405 1232 5463; x_wconf 83' lang='lat' dir='ltr'><strong>Aliud</strong></span> <span class='ocrx_word' id='word_1_797' title='bbox 1266 5400 1421 5463; x_wconf 64' lang='lat' dir='ltr'><strong>enim</strong></span> <span class='ocrx_word' id='word_1_798' title='bbox 1452 5394 1694 5467; x_wconf 67' lang='lat' dir='ltr'><strong>illis-est</strong></span> 
     </span>
    </p>
   </div>
   <div class='ocr_carea' id='block_1_102' title="bbox 50 5480 1694 5573">
    <p class='ocr_par' dir='ltr' id='par_1_102' title="bbox 50 5480 1694 5573">
     <span class='ocr_line' id='line_1_102' title="bbox 50 5480 1694 5573; baseline 0.005 -23"><span class='ocrx_word' id='word_1_799' title='bbox 50 5480 639 5573; x_wconf 41' lang='lat' dir='ltr'><strong>asssmatwsm</strong></span> <span class='ocrx_word' id='word_1_800' title='bbox 654 5482 788 5557; x_wconf 54' lang='lat' dir='ltr'><strong>esse</strong></span> <span class='ocrx_word' id='word_1_801' title='bbox 815 5480 1041 5569; x_wconf 66' lang='lat' dir='ltr'><strong>statuas.</strong></span> <span class='ocrx_word' id='word_1_802' title='bbox 1056 5486 1694 5573; x_wconf 60' lang='lat' dir='ltr'><strong>ﬁsr&#39;emnutchmwnéh</strong></span> 
     </span>
    </p>
   </div>
   <div class='ocr_carea' id='block_1_103' title="bbox 46 5557 1694 5671">
    <p class='ocr_par' dir='ltr' id='par_1_103' title="bbox 46 5557 1694 5671">
     <span class='ocr_line' id='line_1_103' title="bbox 46 5557 1694 5671; baseline 0.001 0"><span class='ocrx_word' id='word_1_803' title='bbox 46 5557 497 5671; x_wconf 46' lang='lat' dir='ltr'><strong>saepes</strong></span> <span class='ocrx_word' id='word_1_804' title='bbox 511 5565 1694 5671; x_wconf 55' lang='grc' dir='ltr'><strong>«ίίίςίιμςιέίίνιᾲῖ.’ίνέε.ι,νίδτιιῆιςεέέί·έίέίεᾲειιίιιηε-</strong></span> 
     </span>
    </p>
   </div>
   <div class='ocr_carea' id='block_1_104' title="bbox 46 5652 1689 5742">
    <p class='ocr_par' dir='ltr' id='par_1_104' title="bbox 46 5652 1689 5742">
     <span class='ocr_line' id='line_1_104' title="bbox 46 5652 1689 5742; baseline 0.006 -11"><span class='ocrx_word' id='word_1_805' title='bbox 46 5652 897 5742; x_wconf 57' lang='grc' dir='ltr'><strong>’ἑυιὲεσξθβὸωηῆεεεῄεὼηόῖέί</strong></span> <span class='ocrx_word' id='word_1_806' title='bbox 928 5655 1058 5734; x_wconf 50' lang='grc' dir='ltr'><strong>τιθῶ</strong></span> <span class='ocrx_word' id='word_1_807' title='bbox 1102 5652 1689 5740; x_wconf 55' lang='grc' dir='ltr'><strong>ω-κήιτέένδὶεῖεαωώ</strong></span> 
     </span>
    </p>
   </div>
   <div class='ocr_carea' id='block_1_105' title="bbox 1791 4666 3383 4743">
    <p class='ocr_par' dir='ltr' id='par_1_105' title="bbox 1791 4666 3383 4743">
     <span class='ocr_line' id='line_1_105' title="bbox 1791 4666 3383 4743; baseline 0.001 -15"><span class='ocrx_word' id='word_1_808' title='bbox 1791 4673 2000 4728; x_wconf 83' lang='lat' dir='ltr'><strong>dandas</strong></span> <span class='ocrx_word' id='word_1_809' title='bbox 2033 4669 2201 4726; x_wconf 78' lang='lat' dir='ltr'><strong>fuisse</strong></span> <span class='ocrx_word' id='word_1_810' title='bbox 2225 4680 2517 4739; x_wconf 80' lang='lat' dir='ltr'><strong>personas,</strong></span> <span class='ocrx_word' id='word_1_811' title='bbox 2548 4676 2629 4723; x_wconf 54' lang='lat' dir='ltr'><strong>ut.</strong></span> <span class='ocrx_word' id='word_1_812' title='bbox 2646 4681 2763 4723; x_wconf 60' lang='lat' dir='ltr'><strong>ne:</strong></span> <span class='ocrx_word' id='word_1_813' title='bbox 2790 4666 3138 4727; x_wconf 73' lang='lat' dir='ltr'><strong>solnemeiutt</strong></span> <span class='ocrx_word' id='word_1_814' title='bbox 3156 4682 3383 4743; x_wconf 62' lang='lat' dir='ltr'><strong>unum:</strong></span> 
     </span>
    </p>
   </div>
   <div class='ocr_carea' id='block_1_106' title="bbox 1794 4760 3405 4830">
    <p class='ocr_par' dir='ltr' id='par_1_106' title="bbox 1794 4760 3405 4830">
     <span class='ocr_line' id='line_1_106' title="bbox 1794 4760 3405 4830; baseline 0.001 -13"><span class='ocrx_word' id='word_1_815' title='bbox 1794 4764 1985 4830; x_wconf 72' lang='lat' dir='ltr'><strong>tione,‘</strong></span> <span class='ocrx_word' id='word_1_816' title='bbox 2016 4778 2208 4821; x_wconf 84' lang='lat' dir='ltr'><strong>verum</strong></span> <span class='ocrx_word' id='word_1_817' title='bbox 2262 4762 2429 4819; x_wconf 82' lang='lat' dir='ltr'><strong>etiam</strong></span> <span class='ocrx_word' id='word_1_818' title='bbox 2470 4760 3405 4826; x_wconf 58' lang='grc' dir='ltr'><strong>ίίιιοηρωῐυδίαὶαωίιὼδιαὸκισ</strong></span> 
     </span>
    </p>
   </div>
   <div class='ocr_carea' id='block_1_107' title="bbox 1790 4851 3408 4930">
    <p class='ocr_par' dir='ltr' id='par_1_107' title="bbox 1790 4851 3408 4930">
     <span class='ocr_line' id='line_1_107' title="bbox 1790 4851 3408 4930; baseline -0.004 -16"><span class='ocrx_word' id='word_1_819' title='bbox 1790 4857 2155 4927; x_wconf 87' lang='lat' dir='ltr'><strong>intelligatur,</strong></span> <span class='ocrx_word' id='word_1_820' title='bbox 2207 4862 2264 4909; x_wconf 89' lang='lat' dir='ltr'><strong>et</strong></span> <span class='ocrx_word' id='word_1_821' title='bbox 2314 4852 2574 4911; x_wconf 62' lang='lat' dir='ltr'><strong>Trinitas.</strong></span> <span class='ocrx_word' id='word_1_822' title='bbox 2616 4871 2637 4907; x_wconf 74' lang='grc' dir='ltr'><strong>ο</strong></span> <span class='ocrx_word' id='word_1_823' title='bbox 2680 4851 3208 4930; x_wconf 56' lang='grc' dir='ltr'><strong>Ειὲηῃςιυιιίυωα</strong></span> <span class='ocrx_word' id='word_1_824' title='bbox 3244 4860 3408 4921; x_wconf 57' lang='lat' dir='ltr'><strong>me»</strong></span> 
     </span>
    </p>
   </div>
   <div class='ocr_carea' id='block_1_108' title="bbox 1793 4941 3411 5013">
    <p class='ocr_par' dir='ltr' id='par_1_108' title="bbox 1793 4941 3411 5013">
     <span class='ocr_line' id='line_1_108' title="bbox 1793 4941 3411 5013; baseline -0.006 -8"><span class='ocrx_word' id='word_1_825' title='bbox 1793 4957 1985 5004; x_wconf 82' lang='lat' dir='ltr'><strong>contra</strong></span> <span class='ocrx_word' id='word_1_826' title='bbox 2012 4944 2301 5001; x_wconf 66' lang='grc' dir='ltr'><strong>ἱκετεύσω</strong></span> <span class='ocrx_word' id='word_1_827' title='bbox 2323 4942 2551 5013; x_wconf 83' lang='lat' dir='ltr'><strong>loquens</strong></span> <span class='ocrx_word' id='word_1_828' title='bbox 2565 4941 2958 5009; x_wconf 53' lang='lat' dir='ltr'><strong>adituribiau</strong></span> <span class='ocrx_word' id='word_1_829' title='bbox 2977 4941 3411 5005; x_wconf 59' lang='lat' dir='ltr'><strong>deum-</strong></span> 
     </span>
    </p>
   </div>
   <div class='ocr_carea' id='block_1_109' title="bbox 1789 5027 3436 5110">
    <p class='ocr_par' dir='ltr' id='par_1_109' title="bbox 1789 5027 3436 5110">
     <span class='ocr_line' id='line_1_109' title="bbox 1789 5027 3436 5110; baseline -0.01 0"><span class='ocrx_word' id='word_1_830' title='bbox 1789 5033 2268 5110; x_wconf 63' lang='grc' dir='ltr'><strong>ορδεεορυωεάίοὶι</strong></span> <span class='ocrx_word' id='word_1_831' title='bbox 2294 5034 2435 5105; x_wconf 51' lang='lat' dir='ltr'><strong>(catt</strong></span> <span class='ocrx_word' id='word_1_832' title='bbox 2455 5029 2517 5102; x_wconf 72' lang='grc' dir='ltr'><strong>ὅ)</strong></span> <span class='ocrx_word' id='word_1_833' title='bbox 2542 5047 2558 5087; x_wconf 85' lang='lat'><strong><em>=</em></strong></span> <span class='ocrx_word' id='word_1_834' title='bbox 2591 5027 3436 5103; x_wconf 47' lang='lat' dir='ltr'><strong>utincﬂmtmﬁaiismlnutr</strong></span> 
     </span>
    </p>
   </div>
   <div class='ocr_carea' id='block_1_110' title="bbox 1794 5118 3403 5200">
    <p class='ocr_par' dir='ltr' id='par_1_110' title="bbox 1794 5118 3403 5200">
     <span class='ocr_line' id='line_1_110' title="bbox 1794 5118 3403 5200; baseline 0.003 -16"><span class='ocrx_word' id='word_1_835' title='bbox 1794 5137 1898 5192; x_wconf 86' lang='lat' dir='ltr'><strong>est,</strong></span> <span class='ocrx_word' id='word_1_836' title='bbox 1938 5125 2044 5181; x_wconf 73' lang='lat' dir='ltr'><strong>hoc</strong></span> <span class='ocrx_word' id='word_1_837' title='bbox 2066 5130 2163 5181; x_wconf 79' lang='lat' dir='ltr'><strong>est</strong></span> <span class='ocrx_word' id='word_1_838' title='bbox 2176 5123 2335 5193; x_wconf 76' lang='lat' dir='ltr'><strong>quod</strong></span> <span class='ocrx_word' id='word_1_839' title='bbox 2354 5118 3403 5200; x_wconf 44' lang='lat' dir='ltr'><strong>ipso-cstwmnﬁiﬁmlmtﬂlﬂ&#39;md</strong></span> 
     </span>
    </p>
   </div>
   <div class='ocr_carea' id='block_1_111' title="bbox 1788 5209 3393 5288">
    <p class='ocr_par' dir='ltr' id='par_1_111' title="bbox 1788 5209 3393 5288">
     <span class='ocr_line' id='line_1_111' title="bbox 1788 5209 3393 5288; baseline -0.002 -12"><span class='ocrx_word' id='word_1_840' title='bbox 1788 5219 1968 5276; x_wconf 73' lang='lat' dir='ltr'><strong>Filius</strong></span> <span class='ocrx_word' id='word_1_841' title='bbox 1987 5209 2947 5288; x_wconf 54' lang='lat' dir='ltr'><strong>sospinwssaaaqstfmmm</strong></span> <span class='ocrx_word' id='word_1_842' title='bbox 2961 5220 3393 5279; x_wconf 55' lang='lat' dir='ltr'><strong>omnium»</strong></span> 
     </span>
    </p>
   </div>
   <div class='ocr_carea' id='block_1_112' title="bbox 1792 5299 3393 5383">
    <p class='ocr_par' dir='ltr' id='par_1_112' title="bbox 1792 5299 3393 5383">
     <span class='ocr_line' id='line_1_112' title="bbox 1792 5299 3393 5383; baseline -0.004 -16"><span class='ocrx_word' id='word_1_843' title='bbox 1792 5308 2110 5371; x_wconf 59' lang='lat' dir='ltr'><strong>inﬁnitatis;</strong></span> <span class='ocrx_word' id='word_1_844' title='bbox 2128 5320 2294 5377; x_wconf 74' lang='lat' dir='ltr'><strong>uuam</strong></span> <span class='ocrx_word' id='word_1_845' title='bbox 2305 5328 2325 5355; x_wconf 52' lang='grc' dir='ltr'><em>δ</em></span> <span class='ocrx_word' id='word_1_846' title='bbox 2338 5299 2983 5363; x_wconf 63' lang='grc' dir='ltr'><strong>ωηωιιοκιιωθωυιυιι</strong></span> <span class='ocrx_word' id='word_1_847' title='bbox 2990 5303 3393 5383; x_wconf 63' lang='lat' dir='ltr'><strong>Win</strong></span> 
     </span>
    </p>
   </div>
   <div class='ocr_carea' id='block_1_113' title="bbox 1788 5392 3403 5476">
    <p class='ocr_par' dir='ltr' id='par_1_113' title="bbox 1788 5392 3403 5476">
     <span class='ocr_line' id='line_1_113' title="bbox 1788 5392 3403 5476; baseline -0.001 -18"><span class='ocrx_word' id='word_1_848' title='bbox 1788 5392 3403 5476; x_wconf 48' lang='grc' dir='ltr'><strong>θιᾳκιῶωωωῢίωὺϋωωωηῠηωί</strong></span> 
     </span>
    </p>
   </div>
   <div class='ocr_carea' id='block_1_114' title="bbox 1786 5481 3413 5565">
    <p class='ocr_par' dir='ltr' id='par_1_114' title="bbox 1786 5481 3413 5565">
     <span class='ocr_line' id='line_1_114' title="bbox 1786 5481 3413 5565; baseline -0.005 -12"><span class='ocrx_word' id='word_1_849' title='bbox 1786 5490 2171 5558; x_wconf 56' lang='lat' dir='ltr'><strong>summatum</strong></span> <span class='ocrx_word' id='word_1_850' title='bbox 2185 5485 2535 5559; x_wconf 55' lang='lat' dir='ltr'><strong>(tantum</strong></span> <span class='ocrx_word' id='word_1_851' title='bbox 2543 5481 2865 5543; x_wconf 71' lang='lat' dir='ltr'><strong>muth</strong></span> <span class='ocrx_word' id='word_1_852' title='bbox 2877 5483 3413 5565; x_wconf 53' lang='lat' dir='ltr'><strong>mihinam</strong></span> 
     </span>
    </p>
   </div>
   <div class='ocr_carea' id='block_1_115' title="bbox 1782 5569 3397 5648">
    <p class='ocr_par' dir='ltr' id='par_1_115' title="bbox 1782 5569 3397 5648">
     <span class='ocr_line' id='line_1_115' title="bbox 1782 5569 3397 5648; baseline -0.002 -9"><span class='ocrx_word' id='word_1_853' title='bbox 1782 5572 2590 5647; x_wconf 61' lang='grc' dir='ltr'><strong>εειωυβιρὶωιέᾶρθίηὶὲω</strong></span> <span class='ocrx_word' id='word_1_854' title='bbox 2616 5569 3397 5648; x_wconf 54' lang='lat' dir='ltr'><strong>summatem</strong></span> 
     </span>
    </p>
   </div>
   <div class='ocr_carea' id='block_1_116' title="bbox 1794 5664 3409 5742">
    <p class='ocr_par' dir='ltr' id='par_1_116' title="bbox 1794 5664 3409 5742">
     <span class='ocr_line' id='line_1_116' title="bbox 1794 5664 3409 5742; baseline -0.02 -6"><span class='ocrx_word' id='word_1_855' title='bbox 1794 5679 1953 5742; x_wconf 56' lang='lat' dir='ltr'><strong>titille-</strong></span> <span class='ocrx_word' id='word_1_856' title='bbox 1974 5665 2938 5730; x_wconf 59' lang='lat' dir='ltr'><strong>mratoerummerioﬁiirtaihno</strong></span> <span class='ocrx_word' id='word_1_857' title='bbox 2953 5664 3197 5733; x_wconf 50' lang='lat' dir='ltr'><strong>“inﬂati</strong></span> <span class='ocrx_word' id='word_1_858' title='bbox 3205 5664 3409 5729; x_wconf 39' lang='lat' dir='ltr'><strong>uidit,</strong></span> 
     </span>
    </p>
   </div>
  </div>
