3998 6336
593 368 715 425 Ἀῒν

592 492 996 555 personamque
1019 477 1230 548 recipit,
1263 476 1371 533 Sed
1390 477 1794 549 Patet-semper
1812 478 1994 541 Pater,
2012 478 2179 534 Filius

592 578 810 641 semper
862 569 1069 636 Filius,
1116 568 1353 639 Spiritus
1409 578 1632 626 sanctus
1674 585 1892 641 semper
1947 570 2182 641 Spiritus

593 672 837 718 sanctus.
864 660 1069 730 ‘ltaque
1108 661 1415 716 substantia
1462 677 1628 717 unum
1668 672 1811 723 sunt,
1838 662 2083 731 personis
2117 677 2181 717 ac

594 750 910 806 nominibus
934 751 1362 819 distinguuntur.
1398 772 1418 805 ο
1468 752 1538 807 Et
1580 753 1708 806 item
1752 760 1972 806 sanctus
1996 750 2182 820 Augu-

595 845 773 899 stinus
811 844 865 898 in
914 843 1053 898 libro
1092 844 1267 913 primo
1296 844 1435 915 (cap.
1466 844 1523 915 4)
1555 846 1620 899 de
1648 843 1912 898 Trinitate
1942 862 1955 896 :
1988 862 2008 895 ι
2053 844 2181 897 0m-

593 944 693 989 n'es
716 950 852 1003 quos
877 934 1058 1003 legere
1097 935 1272 1005 potui,
1316 936 1407 1005 qui
1446 945 1570 990 ante
1610 950 1696 989 me
1737 935 2071 1003 scripserunt
2114 935 2182 989 de

588 1019 875 1085 Triaita’te,
903 1037 1024 1091 quae
1050 1031 1135 1075 est
1163 1023 1326 1085 Deus,
1356 1022 1667 1076 divinorum
1714 1020 1979 1075 librorum
2028 1029 2176 1073 vete-

583 1124 709 1167 rum
753 1121 809 1167 et
845 1126 1109 1166 novorum
1136 1110 1385 1165 catholici
1414 1119 1760 1172 tractatores.
1791 1111 1893 1164 hoc
1925 1110 2175 1164 intende-

577 1201 1034 1259 l'ttxnsecundum
1092 1198 1404 1269 Scripturas
1447 1201 1667 1263 docere,
1716 1200 1859 1268 quod
1912 1199 2073 1253 Pater
2120 1206 2176 1253 et

577 1290 752 1354 Filius
770 1303 827 1350 et
870 1294 1108 1364 Spiritus
1156 1303 1379 1348 sanctus
1432 1294 1594 1347 unius
1644 1292 1999 1360 ejusdemque
2048 1291 2175 1345 sub-

576 1384 1191 1454 lantiteﬁnseparabili
1236 1382 1545 1451 mqualitate
1600 1382 1838 1435 divinam
1900 1381 2177 1436 insinuent

577 1476 882 1538 unitatem;
917 1477 1145 1544 ideoque
1175 1491 1282 1529 non
1317 1478 1427 1529 sint
1462 1484 1579 1529 tres
1608 1474 1704 1539 dii,
1729 1474 1823 1528 sed
1848 1488 1988 1528 unus
2011 1475 2173 1537 Deus,

575 1566 826 1636 quamvis
853 1564 1019 1619 Pater
1044 1565 1239 1619 Filium
1265 1565 1534 1635 genuerit,
1566 1574 1621 1618 et
1645 1565 1766 1618 ideo
1785 1562 1954 1617 Filius
1977 1579 2085 1617 non
2102 1562 2176 1618 sit

576 1659 672 1730 qui
696 1658 858 1714 Pater
877 1667 981 1724 est,
998 1657 1166 1713 Filius
1188 1676 1217 1711 a
1240 1659 1403 1714 Patre
1432 1660 1502 1715 sit
1522 1657 1687 1730 485
1718 1660 1950 1729 genitus,
1968 1667 2025 1713 et
2056 1660 2175 1713 ideo

578 1766 688 1807 non
718 1752 793 1805 sit
822 1751 986 1805 Pater
1017 1752 1108 1822 qui
1141 1751 1310 1805 Filius
1358 1759 1466 1813 est,
1523 1751 1760 1820 Spiritus
1807 1760 2026 1805 sanctus
2073 1763 2175 1803 nec

462 1889 471 1897 .
574 1837 741 1895 Pater
757 1840 849 1906 sit,
882 1856 982 1895 nu:
1011 1839 1211 1904 Filius,
1241 1841 1337 1895 sed
1376 1849 1587 1894 tantum
1613 1840 1791 1894 Patris
1822 1850 1880 1894 et
1912 1840 2031 1894 Filii
2060 1841 2175 1910 spi-

583 1929 747 1996 ritus,
774 1931 923 1986 Patri
950 1940 1006 1986 et
1030 1932 1167 1985 Filio
1196 1931 1358 1985 etiam
1393 1932 1507 2001 ipse
1542 1931 1854 2002 comqualis,
1880 1942 1936 1987 et
1962 1933 2030 1986 ad
2055 1931 2174 1986 Tri-

575 2023 765 2078 nitatis
786 2023 1068 2093 pertinens
1093 2024 1378 2079 unitatem.
1413 2043 1431 2075 ι

662 2113 733 2169 Et
766 2121 988 2169 sanctus
1025 2112 1365 2182 Sophronias
1389 2114 1443 2168 in
1476 2115 1742 2170 catholica
1786 2129 1882 2170 sua
1921 2115 2170 2184 epistola,

576 2217 738 2275 quam
760 2211 914 2257 sexta
941 2204 1179 2275 synodus
1201 2205 1408 2274 (synodi
1435 2221 1491 2259 vr
1517 2215 1620 2260 act.
1654 2206 1742 2274 ll)
1781 2206 1849 2260 ad
1889 2206 2173 2261 catholicas

576 2294 702 2353 ﬁdei
748 2293 1220 2351 continuationem
1244 2298 1523 2365 produxit
1562 2312 1578 2351 :
1633 2315 1653 2348 ι
1702 2296 1831 2363 Nos,
1879 2297 2169 2367 inquiens,

572 2400 741 2441 unum
771 2386 1103 2456 principium
1130 2386 1291 2441 unius
1320 2388 1571 2444 novimus
1596 2389 1835 2453 deitatis,
1878 2404 2043 2443 unum
2070 2389 2172 2443 im-

570 2479 806 2551 perium,
851 2494 1015 2534 unam
1056 2488 1413 2549 potestatem,
1458 2496 1624 2535 unam
1665 2482 1957 2546 virtutem,
2002 2496 2169 2536 unam

572 2572 966 2642 operationem,
1016 2587 1184 2627 unum
1229 2573 1548 2637 consilium,
1600 2588 1764 2627 unam
1808 2574 2167 2639 voluntatem,

580 2676 745 2717 unam
778 2662 1229 2728 dominationem,
1278 2680 1443 2718 unum
1497 2674 1724 2731 motum,
1767 2673 1879 2719 tam
1925 2666 2167 2719 omnium

570 2765 694 2821 qua
721 2761 845 2822 post
869 2767 993 2807 eam
1022 2761 1151 2807 sunt
1176 2754 1498 2809 creatricem
1522 2794 1536 2819 ,
1576 2768 1846 2825 quamque
1879 2754 2165 2823 providam

574 2852 633 2901 et
663 2844 1031 2900 stabilientem
1064 2853 1225 2913 atque
1263 2846 1737 2907 conservatricem,
1784 2860 1948 2899 unam
1989 2844 2167 2898 domi-

573 2934 873 3001 nationem,
897 2949 1060 2989 unam
1079 2933 1589 3004 sempiternitatem,
1614 2944 1916 3004 etquaeque
1946 2942 2072 2989 sunt
2094 2942 2169 2987 ta.

570 3023 646 3081 lia
689 3023 985 3096 singularia
1035 3032 1093 3079 et
1140 3008 1499 3094 incomposita
1525 3010 1686 3079 unius
1711 3026 1965 3079 essentia:
2004 3033 2166 3092 atque

570 3124 779 3173 naturae
816 3117 871 3170 in
916 3115 1088 3170 tribus
1125 3115 1504 3185 personalibus
1544 3116 1941 3180 subsistentiis;
1986 3130 2165 3184 neque

570 3208 953 3265 subsistentias
971 3206 1385 3273 confundentes,
1410 3216 1465 3262 et
1491 3207 1545 3262 in
1571 3223 1733 3261 unam
1753 3222 1850 3262 eas
1870 3207 2164 3262 subsisten-

570 3301 707 3356 tiam
745 3302 1096 3366 deducentes,
1148 3316 1325 3372 neque
1369 3302 1616 3357 eamdem
1663 3316 1827 3355 unam
1869 3302 2161 3356 essentiam

568 3390 895 3463 partientes,
918 3401 973 3447 et
998 3391 1052 3446 in
1078 3403 1191 3447 tres
1221 3406 1341 3446 eam
1371 3392 1639 3447 essentias
1671 3391 2073 3460 discerpentes,
2111 3400 2165 3445 et

569 3502 741 3542 unam
784 3503 855 3542 ex
903 3487 1009 3543 hoc
1054 3487 1357 3542 dividentes
1399 3486 1678 3541 deitatem.
1744 3486 1850 3541 Sed
1896 3495 1980 3541 est
2023 3501 2165 3540 unus

572 3577 740 3642 Deus,
766 3593 873 3631 una
895 3577 1094 3642 deitas,
1132 3578 1185 3631 in
1218 3577 1393 3633 trilms
1422 3576 1789 3632 subsistentiis
1816 3575 2061 3647 fulgens,
2106 3584 2165 3632 et

568 3673 687 3721 tres
712 3668 1077 3722 subsistentia:
1100 3676 1156 3721 et
1181 3681 1429 3736 personae
1471 3668 1525 3721 in
1570 3667 1772 3721 deitate
1810 3682 1919 3720 una
1967 3682 2165 3737 cogno-

568 3765 818 3812 scuntur.
859 3755 1149 3827 Propterea
1186 3756 1463 3827 perfectus
1499 3756 1643 3811 Deus
1687 3765 1771 3811 est
1814 3756 1999 3820 Pater,
2041 3771 2164 3825 per-

570 3843 748 3903 fectus
772 3845 917 3902 Deus
942 3856 1027 3902 est
1054 3845 1247 3913 Filius,
1292 3848 1570 3918 perfectus
1614 3848 1755 3902 Deus
1797 3856 1882 3902 est
1930 3846 2164 3917 Spiritus

571 3945 835 4004 sanctus,
882 3938 1088 3993 idcirco
1137 3939 1280 4010 quod
1330 3954 1494 3993 unam
1546 3940 1901 4008 eamdemque
1952 3938 2163 4006 singula

568 4042 797 4099 quaque
822 4042 1054 4099 persona
1084 4028 1519 4098 inseparabilem,
1552 4029 1933 4083 indiminntam
1954 4069 1969 4094 ,
2000 4038 2163 4098 atque

569 4116 867 4189 perfectam
897 4116 1061 4173 habet
1089 4118 1369 4173 deitatem.
1403 4117 1471 4171 Et
1507 4116 1660 4185 iuxta
1689 4118 1833 4187 quod
1867 4118 2008 4172 Deus
2043 4118 2164 4186 qui-

570 4207 694 4263 dem
716 4216 820 4274 est,
847 4207 1081 4278 idipsum
1107 4208 1296 4263 existit
1312 4208 1758 4277 unumquodque,
1780 4208 1906 4263 dum
1933 4211 2161 4264 seorsim

566 4298 964 4363 consideratur,
997 4299 1113 4368 Ipsa
1151 4296 1511 4368 intelligentia
1548 4298 1693 4366 quod
1726 4313 1849 4352 non
1873 4306 1958 4352 est
2004 4314 2162 4369 sepa—

568 4387 741 4444 rabile
760 4397 1070 4458 separante,
1092 4396 1152 4441 ut
1175 4387 1339 4443 Pater
1361 4398 1543 4443 tamen
1565 4397 1623 4444 et
1650 4388 1822 4443 Filius
1847 4398 1903 4443 et
1925 4388 2161 4457 Spiritus

567 4482 813 4544 sanctus,
838 4479 1005 4543 aliud,
1026 4487 1083 4532 et
1103 4478 1270 4541 aliud,
1302 4488 1357 4533 et
1384 4478 1532 4533 aliud
1562 4480 1830 4535 dicantur.
1863 4480 1931 4534 Et
1955 4480 2159 4535 idcirco

569 4569 689 4625 hac
714 4583 748 4621 a
777 4567 875 4623 Dei
906 4569 1199 4639 capacibus
1219 4569 1584 4638 praedicantur
1607 4571 1767 4632 Deus,
1811 4579 1865 4626 et
1900 4570 2060 4637 Deus,
2107 4581 2162 4626 et

570 4656 743 4723 Deus,
769 4659 861 4712 sed
889 4674 1028 4714 unus
1051 4668 1135 4714 est
1166 4660 1283 4714 haec
1321 4661 1424 4715 tria
1462 4661 1625 4718 Deus.
1669 4662 1788 4716 Non
1831 4662 1975 4717 enim
2023 4663 2162 4718 alius

571 4747 717 4805 Deus
739 4748 922 4816 Pater,
959 4765 1060 4806 nec
1088 4752 1225 4807 alius
1258 4754 1400 4808 Deus
1425 4753 1611 4820 Filius,
1660 4768 1837 4823 neque
1879 4755 2018 4810 alius
2061 4756 2161 4811 ite-

570 4852 693 4894 rum
718 4839 861 4895 Deus
883 4838 1118 4909 Spiritus
1144 4850 1386 4906 sanctus,
1418 4843 1545 4909 quia
1582 4858 1686 4897 nec
1721 4843 1825 4897 alia
1855 4852 2047 4897 natura
2077 4852 2161 4898 est

567 4929 751 4997 Pater,
782 4946 883 4986 nec
908 4931 1011 4984 alia
1043 4941 1237 4986 natura
1263 4941 1346 4987 est
1374 4930 1546 4987 Filius
1565 4973 1581 4999 ,
1622 4948 1797 5002 neque
1823 4934 1929 4987 alia
1959 4936 2159 4988 iterum

567 5030 763 5079 natura
788 5032 872 5077 est
900 5022 1136 5093 Spiritus
1154 5010 1405 5081 sanctus.
1435 5023 1551 5079 Hoc
1577 5025 1722 5079 enim
1758 5026 1924 5078 etiam
1960 5025 2158 5079 multos

566 5104 734 5184 atque
758 5114 1006 5169 diversos
1034 5116 1176 5170 Deos
1202 5114 1525 5178 ollicinatur,
1564 5116 1867 5186 multasque
1892 5128 1951 5172 et
1977 5120 2157 5176 varias

567 5210 797 5273 generat
826 5204 1089 5270 deitates;
1140 5206 1235 5259 sed
1276 5206 1420 5260 Deus
1444 5206 1661 5276 quidem
1694 5217 1779 5262 est
1806 5208 1985 5273 Pater,
2015 5209 2157 5264 Deus

565 5306 698 5349 vero
725 5303 812 5375 est
835 5293 1029 5361 Filius,
1058 5296 1310 5353 similiter
1342 5306 1402 5352 et
1443 5296 1589 5353 Deus
1625 5307 1713 5354 est
1760 5298 1997 5368 Spiritus
2028 5314 2153 5355 san-

566 5392 719 5451 ctus,
749 5388 983 5457 eoquod
1028 5388 1275 5443 indivisa:
1320 5397 1376 5443 et
1418 5389 1756 5445 indiminutte
1800 5389 2005 5444 eaedem
2048 5400 2158 5445 tres

564 5490 813 5546 persona:
844 5492 952 5533 una
991 5478 1319 5549 impleantur
1363 5480 1588 5546 deitate,
1635 5490 1694 5535 et
1734 5482 1788 5535 in
1833 5495 2158 5549 unaquaque

565 5580 757 5622 earum
785 5567 1026 5625 funditus
1047 5579 1158 5626 tota
1187 5581 1289 5627 est.
1328 5570 1465 5626 Nam
1496 5573 1673 5628 deitas
1703 5573 2022 5627 divisionem
2047 5588 2155 5627 non

566 5657 822 5722 sustinet,
867 5668 923 5714 et
961 5661 1018 5715 in
1059 5658 1404 5734 tribus'ipsis
1432 5665 1680 5735 personis
1714 5664 1966 5735 pleniﬁce
1996 5674 2159 5732 atque

566 5747 808 5818 perfecte
829 5760 936 5818 est,
954 5762 960 5769 ‘
981 5764 1089 5810 non
1116 5757 1480 5826 'partiblliter,
1509 5760 1628 5815 sive
1657 5774 1721 5813 ex
1751 5766 1907 5829 parte
1937 5759 2153 5814 easdem

1570 358 1901 425 lllNCMARl
1939 359 2343 423 RHEMENSIS
2374 360 2891 418 mommsen"

3722 374 3815 430 ιιι,

2199 478 2253 536 Α
2277 471 2506 541 impleas
2529 487 2814 543 personas,
2842 478 2936 531 sed
2968 476 3023 531 in
3045 490 3369 549 tmaquaque
3394 481 3622 538 existens
3644 485 3808 555 plenis-

2276 564 2439 628 sima,
2483 573 2542 620 et
2582 580 2690 622 una
2731 583 3081 637 permanens,
3122 568 3247 626 licet
3292 572 3347 626 in
3397 574 3563 630 tribus
3604 584 3809 645 personis

2275 663 2631 719 monstretur,
2659 665 2716 711 et
2752 658 2820 712 ad
2863 657 3089 715 deorum
3118 660 3515 718 multitudinem
3538 679 3807 736 excurrens,

2273 744 2402 800 licet
2435 746 2490 801 in
2529 748 2705 803 tribus
2742 749 2813 803 sit
2833 749 3217 815 subsistentiis,
3262 761 3326 807 ut
3370 768 3476 807 non
3520 760 3809 827 corporalem

2276 838 2566 906 quamdam
2595 840 2861 894 sustineat
2887 843 3206 906 sectionem,
3228 859 3353 912 quae
3375 854 3522 901 certe
3543 856 3623 902 est
3648 849 3809 919 impas-

2274 928 2447 983 sibilis
2470 936 2526 983 et
2550 930 2887 1001 incorporea,
2924 941 2979 987 et
3005 933 3116 1003 pati
3146 935 3397 990 nesciens
3437 951 3553 1006 qua:
3585 948 3810 995 creatum

2275 1028 2401 1073 sunt
2428 1020 2671 1088 propria.
2704 1040 2723 1074 ι

2347 1107 2473 1163 ﬂare
2513 1108 2748 1179 Spiritus
2789 1121 3010 1167 sanctus
3055 1126 3417 1183 per-sanctos
3454 1119 3581 1174 dicit
3613 1121 3812 1178 Atinia

2276 1200 2440 1265 sium,
2476 1202 2740 1258 Hilarium
2767 1215 2821 1259 et
2847 1206 3219 1275 Ambrosium,
3268 1220 3435 1281 atque
3462 1191 3808 1283 Augustinum;

2276 1303 2336 1349 et
2360 1296 2583 1364 spiritus
2623 1298 2937 1356 immundus
2978 1302 3200 1356 exhalat
3232 1318 3337 1372 per
3372 1304 3809 1365 immundissimutu

2277 1385 2695 1441 Gotliescalcum
2743 1389 2980 1444 dicens:
3040 1411 3061 1442 ι
3112 1390 3267 1446 Sicut
3313 1408 3723 1465 unamquamque
3758 1414 3821 1453 est

2279 1475 2544 1531 Trinitate
2581 1494 2936 1548 personarum
2974 1482 3224 1553 quisquis
3265 1484 3566 1542 catholicus
3596 1489 3744 1541 credit
3768 1500 3811 1542 et

2278 1567 2600 1635 confitetur,
2653 1573 2957 1644 integrum,
3003 1575 3255 1644 plenum,
3302 1579 3598 1644 perlectum
3636 1580 3811 1647 penitus

2280 1659 2490 1716 Deum:
2523 1662 2600 1716 sic
2629 1662 2924 1731 unicuique
2950 1679 3195 1733 personae
3239 1680 3397 1720 suam
3438 1666 3691 1735 propriam
3728 1667 3810 1722 dri-

2280 1759 2446 1805 tatem
2492 1751 2661 1823 486
2692 1754 2981 1823 integram,
3028 1754 3263 1824 plenam,
3312 1755 3599 1825 perfectam
3640 1759 3811 1826 penita

2208 1823 2253 1883 Β
2282 1842 2457 1897 inesse
2481 1846 2670 1899 credat
2692 1854 2747 1898 et
2767 1823 3096 1899 confiteatur
3124 1862 3178 1910 ις
3223 1823 3376 1910 cum,
3406 1855 3467 1901 ut
3485 1823 3689 1903 sanctus
3710 1852 3810 1903 Atr.-

2273 1932 2491 1987 brosius
2509 1934 2699 1988 scribit
2732 1934 2846 2005 (lib.
2880 1952 2898 1990 ι
2937 1936 3006 1989 de
3052 1937 3189 2001 fide,
3221 1953 3342 2006 cap.
3369 1937 3426 2007 2)
3454 1956 3467 1991 :
3503 1939 3731 1992 Dominus
3747 1941 3810 1991 div

2273 2027 2466 2091 cendo,
2505 2025 2607 2091 Ite,
2639 2027 2902 2097 baptizata
2926 2039 3102 2097 gentes
3131 2030 3187 2083 in
3213 2030 3428 2083 nomine
3456 2030 3623 2084 Patris
3643 2042 3685 2083 ct
3708 2027 3808 2083 Hii

2272 2123 2323 2167 et
2352 2114 2585 2183 Spiritus
2613 2117 2784 2170 sancti
2805 2116 3024 2188 (Matth.
3051 2134 3241 2181 sxvul,
3272 2119 3387 2184 l9),
3420 2120 3573 2173 unius
3598 2120 3810 2174 θεατήν

2272 2206 2499 2260 nitatem
2527 2208 2816 2277 potestatis
2844 2208 3166 2263 ostenderit.
3198 2208 3314 2265 Nos
3340 2208 3553 2263 Patrem
3577 2218 3626 2261 et
3653 2208 3805 2262 Filium

2275 2302 2333 2347 et
2358 2292 2622 2363 Spiritum
2650 2305 2899 2350 sanctum
2926 2295 3272 2362 confitemur,
3324 2298 3401 2352 ita
3435 2305 3491 2352 ut
3518 2298 3568 2352 in
3591 2297 3807 2351 Triniqu

2269 2381 2531 2450 perfecta,
2561 2390 2615 2437 et
2641 2382 2926 2452 plenitudo
2952 2385 3026 2439 sit
3046 2385 3354 2442 divinitatis
3376 2426 3392 2450 ,
3424 2395 3479 2441 et
3502 2388 3664 2442 unitas
3685 2395 3803 2455 pate-

2270 2473 2447 2527 statis.
2481 2473 2651 2528 Omne
2676 2490 2891 2543 regnum
2922 2475 2977 2529 in
3001 2492 3056 2529 sc
3093 2476 3321 2530 divisum
3361 2476 3515 2545 facile
3542 2477 3799 2535 destruetur.

2271 2561 2533 2617 Dominus
2563 2563 2666 2617 hoc
2695 2562 2848 2618 dicit.
2896 2562 3012 2618 Non
3059 2578 3189 2633 ergo
3236 2565 3472 2619 divisum
3512 2574 3592 2618 est
3626 2575 3802 2633 reputa

2269 2652 2581 2707 Trinitatis.
2614 2654 2674 2708 Si
2700 2668 2830 2723 ergo
2859 2654 3091 2731 divisum
3123 2670 3230 2711 non
3257 2665 3366 2720 est,
3398 2671 3556 2710 unum
3575 2652 3801 2719 estw

2267 2747 2412 2799 enim
2442 2760 2606 2799 unum
2638 2760 2746 2800 non
2777 2755 2882 2809 est,
2910 2745 3144 2802 divisum
3174 2755 3281 2802 est.
3327 2746 3454 2801 Tale
3477 2760 3600 2815 ergo
3622 2758 3800 2815 regnum

2267 2851 2391 2892 esse
2435 2838 2662 2906 cupiunt
2709 2836 3013 2902 Trinitatis,
3064 2839 3210 2907 quod
3260 2838 3522 2893 divisione
3563 2837 3638 2893 sui
3679 2832 3811 2889 facile

2266 2925 2599 2980 destruatur.
2645 2926 2759 2981 lino
2803 2927 2935 2995 quia
2982 2942 3091 2982 non
3135 2935 3319 2997 potest
3350 2926 3549 2983 destrui
3571 2966 3587 2989 ,
3632 2931 3799 2980 constat

2267 3034 2376 3074 non
2403 3035 2526 3074 esse
2550 3020 2805 3075 divisum.
2856 3019 2977 3073 Non
3023 3020 3171 3074 enim
3210 3020 3474 3075 dividitur
3513 3019 3687 3079 unitas.
3719 3027 3794 3067 nec

2267 3108 2551 3163 scinditur.
2588 3127 2607 3160 ι
2657 3108 2726 3163 Ει
2760 3116 2884 3178 post
2925 3107 3198 3178 aliquanta
3230 3109 3379 3179 (cap.
3421 3108 3614 3177 eodeni)
3637 3122 3650 3158 :
3675 3123 3693 3155 ί
3717 3103 3791 3157 Est

2190 3172 2236 3235 ί)
2265 3199 2411 3253 enim
2450 3197 2730 3267 plenitudo
2760 3172 3073 3253 divinitatis
3125 3199 3180 3253 in
3227 3172 3414 3264 Patre,
3454 3207 3535 3253 est
3572 3172 3791 3265 plenitudo

2264 3288 2567 3345 divinitatis
2596 3288 2651 3344 in
2674 3287 2834 3353 Filio,
2865 3288 2964 3343 sed
2991 3302 3101 3342 non
3129 3288 3448 3358 discrepans
3469 3331 3485 3356 ,
3510 3287 3595 3342 sed
3619 3297 3707 3339 una
3729 3280 3790 3334 oli-

2264 3382 2492 3447 viuitas;
2522 3396 2624 3437 nec
2648 3379 2932 3439 confusum
2962 3382 3108 3451 quod
3135 3396 3307 3435 unum
3330 3391 3437 3447 est,
3452 3394 3547 3435 nec
3567 3372 3789 3443 multiplex

2264 3477 2410 3544 quod
2454 3474 2787 3530 indifferens.
2823 3494 2843 3526 ι
2896 3474 2966 3531 Et
3004 3474 3165 3543 paulo
3208 3483 3337 3543 post
3371 3492 3386 3529 :
3440 3493 3458 3526 ι
3498 3471 3697 3526 Necesse
3728 3472 3790 3516 εει

2264 3576 2465 3636 negent
2487 3565 2676 3620 Ariani
2706 3573 2802 3619 aut
2838 3565 3017 3621 Patris
3052 3573 3148 3619 aut
3179 3565 3305 3621 Filii
3344 3562 3679 3620 divinitatem.
3710 3554 3788 3607 nisi

2262 3658 2504 3727 ejusdem
2532 3658 2832 3715 divinitatis
2852 3656 3185 3713 crediderint
3214 3658 3495 3712 unitatem.
3527 3672 3545 3705 ι
3574 3652 3633 3707 Ει
3656 3649 3783 3702 item:

2268 3772 2289 3804 s
2318 3753 2389 3807 Ut
2416 3762 2596 3807 autem
2627 3768 2735 3807 una
2765 3753 2938 3807 deitas
2964 3751 3143 3806 Patris
3179 3761 3240 3806 et
3286 3749 3427 3813 Filii,
3461 3756 3513 3803 et
3544 3759 3635 3799 una
3655 3736 3786 3793 dotal-

2263 3848 2412 3902 natio
2441 3847 2785 3917 probaretur,
2814 3860 2882 3900 ne
2911 3844 3127 3917 gentilis
3159 3852 3256 3899 aut
3296 3843 3526 3900 Iudaicae
3552 3829 3787 3904 inpietatis

2265 3940 2670 3993 incurreremus
2692 3952 2961 4002 errorem,
2988 3936 3284 4006 providens
3304 3931 3582 4003 Apostolus
3602 3923 3787 3995 quid“-

2263 4030 2354 4098 qni
2382 4029 2708 4083 deberemus
2743 4027 2984 4083 ostendit
3022 4026 3209 4081 dicens
3239 4044 3253 4079 :
3287 4024 3437 4080 Unus
3477 4021 3605 4076 Dm
3644 4014 3782 4069 Pam.

2261 4134 2329 4171 ea:
2350 4134 2454 4187 quo
2482 4117 2677 4179 omnia,
2711 4126 2760 4171 et
2789 4133 2884 4171 nos
2910 4118 2966 4170 in
2993 4117 3109 4185 ipso
3135 4132 3154 4180 ;
3181 4124 3229 4169 et
3257 4130 3395 4169 unus
3417 4110 3650 4168 Dominus
3664 4100 3783 4156 1M!

2263 4208 2527 4273 Christus,
2564 4224 2659 4279 per
2683 4223 2836 4279 quem
2866 4208 3075 4272 omnia,
3112 4216 3163 4261 et
3203 4223 3303 4261 stos
3335 4221 3427 4275 per
3450 4194 3666 4273 ipsum“
3686 4190 3778 4246 6οη

2262 4314 2385 4364 vnt,
2434 4300 2513 4366 6).
2546 4319 2565 4352 ι
2597 4298 2667 4354 Et
2693 4308 2815 4369 post
2842 4313 3015 4368 pauca
3044 4297 3185 4369 (cap.
3214 4298 3418 4368 coam)
3443 4311 3457 4347 :
3497 4309 3519 4345 ε

2261 4398 2442 4461 potest
2470 4401 2591 4443 esse
2618 4368 2723 4442 alia
2751 4388 3063 4452 aestimatio,
3106 4386 3198 4441 ubi
3226 4384 3441 4442 deitatis
3465 4380 3629 4435 unitas
3649 4368 3774 4461 est“

2266 4458 2333 4533 lit
2378 4479 2431 4533 in
2476 4478 2614 4532 libro
2652 4478 2830 4547 primo
2870 4477 2938 4531 de
2988 4475 3227 4546 Spiritu.
3244 4482 3434 4531 sancto
3483 4470 3617 4541 (“P-
3658 4458 3777 4556 mf

2270 4590 2288 4621 ι
2318 4569 2569 4639 Nunquid
2593 4546 2679 4624 est
2700 4570 2806 4624 alia
2835 4568 3041 4623 ollensa
3066 4567 3214 4633 Filii,
3246 4568 3349 4623 alia
3379 4564 3593 4635 Spiritus
3616 4546 3776 4610 sancti!

2264 4660 2417 4714 Sicut
2443 4661 2589 4715 enim
2615 4674 2721 4714 una
2749 4659 3027 4723 divinitas,
3063 4659 3146 4714 sic
3169 4673 3275 4714 una
3316 4654 3521 4724 injuria.
3562 4648 3613 4703 Si
3651 4641 3774 4738 illi“

2262 4766 2370 4805 una
2398 4766 2524 4819 pax,
2554 4763 2661 4803 una
2690 4749 2889 4818 gratia,
2916 4762 3022 4803 una
3048 4748 3309 4812 Charitas,
3347 4760 3447 4800 una
3474 4740 3771 4797 οοωιηυιηεε·

2263 4844 2339 4896 tio
2367 4852 2452 4895 est
2476 4840 2655 4896 Patris
2682 4851 2732 4896 et
2766 4840 2887 4895 Filii
2930 4849 2986 4895 et
3026 4840 3267 4910 Spiritus
3290 4836 3493 4898 sancti,
3535 4844 3627 4891 una
3660 4826 3771 4877 0⁸⁸⁸

2258 4932 2504 5002 operatio
2528 4939 2637 4995 est,
2687 4938 2743 4985 et
2785 4931 2877 4985 ubi
2923 4945 3030 4984 una
3079 4930 3324 4999 operatio
3356 4934 3458 4989 est,
3488 4919 3768 5007 utrique»?l

2258 5030 2438 5093 potest
2471 5023 2646 5076 virtus
2683 5036 2806 5076 esse
2846 5021 3041 5086 divisa,
3081 5030 3137 5076 et
3178 5020 3461 5075 indiscreta
3502 5009 3763 5098 substantia-

2260 5116 2533 5185 Scriptum
2558 5123 2643 5169 est
2667 5116 2843 5168 enim:
2889 5113 2993 5177 Ite,
3020 5113 3279 5182 baptizata
3323 5118 3488 5179 gentes
3527 5103 3576 5154 in
3610 5099 3765 5185 nomine

2261 5178 2440 5261 Patris
2468 5216 2515 5260 et
2543 5206 2669 5260 Filii
2695 5218 2743 5261 et
2774 5206 3004 5275 Spiritus
3028 5178 3200 5259 sancti
3226 5178 3430 5273 (Matth.
3460 5207 3594 5253 ωηο
3618 5186 3707 5280 ίθξζ
3724 5178 3764 5280 ἐξ

2259 5299 2481 5353 nomine
2523 5298 2693 5362 dixit,
2744 5264 2850 5352 non
2896 5298 2950 5351 in
2983 5264 3311 5353 nominibus.
3357 5289 3466 5345 Non
3507 5294 3619 5350 ergo
3656 5264 3764 5327 aliud

2259 5410 2456 5448 nomen
2487 5402 2572 5447 est
2598 5392 2809 5457 Patris,
2860 5390 3005 5445 aliud
3049 5404 3244 5444 nomen
3284 5384 3432 5448 Filii,
3461 5374 3587 5435 aliud

2260 5485 2497 5553 Spiritus
2521 5485 2717 5539 sancti.
2747 5484 2884 5550 Quia
2909 5496 3049 5536 unus
3077 5482 3247 5543 Deus,
3284 5492 3385 5533 non
3412 5473 3548 5543 plura

2258 5547 2384 5646 quia
2416 5591 2521 5629 non
2552 5577 2658 5629 duo
2684 5547 2791 5640 dii,
2807 5589 2914 5628 non
2948 5583 3058 5626 tres
3084 5572 3181 5626 dii.
3229 5571 3294 5625 Et
3337 5574 3393 5621 ut
3437 5555 3638 5629 aliain"
3662 5547 3757 5646 qui

2258 5639 2364 5721 una
2395 5667 2648 5721 divinitas
2676 5639 2780 5718 una
2812 5665 3067 5733 majestas
3102 5673 3223 5726 est,
3264 5658 3382 5730 quia
3424 5660 3568 5707 unum
3607 5639 3753 5733 ωηξαξ

2261 5758 2437 5815 Patris
2463 5767 2518 5814 et
2544 5756 2666 5813 Filii
2695 5767 2763 5810 et
2782 5728 3019 5828 Spiritus
3042 5757 3251 5821 sancti,
3280 5728 3379 5808 ἑιοη
3406 5747 3454 5847 in
3475 5739 3570 5796 alio
3587 5728 3750 5787 αοηιωθ

2189 4519 2239 4580 D
