3888 5692
1107 313 1196 369 ΒΕ
1238 311 1388 370 UHA
1415 312 1506 368 IT
1555 309 1940 369 ΝΟΝῖΉὶΙΝΑ
1985 312 2301 370 DBH‘ATE.

120 421 300 480 venerit
325 419 518 484 Filius,
555 417 610 472 in
646 417 755 474 alio
780 419 1002 476 nomine
1033 416 1268 490 Spiritus
1295 430 1544 484 sam-tus,
1582 420 1658 478 ait
1687 428 1734 486 Α
1764 435 1932 476 unum
1956 431 2082 476 sunt
2103 420 2676 496 proptcrineﬂubilem
3166 429 3367 509 dum...“

118 519 212 588 ipse
236 513 478 568 Dominus
503 529 516 566 :
540 509 654 581 Ego
681 513 796 566 veni
823 512 876 566 in
910 514 1120 568 nomine
1147 511 1328 570 Patris
1351 513 1654 584 utei_(Joan.

1763 509 1832 564 tis
1876 525 1983 578 qua
2015 510 2359 576 iueﬁ'abiliter
2401 512 2746 584 copulantur,
2787 531 2929 572 unus
2971 516 3118 574 Deus
3159 530 3269 580 est.
3315 541 3341 584 ε

114 577 275 678 ίῶ).
303 625 322 660 ι
348 604 414 660 Et
441 577 776 676 pauio'post:
807 623 826 656 ι
855 603 1129 674 Scriptum
1157 615 1242 661 est
1267 607 1408 676 (cap.
1431 577 1654 675 eodem),
1757 602 1827 660 Et
1857 577 1986 657 item
2031 619 2098 658 ex
2128 603 2266 658 libro
2303 577 2493 659 contra
2545 577 2896 666 Maximinum
2937 608 3052 679 (lib.
3083 626 3168 677 tu,

113 696 386 754 Patulcius
413 704 586 749 autem
617 696 852 764 spiritus,
894 713 1048 766 quem
1095 697 1262 752 mittet
1290 695 1454 751 Pater
1481 696 1538 748 in
1563 711 1657 748 no-

111 787 226 842 mine
247 801 370 848 meo,
395 783 482 838 ille
505 801 594 838 uos
617 785 819 839 docebit
849 787 1028 839 omnia
1054 785 1237 855 (Joan.
1265 801 1378 850 xrv,
1410 785 1526 853 26).
1553 784 1655 850 Qui

112 885 262 932 autem
289 875 431 930 venit
456 875 512 929 in
541 875 756 930 nomine
777 875 920 942 Filii,
955 877 1142 947 utique
1169 876 1333 932 etiam
1361 877 1414 930 in
1440 877 1657 932 nomine

110 969 259 1026 Patris
281 967 450 1030 venit,
489 967 612 1037 quia
649 982 814 1022 unum
853 984 1051 1023 nomen
1079 967 1260 1024 Patris
1300 977 1356 1025 et
1399 967 1520 1024 Filii
1548 977 1652 1026 est.

112 1059 186 1116 Sic
205 1058 261 1114 ﬁt
288 1069 342 1113 ut
368 1074 529 1114 unum
558 1056 737 1115 Patris
761 1068 818 1114 et
844 1058 967 1113 Filii
993 1075 1192 1118 nomen
1217 1059 1309 1124 sit,
1339 1068 1396 1114 et
1419 1059 1655 1128 Spiritus

107 1151 269 1207 sancti.
303 1149 410 1205 Nec
447 1150 594 1206 enim
631 1160 717 1205 est
753 1150 900 1205 aliud
943 1164 1138 1206 nomen
1168 1152 1269 1206 sub
1298 1151 1436 1207 casio
1465 1150 1651 1214 ullum,

105 1241 149 1296 ia
166 1244 259 1311 quo
276 1247 519 1308 oporteat
544 1253 645 1294 nos
669 1239 847 1296 salvos
877 1241 1014 1296 ﬁeri.
1059 1240 1235 1297 Simul
1259 1242 1448 1298 docuit
1474 1240 1654 1296 unita-

108 1341 194 1386 tem
217 1329 368 1384 divini
401 1330 636 1386 nominis
662 1345 785 1386 esse
808 1331 1158 1396 credendam,
1191 1347 1297 1386 non
1324 1331 1654 1402 disparilita-

106 1429 211 1474 teut.
238 1437 256 1471 ι
288 1418 350 1472 Et
379 1417 432 1472 in
466 1417 606 1474 libro
632 1405 826 1486 tertio,
876 1419 1114 1489 capitulo
1161 1420 1374 1476 decimo
1414 1431 1650 1490 quarto:

109 1507 229 1565 «Ubi
253 1508 390 1564 enim
416 1523 520 1562 una
549 1509 722 1564 dcitas
746 1509 1085 1580 intelligitur,
1111 1526 1252 1566 unus
1275 1511 1415 1566 Deus
1433 1510 1650 1567 dicitur.

102 1599 188 1656 Sed
207 1615 517 1657 excusemus
545 1617 642 1656 vos
668 1604 736 1664 ab
767 1603 1053 1661 inscientia
1072 1645 1088 1669 ,
1124 1614 1180 1660 et
1206 1605 1251 1661 si
1284 1621 1390 1660 non
1425 1621 1653 1666 excusas

101 1707 197 1748 nus
215 1707 242 1747 a
261 1693 430 1762 culpa.
475 1693 695 1750 Etenim
717 1697 1013 1751 secundum
1035 1709 1276 1754 nostram
1298 1700 1648 1764 sententiam,

1765 711 1784 746 ι
1827 692 1975 748 Satis
2014 703 2239 764 apparet
2275 694 2454 752 Patris
2493 705 2554 764 et
2601 696 2722 751 Filii
2769 707 2825 754 et
2882 698 3120 768 Spiritus
3166 703 3354 776 sancti;

1759 797 1922 836 unam
1952 797 2073 838 esse
2102 783 2376 849 virtutem,
2408 800 2570 839 unam
2610 801 2732 840 esse
2772 787 3150 857 substantiam,
3176 807 3356 848 unam.

1758 873 2033 939 deitatem,
2057 889 2219 928 unam
2249 873 2610 942 maiestatem,
2634 892 2792 932 unam
2815 876 3064 948 gloriam,
3093 895 3199 950 qua
3223 881 3351 954 ipsa

1759 961 2000 1020 Trinitas
2041 976 2125 1022 est
2171 981 2310 1021 unus
2358 965 2619 1022 Dominus
2664 967 2809 1024 Deus
2851 979 3058 1036 noster,
3107 973 3175 1029 de
3225 989 3359 1044 quq

1756 1053 1960 1108 dictum
1981 1064 2087 1119 est,
2131 1053 2295 1120 Audi,
2335 1054 2530 1121 Israel,
2570 1055 2825 1112 Dominus
2855 1057 2996 1113 Deus
3021 1070 3144 1114 tuus
3174 1060 3339 1132 Deus,

1757 1159 1894 1198 unus
1920 1155 2000 1198 est
2027 1144 2206 1215 (Deut.
2233 1161 2310 1210 vr,
2336 1146 2416 1218 4).
2451 1165 2471 1199 ι
2498 1147 2565 1204 Et
2591 1146 2701 1204 Leo
2723 1149 2790 1202 ad
2820 1148 3100 1206 Turihium
3127 1152 3362 1223 Asturii

1753 1249 1973 1290 censem
1997 1237 2310 1306 episcopum
2355 1241 2530 1308 (epist.
2571 1238 2627 1306 4,
2655 1256 2703 1294 c.
2739 1239 2814 1310 1).
2848 1258 2868 1292 ι
2902 1241 3179 1300 Catholica
3205 1246 3360 1316 fides,

1753 1335 1859 1392 est,
1894 1343 2018 1396 qua:
2053 1328 2371 1384 Trinitatem
2399 1329 2619 1384 deitatis
2643 1331 2725 1386 sic
2752 1330 2996 1402 ὁμούσων
3021 1334 3369 1408 conﬁtetur"

1754 1424 1814 1472 ut
1837 1415 2053 1472 Patrem
2075 1426 2130 1472 et
2156 1416 2352 1472 Filium
2373 1427 2430 1474 et
2455 1416 2718 1486 Spiritum
2740 1430 2987 1478 sanctum
3009 1423 3128 1478 sine
3156 1423 3363 1499 confusi

1753 1507 1905 1562 sione
1933 1507 2218 1574 iudivisos,
2243 1509 2360 1564 sine
2395 1518 2634 1581 tempore
2663 1513 3044 1583 sempiternos,
3088 1514 3208 1570 sine
3228 1497 3366 1585 άὶΐέ.

1753 1595 1980 1652 ferentia
2021 1601 2208 1654 credat
2236 1598 2490 1668 mquales,
2529 1601 2656 1671 quia
2683 1603 2946 1658 unitatem
2975 1605 3030 1658 in
3071 1604 3366 1676 Trinitatis,

1753 1701 1860 1742 non
1894 1687 2081 1741 eadem
2107 1703 2358 1758 persona,
2383 1691 2476 1746 sed
2499 1693 2687 1746 eadem
2715 1693 2899 1765 implet
2922 1697 3176 1750 essentia.
3220 1716 3240 1749 ι
3273 1697 3342 1756 Et

97 1785 196 1854 quia
216 1800 342 1839 unus
367 1784 539 1851 Deus,
564 1803 672 1842 una
699 1787 974 1852 divinitas,
1016 1799 1073 1844 et
1112 1791 1293 1846 unitas
1329 1790 1641 1863 intelligitur

1753 1785 1975 1832 sanctus
1995 1776 2293 1849 Gregorius
2323 1780 2599 1836 multoties
2622 1782 2699 1836 ita
2727 1782 2782 1838 in
2802 1783 2956 1839 libris
2979 1785 3093 1842 suis
3126 1786 3194 1842 de
3221 1786 3343 1842 Τῆ-

96 1878 354 1944 potestatis,
375 1877 523 1933 sicut
543 1894 708 1932 unum
732 1879 899 1936 Deum
922 1881 1170 1946 dicimus,
1193 1891 1248 1937 et
1269 1882 1483 1940 Patrem
1505 1901 1641 1941 vera:

1753 1867 1921 1922 nitate
1943 1869 2102 1922 unius
2127 1869 2346 1926 deitatis
2373 1872 2580 1936 scribit,
2613 1873 2755 1928 sicut
2785 1882 2842 1930 et
2878 1890 3041 1946 supra
3081 1876 3137 1931 in
3169 1875 3340 1950 488

93 1967 224 2040 ιθῚ
255 1970 464 2026 deitatis
505 1973 728 2029 nomine
755 1975 1098 2041 conﬁtentes,
1126 1992 1228 2032 nec
1252 1977 1448 2032 Filium
1474 1979 1645 2033 donec

93 2067 267 2128 gantes,
301 2059 370 2114 ita
404 2061 580 2124 etiam
630 2062 894 2133 Spiritum
935 2073 1184 2120 sanctum
1222 2082 1253 2120 a
1284 2066 1504 2121 deitatis
1535 2081 1643 2121 non

91 2147 384 2204 exaudimus
399 2150 637 2215 unitate,
667 2162 725 2207 et
753 2161 864 2208 tres
904 2155 1035 2209 deos
1077 2170 1182 2210 non
1207 2156 1524 2220 asserimus,
1548 2157 1643 2213 sed

90 2253 324 2308 negamus,
375 2242 513 2310 quia
567 2241 934 2312 pluralitatem
990 2261 1098 2298 non
1151 2245 1334 2300 unitas
1369 2247 1502 2302 facit
1546 2247 1642 2303 sed

89 2326 248 2382 divisio
272 2331 582 2398 potestatis.
598 2334 878 2398 Quomodo
893 2333 1038 2388 enim
1055 2333 1420 2403 pluralitatem
1452 2338 1646 2407 recipit

88 2420 230 2474 unitas
254 2421 576 2486 divinitatis,
604 2437 731 2477 cum
759 2422 1043 2492 pluralitas
1073 2425 1284 2480 numeri
1328 2426 1418 2487 sit.
1453 2441 1644 2482 nume—

87 2524 181 2565 rum
203 2521 371 2568 autem
402 2529 524 2569 non
566 2514 793 2584 recipiat
821 2514 1005 2570 divina
1046 2518 1276 2571 natura?
1321 2515 1474 2574 Unus
1509 2533 1643 2586 ergo

87 2599 200 2656 Deus
234 2601 366 2673 (cap.
411 2603 513 2676 15)
563 2603 714 2658 salva
759 2602 1047 2673 majestate
1097 2605 1356 2661 trinitatis
1399 2615 1640 2672 ueterum,

85 2689 197 2746 sicut
222 2692 494 2762 proposito
531 2692 846 2749 declaratur
881 2694 1153 2764 exemplo.
1187 2695 1296 2751 Nec
1339 2711 1407 2750 eo
1461 2705 1640 2752 tamen

84 2783 174 2839 solo
209 2784 317 2842 loco
343 2785 675 2842 Trinitatem
704 2787 948 2843 videmus
972 2788 1193 2842 nomine
1221 2787 1522 2844 divinitatis
1545 2803 1642 2844 ex-

82 2886 326 2942 pressam:
356 2877 452 2931 sed
506 2891 633 2931 cum
684 2877 956 2948 plerisque
1001 2878 1156 2943 locis,
1186 2878 1326 2934 sicut
1369 2887 1426 2934 et
1475 2894 1641 2947 supra

82 2963 297 3030 dixims,
326 2975 434 3021 tam
459 2967 708 3022 maxime
734 2967 789 3023 in
809 2969 894 3023 his
923 2968 1168 3039 epistolis
1196 2983 1333 3037 quas
1372 2969 1439 3024 ad
1464 2968 1638 3024 Thes-

81 3053 402 3112 salonicenses
438 3057 740 3127 Apostolus
763 3059 1005 3128 scripsit.
1035 3078 1056 3111 ι
1099 3058 1168 3114 Et
1188 3059 1316 3113 item
1341 3058 1481 3128 (cap.
1507 3057 1633 3128 l7):

1745 1963 1966 2018 bomilia
2024 1971 2177 2018 sexta
2240 1963 2451 2018 decima
2501 1963 2799 2020 Ezechielis
2864 1967 3143 2036 propheta:
3206 1983 3364 2034 eum.

1743 2054 1946 2112 dixisse
1965 2056 2322 2112 ostendimus.
2355 2057 2617 2112 Similiter
2636 2073 2851 2129 quoque
2885 2058 3121 2129 Prosper
3145 2069 3202 2115 et
3230 2075 3336 2131 cat:

1743 2145 1845 2199 teri
1869 2145 2120 2200 catholici
2143 2146 2392 2202 doctores
2413 2156 2601 2202 sancto
2645 2146 2929 2204 illuminati
2959 2147 3165 2219 Spiritu
3213 2164 3349 2225 seno.

1745 2246 1937 2294 serunt
1957 2247 2121 2307 atque
2149 2239 2418 2299 dixerunt,
2454 2247 2510 2293 et
2539 2239 2652 2294 suis
2689 2239 2904 2309 scriptis
2925 2241 3082 2297 nobis
3108 2240 3336 2312 legenda

1744 2339 1908 2400 atque
1956 2329 2188 2386 tenenda
2238 2329 2648 2386 intmutahiliter
2691 2330 3050 2386 tradiderunt.
3099 2332 3169 2386 Et
3209 2332 3340 2404 hinc

1745 2428 1964 2475 sanctus
1987 2423 2314 2477 Athanasius
2344 2422 2397 2476 in
2428 2421 2566 2478 libro
2599 2422 2952 2492 professionis
2981 2422 3106 2480 ﬁdei
3149 2426 3341 2482 catho-

1745 2509 1862 2565 lica:
1887 2525 2049 2578 super
2075 2509 2490 2566 Gothescalcum
2516 2511 2742 2580 (exstant
2766 2513 2822 2565 in
2859 2510 2993 2565 libro
3020 2513 3097 2584 vr)
3126 2522 3183 2568 et
3217 2510 3357 2584 ejus

1743 2601 2041 2668 complices
2067 2600 2243 2654 dicit:
2279 2617 2298 2650 ι
2333 2598 2648 2654 Maledictus
2676 2599 2769 2669 qui
2811 2599 2988 2655 Patris
3013 2610 3068 2655 et
3110 2601 3232 2659 Filii
3269 2614 3340 2677 .et

1745 2687 1981 2757 Spiritus
2045 2689 2222 2744 sancti
2278 2689 2485 2743 unitam
2537 2689 2923 2758 sempiternam
2977 2690 3337 2750 substantiam

1744 2780 2039 2836 divinitatis
2061 2795 2182 2836 esse
2202 2795 2308 2836 non
2337 2781 2650 2836 conﬁtetur.
2680 2780 2822 2845 Fiat,
2861 2781 2976 2836 ﬁat.
3025 2781 3340 2842 Maledictus

1741 2873 1835 2942 qui
1860 2873 2154 2931 secundum
2173 2880 2282 2926 tres
2310 2887 2571 2941 personas
2601 2880 2711 2928 tres
2734 2873 2978 2928 diversas
3005 2873 3354 2954 substantias.

1743 2965 1798 3020 in
1827 2965 1913 3020 bis
1934 2979 2056 3019 esse
2075 2964 2388 3020 conﬁtetur.
2420 2962 2559 3026 Fiat,
2593 2962 2707 3018 ﬁat.
2735 2961 3054 3020 Maledictus
3080 2963 3173 3034 qui
3215 2966 3358 3046 unius

1746 3065 1858 3112 tum
1901 3070 2097 3112 nomen
2139 3055 2435 3111 secundum
2465 3055 2721 3110 deitatem
2752 3054 3033 3111 Trinitatis
3061 3071 3181 3114 esse
3219 3069 3336 3126 non

84 3121 561 3217 tErgosicutPater
581 3147 725 3202 Deus
746 3156 803 3202 et
825 3121 998 3203 Filius
1014 3148 1298 3213 Dominus,
1318 3121 1390 3203 ita
1402 3121 1640 3205 etFilius
1665 3121 1714 3188 ο
1743 3147 2051 3202 conﬁtetur.
2075 3146 2220 3208 Fiat,
2246 3145 2358 3200 ﬁat.
2385 3145 2701 3202 Maledictus
2729 3145 2821 3216 qui
2848 3147 3136 3203 indivisam
3160 3121 3360 3226 deita;_

78 3231 258 3290 Donet
287 3235 454 3296 Pater.
477 3237 768 3292 Dominus.
791 3236 1114 3292 Alternatur
1151 3238 1240 3306 pia
1288 3237 1636 3306 signiﬁcatio,

76 3323 472 3382 nonalternatur
503 3326 687 3382 divina
716 3336 934 3390 natura,
954 3327 1049 3382 sed
1071 3328 1427 3384 immutabilis
1453 3336 1642 3384 manet

75 3416 236 3482 gratia.
261 3417 376 3472 Non
424 3418 581 3474 enim
628 3417 898 3488 largitatis
924 3417 1200 3484 collativa,
1247 3418 1345 3473 sed
1375 3418 1640 3474 naturalis

73 3501 235 3571 placita
259 3507 551 3564 charitatis
584 3516 731 3571 sunt,
777 3509 903 3577 quia
939 3516 996 3562 et
1039 3508 1219 3563 unitas
1248 3509 1638 3578 proprietatem

75 3593 230 3663 habet,
250 3607 304 3654 et
327 3599 647 3670 preprietas
678 3599 966 3654 unitatem.
1001 3619 1022 3652 ι
1063 3599 1134 3654 Et
1163 3599 1292 3654 item
1326 3601 1466 3670 (cap.
1500 3601 1588 3670 l9)
1619 3619 1635 3660 :

74 3703 92 3738 ι
125 3688 218 3743 Aut
236 3689 418 3745 dicant
446 3690 620 3760 igitur
643 3690 773 3760 quid
795 3690 868 3744 sit
891 3690 1036 3760 quod
1068 3690 1190 3745 sine
1217 3689 1384 3745 Patre
1403 3699 1462 3745 et
1499 3691 1638 3747 Filio

73 3776 260 3852 deitatis
284 3791 408 3837 asc
433 3780 738 3836 fateantur.
778 3801 797 3834 ι
833 3781 901 3840 Et
943 3792 1165 3837 sanctus
1207 3781 1542 3852 Augustinus
1580 3783 1635 3838 in

71 3863 188 3923 libro
213 3880 407 3939 quarto
437 3872 508 3929 de
553 3871 820 3927 Triuitate
868 3871 1105 3941 capitulo
1155 3871 1414 3943 vigesimo
1462 3872 1638 3943 primo

68 3957 211 4016 dicit:
233 3979 252 4015 ι
279 3961 340 4019 ln
363 3978 467 4020 sua
495 3963 694 4035 quippe
714 3965 1022 4021 substantia
1044 3979 1150 4033 qua
1171 3973 1320 4026 sunt,
1340 3965 1442 4018 tria
1470 3980 1636 4022 unum

67 4060 172 4105 sunt
190 4051 347 4110 Pater
377 4064 439 4111 et
463 4054 636 4112 Filius
669 4063 724 4112 et
755 4054 994 4127 Spiritus
1019 4065 1261 4120 sanctus,
1311 4055 1460 4115 nullo
1492 4065 1633 4110 tem-

66 4143 212 4208 porali
239 4155 388 4202 motu
415 4162 590 4218 super
608 4162 825 4204 omnem
851 4156 1157 4206 creaturam
1187 4147 1242 4203 id
1286 4148 1465 4216 ipsum
1515 4147 1660 4209 sine:

66 4229 169 4288 ullis
181 4233 484 4302 intervallis
509 4246 811 4307 temporum
833 4236 1193 4302 vellocorum,
1207 4245 1264 4292 et
1287 4235 1449 4292 simul
1465 4251 1632 4296 unum

63 4330 204 4393 atque
239 4326 385 4383 idem
425 4328 504 4385 ab
521 4329 826 4384 aeternitate
869 4328 924 4384 in
951 4329 1633 4400 aeternitatem,.tanquam

61 4412 160 4483 ipsa
179 4420 490 4485 aeternitas,
519 4434 640 4488 quae
678 4419 798 4476 sine
827 4420 1055 4477 veritate
1093 4429 1148 4476 et
1201 4420 1472 4475 charitate
1522 4435 1630 4478 non

61 4514 148 4561 est.
189 4508 249 4563 in
288 4512 433 4566 meis
479 4519 662 4566 autem
688 4511 914 4568 vocibus
941 4511 1180 4582 separati
1213 4520 1340 4566 sunt
1385 4510 1547 4566 Pater
1575 4520 1632 4568 et

60 4595 207 4662 Filius
229 4613 287 4660 et
309 4603 552 4677 Spiritus
581 4613 826 4670 sanctus,
854 4619 956 4660 nec
979 4606 1141 4660 simul
1167 4606 1274 4662 dici
1316 4616 1628 4676 potuerunt,

59 4697 105 4741 et
122 4690 173 4744 in
202 4692 400 4749 litteris
419 4694 722 4750 visibilibus
746 4709 841 4750 sua
869 4696 1160 4764 separatim
1187 4695 1431 4752 locorum
1454 4699 1629 4768 spatia

60 4786 349 4839 tenuerunt.
390 4803 412 4838 ι
441 4785 512 4839 Et
538 4787 591 4840 in
617 4786 758 4841 libro
788 4786 856 4842 de
880 4800 1005 4840 vera
1038 4785 1317 4858 Religioue
1343 4785 1480 4859 (cap.
1511 4789 1625 4860 55).

62 4872 260 4938 tQuare
302 4878 485 4948 ipsum
522 4878 721 4932 donum
761 4877 859 4932 Dei
893 4892 1017 4932 cum
1045 4877 1206 4933 Patre
1233 4886 1289 4932 et
1313 4878 1451 4935 Filio
1478 4896 1632 4949 aeque

56 4959 489 5021 incommutabile
510 4967 688 5022 colere
726 4975 782 5021 et
803 4976 987 5021 tenere
1002 4955 1114 5021 ‘nos
1154 4968 1428 5032 convenit,
1467 4970 1630 5026 unius

57 5052 355 5112 mutantia:
377 5056 720 5112 Trinitatem.
758 5077 777 5110 ι
824 5055 889 5110 Et
918 5056 969 5109 in
1002 5056 1141 5111 libro
1159 5068 1352 5113 contra
1383 5057 1630 5114 Maximi-

55 5158 169 5199 num
194 5147 308 5217 (tib.
341 5165 432 5213 ιιι,
459 5150 712 5220 cap.10).
770 5168 788 5200 ι
827 5147 963 5203 Tres
1015 5150 1158 5206 enim
1208 5166 1455 5222 persona:
1503 5159 1631 5208 sunt

54 5231 202 5291 Pater
223 5247 279 5294 et
305 5239 488 5305 Filius
523 5251 575 5295 et
604 5240 842 5311 Spiritus
872 5247 1110 5305 sanctus,
1137 5252 1193 5298 el.
1235 5242 1292 5300 hi
1338 5251 1468 5308 tres,
1499 5243 1628 5313 quia

54 5328 200 5384 unius
227 5329 553 5386 substantia:
589 5341 737 5395 sunt,
769 5342 938 5383 unum
971 5338 1095 5383 sunt
1137 5341 1192 5385 et
1223 5346 1434 5388 summe
1460 5348 1626 5387 unum

51 5426 184 5480 sunt,
206 5419 295 5473 ubi
321 5417 475 5472 nulla
491 5433 836 5483 naturarum,
856 5417 998 5472 nulla
1023 5427 1109 5473 est
1130 5420 1416 5484 diversitas
1430 5422 1630 5490 volun-

49 5513 231 5562 latum.
260 5509 321 5563 Si
348 5518 530 5566 autem
559 5523 753 5568 natura
777 5525 946 5567 unum
978 5521 1181 5576 essent,
1200 5521 1254 5565 ct
1270 5514 1640 5582 consensione

47 5611 142 5651 non
167 5611 378 5664 essent,
403 5615 516 5656 .non
543 5619 753 5664 summe
779 5616 954 5661 unum
979 5602 1251 5676 esserat.Si
1277 5615 1411 5670 vero,
1424 5611 1628 5670 natura
1651 5653 1656 5662 ,

1743 3247 1853 3294 tem
1891 3237 2071 3296 Patris
2088 3245 2143 3292 et
2171 3237 2292 3292 Filii
2319 3246 2376 3292 et
2405 3236 2639 3305 Spiritus
2664 3237 2837 3293 sancti
2871 3253 2977 3294 non
3017 3225 3331 3292 conﬁtetur.

1740 3327 1878 3392 Fiat,
1911 3328 2024 3382 ﬁat.
2062 3326 2378 3382 Maledictus
2405 3326 2499 3396 qui
2543 3326 2747 3381 unitam
2780 3326 3034 3381 deitatem
3066 3325 3254 3384 Patris.
3274 3313 3358 3404 et.

1739 3420 1860 3476 Filii
1890 3430 1946 3478 et
1965 3420 2199 3491 Spiritus
2218 3420 2390 3475 sancti
2415 3433 2481 3475 ex
2505 3419 2770 3478 charitate
2791 3419 3092 3474 concordiae
3120 3427 3338 3486 tantum

1739 3527 1860 3568 esse
1885 3512 2191 3582 proﬁtetur,
2213 3519 2270 3566 et
2298 3526 2404 3565 non
2435 3510 2606 3580 magis
2635 3526 2730 3580 per
2755 3511 2895 3566 hanc
2923 3511 3095 3580 ipsam
3124 3511 3331 3566 unitam

1738 3604 2098 3661 divinitatem.
2137 3603 2278 3667 Fiat,
2318 3601 2430 3656 ﬁat.
2473 3601 2786 3657 Maledictus
2811 3603 2902 3671 qui
2948 3603 3156 3658 unitam
3214 3603 3354 3683 dei-L

1741 3706 1905 3752 tatem
1951 3696 2006 3751 in
2051 3706 2163 3751 tres
2204 3695 2304 3750 bas
2355 3708 2620 3763 personas
2669 3708 2792 3748 esse
2848 3708 2958 3748 non
3008 3696 3323 3756 conﬁtetur.

1739 3786 1900 3850 Fiat,
1958 3786 2074 3840 ﬁat.
2129 3784 2444 3840 Maledictus
2492 3783 2585 3853 qui
2633 3784 2896 3838 unitatem
2951 3782 3036 3838 vel
3085 3783 3365 3860 plenituj.

1738 3876 1920 3931 dinem
1973 3875 2169 3932 divina:
2207 3873 2487 3930 Trinitatis
2539 3871 2823 3927 indivisam
2875 3887 2998 3930 esse
3041 3888 3152 3929 non
3195 3859 3363 3938 ροιῇέί

1739 3966 1942 4024 ﬁtetur.
1997 3965 2156 4030 Fiat,
2211 3964 2325 4018 ﬁat.
2373 3982 2393 4016 ›
2447 3961 2586 4018 Hinc
2628 3963 2774 4018 mille
2805 3964 3110 4019 testimonia
3141 3945 3364 4038 sacra;_

1738 4074 1860 4114 mm
1888 4057 2294 4128 scripturarum
2319 4065 2376 4112 et
2409 4071 2478 4110 ex
2515 4054 2946 4110 orthodoxorum
2971 4054 3189 4124 scriptis

1735 4154 1984 4218 possunt.
2043 4145 2159 4200 lmo
2199 4159 2308 4200 non
2357 4142 2516 4208 aliter
2573 4156 2813 4212 unquam
2863 4139 2949 4195 vel
3001 4155 3224 4223 usquam
3270 4137 3359 4225 in;

1735 4236 1942 4293 sanctis
1969 4233 2266 4305 Scripturis
2299 4232 2386 4288 vel
2432 4232 2856 4286 orthodoxorum
2900 4229 3068 4312 dictis
3115 4227 3363 4316 inveni-:3,

1735 4336 1826 4384 tur
1855 4368 1872 4394 ,
1921 4326 2028 4383 nisi
2072 4325 2199 4396 quia
2223 4385 2226 4388 ,
2250 4325 2306 4388 in
2346 4331 2535 4380 sancta
2585 4320 3002 4404 Trinitatetres
3039 4329 3166 4402 sunt
3201 4334 3360 4404 per:

1735 4435 1883 4476 sonas
1908 4429 1966 4476 et
1991 4434 2098 4476 una
2123 4427 2208 4474 est
2234 4417 2510 4482 divinitas,
2553 4416 2726 4471 deitas
2744 4455 2760 4481 ,
2809 4401 3039 4491 natura,
3073 4401 3358 4498 essentia:

1733 4521 1898 4582 atque
1925 4511 2250 4568 substantia.
2283 4509 2554 4578 Caeterum
2581 4517 2771 4566 contra
2796 4506 2848 4561 id
2865 4581 2868 4583 Α
2886 4506 3030 4587 quod
3058 4506 3210 4585 idem:
3227 4505 3328 4587 de:
3347 4537 3356 4585 _~

1739 4603 2109 4660 mentissimus
2149 4602 2438 4674 potiusque
2483 4597 2889 4655 amentissimus
2941 4593 3362 4678 (Iuotliescalcusn-~

1739 4694 1871 4750 dicit
1887 4713 1901 4748 :

2491 4824 2588 4880 IX.

1811 4979 1830 5013 ‹
1873 4960 1932 5016 In
1962 4961 2088 5028 hoc,
2118 4960 2382 5030 inquiens,
2417 4956 2589 5027 liquet
2615 4957 2737 5012 luce
2766 4952 2994 5019 clarius,
3026 4950 3153 5023 quin
3184 4954 3332 5018 patet
3359 5021 3366 5026 _

1740 5066 1760 5102 ι
1805 5049 1920 5104 sole
1961 5046 2316 5118 splendidius,
2365 5047 2508 5116 quod
2558 5049 2698 5102 inest
2745 5041 3048 5112 unicuiqne
3100 5049 3371 5119 persona!"

1739 5157 1758 5190 ι
1805 5154 1902 5194 sua
1939 5140 2156 5211 propria
2209 5139 2404 5201 dcitas,
2449 5146 2612 5206 atque
2649 5130 2934 5195 divinitas,
3001 5130 3128 5205 quia
3162 5137 3376 5210 revera.

1741 5247 1761 5283 ι
1806 5244 2149 5304 nequaquam
2193 5226 2492 5298 assumpsit
2540 5223 2974 5304 humanitatem,
3023 5217 3162 5304 quod
3190 5214 3385 5298 31'5",»

1741 5341 1760 5374 ι
1807 5302 1916 5376 ullo
1962 5324 2119 5380 modo
2165 5329 2277 5376 tota
2329 5302 2596 5395 Trinitas,
2646 5315 2745 5376 sed
2792 5313 2909 5370 sola
2975 5302 3377 5395 tantummodo

1742 5413 2212 5470 (Filiidcitasn
2287 5465 2290 5468 .
2405 5467 2408 5470 ,

1806 5517 1900 5578 χι).
1947 5503 2226 5560 Extollens
2254 5513 2444 5578 vocem
2486 5488 2743 5578 Ecclesia.
2785 5497 3079 5560 catholica
3125 5489 3392 5576 tonitrus):

1733 5575 1950 5672 fortius,
1988 5595 2114 5656 tuba
2157 5575 2434 5672 solitarius.
2469 5575 2718 5666 ostendit
2743 5577 3114 5676 Gotbe’szcalc‘i
3145 5579 3399 5692 tuenda};

1768 5687 1779 5692 ’
1877 5667 1880 5670 ’
1995 5666 2002 5670 ’
2187 5665 2292 5692 ”““
2373 5689 2382 5692 -
2487 5669 2514 5692 ³-
2573 5670 2660 5692 ·’”-
2779 5676 2790 5692 ι
2911 5677 2924 5689 ο
3049 5668 3112 5692 ἰι
3185 5690 3190 5692 .
3275 5667 3362 5692 :..:s
