3998 6336
609 365 721 425 es:
1571 363 1901 421 HINCMARI
1941 362 2340 424 unusunus
2376 318 2895 429 Attonttsetscort
3722 364 3821 445 ω’

608 481 736 553 quia
760 492 868 535 non
893 479 1133 543 inest,ut
1152 465 1384 539 mendas
1412 475 1586 531 isdem
1607 476 1885 569 mentitur,
1899 476 2198 569 unicuique
2225 481 2274 540 Λ
2301 494 2417 531 ecce
2458 480 2675 549 angelus
2717 480 2931 535 Domini
2973 480 3030 536 in
3069 485 3267 539 somnis
3304 487 3445 563 visus
3471 499 3541 544 est
3578 496 3636 546 ab
3666 495 3810 569 ,Ιοιφι

606 584 856 643 persona:
886 585 981 624 sua
1019 569 1257 643 propria,
1290 568 1345 622 id
1383 574 1467 621 est
1516 565 1793 637 specialis,
1825 565 2001 621 deitas
2039 575 2203 635 atque
2300 571 2478 623 dicens
2513 571 2633 625 illi:
2682 570 2795 625 Fili
2842 571 3036 635 David,
3079 590 3143 628 ne
3165 559 3600 650 timeas‘reeipere
3636 559 3811 643 κατίέιιι

609 663 865 718 divinitas
890 680 903 715 :
935 662 1028 716 sed
1054 669 1137 715 est
1160 676 1264 714 una
1286 658 1588 728 eademque
1631 659 1794 712 trium
1831 658 1990 713 simul
2014 673 2203 728 perso-
2301 677 2516 716 ποι-ειη
2540 673 2686 716 tuom
2709 682 2729 729 ;
2756 665 2897 734 quod
2918 668 3056 720 enim
3103 683 3168 721 ea:
3198 685 3263 723 ea
3288 681 3541 738 nascetur,
3580 675 3637 728 de
3660 675 3811 746 Spiﬁts

610 769 803 809 narum
825 753 996 807 deitas
1020 759 1183 821 atque
1206 751 1530 813 substantia,
1558 763 1663 818 qua
1686 764 1878 804 omnes
1904 756 2016 803 tres
2039 748 2202 803 simul
2300 764 2481 807 sancto
2504 764 2580 809 est
2600 754 2816 825 (Matth.
2849 772 2888 821 r,
2927 758 3037 827 i8).
3070 758 3135 813 Et
3160 759 3285 815 licet
3309 763 3561 831 sapientia
3572 765 3815 826 Salomonis

610 861 856 918 persona!
885 860 1025 899 unus
1043 859 1206 899 verus
1227 842 1611 913 periectusque
1640 851 1726 896 est
1755 841 1897 895 Deus
1934 854 2000 893 ex
2031 839 2201 909 pleni-
2302 846 2355 900 in
2382 846 2690 902 Proverbiis
2719 849 2787 903 de
2819 860 3048 919 corpore
3084 847 3388 908 Salvatoris
3408 853 3613 919 diceret,
3645 855 3814 928 δερὶειι-

610 937 796 992 tudine
820 937 980 990 unius
1007 933 1359 1002 ejusdemque
1379 932 1706 995 divinitatis,
1730 944 1836 999 qua
1861 928 1994 983 nihil
2021 930 2201 984 minus
2300 938 2376 992 tia
2411 938 2690 1007 aediﬁcavit
2730 939 2831 993 sibi
2866 942 3081 994 dantuiri
3106 938 3288 1013 (Prov.
3316 958 3389 1009 ts,
3421 944 3504 1014 i),
3545 956 3594 1001 et
3620 949 3693 1003 hic
3722 966 3814 1019 pro-

610 1027 665 1082 in
692 1025 938 1094 singulis,
972 1024 1108 1079 nihil
1137 1021 1365 1093 amplius
1394 1020 1714 1092 intelligitur
1741 1034 1863 1075 esse
1906 1021 1960 1074 in
2003 1020 2197 1074 tribus.
2298 1026 2485 1081 litetur
2511 1028 2845 1098 unigenitum
2872 1038 3173 1086 creatorem
3201 1033 3446 1101 corporis
3469 1034 3564 1096 sui,
3584 1035 3662 1092 hic
3680 1044 3815 1095 tamen

609 1119 679 1175 Et
706 1118 834 1175 hinc
856 1117 1129 1174 individua
1157 1124 1319 1185 atque
1343 1112 1722 1182 inseparabilis
1747 1119 1935 1166 sancta
1961 1108 2201 1165 Trinitas
2258 1185 2267 1193 .
2301 1115 2524 1188 angelus
2570 1132 2641 1171 ex
2688 1117 2896 1189 Spiritu
2947 1130 3137 1177 sancto
3182 1122 3314 1178 illud
3358 1138 3475 1179 esse
3501 1125 3655 1192 dixit,
3684 1137 3730 1183 et
3756 1129 3815 1185 sic

609 1212 829 1267 dicitur.
856 1209 1014 1264 Sicut
1042 1207 1153 1263 Leo
1181 1207 1248 1262 de
1291 1204 1440 1260 Urbe
1467 1205 1616 1259 orbis
1643 1203 1821 1272 capite
1868 1217 1976 1256 non
2022 1200 2188 1255 solum

2298 1208 2478 1263 omnis
2497 1207 2841 1265 Christianus
2866 1224 2990 1265 cum
3014 1213 3302 1269 instruitur
3324 1216 3509 1270 credit.
3536 1216 3694 1286 neque
3706 1221 3814 1275 enim

609 1312 801 1359 contra
828 1317 974 1367 eum,
1000 1301 1095 1357 sed
1124 1308 1179 1355 et
1209 1315 1307 1370 per
1325 1307 1496 1353 totum
1521 1296 1778 1352 mundum
1803 1302 1993 1351 contra
2009 1309 2188 1349 omnes

2300 1300 2582 1372 Scriptura
2635 1304 2780 1358 circa
2820 1304 3140 1361 Trinitatem
3181 1307 3493 1376 discrepat,
3537 1324 3675 1364 unam
3707 1324 3816 1367 estti-

612 1394 917 1458 batreticos,
967 1392 1251 1448 dulcisono
1302 1390 1481 1460 rugitu
1532 1389 1765 1452 intonat,
1797 1388 1863 1441 ad
1916 1386 2199 1443 anibium
2302 1394 2532 1463 demque
2578 1397 2949 1464 Operationem
3003 1395 3120 1465 ejus
3176 1396 3379 1453 factam
3426 1399 3611 1467 ubique
3648 1402 3813 1457 docens.

610 1479 1017 1563 AStnrieensem
1062 1481 1384 1552 Episcopum
1429 1479 1676 1535 scribens
1716 1478 1892 1551 (epist.
1939 1479 1995 1544 ι,
2025 1480 2196 1547 ειυε
2302 1483 2545 1553 Denique
2582 1486 2765 1539 Deum
2813 1488 3056 1555 paritura
3112 1489 3266 1543 beata
3320 1486 3478 1560 Virgo
3531 1489 3695 1556 Maria,
3727 1508 3815 1547 cum

617 1592 639 1627 ι
684 1573 819 1643 Quia
849 1573 1111 1629 unitatem
1155 1572 1210 1627 in
1241 1571 1512 1627 Trinitate
1558 1587 1664 1628 non
1703 1572 1893 1626 eadem
1944 1586 2196 1641 persona,
2301 1573 2605 1630 Gabrielem
2633 1577 2874 1632 audisset
2894 1577 3198 1643 dicentem,
3241 1578 3378 1634 Ecce
3403 1579 3456 1633 in
3483 1590 3618 1636 utero
3639 1580 3813 1647 habebis,

611 1665 706 1719 Sed
721 1663 912 1719 eadem
944 1662 1129 1733 implet
1157 1664 1409 1719 essentia.
1447 1681 1465 1713 ι
1486 1661 1551 1716 Et
1573 1660 1904 1732 Augustinus
1923 1674 2199 1729 exponens
2300 1674 2349 1718 et
2369 1672 2541 1734 partes
2568 1665 2758 1735 ﬁlium,
2804 1678 2853 1721 et
2879 1669 3087 1722 vocabis
3112 1685 3302 1723 nomen
3333 1670 3445 1740 ejus
3470 1668 3652 1735 Iesum,
3681 1680 3815 1725 etw-

609 1754 956 1811 Ambrdsiutn
985 1755 1274 1819 dicentem,
1309 1751 1389 1806 Tu
1417 1752 1692 1806 Trinitatis
1720 1752 1916 1805 unitas.
1954 1768 1971 1801 ‹
1998 1748 2199 1803 Divini-
2234 1825 2272 1833 _
2302 1761 2439 1819 tera,
2469 1764 2669 1811 etcum
2711 1758 3120 1829 interrogassm,
3164 1759 3441 1826 Quomodo
3466 1763 3558 1816 erit
3581 1763 3701 1816 istud
3728 1765 3817 1833 quia

610 1855 800 1913 tatem,
830 1845 1023 1917 inquit,
1043 1843 1125 1899 vel
1151 1842 1196 1898 si
1234 1841 1546 1912 expressius
1574 1840 1680 1895 dici
1713 1847 1891 1909 potest
1918 1838 2197 1901 deitatem,
2234 1825 2278 1885 Β
2304 1847 2472 1899 virum
2498 1862 2600 1901 non
2626 1849 2746 1902 novi
2788 1825 2944 1917 (Luc:
2979 1866 3031 1915 ι,
3061 1851 3193 1922 5|)?
3239 1851 3423 1906 statim
3461 1852 3664 1908 docetur
3699 1825 3816 1908 sum

611 1951 734 2007 quae
774 1934 1058 1991 Ττίηὶωιὶε
1104 1941 1188 1987 εει
1241 1929 1441 1985 ιιιιῖιθεο
1480 1949 1500 1981 ι
1550 1928 1885 1983 Αιῑιίιηθθῖυδ
1924 1942 2249 1998 exponens.
2305 1935 2553 1992 dicente:
2588 1934 2818 2007 Spiritus
2859 1950 3074 1995 sanctus
3099 1944 3423 2011 superveniet
3447 1958 3497 1996 in
3526 1952 3599 2008 te,
3635 1945 3815 1998 etrirm

614 2028 745 2100 quid
771 2028 1103 2095 interpretor
1125 2022 1307 2077 unitas
1332 2021 1486 2085 dicit,
1517 2021 1645 2090 quia
1676 2034 1782 2073 una
1816 2027 1902 2074 est
1940 2018 2120 2072 Patris
2146 2027 2204 2073 et
2303 2026 2558 2082 Αιιὶεεῑηιί
2584 2028 2913 2085 atumem“;
2941 2041 3012 2086 ιε,
3064 2031 3352 2102 Infamem,
3387 2032 3521 2104 quod
3558 2042 3757 2088 “mm
3771 2050 3817 2088 η

613 2118 737 2175 Filii
767 2127 823 2174 et
855 2117 1089 2188 Spiritus
1116 2111 1291 2169 sancti
1314 2112 1589 2176 divinitas,
1624 2125 1689 2166 ac
1718 2125 1814 2179 per
1841 2109 1944 2164 hoc
1980 2125 2088 2164 non
2116 2123 2192 2164 so-

2303 2125 2353 2169 te
2398 2126 2672 2181 sanctum,
2720 2120 2997 2173 vocabitur
3039 2119 3216 2176 Filias
3250 2121 3371 2176 Dei.
3421 2122 3563 2190 Quod
3612 2123 3651 2177 si
3688 2123 3817 2177 virtus

611 2209 667 2266 la
690 2207 859 2283 ‘89
903 2204 1274 2261 tantummodo
1306 2202 1429 2257 Filii
1460 2200 1678 2266 rdeitas,
1710 2208 1769 2254 ut
1816 2198 2204 2254 Gothesealous'
2301 2206 2568 2263 Altissimi
2593 2218 2681 2263 est
2705 2208 3013 2281 “nimim;
3032 2215 3331 2268 secnan
3353 2213 3568 2268 Paulum
3586 2213 3813 2278 dicentem,
3908 2224 3909 2259 ἢ

612 2299 764 2366 dicit,
793 2298 887 2354 sed
907 2297 1021 2353 sola
1050 2293 1171 2350 Filii
1198 2306 1424 2365 persona
1456 2292 1750 2360 assumpsit
1788 2291 2191 2354 humanitatem1

2302 2298 2541 2354 Christus
2571 2300 2669 2355 Dei
2687 2302 2850 2356 uirtus
2874 2313 2922 2357 et
2949 2304 3207 2373 sapientia
3231 2302 3284 2375 (I
3310 2302 3492 2369 Com,
3510 2304 3617 2375 24),
3640 2303 3815 2373 Spiritus

615 2404 678 2453 ut
700 2396 890 2452 beatus
932 2391 1265 2463 Augustinus
1294 2389 1348 2444 in
1378 2388 1693 2458 supradicto
1721 2400 1971 2441 sermone
1995 2387 2061 2440 de
2100 2385 2205 2438 title
2302 2405 2435 2446 vero
2484 2401 2705 2448 sanctus
2764 2393 3078 2451 Paracletus
3136 2394 3325 2468 5,90
3353 2397 3567 2467 spiritus
3614 2398 3813 2461 veritatis,
3908 2418 3909 2468 ξ

617 2497 808 2543 conll‘a
864 2481 1204 2541 Βδδθηίθηοε
1257 2488 1313 2536 (ει
1362 2479 1594 2533 Adams
1640 2477 1819 2532 die“:
1866 2493 1885 2526 ί
1922 2474 2202 2542 Οιιεηυτὶε,
2306 2483 2501 2552 hisque
2553 2485 3005 2543 obumbrantibus
3044 2489 3286 2557 paritura
3336 2490 3500 2544 Deum
3543 2488 3686 2542 Maria
3708 2504 3815 2543 crca-
3908 2484 3909 2535 ξ

622 2579 893 2649 inquiens,
920 2573 1138 2647 proprie
1183 2586 1415 2643 persona
1446 2568 1590 2634 Filii,
1622 2568 1675 2623 id
1698 2576 1783 2623 est
1827 2567 1918 2622 Dei
1947 2565 2201 2629 Verbum,

2329 2588 2418 2628 unt
2464 2585 2549 2630 est
2594 2576 2935 2633 Dominicum
2976 2580 3274 2650 templum,
3332 2579 3545 2652 angelus
3587 2588 3735 2633 autem
3767 2591 3815 2631 es

615 2668 916 2740 susceperit
966 2664 1275 2736 passibilem
1309 2661 1605 2726 hominem,
1657 2660 1735 2714 ita
1775 2667 1953 2713 tamen
1978 2655 2096 2724 ejus
2124 2657 2194 2711 in-

2329 2668 2509 2738 ipiritu
2550 2679 2738 2724 saneto
2765 2680 3005 2725 creatum
3034 2671 3183 2725 illum
3213 2673 3379 2737 dixit,
3424 2686 3515 2726 cur
3558 2685 3648 2725 non
3672 2684 3813 2739 Opera-

613 2758 947 2815 babitatione
1014 2752 1308 2811 secundum
1370 2765 1524 2807 suam
1596 2750 1957 2805 substantiam
2032 2748 2192 2801 deitas

2305 2759 2506 2814 tionem
2534 2774 2661 2815 esse
2687 2760 2971 2817 Trinitatis
2999 2764 3326 2818 erudimur?
3362 2783 3379 2815 ι
3414 2763 3478 2817 Et
3501 2770 3692 2815 sanctus
3721 2761 3812 2813 Am-

614 2850 780 2907 Verbi
810 2848 942 2904 nihil
970 2862 1129 2917 passu
1157 2853 1263 2910 est,
1287 2851 1346 2898 ut
1366 2849 1478 2899 tota
1513 2840 1773 2904 Trinitas,
1809 2855 1969 2909 quam
1999 2839 2193 2907 iinpas«

2304 2851 2519 2905 brosius
2548 2852 2604 2905 in
2652 2843 2791 2906 libro
2814 2851 3054 2907 secundo
3092 2854 3240 2924 (mp.
3270 2853 3328 2922 8)
3377 2854 3444 2908 de
3472 2852 3653 2921 Spiritu
3676 2860 3811 2903 suum

614 2944 829 3002 sibilent
857 2955 977 2996 esse
1008 2951 1230 2993 necesse
1258 2942 1343 2989 est
1377 2932 1645 2989 conﬁteri.
1683 2930 1767 2986 De
1792 2931 1947 3000 cujus
1973 2928 2193 2983 Trinita-

2304 2941 2437 2996 dicit
2463 2956 2479 2995 :
2522 2960 2542 2992 ‹
2571 2941 2807 3004 Etenim,
2861 2942 3054 3012 inquit.
3086 2945 3230 2999 sicut
3285 2944 3506 3016 legimus
3532 2945 3640 3014 quia
3665 2941 3812 2996 crearit

616 3038 711 3102 tis,
743 3034 948 3091 scilicet
974 3029 1153 3085 Patris
1179 3037 1235 3082 et
1256 3025 1379 3081 Filii
1409 3034 1465 3081 et
1494 3022 1731 3093 Spiritus
1756 3021 1962 3084 sancti,
1996 3020 2204 3073 unitate
2302 3031 2464 3086 pater
2486 3032 2778 3088 οοηιίηίοεε
2807 3034 3196 3091 incarnationis
3237 3046 3637 3100 sacmmcnmm’
3664 3033 3811 3089 mam

615 3124 957 3188 substantiae,
981 3122 1035 3176 in
1066 3119 1206 3173 libro
1229 3126 1416 3173 contra
1444 3114 1788 3170 Pascentiutn
1813 3109 2052 3183 (epistola
2079 3109 2194 3181 178]

2234 3181 2272 3197 η
2304 3133 2361 3180 et
2384 3123 2621 3194 Spiritus
2646 3134 2888 3189 sanctus,
2921 3127 2992 3180 ita
3026 3134 3079 3181 et
3105 3126 3338 3197 legimus
3368 3128 3505 3196 quod
3525 3134 3574 3181 et
3597 3126 3689 3194 ipse
3707 3121 3812 3177 Cht-

617 3219 761 3275 idem
800 3217 987 3272 beatus
1021 3209 1353 3283 Augustinus
1381 3206 1546 3262 dicit:
1604 3205 1743 3259 Ecce
1770 3181 2012 3276 ὁμούσιον
2057 3211 2196 3257 recte

2329 3223 2424 3268 stus
2460 3230 2618 3269 suum
2661 3229 2858 3285 corpus
2900 3216 3124 3269 creavit.
3176 3215 3397 3271 Creavit
3442 3216 3574 3271 enim
3599 3213 3728 3267 Pater
3748 3224 3809 3262 se-

613 3309 909 3381 probamus
936 3304 1192 3376 positum,
1218 3308 1274 3355 et
1304 3299 1359 3354 in
1382 3297 1736 3352 assertionem
1768 3295 1913 3358 ﬁdei,
1946 3308 2052 3363 qua
2080 3293 2206 3348 Tri-
2305 3306 2541 3360 cundum
2594 3308 2735 3376 quod
2782 3308 3048 3377 scriptum
3102 3317 3205 3373 est,
3264 3309 3515 3363 Dominus
3564 3306 3719 3361 crearit
3755 3318 3811 3353 me

618 3399 763 3454 nitas
788 3395 968 3452 unitas
990 3409 1020 3449 a
1056 3390 1340 3449 catholicis
1365 3388 1625 3451 creditur,
1657 3403 1688 3440 a
1724 3385 1931 3442 ϐιηθεὶς
1957 3386 2205 3441 Patribus
2306 3396 2450 3468 (σαι,
2478 3413 2553 3461 ιν,
2580 3397 2659 3467 4),
2688 3398 2754 3453 Et
2778 3399 2927 3463 alibi,
2963 3397 3109 3453 mm
3130 3399 3274 3455 De,“
3301 3397 3493 3455 Filium
3517 3413 3648 3455 mm,
3666 3395 3807 3465 [παρη

617 3490 843 3545 dictum.
878 3506 898 3541 ι
926 3486 995 3541 Et
1015 3491 1139 3555 post
1166 3494 1337 3553 pauca
1366 3496 1379 3532 :
1418 3497 1438 3532 ι
1491 3480 1761 3551 ὀμούσιος
1803 3492 1935 3547 ergo
1978 3477 2196 3547 exponi-

2304 3502 2370 3541 ρας
2391 3487 2632 3552 muliere,
2660 3488 2855 3558 factum
2877 3489 2974 3543 sub
3001 3489 3111 3560 lege
3144 3489 3362 3561 (Matth.
3384 3491 3547 3561 1,18).
3572 3486 3747 3544 Creat'il
3772 3491 3809 3536 ei

617 3590 709 3637 tur
730 3580 890 3635 unius
910 3576 1227 3634 substantia:
1253 3572 1417 3627 Pater
1441 3579 1496 3627 et
1527 3570 1695 3626 Filius
1733 3579 1789 3625 et
1814 3569 2052 3641 Spiritus
2081 3585 2209 3627 san-
2306 3578 2542 3649 Spiritus
2569 3580 2702 3635 illud
2729 3595 2892 3636 omne
2922 3582 3242 3649 mysterium
3272 3585 3551 3639 secundum
3578 3580 3694 3652 quod
3714 3576 3808 3645 legi-

613 3681 757 3730 ctus.
794 3691 814 3724 ι
862 3671 930 3725 Et
960 3670 1088 3723 item
1121 3667 1174 3721 in
1205 3666 1394 3719 eodem
1442 3663 1616 3718 libro:
1651 3680 1671 3713 ‹
1714 3662 2018 3717 Absurdum
2044 3662 2192 3731 igitur

2305 3687 2445 3738 mus,
2471 3673 2596 3742 quia
2626 3675 2833 3728 inventa
2858 3683 2936 3728 est
2983 3673 3158 3729 Maria
3188 3676 3246 3729 in
3273 3685 3416 3729 utero
3444 3672 3618 3727 habent
3640 3671 3692 3722 de
3726 3663 3808 3736 Spi-

570 3780 575 3785 ‘
617 3776 726 3820 non
775 3770 859 3817 est
884 3770 946 3816 ut
984 3760 1038 3814 in
1068 3756 1326 3813 conciliis
1361 3754 1581 3811 Patrum
1610 3753 1800 3810 Graeco
1834 3755 2001 3810 verbo
2030 3754 2149 3809 Patr

2329 3763 2643 3819 itusancto.
2701 3763 2878 3819 Habes
2930 3765 3058 3834 quia
3102 3766 3311 3819 creavit
3348 3762 3519 3827 Pater,
3569 3758 3734 3817 creavit
3770 3762 3809 3808 εί

612 3865 675 3914 et
698 3854 819 3912 Filii
839 3863 896 3911 et
919 3851 1156 3923 Spiritus
1182 3848 1358 3905 sancti
1397 3862 1502 3903 una
1536 3846 1840 3901 substantia
1868 3846 2200 3911 ﬁrmaretur,
2306 3850 2541 3924 spiritus
2569 3863 2809 3917 sanctus,
2846 3854 3032 3925 accipe
3059 3856 3186 3924 quia
3229 3858 3435 3911 meum
3475 3863 3526 3908 et
3551 3838 3691 3906 mins
3725 3844 3805 3904 Dei,
3908 3890 3909 3899 χ

614 3963 740 4006 cum
763 3958 927 4016 super
954 3939 1229 4014 apostolos
1244 3938 1496 4010 primitus
1517 3938 1689 3992 sancti
1715 3935 1954 4005 Spiritus
1984 3936 2204 4005 propria
2302 3942 2519 3999 dicente
2544 3942 2861 4009 Salomone,
2891 3941 3165 4015 εαρίεηιεα
3191 3945 3294 3999 ,ξω
3325 3945 3444 4015 [πει
3466 3944 3651 3996 domm
3672 3933 3804 4007 (pm,

613 4042 866 4115 largitate
902 4038 1209 4110 linguarum
1252 4034 1485 4089 varietas
1521 4031 1857 4088 funderetur.
1892 4051 1910 4084 ι
1945 4032 2012 4085 Ει
2044 4030 2204 4102 paulo
2304 4048 2381 4098 is,
2407 4032 2482 4105 i).
2522 4053 2541 4086 ι
2575 4034 2773 4089 Beatus
2800 4032 3152 4090 nihilominus
3194 4034 3520 4107 Augustinus
3556 4034 3602 4086 in
3624 4038 3806 4084 sentiens

611 4114 774 4209 post:
810 4154 830 4188 ι
866 4133 1022 4190 Sicut
1041 4131 1187 4187 enim
1206 4129 1396 4186 Graeca
1423 4127 1624 4199 lingua,
1665 4126 1809 4195 quod
1830 4134 1915 4180 est
1938 4125 2200 4197 ὁμούσιον,
2303 4124 2375 4179 de
2410 4124 2680 4181 Trinitate
2728 4125 2847 4182 haec
2880 4126 3069 4182 eadem
3118 4126 3518 4199 Scripturarum
3563 4114 3806 4178 tenimoniis

609 4242 721 4283 una
761 4224 962 4282 dicitur
1002 4222 1088 4277 vel
1131 4220 1376 4276 creditur
1406 4233 1435 4273 a
1480 4216 1727 4273 ﬁdelibus
1757 4215 2040 4270 Trinitatis
2087 4230 2206 4270 om-
2303 4216 2611 4272 conﬁrmat.
3358 4218 3361 4223 λ

607 4317 742 4373 nino
780 4310 1082 4370 substantia
1104 4349 1121 4375 ,
1167 4310 1249 4364 sic
1289 4322 1396 4362 una
1434 4313 1660 4378 rogatur
1697 4312 1758 4359 ut
1807 4303 2133 4359 misereatur
2172 4317 2203 4358 a
2373 4307 2442 4362 Et
2464 4308 2849 4364 memorandus
2875 4309 2960 4365 vir
2984 4306 3280 4378 Alcoinns,
3305 4312 3357 4367 in
3380 4309 3511 4366 libro
3529 4305 3590 4362 ad
3613 4310 3801 4372 magnum

611 4408 822 4465 cunctis
843 4403 1051 4460 Latinis
1072 4412 1128 4457 et
1155 4400 1412 4455 Barbarie
1436 4401 1598 4454 unius
1628 4396 1723 4453 Dei
1757 4408 1972 4452 natura.
2013 4417 2032 4451 ι
2067 4397 2200 4465 Quas
2304 4400 2705 4470 imperatorem
2736 4400 2989 4459 Carolum
3040 4403 3108 4459 de
3161 4403 3300 4469 ﬁde,
3351 4402 3557 4459 collecto
3589 4412 3643 4452 ex
3674 4383 3801 4448 sancti

610 4500 775 4555 unius
812 4494 1128 4552 substantias
1156 4500 1269 4548 tota
1299 4498 1485 4546 saneta
1516 4489 1776 4554 Trinitas,
1806 4489 1961 4559 cujus
1983 4488 2189 4558 insepa«

2233 4527 2281 4586 Ι)
2305 4492 2589 4586 5“8“5‘i"i
2619 4493 2756 4549 Ῑίδτο
2785 4494 2962 4564 primo
2990 4495 3059 4549 de
3103 4492 3373 4551 Trinitate
3394 4536 3408 4559 ,
3452 4502 3505 4550 et
3536 4490 3801 4586 aliorum

613 4590 803 4648 rabilis
847 4597 932 4644 est
967 4585 1236 4657 operatio,
1261 4582 1403 4638 sicut
1443 4591 1499 4636 et
1538 4581 1713 4636 deitas
1753 4595 1819 4635 ac
1843 4579 2118 4645 voluntas,
2146 4579 2202 4633 in
2233 4572 2278 4586 “’
2309 4583 2633 4641 thoticorum
2664 4597 2879 4657 patrum
2904 4587 3063 4643 dictis
3088 4594 3143 4642 et
3167 4588 3430 4651 sensibus,
3468 4592 3664 4653 quorum
3682 4572 3801 4627 verba

612 4692 769 4740 utero
797 4689 1070 4753 perpetuae
1093 4679 1317 4750 virginis
1342 4679 1514 4733 beatae
1530 4686 1587 4733 et
1615 4676 1865 4748 gloriosas
1892 4675 2076 4730 Mariae
2103 4675 2204 4730 hu-
2308 4675 2400 4745 qui
2431 4675 2485 4757 in
2515 4675 2630 4729 suis
2666 4675 2799 4731 locis
2832 4676 3026 4745 legerit
3064 4678 3119 4732 in
3170 4678 3273 4734 hoc
3315 4691 3472 4747 opere
3496 4672 3800 4739 ιόοοεηοεεοω

611 4776 950 4840 inanitatem,
982 4785 1144 4841 quam
1174 4770 1228 4825 in
1265 4769 1472 4825 unitate
1509 4783 1753 4838 personae
1773 4782 1886 4822 sua:
1910 4766 2206 4836 assumpsit
2308 4754 2527 4836 poterit.
2569 4768 2647 4821 ita
2677 4767 2808 4822 dicit
2829 4766 2944 4841 (lib.
2989 4784 3051 4824 ιιι
3079 4771 3145 4825 de
3169 4770 3277 4841 ﬁde
3318 4767 3374 4826 S.
3409 4769 3563 4828 Trin.,
3594 4754 3797 4841 capilli:

611 4869 707 4927 Dei
732 4866 919 4930 Filius,
959 4840 1065 4919 una
1089 4877 1158 4917 ex
1179 4862 1368 4918 eadem
1401 4869 1589 4918 sancta
1620 4860 1893 4916 Trinitate
1945 4873 2199 4929 persona,
2313 4873 2332 4906 ι
2365 4854 2704 4925 Quanquam,
2735 4858 3006 4927 inquiens,
3038 4872 3146 4913 una
3172 4861 3243 4914 sit
3273 4866 3454 4915 natura
3480 4859 3650 4911 sancta:
3669 4840 3798 4902 Trini-

610 4928 956 5017 ineil‘abiliter
974 4961 1029 5009 et
1052 4950 1674 5022 incomprehensibiliter
1707 4928 2029 5015 fabricavit,
2060 4950 2204 5004 sicut
2307 4947 2459 5011 tatis,
2516 4963 2623 5002 non
2667 4956 2847 5003 tamen
2880 4957 2991 5004 tota
3038 4950 3278 5008 Trinitas
3318 4952 3574 5005 incuruata
3606 4946 3688 5001 est.
3731 4928 3795 4987 sed

610 5058 831 5110 sanctus
856 5045 1187 5103 Athanasius
1225 5045 1280 5099 in
1320 5043 1456 5098 libro
1481 5041 1637 5114 (libro
1679 5057 1768 5108 si,
1815 5043 1871 5095 in
1920 5039 2198 5111 medium),
2302 5037 2416 5093 sola
2441 5030 2562 5092 Filii
2605 5054 2835 5109 persona
2862 5040 3158 5097 humanam
3207 5038 3600 5098 misericorditer
3621 5022 3796 5091 5115009“

607 5148 675 5203 de
705 5144 810 5198 ﬁde
835 5140 1006 5211 decu,
1060 5154 1083 5189 s
1112 5135 1267 5204 Quod
1304 5142 1410 5196 est,
1454 5133 1726 5203 inquiens,
1766 5134 1944 5204 majus
1982 5134 2036 5188 in
2087 5141 2199 5188 tota
2303 5137 2576 5184 naturam.
2630 5128 2743 5185 Nec
2769 5140 2950 5187 tamen
2999 5132 3076 5188 ita
3105 5135 3203 5190 Dei
3231 5134 3395 5189 Filius
3436 5132 3699 5186 incarnatus
3717 5120 3791 5172 est.

604 5240 875 5289 creatura.
895 5209 1002 5288 hoc
1031 5235 1114 5282 est
1136 5239 1334 5294 corpus
1369 5223 1605 5289 Domini,
1644 5238 1712 5279 ex
1755 5224 1961 5295 Spiritu
2008 5233 2199 5280 sancto
2303 5229 2362 5274 ut
2384 5235 2490 5274 una
2515 5226 2660 5274 esset
2688 5220 2743 5275 in
2773 5235 2839 5276 eo
2866 5231 3060 5276 natura
3088 5224 3380 5279 divinitatis
3397 5230 3448 5277 et
3462 5216 3635 5275 carnis.
3663 5209 3793 5273 Neque

601 5339 721 5379 esse
744 5318 1011 5380 creditur
1031 5358 1047 5385 ,
1080 5317 1221 5373 sicut
1254 5313 1588 5385 evangelista
1619 5312 1901 5370 Matthaeus
1935 5315 2153 5369 tradidit
2180 5328 2197 5368 :
2300 5313 2446 5369 enim
2485 5329 2556 5370 ex
2593 5314 2812 5371 Christo
2841 5317 2946 5372 hoc
2969 5317 3143 5373 deitas
3186 5317 3359 5389 potuit
3403 5328 3511 5371 esse
3534 5304 3653 5380 quod
3682 5306 3789 5356 ωπον

602 5413 799 5467 Christi
836 5407 1098 5481 generatio
1118 5407 1194 5460 sic
1225 5404 1347 5475 fuit.
1378 5401 1513 5458 Cum
1532 5404 1848 5475 desponsata
1867 5412 1998 5457 esset
2020 5400 2197 5457 Maria
2301 5416 2394 5461 aut
2419 5422 2548 5463 caro
2576 5410 2717 5478 quod
2766 5410 2959 5477 deitas,
2998 5402 3145 5480 quia
3172 5421 3395 5481 utraque
3432 5417 3621 5465 natura,
3657 5394 3697 5449 id
3731 5391 3789 5486 ξεί

602 5514 771 5558 mater
796 5501 911 5571 ejus
937 5497 1002 5553 ab
1029 5496 1248 5568 Ioseph,
1296 5505 1578 5563 antequam
1623 5494 1953 5549 convenirent
1989 5493 2181 5547 inventa

2299 5497 2603 5553 divinitatis
2630 5506 2685 5553 et
2710 5499 3084 5564 humanitatis,
3118 5500 3171 5555 in
3200 5517 3294 5557 sua
3318 5492 3586 5569 permansit
3606 5486 3784 5571 ρΐορηθξ

603 5605 678 5650 est
705 5597 761 5649 in
789 5568 935 5649 utero
973 5591 1168 5646 habens
1203 5588 1270 5644 de
1298 5589 1501 5658 Spiritu
1529 5596 1731 5643 sancto.
1778 5585 1973 5656 Ioseph
2018 5593 2196 5640 autem
2298 5597 2429 5642 tate.
2476 5587 2767 5659 Propterea
2810 5591 2996 5661 utique
3050 5568 3335 5648 humanam
3387 5594 3622 5644 naturam,
3650 5568 3785 5667 id}?

605 5690 684 5744 sir
715 5685 830 5757 ejus
864 5700 981 5739 cum
1000 5695 1129 5739 esset
1154 5683 1307 5737 homo
1326 5683 1506 5749 justus
1534 5691 1581 5740 et
1605 5680 1763 5737 nollet
1795 5696 1912 5736 eam
1937 5680 2195 5750 delegere,
2298 5691 2518 5733 carnem
2544 5658 3029 5750 rationabilemque
3066 5682 3329 5743 animam,
3366 5691 3463 5733 non
3491 5689 3518 5727 a
3543 5675 3631 5723 tota
3658 5658 3784 5753 Trin.“

604 5781 766 5840 voluit
791 5793 906 5834 eam
932 5777 1129 5834 occulte
1153 5776 1434 5832 dimittere.
1471 5774 1601 5832 Hec
1634 5784 1810 5830 autem
1835 5790 1896 5830 ea
1917 5772 2197 5845 cogitante,
2302 5780 2438 5839 tate,
2493 5772 2588 5829 sed
2641 5788 2673 5828 a
2725 5772 2840 5830 solo
2886 5742 3023 5829 Filio
3073 5742 3386 5831 conﬁtentur
3436 5766 3707 5825 susccvlmi
3743 5742 3781 5795 ίη
