  <div class='ocr_page' id='page_1' title='image "/cluster/home/n/w/nwhite01/storage/ocr_20150623/125/hvd.32044015471667/282.png"; bbox 0 0 3998 6336; ppageno 0'>
   <div class='ocr_carea' id='block_1_1' title="bbox 194 375 3502 476">
    <p class='ocr_par' dir='ltr' id='par_1_1' title="bbox 194 375 3502 476">
     <span class='ocr_line' id='line_1_1' title="bbox 194 375 3502 476; baseline 0.017 -57"><span class='ocrx_word' id='word_1_1' title='bbox 194 375 323 434; x_wconf 66' lang='lat'><strong>555</strong></span> <span class='ocrx_word' id='word_1_2' title='bbox 1262 380 1354 439; x_wconf 77' lang='lat' dir='ltr'><strong>nn</strong></span> <span class='ocrx_word' id='word_1_3' title='bbox 1393 380 1538 442; x_wconf 85' lang='lat' dir='ltr'><strong>UNA</strong></span> <span class='ocrx_word' id='word_1_4' title='bbox 1575 383 1668 442; x_wconf 82' lang='lat' dir='ltr'><strong>ET</strong></span> <span class='ocrx_word' id='word_1_5' title='bbox 1705 386 1851 448; x_wconf 84' lang='lat' dir='ltr'><strong>NON</strong></span> <span class='ocrx_word' id='word_1_6' title='bbox 1887 388 2112 464; x_wconf 58' lang='lat' dir='ltr'><strong>1mm</strong></span> <span class='ocrx_word' id='word_1_7' title='bbox 2151 396 2469 458; x_wconf 79' lang='lat' dir='ltr'><strong>DEITATE.</strong></span> <span class='ocrx_word' id='word_1_8' title='bbox 3396 380 3502 476; x_wconf 54' lang='grc' dir='ltr'><strong>ἔδει</strong></span> 
     </span>
    </p>
   </div>
   <div class='ocr_carea' id='block_1_2' title="bbox 196 487 3510 603">
    <p class='ocr_par' dir='ltr' id='par_1_2' title="bbox 196 487 3510 603">
     <span class='ocr_line' id='line_1_2' title="bbox 196 487 3510 603; baseline 0.013 -56"><span class='ocrx_word' id='word_1_9' title='bbox 196 490 485 547; x_wconf 83' lang='lat' dir='ltr'><strong>unitatem</strong></span> <span class='ocrx_word' id='word_1_10' title='bbox 516 487 1003 603; x_wconf 52' lang='lat' dir='ltr'><strong>quippenpersonae,</strong></span> <span class='ocrx_word' id='word_1_11' title='bbox 1049 507 1157 551; x_wconf 91' lang='lat' dir='ltr'><strong>non</strong></span> <span class='ocrx_word' id='word_1_12' title='bbox 1190 494 1247 551; x_wconf 92' lang='lat' dir='ltr'><strong>in</strong></span> <span class='ocrx_word' id='word_1_13' title='bbox 1290 496 1558 557; x_wconf 87' lang='lat' dir='ltr'><strong>unitatem</strong></span> <span class='ocrx_word' id='word_1_14' title='bbox 1586 509 1810 559; x_wconf 62' lang='lat' dir='ltr'><strong>natura.</strong></span> <span class='ocrx_word' id='word_1_15' title='bbox 1839 513 1893 572; x_wconf 78' lang='grc' dir='ltr'><strong>Α</strong></span> <span class='ocrx_word' id='word_1_16' title='bbox 1925 526 1945 561; x_wconf 74' lang='grc' dir='ltr'>ι</span> <span class='ocrx_word' id='word_1_17' title='bbox 1989 509 2133 566; x_wconf 85' lang='lat' dir='ltr'><strong>trina</strong></span> <span class='ocrx_word' id='word_1_18' title='bbox 2173 512 2289 591; x_wconf 86' lang='lat' dir='ltr'><strong>ipsa</strong></span> <span class='ocrx_word' id='word_1_19' title='bbox 2327 513 2549 584; x_wconf 91' lang='lat' dir='ltr'><strong>mersio,</strong></span> <span class='ocrx_word' id='word_1_20' title='bbox 2588 500 2647 573; x_wconf 88' lang='lat' dir='ltr'><strong>et</strong></span> <span class='ocrx_word' id='word_1_21' title='bbox 2682 517 2886 597; x_wconf 86' lang='lat' dir='ltr'><strong>trinum</strong></span> <span class='ocrx_word' id='word_1_22' title='bbox 2926 501 3284 596; x_wconf 80' lang='lat' dir='ltr'><strong>baptismum,</strong></span> <span class='ocrx_word' id='word_1_23' title='bbox 3312 508 3381 586; x_wconf 81' lang='lat' dir='ltr'><strong>id</strong></span> <span class='ocrx_word' id='word_1_24' title='bbox 3421 506 3510 603; x_wconf 62' lang='lat' dir='ltr'><strong>est</strong></span> 
     </span>
    </p>
   </div>
   <div class='ocr_carea' id='block_1_3' title="bbox 198 581 3506 690">
    <p class='ocr_par' dir='ltr' id='par_1_3' title="bbox 198 581 3506 690">
     <span class='ocr_line' id='line_1_3' title="bbox 198 581 3506 690; baseline 0.016 -60"><span class='ocrx_word' id='word_1_25' title='bbox 198 581 422 653; x_wconf 79' lang='lat' dir='ltr'><strong>Utique</strong></span> <span class='ocrx_word' id='word_1_26' title='bbox 452 595 683 652; x_wconf 84' lang='lat' dir='ltr'><strong>persona</strong></span> <span class='ocrx_word' id='word_1_27' title='bbox 711 582 835 638; x_wconf 83' lang='lat' dir='ltr'><strong>Filii</strong></span> <span class='ocrx_word' id='word_1_28' title='bbox 879 599 988 640; x_wconf 90' lang='lat' dir='ltr'><strong>non</strong></span> <span class='ocrx_word' id='word_1_29' title='bbox 1023 594 1108 642; x_wconf 90' lang='lat' dir='ltr'><strong>est</strong></span> <span class='ocrx_word' id='word_1_30' title='bbox 1141 588 1329 646; x_wconf 90' lang='lat' dir='ltr'><strong>eadem</strong></span> <span class='ocrx_word' id='word_1_31' title='bbox 1368 606 1490 661; x_wconf 71' lang='lat' dir='ltr'><strong>quas</strong></span> <span class='ocrx_word' id='word_1_32' title='bbox 1513 592 1694 651; x_wconf 78' lang='lat' dir='ltr'><strong>Patris</strong></span> <span class='ocrx_word' id='word_1_33' title='bbox 1733 601 1818 652; x_wconf 90' lang='lat' dir='ltr'><strong>est</strong></span> <span class='ocrx_word' id='word_1_34' title='bbox 1920 618 1942 652; x_wconf 71' lang='grc' dir='ltr'>ι</span> <span class='ocrx_word' id='word_1_35' title='bbox 1988 601 2129 658; x_wconf 90' lang='lat' dir='ltr'><strong>trina</strong></span> <span class='ocrx_word' id='word_1_36' title='bbox 2160 581 2373 674; x_wconf 70' lang='lat' dir='ltr'><strong>tinctio,</strong></span> <span class='ocrx_word' id='word_1_37' title='bbox 2403 581 2542 675; x_wconf 69' lang='lat' dir='ltr'><strong>non,</strong></span> <span class='ocrx_word' id='word_1_38' title='bbox 2563 610 2707 681; x_wconf 92' lang='lat' dir='ltr'><strong>quod</strong></span> <span class='ocrx_word' id='word_1_39' title='bbox 2746 592 2908 680; x_wconf 88' lang='lat' dir='ltr'><strong>absit,</strong></span> <span class='ocrx_word' id='word_1_40' title='bbox 2950 581 3418 690; x_wconf 71' lang='lat' dir='ltr'><strong>tresmersiones,</strong></span> <span class='ocrx_word' id='word_1_41' title='bbox 3447 581 3506 682; x_wconf 72' lang='lat' dir='ltr'><strong>et</strong></span> 
     </span>
    </p>
   </div>
   <div class='ocr_carea' id='block_1_4' title="bbox 201 674 3501 783">
    <p class='ocr_par' dir='ltr' id='par_1_4' title="bbox 201 674 3501 783">
     <span class='ocr_line' id='line_1_4' title="bbox 201 674 3501 783; baseline 0.013 -51"><span class='ocrx_word' id='word_1_42' title='bbox 201 685 307 732; x_wconf 88' lang='lat' dir='ltr'><strong>aut</strong></span> <span class='ocrx_word' id='word_1_43' title='bbox 330 674 574 746; x_wconf 75' lang='lat' dir='ltr'><strong>Spiritus</strong></span> <span class='ocrx_word' id='word_1_44' title='bbox 601 677 797 732; x_wconf 88' lang='lat' dir='ltr'><strong>sancti.</strong></span> <span class='ocrx_word' id='word_1_45' title='bbox 830 675 1021 736; x_wconf 89' lang='lat' dir='ltr'><strong>Unitas</strong></span> <span class='ocrx_word' id='word_1_46' title='bbox 1062 692 1192 753; x_wconf 88' lang='lat' dir='ltr'><strong>ergo</strong></span> <span class='ocrx_word' id='word_1_47' title='bbox 1229 697 1497 753; x_wconf 85' lang='lat' dir='ltr'><strong>personae,</strong></span> <span class='ocrx_word' id='word_1_48' title='bbox 1556 698 1815 746; x_wconf 90' lang='lat' dir='ltr'><strong>manente</strong></span> <span class='ocrx_word' id='word_1_49' title='bbox 1920 710 1940 744; x_wconf 76' lang='grc' dir='ltr'>ι</span> <span class='ocrx_word' id='word_1_50' title='bbox 1987 701 2097 751; x_wconf 90' lang='lat' dir='ltr'><strong>tres</strong></span> <span class='ocrx_word' id='word_1_51' title='bbox 2121 695 2428 767; x_wconf 92' lang='lat' dir='ltr'><strong>tinctiones,</strong></span> <span class='ocrx_word' id='word_1_52' title='bbox 2459 709 2553 755; x_wconf 88' lang='lat' dir='ltr'><strong>aut</strong></span> <span class='ocrx_word' id='word_1_53' title='bbox 2580 674 2686 757; x_wconf 75' lang='lat' dir='ltr'><strong>tria</strong></span> <span class='ocrx_word' id='word_1_54' title='bbox 2716 713 2841 760; x_wconf 87' lang='lat' dir='ltr'><strong>sunt</strong></span> <span class='ocrx_word' id='word_1_55' title='bbox 2868 674 3194 778; x_wconf 83' lang='lat' dir='ltr'><strong>baptismata</strong></span> <span class='ocrx_word' id='word_1_56' title='bbox 3217 674 3501 783; x_wconf 51' lang='lat' dir='ltr'><strong>Im}</strong></span> 
     </span>
    </p>
   </div>
   <div class='ocr_carea' id='block_1_5' title="bbox 201 770 3498 871">
    <p class='ocr_par' dir='ltr' id='par_1_5' title="bbox 201 770 3498 871">
     <span class='ocr_line' id='line_1_5' title="bbox 201 770 3498 871; baseline 0.012 -42"><span class='ocrx_word' id='word_1_57' title='bbox 201 772 485 829; x_wconf 86' lang='lat' dir='ltr'><strong>duntaxat</strong></span> <span class='ocrx_word' id='word_1_58' title='bbox 508 770 795 841; x_wconf 88' lang='lat' dir='ltr'><strong>utriusque</strong></span> <span class='ocrx_word' id='word_1_59' title='bbox 818 772 1153 842; x_wconf 83' lang='lat' dir='ltr'><strong>proprietate</strong></span> <span class='ocrx_word' id='word_1_60' title='bbox 1199 776 1536 844; x_wconf 64' lang='lat' dir='ltr'><strong>substantiae,</strong></span> <span class='ocrx_word' id='word_1_61' title='bbox 1565 780 1707 835; x_wconf 89' lang='lat' dir='ltr'><strong>sicut</strong></span> <span class='ocrx_word' id='word_1_62' title='bbox 1755 780 1809 837; x_wconf 94' lang='lat' dir='ltr'><strong>in</strong></span> <span class='ocrx_word' id='word_1_63' title='bbox 1917 805 1937 840; x_wconf 72' lang='grc' dir='ltr'>ι</span> <span class='ocrx_word' id='word_1_64' title='bbox 1985 796 2072 843; x_wconf 89' lang='lat' dir='ltr'><strong>est</strong></span> <span class='ocrx_word' id='word_1_65' title='bbox 2092 791 2423 861; x_wconf 77' lang='lat' dir='ltr'><strong>generaliter</strong></span> <span class='ocrx_word' id='word_1_66' title='bbox 2444 795 2665 862; x_wconf 90' lang='lat' dir='ltr'><strong>mersio,</strong></span> <span class='ocrx_word' id='word_1_67' title='bbox 2689 806 2744 853; x_wconf 91' lang='lat' dir='ltr'><strong>et</strong></span> <span class='ocrx_word' id='word_1_68' title='bbox 2768 814 2874 854; x_wconf 92' lang='lat' dir='ltr'><strong>una</strong></span> <span class='ocrx_word' id='word_1_69' title='bbox 2904 770 3120 871; x_wconf 75' lang='lat' dir='ltr'><strong>tinctio,</strong></span> <span class='ocrx_word' id='word_1_70' title='bbox 3143 784 3199 862; x_wconf 90' lang='lat' dir='ltr'><strong>id</strong></span> <span class='ocrx_word' id='word_1_71' title='bbox 3226 770 3498 867; x_wconf 87' lang='lat' dir='ltr'><strong>est</strong></span> 
     </span>
    </p>
   </div>
   <div class='ocr_carea' id='block_1_6' title="bbox 200 864 3501 965">
    <p class='ocr_par' dir='ltr' id='par_1_6' title="bbox 200 864 3501 965">
     <span class='ocr_line' id='line_1_6' title="bbox 200 864 3501 965; baseline 0.011 -45"><span class='ocrx_word' id='word_1_72' title='bbox 200 864 437 922; x_wconf 85' lang='lat' dir='ltr'><strong>Christo</strong></span> <span class='ocrx_word' id='word_1_73' title='bbox 459 879 743 937; x_wconf 82' lang='lat' dir='ltr'><strong>personam</strong></span> <span class='ocrx_word' id='word_1_74' title='bbox 787 881 898 922; x_wconf 92' lang='lat' dir='ltr'><strong>non</strong></span> <span class='ocrx_word' id='word_1_75' title='bbox 947 866 1077 924; x_wconf 81' lang='lat' dir='ltr'><strong>fecit</strong></span> <span class='ocrx_word' id='word_1_76' title='bbox 1102 868 1390 941; x_wconf 83' lang='lat' dir='ltr'><strong>duplicem,</strong></span> <span class='ocrx_word' id='word_1_77' title='bbox 1428 872 1508 927; x_wconf 92' lang='lat' dir='ltr'><strong>sic</strong></span> <span class='ocrx_word' id='word_1_78' title='bbox 1558 872 1812 930; x_wconf 81' lang='lat' dir='ltr'><strong>humanae</strong></span> <span class='ocrx_word' id='word_1_79' title='bbox 1915 895 1936 929; x_wconf 70' lang='grc' dir='ltr'><strong><em>ι</em></strong></span> <span class='ocrx_word' id='word_1_80' title='bbox 1980 878 2270 950; x_wconf 88' lang='lat' dir='ltr'><strong>baptisma,</strong></span> <span class='ocrx_word' id='word_1_81' title='bbox 2301 881 2513 939; x_wconf 87' lang='lat' dir='ltr'><strong>dicente</strong></span> <span class='ocrx_word' id='word_1_82' title='bbox 2540 884 2828 955; x_wconf 90' lang='lat' dir='ltr'><strong>Apostolo:</strong></span> <span class='ocrx_word' id='word_1_83' title='bbox 2863 909 2883 941; x_wconf 74' lang='grc' dir='ltr'><strong><em>ι</em></strong></span> <span class='ocrx_word' id='word_1_84' title='bbox 2915 889 3061 948; x_wconf 85' lang='lat' dir='ltr'><strong>Unus</strong></span> <span class='ocrx_word' id='word_1_85' title='bbox 3084 864 3365 965; x_wconf 75' lang='lat' dir='ltr'><strong>Dominus,</strong></span> 
     </span>
    </p>
   </div>
   <div class='ocr_carea' id='block_1_7' title="bbox 200 958 2988 1053">
    <p class='ocr_par' dir='ltr' id='par_1_7' title="bbox 200 958 2988 1053">
     <span class='ocr_line' id='line_1_7' title="bbox 200 958 2988 1053; baseline 0.008 -39"><span class='ocrx_word' id='word_1_86' title='bbox 200 966 427 1015; x_wconf 71' lang='lat' dir='ltr'><strong>naturae</strong></span> <span class='ocrx_word' id='word_1_87' title='bbox 484 958 882 1028; x_wconf 85' lang='lat' dir='ltr'><strong>susceptionem</strong></span> <span class='ocrx_word' id='word_1_88' title='bbox 941 974 1048 1017; x_wconf 92' lang='lat' dir='ltr'><strong>non</strong></span> <span class='ocrx_word' id='word_1_89' title='bbox 1114 960 1243 1017; x_wconf 81' lang='lat' dir='ltr'><strong>fecit</strong></span> <span class='ocrx_word' id='word_1_90' title='bbox 1291 970 1493 1019; x_wconf 65' lang='lat' dir='ltr'><strong>sanctae</strong></span> <span class='ocrx_word' id='word_1_91' title='bbox 1556 964 1806 1020; x_wconf 88' lang='lat' dir='ltr'><strong>Trinitati</strong></span> <span class='ocrx_word' id='word_1_92' title='bbox 1904 967 2059 1037; x_wconf 85' lang='lat' dir='ltr'><strong>ﬁdes,</strong></span> <span class='ocrx_word' id='word_1_93' title='bbox 2088 987 2250 1026; x_wconf 86' lang='lat' dir='ltr'><strong>unum</strong></span> <span class='ocrx_word' id='word_1_94' title='bbox 2275 974 2535 1044; x_wconf 86' lang='lat' dir='ltr'><strong>baptisma</strong></span> <span class='ocrx_word' id='word_1_95' title='bbox 2563 976 2780 1048; x_wconf 84' lang='lat' dir='ltr'><strong>(Ephes.</strong></span> <span class='ocrx_word' id='word_1_96' title='bbox 2809 981 2988 1053; x_wconf 81' lang='lat' dir='ltr'><strong>rv,5).</strong></span> 
     </span>
    </p>
   </div>
   <div class='ocr_carea' id='block_1_8' title="bbox 199 1050 3496 1154">
    <p class='ocr_par' dir='ltr' id='par_1_8' title="bbox 199 1050 3496 1154">
     <span class='ocr_line' id='line_1_8' title="bbox 199 1050 3496 1154; baseline 0.011 -47"><span class='ocrx_word' id='word_1_97' title='bbox 199 1064 575 1108; x_wconf 82' lang='lat' dir='ltr'><strong>communem.</strong></span> <span class='ocrx_word' id='word_1_98' title='bbox 605 1050 688 1106; x_wconf 78' lang='lat' dir='ltr'><strong>Ad</strong></span> <span class='ocrx_word' id='word_1_99' title='bbox 706 1065 993 1122; x_wconf 84' lang='lat' dir='ltr'><strong>personam</strong></span> <span class='ocrx_word' id='word_1_100' title='bbox 1019 1052 1218 1123; x_wconf 89' lang='lat' dir='ltr'><strong>quippe</strong></span> <span class='ocrx_word' id='word_1_101' title='bbox 1243 1052 1341 1109; x_wconf 90' lang='lat' dir='ltr'><strong>Dei</strong></span> <span class='ocrx_word' id='word_1_102' title='bbox 1371 1053 1533 1111; x_wconf 82' lang='lat' dir='ltr'><strong>Verbi</strong></span> <span class='ocrx_word' id='word_1_103' title='bbox 1573 1062 1807 1111; x_wconf 88' lang='lat' dir='ltr'><strong>tantum-</strong></span> <span class='ocrx_word' id='word_1_104' title='bbox 1974 1073 2052 1119; x_wconf 81' lang='lat' dir='ltr'><strong>XP</strong></span> <span class='ocrx_word' id='word_1_105' title='bbox 2076 1062 2225 1121; x_wconf 85' lang='lat' dir='ltr'><strong>More</strong></span> <span class='ocrx_word' id='word_1_106' title='bbox 2241 1082 2339 1122; x_wconf 90' lang='lat' dir='ltr'><strong>suo</strong></span> <span class='ocrx_word' id='word_1_107' title='bbox 2356 1069 2626 1126; x_wconf 73' lang='lat' dir='ltr'><strong>novitates</strong></span> <span class='ocrx_word' id='word_1_108' title='bbox 2638 1087 2854 1140; x_wconf 91' lang='lat' dir='ltr'><strong>vocum,</strong></span> <span class='ocrx_word' id='word_1_109' title='bbox 2876 1050 3072 1146; x_wconf 85' lang='lat' dir='ltr'><strong>quibus</strong></span> <span class='ocrx_word' id='word_1_110' title='bbox 3104 1095 3319 1154; x_wconf 89' lang='lat' dir='ltr'><strong>semper</strong></span> <span class='ocrx_word' id='word_1_111' title='bbox 3345 1084 3496 1142; x_wconf 87' lang='lat' dir='ltr'><strong>dele-</strong></span> 
     </span>
    </p>
   </div>
   <div class='ocr_carea' id='block_1_9' title="bbox 199 1141 3496 1237">
    <p class='ocr_par' dir='ltr' id='par_1_9' title="bbox 199 1141 3496 1237">
     <span class='ocr_line' id='line_1_9' title="bbox 199 1141 3496 1237; baseline 0.007 -38"><span class='ocrx_word' id='word_1_112' title='bbox 199 1142 374 1199; x_wconf 89' lang='lat' dir='ltr'><strong>modo</strong></span> <span class='ocrx_word' id='word_1_113' title='bbox 404 1141 650 1213; x_wconf 89' lang='lat' dir='ltr'><strong>acceptio</strong></span> <span class='ocrx_word' id='word_1_114' title='bbox 680 1141 769 1197; x_wconf 91' lang='lat' dir='ltr'><strong>illa</strong></span> <span class='ocrx_word' id='word_1_115' title='bbox 792 1141 1006 1198; x_wconf 87' lang='lat' dir='ltr'><strong>servilis</strong></span> <span class='ocrx_word' id='word_1_116' title='bbox 1028 1143 1219 1200; x_wconf 62' lang='lat' dir='ltr'><strong>formae</strong></span> <span class='ocrx_word' id='word_1_117' title='bbox 1246 1145 1482 1216; x_wconf 89' lang='lat' dir='ltr'><strong>pertinet</strong></span> <span class='ocrx_word' id='word_1_118' title='bbox 1507 1162 1521 1198; x_wconf 91' lang='lat'><strong>:</strong></span> <span class='ocrx_word' id='word_1_119' title='bbox 1546 1148 1641 1202; x_wconf 90' lang='lat' dir='ltr'><strong>sed</strong></span> <span class='ocrx_word' id='word_1_120' title='bbox 1668 1146 1805 1202; x_wconf 88' lang='lat' dir='ltr'><strong>nihil</strong></span> <span class='ocrx_word' id='word_1_121' title='bbox 1904 1163 2083 1212; x_wconf 87' lang='lat' dir='ltr'><strong>ctatus</strong></span> <span class='ocrx_word' id='word_1_122' title='bbox 2107 1166 2211 1223; x_wconf 88' lang='lat' dir='ltr'><strong>est,</strong></span> <span class='ocrx_word' id='word_1_123' title='bbox 2238 1169 2293 1214; x_wconf 87' lang='lat' dir='ltr'><strong>et</strong></span> <span class='ocrx_word' id='word_1_124' title='bbox 2319 1162 2615 1233; x_wconf 83' lang='lat' dir='ltr'><strong>exquisivit</strong></span> <span class='ocrx_word' id='word_1_125' title='bbox 2650 1173 2711 1220; x_wconf 87' lang='lat' dir='ltr'><strong>ut</strong></span> <span class='ocrx_word' id='word_1_126' title='bbox 2742 1141 2960 1237; x_wconf 77' lang='lat' dir='ltr'><strong>sapiens</strong></span> <span class='ocrx_word' id='word_1_127' title='bbox 2987 1141 3240 1229; x_wconf 72' lang='lat' dir='ltr'><strong>videatur</strong></span> <span class='ocrx_word' id='word_1_128' title='bbox 3278 1176 3348 1232; x_wconf 90' lang='lat' dir='ltr'><strong>ad</strong></span> <span class='ocrx_word' id='word_1_129' title='bbox 3370 1141 3496 1235; x_wconf 62' lang='lat' dir='ltr'><strong>em-</strong></span> 
     </span>
    </p>
   </div>
   <div class='ocr_carea' id='block_1_10' title="bbox 200 1236 3492 1331">
    <p class='ocr_par' dir='ltr' id='par_1_10' title="bbox 200 1236 3492 1331">
     <span class='ocr_line' id='line_1_10' title="bbox 200 1236 3492 1331; baseline 0.009 -38"><span class='ocrx_word' id='word_1_130' title='bbox 200 1238 405 1296; x_wconf 43' lang='lat' dir='ltr'><strong>divinae</strong></span> <span class='ocrx_word' id='word_1_131' title='bbox 432 1236 783 1307; x_wconf 90' lang='lat' dir='ltr'><strong>plenitudinis</strong></span> <span class='ocrx_word' id='word_1_132' title='bbox 828 1237 1069 1304; x_wconf 85' lang='lat' dir='ltr'><strong>abstulit,</strong></span> <span class='ocrx_word' id='word_1_133' title='bbox 1121 1238 1254 1294; x_wconf 89' lang='lat' dir='ltr'><strong>nihil</strong></span> <span class='ocrx_word' id='word_1_134' title='bbox 1288 1238 1678 1297; x_wconf 87' lang='lat' dir='ltr'><strong>dominationis</strong></span> <span class='ocrx_word' id='word_1_135' title='bbox 1709 1241 1804 1297; x_wconf 89' lang='lat' dir='ltr'><strong>ad-</strong></span> <span class='ocrx_word' id='word_1_136' title='bbox 1902 1244 2133 1302; x_wconf 88' lang='lat' dir='ltr'><strong>dendam</strong></span> <span class='ocrx_word' id='word_1_137' title='bbox 2158 1249 2284 1304; x_wconf 90' lang='lat' dir='ltr'><strong>ﬁdei</strong></span> <span class='ocrx_word' id='word_1_138' title='bbox 2305 1251 2728 1324; x_wconf 81' lang='lat' dir='ltr'><strong>simplicitatem,</strong></span> <span class='ocrx_word' id='word_1_139' title='bbox 2759 1236 2815 1313; x_wconf 82' lang='lat' dir='ltr'><strong>et</strong></span> <span class='ocrx_word' id='word_1_140' title='bbox 2835 1257 2890 1313; x_wconf 91' lang='lat' dir='ltr'><strong>in</strong></span> <span class='ocrx_word' id='word_1_141' title='bbox 2914 1246 3016 1316; x_wconf 89' lang='lat' dir='ltr'><strong>hac</strong></span> <span class='ocrx_word' id='word_1_142' title='bbox 3039 1276 3227 1331; x_wconf 90' lang='lat' dir='ltr'><strong>causa,</strong></span> <span class='ocrx_word' id='word_1_143' title='bbox 3256 1276 3317 1321; x_wconf 89' lang='lat' dir='ltr'><strong>ut</strong></span> <span class='ocrx_word' id='word_1_144' title='bbox 3339 1283 3492 1331; x_wconf 81' lang='lat' dir='ltr'><strong>suam</strong></span> 
     </span>
    </p>
   </div>
   <div class='ocr_carea' id='block_1_11' title="bbox 201 1326 3560 1417">
    <p class='ocr_par' dir='ltr' id='par_1_11' title="bbox 201 1326 3560 1417">
     <span class='ocr_line' id='line_1_11' title="bbox 201 1326 3560 1417; baseline 0.01 -33"><span class='ocrx_word' id='word_1_145' title='bbox 201 1328 341 1385; x_wconf 88' lang='lat' dir='ltr'><strong>emit</strong></span> <span class='ocrx_word' id='word_1_146' title='bbox 364 1327 419 1382; x_wconf 90' lang='lat' dir='ltr'><strong>in</strong></span> <span class='ocrx_word' id='word_1_147' title='bbox 447 1326 665 1383; x_wconf 87' lang='lat' dir='ltr'><strong>Christo</strong></span> <span class='ocrx_word' id='word_1_148' title='bbox 693 1327 1049 1384; x_wconf 89' lang='lat' dir='ltr'><strong>humanitatis</strong></span> <span class='ocrx_word' id='word_1_149' title='bbox 1073 1329 1364 1401; x_wconf 90' lang='lat' dir='ltr'><strong>susceptio.</strong></span> <span class='ocrx_word' id='word_1_150' title='bbox 1381 1328 1519 1386; x_wconf 85' lang='lat' dir='ltr'><strong>Hinc</strong></span> <span class='ocrx_word' id='word_1_151' title='bbox 1546 1338 1631 1387; x_wconf 92' lang='lat' dir='ltr'><strong>est</strong></span> <span class='ocrx_word' id='word_1_152' title='bbox 1657 1332 1800 1403; x_wconf 90' lang='lat' dir='ltr'><strong>quod</strong></span> <span class='ocrx_word' id='word_1_153' title='bbox 1899 1348 2125 1405; x_wconf 81' lang='lat' dir='ltr'><strong>pravam</strong></span> <span class='ocrx_word' id='word_1_154' title='bbox 2185 1340 2512 1399; x_wconf 90' lang='lat' dir='ltr'><strong>conﬁrmare</strong></span> <span class='ocrx_word' id='word_1_155' title='bbox 2572 1356 2761 1415; x_wconf 88' lang='lat' dir='ltr'><strong>posset</strong></span> <span class='ocrx_word' id='word_1_156' title='bbox 2813 1354 3153 1410; x_wconf 65' lang='lat' dir='ltr'><strong>sententiam.</strong></span> <span class='ocrx_word' id='word_1_157' title='bbox 3190 1326 3492 1417; x_wconf 40' lang='lat' dir='ltr'><strong>adinvenit;</strong></span> <span class='ocrx_word' id='word_1_158' title='bbox 3555 1357 3560 1363; x_wconf 84' lang='grc'><em>’</em></span> 
     </span>
    </p>
   </div>
   <div class='ocr_carea' id='block_1_12' title="bbox 204 1416 3493 1520">
    <p class='ocr_par' dir='ltr' id='par_1_12' title="bbox 204 1416 3493 1520">
     <span class='ocr_line' id='line_1_12' title="bbox 204 1416 3493 1520; baseline 0.01 -46"><span class='ocrx_word' id='word_1_159' title='bbox 204 1418 259 1474; x_wconf 89' lang='lat' dir='ltr'><strong>in</strong></span> <span class='ocrx_word' id='word_1_160' title='bbox 287 1433 400 1474; x_wconf 92' lang='lat' dir='ltr'><strong>uno</strong></span> <span class='ocrx_word' id='word_1_161' title='bbox 426 1418 725 1489; x_wconf 90' lang='lat' dir='ltr'><strong>eodemque</strong></span> <span class='ocrx_word' id='word_1_162' title='bbox 746 1416 965 1475; x_wconf 86' lang='lat' dir='ltr'><strong>Christo</strong></span> <span class='ocrx_word' id='word_1_163' title='bbox 987 1430 1044 1475; x_wconf 90' lang='lat' dir='ltr'><strong>et</strong></span> <span class='ocrx_word' id='word_1_164' title='bbox 1084 1419 1334 1476; x_wconf 54' lang='lat' dir='ltr'><strong>humanas</strong></span> <span class='ocrx_word' id='word_1_165' title='bbox 1359 1429 1565 1477; x_wconf 75' lang='lat' dir='ltr'><strong>natura:</strong></span> <span class='ocrx_word' id='word_1_166' title='bbox 1597 1424 1799 1479; x_wconf 90' lang='lat' dir='ltr'><strong>veritas</strong></span> <span class='ocrx_word' id='word_1_167' title='bbox 1901 1424 2056 1482; x_wconf 90' lang='lat' dir='ltr'><strong>Sicut</strong></span> <span class='ocrx_word' id='word_1_168' title='bbox 2092 1429 2159 1485; x_wconf 90' lang='lat' dir='ltr'><strong>ad</strong></span> <span class='ocrx_word' id='word_1_169' title='bbox 2189 1430 2294 1487; x_wconf 91' lang='lat' dir='ltr'><strong>hoc</strong></span> <span class='ocrx_word' id='word_1_170' title='bbox 2335 1434 2768 1493; x_wconf 88' lang='lat' dir='ltr'><strong>conﬁrmandum</strong></span> <span class='ocrx_word' id='word_1_171' title='bbox 2799 1443 2943 1511; x_wconf 90' lang='lat' dir='ltr'><strong>quod</strong></span> <span class='ocrx_word' id='word_1_172' title='bbox 2973 1444 3209 1515; x_wconf 83' lang='lat' dir='ltr'><strong>dixerat,</strong></span> <span class='ocrx_word' id='word_1_173' title='bbox 3243 1450 3370 1520; x_wconf 87' lang='lat' dir='ltr'><strong>quia</strong></span> <span class='ocrx_word' id='word_1_174' title='bbox 3397 1451 3493 1507; x_wconf 85' lang='lat' dir='ltr'><strong>Ju-</strong></span> 
     </span>
    </p>
   </div>
   <div class='ocr_carea' id='block_1_13' title="bbox 204 1509 3571 1611">
    <p class='ocr_par' dir='ltr' id='par_1_13' title="bbox 204 1509 3571 1611">
     <span class='ocr_line' id='line_1_13' title="bbox 204 1509 3571 1611; baseline 0.011 -45"><span class='ocrx_word' id='word_1_175' title='bbox 204 1509 419 1575; x_wconf 85' lang='lat' dir='ltr'><strong>claruit,</strong></span> <span class='ocrx_word' id='word_1_176' title='bbox 448 1518 503 1565; x_wconf 89' lang='lat' dir='ltr'><strong>et</strong></span> <span class='ocrx_word' id='word_1_177' title='bbox 529 1509 728 1567; x_wconf 68' lang='lat' dir='ltr'><strong>divina:</strong></span> <span class='ocrx_word' id='word_1_178' title='bbox 755 1517 965 1567; x_wconf 58' lang='lat' dir='ltr'><strong>natura:</strong></span> <span class='ocrx_word' id='word_1_179' title='bbox 989 1511 1503 1570; x_wconf 89' lang='lat' dir='ltr'><strong>incommutabilitas</strong></span> <span class='ocrx_word' id='word_1_180' title='bbox 1543 1528 1795 1584; x_wconf 88' lang='lat' dir='ltr'><strong>perman-</strong></span> <span class='ocrx_word' id='word_1_181' title='bbox 1898 1518 1995 1574; x_wconf 89' lang='lat' dir='ltr'><strong>das</strong></span> <span class='ocrx_word' id='word_1_182' title='bbox 2023 1528 2079 1576; x_wconf 90' lang='lat' dir='ltr'><strong>et</strong></span> <span class='ocrx_word' id='word_1_183' title='bbox 2109 1519 2298 1580; x_wconf 91' lang='lat' dir='ltr'><strong>Simon</strong></span> <span class='ocrx_word' id='word_1_184' title='bbox 2334 1542 2525 1599; x_wconf 85' lang='lat' dir='ltr'><strong>magus</strong></span> <span class='ocrx_word' id='word_1_185' title='bbox 2566 1538 2620 1584; x_wconf 92' lang='lat' dir='ltr'><strong>et</strong></span> <span class='ocrx_word' id='word_1_186' title='bbox 2657 1530 2778 1587; x_wconf 86' lang='lat' dir='ltr'><strong>falsi</strong></span> <span class='ocrx_word' id='word_1_187' title='bbox 2816 1509 3015 1594; x_wconf 73' lang='lat' dir='ltr'><strong>i‘ratres</strong></span> <span class='ocrx_word' id='word_1_188' title='bbox 3043 1533 3108 1601; x_wconf 84' lang='lat' dir='ltr'><strong>de</strong></span> <span class='ocrx_word' id='word_1_189' title='bbox 3133 1509 3331 1611; x_wconf 73' lang='lat' dir='ltr'><strong>quibus</strong></span> <span class='ocrx_word' id='word_1_190' title='bbox 3361 1545 3493 1602; x_wconf 90' lang='lat' dir='ltr'><strong>dicit</strong></span> <span class='ocrx_word' id='word_1_191' title='bbox 3564 1606 3571 1611; x_wconf 70' lang='grc'><strong><em>,</em></strong></span> 
     </span>
    </p>
   </div>
   <div class='ocr_carea' id='block_1_14' title="bbox 204 1601 3567 1708">
    <p class='ocr_par' dir='ltr' id='par_1_14' title="bbox 204 1601 3567 1708">
     <span class='ocr_line' id='line_1_14' title="bbox 204 1601 3567 1708; baseline 0.012 -50"><span class='ocrx_word' id='word_1_192' title='bbox 204 1602 275 1658; x_wconf 86' lang='lat' dir='ltr'><strong>sit</strong></span> <span class='ocrx_word' id='word_1_193' title='bbox 300 1612 523 1658; x_wconf 72' lang='lat' dir='ltr'><strong>auema.</strong></span> <span class='ocrx_word' id='word_1_194' title='bbox 584 1601 701 1660; x_wconf 84' lang='lat' dir='ltr'><strong>Hoc</strong></span> <span class='ocrx_word' id='word_1_195' title='bbox 751 1610 936 1659; x_wconf 90' lang='lat' dir='ltr'><strong>tamen</strong></span> <span class='ocrx_word' id='word_1_196' title='bbox 980 1603 1260 1661; x_wconf 90' lang='lat' dir='ltr'><strong>sciendum</strong></span> <span class='ocrx_word' id='word_1_197' title='bbox 1306 1613 1417 1672; x_wconf 90' lang='lat' dir='ltr'><strong>est,</strong></span> <span class='ocrx_word' id='word_1_198' title='bbox 1467 1608 1612 1677; x_wconf 89' lang='lat' dir='ltr'><strong>quod</strong></span> <span class='ocrx_word' id='word_1_199' title='bbox 1653 1608 1794 1665; x_wconf 91' lang='lat' dir='ltr'><strong>hanc</strong></span> <span class='ocrx_word' id='word_1_200' title='bbox 1893 1608 2211 1680; x_wconf 85' lang='lat' dir='ltr'><strong>Apostolus,</strong></span> <span class='ocrx_word' id='word_1_201' title='bbox 2261 1625 2318 1672; x_wconf 91' lang='lat' dir='ltr'><strong>et</strong></span> <span class='ocrx_word' id='word_1_202' title='bbox 2364 1634 2563 1687; x_wconf 37' lang='lat' dir='ltr'><strong>omnes,</strong></span> <span class='ocrx_word' id='word_1_203' title='bbox 2602 1624 2864 1696; x_wconf 84' lang='lat' dir='ltr'><strong>baptizati</strong></span> <span class='ocrx_word' id='word_1_204' title='bbox 2910 1629 3113 1690; x_wconf 86' lang='lat' dir='ltr'><strong>Christi</strong></span> <span class='ocrx_word' id='word_1_205' title='bbox 3149 1601 3490 1708; x_wconf 71' lang='lat' dir='ltr'><strong>baptismate</strong></span> <span class='ocrx_word' id='word_1_206' title='bbox 3546 1606 3567 1649; x_wconf 25' lang='lat'><strong>&#39;1</strong></span> 
     </span>
    </p>
   </div>
   <div class='ocr_carea' id='block_1_15' title="bbox 205 1690 3487 1801">
    <p class='ocr_par' dir='ltr' id='par_1_15' title="bbox 205 1690 3487 1801">
     <span class='ocr_line' id='line_1_15' title="bbox 205 1690 3487 1801; baseline 0.012 -52"><span class='ocrx_word' id='word_1_207' title='bbox 205 1691 450 1749; x_wconf 83' lang='lat' dir='ltr'><strong>servilem</strong></span> <span class='ocrx_word' id='word_1_208' title='bbox 505 1690 738 1749; x_wconf 82' lang='lat' dir='ltr'><strong>formam</strong></span> <span class='ocrx_word' id='word_1_209' title='bbox 762 1734 779 1761; x_wconf 93' lang='lat'><strong>,</strong></span> <span class='ocrx_word' id='word_1_210' title='bbox 832 1710 996 1766; x_wconf 89' lang='lat' dir='ltr'><strong>quam</strong></span> <span class='ocrx_word' id='word_1_211' title='bbox 1043 1695 1192 1752; x_wconf 90' lang='lat' dir='ltr'><strong>solus</strong></span> <span class='ocrx_word' id='word_1_212' title='bbox 1233 1695 1331 1752; x_wconf 91' lang='lat' dir='ltr'><strong>Dei</strong></span> <span class='ocrx_word' id='word_1_213' title='bbox 1348 1697 1519 1754; x_wconf 89' lang='lat' dir='ltr'><strong>Filius</strong></span> <span class='ocrx_word' id='word_1_214' title='bbox 1548 1700 1790 1770; x_wconf 90' lang='lat' dir='ltr'><strong>accepit,</strong></span> <span class='ocrx_word' id='word_1_215' title='bbox 1893 1705 1986 1773; x_wconf 92' lang='lat' dir='ltr'><strong>qui</strong></span> <span class='ocrx_word' id='word_1_216' title='bbox 2015 1721 2121 1762; x_wconf 91' lang='lat' dir='ltr'><strong>non</strong></span> <span class='ocrx_word' id='word_1_217' title='bbox 2144 1719 2271 1765; x_wconf 90' lang='lat' dir='ltr'><strong>sunt</strong></span> <span class='ocrx_word' id='word_1_218' title='bbox 2308 1711 2577 1781; x_wconf 90' lang='lat' dir='ltr'><strong>salvandi,</strong></span> <span class='ocrx_word' id='word_1_219' title='bbox 2604 1690 2712 1775; x_wconf 77' lang='lat' dir='ltr'><strong>non</strong></span> <span class='ocrx_word' id='word_1_220' title='bbox 2742 1718 3187 1782; x_wconf 82' lang='lat' dir='ltr'><strong>fueruntChristi</strong></span> 
     </span>
    </p>
   </div>
   <div class='ocr_carea' id='block_1_16' title="bbox 206 1784 3486 1893">
    <p class='ocr_par' dir='ltr' id='par_1_16' title="bbox 206 1784 3486 1893">
     <span class='ocr_line' id='line_1_16' title="bbox 206 1784 3486 1893; baseline 0.012 -51"><span class='ocrx_word' id='word_1_221' title='bbox 206 1796 316 1842; x_wconf 91' lang='lat' dir='ltr'><strong>tota</strong></span> <span class='ocrx_word' id='word_1_222' title='bbox 350 1784 589 1843; x_wconf 89' lang='lat' dir='ltr'><strong>Trinitas</strong></span> <span class='ocrx_word' id='word_1_223' title='bbox 631 1785 798 1853; x_wconf 82' lang='lat' dir='ltr'><strong>fecit;</strong></span> <span class='ocrx_word' id='word_1_224' title='bbox 830 1803 996 1859; x_wconf 88' lang='lat' dir='ltr'><strong>quam</strong></span> <span class='ocrx_word' id='word_1_225' title='bbox 1023 1798 1206 1845; x_wconf 89' lang='lat' dir='ltr'><strong>tamen</strong></span> <span class='ocrx_word' id='word_1_226' title='bbox 1238 1799 1449 1846; x_wconf 91' lang='lat' dir='ltr'><strong>certum</strong></span> <span class='ocrx_word' id='word_1_227' title='bbox 1504 1800 1588 1847; x_wconf 90' lang='lat' dir='ltr'><strong>est</strong></span> <span class='ocrx_word' id='word_1_228' title='bbox 1615 1809 1647 1848; x_wconf 89' lang='lat' dir='ltr'><strong>a</strong></span> <span class='ocrx_word' id='word_1_229' title='bbox 1678 1799 1790 1848; x_wconf 87' lang='lat' dir='ltr'><strong>tota</strong></span> <span class='ocrx_word' id='word_1_230' title='bbox 1892 1796 2184 1870; x_wconf 90' lang='lat' dir='ltr'><strong>redempti,</strong></span> <span class='ocrx_word' id='word_1_231' title='bbox 2238 1816 2361 1858; x_wconf 92' lang='lat' dir='ltr'><strong>cum</strong></span> <span class='ocrx_word' id='word_1_232' title='bbox 2415 1815 2635 1864; x_wconf 91' lang='lat' dir='ltr'><strong>ostensa</strong></span> <span class='ocrx_word' id='word_1_233' title='bbox 2681 1812 2728 1866; x_wconf 90' lang='lat' dir='ltr'><strong>ei</strong></span> <span class='ocrx_word' id='word_1_234' title='bbox 2778 1812 2883 1869; x_wconf 77' lang='lat' dir='ltr'><strong>fuit</strong></span> <span class='ocrx_word' id='word_1_235' title='bbox 2926 1820 3196 1877; x_wconf 83' lang='lat' dir='ltr'><strong>sententia</strong></span> <span class='ocrx_word' id='word_1_236' title='bbox 3239 1784 3486 1893; x_wconf 54' lang='lat' dir='ltr'><strong>Apdstoli</strong></span> 
     </span>
    </p>
   </div>
   <div class='ocr_carea' id='block_1_17' title="bbox 203 1881 3486 1987">
    <p class='ocr_par' dir='ltr' id='par_1_17' title="bbox 203 1881 3486 1987">
     <span class='ocr_line' id='line_1_17' title="bbox 203 1881 3486 1987; baseline 0.011 -51"><span class='ocrx_word' id='word_1_237' title='bbox 203 1888 384 1937; x_wconf 86' lang='lat' dir='ltr'><strong>sancta</strong></span> <span class='ocrx_word' id='word_1_238' title='bbox 416 1881 906 1940; x_wconf 83' lang='lat' dir='ltr'><strong>Trinitate-factam</strong></span> <span class='ocrx_word' id='word_1_239' title='bbox 930 1884 1000 1940; x_wconf 91' lang='lat' dir='ltr'><strong>ad</strong></span> <span class='ocrx_word' id='word_1_240' title='bbox 1023 1884 1194 1941; x_wconf 89' lang='lat' dir='ltr'><strong>solam</strong></span> <span class='ocrx_word' id='word_1_241' title='bbox 1222 1885 1345 1941; x_wconf 89' lang='lat' dir='ltr'><strong>Filii</strong></span> <span class='ocrx_word' id='word_1_242' title='bbox 1394 1887 1489 1942; x_wconf 89' lang='lat' dir='ltr'><strong>Dei</strong></span> <span class='ocrx_word' id='word_1_243' title='bbox 1516 1888 1790 1958; x_wconf 89' lang='lat' dir='ltr'><strong>pertinere</strong></span> <span class='ocrx_word' id='word_1_244' title='bbox 1816 1887 1867 1950; x_wconf 88' lang='lat' dir='ltr'><strong>B</strong></span> <span class='ocrx_word' id='word_1_245' title='bbox 1892 1884 2041 1945; x_wconf 90' lang='lat' dir='ltr'><strong>Petri</strong></span> <span class='ocrx_word' id='word_1_246' title='bbox 2072 1889 2306 1954; x_wconf 85' lang='lat' dir='ltr'><strong>dicentis</strong></span> <span class='ocrx_word' id='word_1_247' title='bbox 2327 1895 2394 1953; x_wconf 89' lang='lat' dir='ltr'><strong>de</strong></span> <span class='ocrx_word' id='word_1_248' title='bbox 2417 1897 2688 1957; x_wconf 70' lang='lat' dir='ltr'><strong>haereticis</strong></span> <span class='ocrx_word' id='word_1_249' title='bbox 2718 1919 2732 1957; x_wconf 88' lang='lat'>:</span> <span class='ocrx_word' id='word_1_250' title='bbox 2759 1902 2900 1965; x_wconf 86' lang='lat' dir='ltr'><strong>Eum</strong></span> <span class='ocrx_word' id='word_1_251' title='bbox 2924 1908 3016 1979; x_wconf 97' lang='lat' dir='ltr'><strong>qui</strong></span> <span class='ocrx_word' id='word_1_252' title='bbox 3041 1912 3167 1967; x_wconf 83' lang='lat' dir='ltr'><strong>emit</strong></span> <span class='ocrx_word' id='word_1_253' title='bbox 3195 1881 3486 1987; x_wconf 23' lang='grc' dir='ltr'><strong>εοεξυοῂιλὶσ</strong></span> 
     </span>
    </p>
   </div>
   <div class='ocr_carea' id='block_1_18' title="bbox 206 1974 3483 2077">
    <p class='ocr_par' dir='ltr' id='par_1_18' title="bbox 206 1974 3483 2077">
     <span class='ocr_line' id='line_1_18' title="bbox 206 1974 3483 2077; baseline 0.012 -50"><span class='ocrx_word' id='word_1_254' title='bbox 206 1989 505 2044; x_wconf 87' lang='lat' dir='ltr'><strong>personam.</strong></span> <span class='ocrx_word' id='word_1_255' title='bbox 538 1974 657 2033; x_wconf 86' lang='lat' dir='ltr'><strong>Non</strong></span> <span class='ocrx_word' id='word_1_256' title='bbox 690 1976 835 2033; x_wconf 90' lang='lat' dir='ltr'><strong>enim</strong></span> <span class='ocrx_word' id='word_1_257' title='bbox 869 1976 1035 2033; x_wconf 89' lang='lat' dir='ltr'><strong>Pater</strong></span> <span class='ocrx_word' id='word_1_258' title='bbox 1086 1993 1309 2035; x_wconf 90' lang='lat' dir='ltr'><strong>carnem</strong></span> <span class='ocrx_word' id='word_1_259' title='bbox 1338 1980 1654 2052; x_wconf 88' lang='lat' dir='ltr'><strong>assumpsit,</strong></span> <span class='ocrx_word' id='word_1_260' title='bbox 1688 1997 1787 2038; x_wconf 85' lang='lat' dir='ltr'><strong>ne-</strong></span> <span class='ocrx_word' id='word_1_261' title='bbox 1894 1999 2022 2055; x_wconf 86' lang='lat' dir='ltr'><strong>num</strong></span> <span class='ocrx_word' id='word_1_262' title='bbox 2068 1997 2314 2059; x_wconf 74' lang='lat' dir='ltr'><strong>negantes</strong></span> <span class='ocrx_word' id='word_1_263' title='bbox 2357 1989 2446 2062; x_wconf 82' lang='grc'><strong>(11</strong></span> <span class='ocrx_word' id='word_1_264' title='bbox 2465 1991 2615 2051; x_wconf 85' lang='lat' dir='ltr'><strong>Petr.</strong></span> <span class='ocrx_word' id='word_1_265' title='bbox 2647 2012 2711 2064; x_wconf 79' lang='grc' dir='ltr'><strong>ιι,</strong></span> <span class='ocrx_word' id='word_1_266' title='bbox 2738 1998 2830 2067; x_wconf 64' lang='lat' dir='ltr'><strong>i),</strong></span> <span class='ocrx_word' id='word_1_267' title='bbox 2877 1974 3127 2074; x_wconf 76' lang='lat' dir='ltr'><strong>angustia</strong></span> <span class='ocrx_word' id='word_1_268' title='bbox 3173 1974 3483 2077; x_wconf 63' lang='lat' dir='ltr'><strong>coarctatus</strong></span> 
     </span>
    </p>
   </div>
   <div class='ocr_carea' id='block_1_19' title="bbox 206 2069 3482 2167">
    <p class='ocr_par' dir='ltr' id='par_1_19' title="bbox 206 2069 3482 2167">
     <span class='ocr_line' id='line_1_19' title="bbox 206 2069 3482 2167; baseline 0.011 -46"><span class='ocrx_word' id='word_1_269' title='bbox 206 2083 303 2137; x_wconf 78' lang='lat' dir='ltr'><strong>que</strong></span> <span class='ocrx_word' id='word_1_270' title='bbox 330 2069 566 2141; x_wconf 90' lang='lat' dir='ltr'><strong>Spiritus</strong></span> <span class='ocrx_word' id='word_1_271' title='bbox 591 2079 836 2139; x_wconf 90' lang='lat' dir='ltr'><strong>sanctus,</strong></span> <span class='ocrx_word' id='word_1_272' title='bbox 865 2071 960 2129; x_wconf 90' lang='lat' dir='ltr'><strong>sed</strong></span> <span class='ocrx_word' id='word_1_273' title='bbox 984 2071 1155 2130; x_wconf 88' lang='lat' dir='ltr'><strong>Filius</strong></span> <span class='ocrx_word' id='word_1_274' title='bbox 1200 2080 1432 2141; x_wconf 85' lang='lat' dir='ltr'><strong>tantum,</strong></span> <span class='ocrx_word' id='word_1_275' title='bbox 1458 2084 1521 2131; x_wconf 90' lang='lat' dir='ltr'><strong>ut</strong></span> <span class='ocrx_word' id='word_1_276' title='bbox 1551 2076 1644 2147; x_wconf 91' lang='lat' dir='ltr'><strong>qui</strong></span> <span class='ocrx_word' id='word_1_277' title='bbox 1669 2085 1790 2133; x_wconf 89' lang='lat' dir='ltr'><strong>erat</strong></span> <span class='ocrx_word' id='word_1_278' title='bbox 1890 2087 2047 2131; x_wconf 89' lang='lat' dir='ltr'><strong>suam</strong></span> <span class='ocrx_word' id='word_1_279' title='bbox 2098 2078 2154 2133; x_wconf 91' lang='lat' dir='ltr'><strong>in</strong></span> <span class='ocrx_word' id='word_1_280' title='bbox 2193 2081 2383 2155; x_wconf 82' lang='lat' dir='ltr'><strong>eadem</strong></span> <span class='ocrx_word' id='word_1_281' title='bbox 2432 2088 2704 2157; x_wconf 87' lang='lat' dir='ltr'><strong>sententia</strong></span> <span class='ocrx_word' id='word_1_282' title='bbox 2742 2069 3138 2162; x_wconf 79' lang='lat' dir='ltr'><strong>expositionem</strong></span> <span class='ocrx_word' id='word_1_283' title='bbox 3182 2073 3482 2167; x_wconf 57' lang='lat' dir='ltr'><strong>adinvenitg</strong></span> 
     </span>
    </p>
   </div>
   <div class='ocr_carea' id='block_1_20' title="bbox 205 2160 3484 2277">
    <p class='ocr_par' dir='ltr' id='par_1_20' title="bbox 205 2160 3484 2277">
     <span class='ocr_line' id='line_1_20' title="bbox 205 2160 3484 2277; baseline 0.009 -60"><span class='ocrx_word' id='word_1_284' title='bbox 205 2160 256 2217; x_wconf 90' lang='lat' dir='ltr'><strong>in</strong></span> <span class='ocrx_word' id='word_1_285' title='bbox 279 2162 557 2220; x_wconf 83' lang='lat' dir='ltr'><strong>divinitate</strong></span> <span class='ocrx_word' id='word_1_286' title='bbox 589 2164 685 2221; x_wconf 90' lang='lat' dir='ltr'><strong>Dei</strong></span> <span class='ocrx_word' id='word_1_287' title='bbox 715 2164 895 2223; x_wconf 85' lang='lat' dir='ltr'><strong>Patris</strong></span> <span class='ocrx_word' id='word_1_288' title='bbox 921 2165 1112 2234; x_wconf 91' lang='lat' dir='ltr'><strong>Filius,</strong></span> <span class='ocrx_word' id='word_1_289' title='bbox 1144 2168 1262 2240; x_wconf 89' lang='lat' dir='ltr'><strong>ipse</strong></span> <span class='ocrx_word' id='word_1_290' title='bbox 1303 2168 1460 2225; x_wconf 88' lang='lat' dir='ltr'><strong>ﬁeret</strong></span> <span class='ocrx_word' id='word_1_291' title='bbox 1486 2170 1542 2226; x_wconf 90' lang='lat' dir='ltr'><strong>in</strong></span> <span class='ocrx_word' id='word_1_292' title='bbox 1566 2171 1786 2228; x_wconf 89' lang='lat' dir='ltr'><strong>homine</strong></span> <span class='ocrx_word' id='word_1_293' title='bbox 1888 2166 2092 2226; x_wconf 85' lang='lat' dir='ltr'><strong>docens</strong></span> <span class='ocrx_word' id='word_1_294' title='bbox 2121 2171 2255 2229; x_wconf 84' lang='lat' dir='ltr'><strong>duas</strong></span> <span class='ocrx_word' id='word_1_295' title='bbox 2280 2190 2401 2233; x_wconf 85' lang='lat' dir='ltr'><strong>esse</strong></span> <span class='ocrx_word' id='word_1_296' title='bbox 2441 2160 2844 2251; x_wconf 78' lang='lat' dir='ltr'><strong>redemptiones</strong></span> <span class='ocrx_word' id='word_1_297' title='bbox 2868 2202 2893 2239; x_wconf 55' lang='grc' dir='ltr'><strong>«ε</strong></span> <span class='ocrx_word' id='word_1_298' title='bbox 2927 2202 3091 2243; x_wconf 88' lang='lat' dir='ltr'><strong>unam</strong></span> <span class='ocrx_word' id='word_1_299' title='bbox 3122 2204 3230 2261; x_wconf 89' lang='lat' dir='ltr'><strong>qua</strong></span> <span class='ocrx_word' id='word_1_300' title='bbox 3246 2160 3484 2277; x_wconf 46' lang='lat' dir='ltr'><strong>(ﬁdem;</strong></span> 
     </span>
     <span class='ocr_line' id='line_1_21' title="bbox 205 2252 3341 2277; baseline 0.009 -11"><span class='ocrx_word' id='word_1_301' title='bbox 205 2253 381 2277; x_wconf 69' lang='lat'><strong>__,_._</strong></span> <span class='ocrx_word' id='word_1_302' title='bbox 426 2252 669 2277; x_wconf 40' lang='grc' dir='ltr'><strong>,γε-μω,</strong></span> <span class='ocrx_word' id='word_1_303' title='bbox 717 2255 857 2277; x_wconf 67' lang='lat' dir='ltr'><strong>m.___</strong></span> <span class='ocrx_word' id='word_1_304' title='bbox 954 2272 1019 2277; x_wconf 47' lang='grc' dir='ltr'>μ</span> <span class='ocrx_word' id='word_1_305' title='bbox 1075 2258 1166 2277; x_wconf 80' lang='lat'><strong>,....</strong></span> <span class='ocrx_word' id='word_1_306' title='bbox 1468 2262 1480 2274; x_wconf 92' lang='lat'><strong>.</strong></span> <span class='ocrx_word' id='word_1_307' title='bbox 1885 2259 1962 2277; x_wconf 54' lang='grc' dir='ltr'><strong>μ..</strong></span> <span class='ocrx_word' id='word_1_308' title='bbox 2018 2276 2021 2277; x_wconf 32' lang='grc' dir='ltr'><em>ν</em></span> <span class='ocrx_word' id='word_1_309' title='bbox 2117 2271 2128 2277; x_wconf 88' lang='grc'><strong>.</strong></span> <span class='ocrx_word' id='word_1_310' title='bbox 2275 2266 2290 2277; x_wconf 89' lang='grc'><em>.</em></span> <span class='ocrx_word' id='word_1_311' title='bbox 2485 2271 2498 2277; x_wconf 92' lang='grc'><strong>-</strong></span> <span class='ocrx_word' id='word_1_312' title='bbox 2574 2271 2623 2277; x_wconf 78' lang='grc'><strong>--</strong></span> <span class='ocrx_word' id='word_1_313' title='bbox 2680 2273 2691 2277; x_wconf 72' lang='grc'><strong>-</strong></span> <span class='ocrx_word' id='word_1_314' title='bbox 2755 2275 2765 2277; x_wconf 51' lang='grc' dir='ltr'><em>ς</em></span> <span class='ocrx_word' id='word_1_315' title='bbox 3318 2272 3341 2277; x_wconf 87' lang='lat'><strong><em>--</em></strong></span> 
     </span>
    </p>
   </div>
   <div class='ocr_carea' id='block_1_21' title="bbox 204 2252 3485 2353">
    <p class='ocr_par' dir='ltr' id='par_1_21' title="bbox 204 2252 3485 2353">
     <span class='ocr_line' id='line_1_22' title="bbox 204 2252 3485 2353; baseline 0.011 -45"><span class='ocrx_word' id='word_1_316' title='bbox 204 2253 384 2310; x_wconf 84' lang='lat' dir='ltr'><strong>matris</strong></span> <span class='ocrx_word' id='word_1_317' title='bbox 426 2252 672 2327; x_wconf 81' lang='lat' dir='ltr'><strong>Virginis</strong></span> <span class='ocrx_word' id='word_1_318' title='bbox 717 2255 860 2313; x_wconf 90' lang='lat' dir='ltr'><strong>ﬁlius</strong></span> <span class='ocrx_word' id='word_1_319' title='bbox 884 2298 899 2324; x_wconf 97' lang='lat'><strong>,</strong></span> <span class='ocrx_word' id='word_1_320' title='bbox 954 2272 1026 2315; x_wconf 91' lang='lat' dir='ltr'><strong>ne</strong></span> <span class='ocrx_word' id='word_1_321' title='bbox 1073 2258 1169 2314; x_wconf 89' lang='lat' dir='ltr'><strong>ﬁlii</strong></span> <span class='ocrx_word' id='word_1_322' title='bbox 1218 2275 1419 2318; x_wconf 85' lang='lat' dir='ltr'><strong>nomen</strong></span> <span class='ocrx_word' id='word_1_323' title='bbox 1465 2262 1523 2316; x_wconf 87' lang='lat' dir='ltr'><strong>in</strong></span> <span class='ocrx_word' id='word_1_324' title='bbox 1557 2261 1786 2319; x_wconf 89' lang='lat' dir='ltr'><strong>alteram</strong></span> <span class='ocrx_word' id='word_1_325' title='bbox 1884 2259 1967 2331; x_wconf 93' lang='lat' dir='ltr'><strong>pti</strong></span> <span class='ocrx_word' id='word_1_326' title='bbox 2006 2271 2157 2331; x_wconf 91' lang='lat' dir='ltr'><strong>sunt,</strong></span> <span class='ocrx_word' id='word_1_327' title='bbox 2195 2266 2292 2329; x_wconf 84' lang='lat' dir='ltr'><strong>sed</strong></span> <span class='ocrx_word' id='word_1_328' title='bbox 2335 2283 2443 2329; x_wconf 90' lang='lat' dir='ltr'><strong>non</strong></span> <span class='ocrx_word' id='word_1_329' title='bbox 2484 2271 2540 2326; x_wconf 91' lang='lat' dir='ltr'><strong>in</strong></span> <span class='ocrx_word' id='word_1_330' title='bbox 2563 2271 2770 2330; x_wconf 89' lang='lat' dir='ltr'><strong>Christi</strong></span> <span class='ocrx_word' id='word_1_331' title='bbox 2802 2279 3067 2349; x_wconf 85' lang='lat' dir='ltr'><strong>sanguine</strong></span> <span class='ocrx_word' id='word_1_332' title='bbox 3095 2252 3385 2353; x_wconf 26' lang='lat' dir='ltr'><strong>btjtpti‘aaﬁt&#39;i8</strong></span> <span class='ocrx_word' id='word_1_333' title='bbox 3405 2285 3485 2345; x_wconf 85' lang='lat' dir='ltr'><strong>illi</strong></span> 
     </span>
    </p>
   </div>
   <div class='ocr_carea' id='block_1_22' title="bbox 202 2345 3482 2451">
    <p class='ocr_par' dir='ltr' id='par_1_22' title="bbox 202 2345 3482 2451">
     <span class='ocr_line' id='line_1_23' title="bbox 202 2345 3482 2451; baseline 0.011 -50"><span class='ocrx_word' id='word_1_334' title='bbox 202 2345 452 2402; x_wconf 81' lang='lat' dir='ltr'><strong>transiret</strong></span> <span class='ocrx_word' id='word_1_335' title='bbox 476 2362 803 2417; x_wconf 88' lang='lat' dir='ltr'><strong>personam,-</strong></span> <span class='ocrx_word' id='word_1_336' title='bbox 828 2349 921 2422; x_wconf 92' lang='lat' dir='ltr'><strong>qui</strong></span> <span class='ocrx_word' id='word_1_337' title='bbox 949 2366 1057 2407; x_wconf 91' lang='lat' dir='ltr'><strong>non</strong></span> <span class='ocrx_word' id='word_1_338' title='bbox 1083 2360 1230 2408; x_wconf 89' lang='lat' dir='ltr'><strong>esset</strong></span> <span class='ocrx_word' id='word_1_339' title='bbox 1281 2352 1563 2410; x_wconf 90' lang='lat' dir='ltr'><strong>nativitate</strong></span> <span class='ocrx_word' id='word_1_340' title='bbox 1610 2354 1777 2412; x_wconf 89' lang='lat' dir='ltr'><strong>ﬁlius.</strong></span> <span class='ocrx_word' id='word_1_341' title='bbox 1884 2355 1978 2425; x_wconf 91' lang='lat' dir='ltr'><strong>qui</strong></span> <span class='ocrx_word' id='word_1_342' title='bbox 2006 2372 2115 2413; x_wconf 91' lang='lat' dir='ltr'><strong>non</strong></span> <span class='ocrx_word' id='word_1_343' title='bbox 2143 2369 2272 2417; x_wconf 91' lang='lat' dir='ltr'><strong>sunt</strong></span> <span class='ocrx_word' id='word_1_344' title='bbox 2299 2363 2568 2430; x_wconf 89' lang='lat' dir='ltr'><strong>salvandi,</strong></span> <span class='ocrx_word' id='word_1_345' title='bbox 2595 2376 2652 2422; x_wconf 92' lang='lat' dir='ltr'><strong>et</strong></span> <span class='ocrx_word' id='word_1_346' title='bbox 2686 2367 2849 2425; x_wconf 88' lang='lat' dir='ltr'><strong>aliam</strong></span> <span class='ocrx_word' id='word_1_347' title='bbox 2875 2345 2984 2442; x_wconf 77' lang='lat' dir='ltr'><strong>qua</strong></span> <span class='ocrx_word' id='word_1_348' title='bbox 3016 2345 3237 2431; x_wconf 47' lang='lat' dir='ltr'><strong>sunt-in</strong></span> <span class='ocrx_word' id='word_1_349' title='bbox 3269 2378 3482 2451; x_wconf 84' lang='lat' dir='ltr'><strong>Christi</strong></span> 
     </span>
    </p>
   </div>
   <div class='ocr_carea' id='block_1_23' title="bbox 194 2433 3480 2541">
    <p class='ocr_par' dir='ltr' id='par_1_23' title="bbox 194 2433 3480 2541">
     <span class='ocr_line' id='line_1_24' title="bbox 194 2433 3480 2541; baseline 0.01 -46"><span class='ocrx_word' id='word_1_350' title='bbox 194 2435 290 2495; x_wconf 84' lang='lat' dir='ltr'><strong>Dei</strong></span> <span class='ocrx_word' id='word_1_351' title='bbox 343 2454 475 2511; x_wconf 80' lang='lat' dir='ltr'><strong>ergo</strong></span> <span class='ocrx_word' id='word_1_352' title='bbox 519 2433 697 2497; x_wconf 83' lang='lat' dir='ltr'><strong>Filius</strong></span> <span class='ocrx_word' id='word_1_353' title='bbox 744 2441 979 2500; x_wconf 91' lang='lat' dir='ltr'><strong>hominis</strong></span> <span class='ocrx_word' id='word_1_354' title='bbox 1039 2442 1216 2500; x_wconf 81' lang='lat' dir='ltr'><strong>factus</strong></span> <span class='ocrx_word' id='word_1_355' title='bbox 1286 2453 1369 2501; x_wconf 93' lang='lat' dir='ltr'><strong>est</strong></span> <span class='ocrx_word' id='word_1_356' title='bbox 1439 2444 1623 2513; x_wconf 90' lang='lat' dir='ltr'><strong>ﬁlius,</strong></span> <span class='ocrx_word' id='word_1_357' title='bbox 1683 2461 1782 2502; x_wconf 85' lang='lat' dir='ltr'><strong>na—</strong></span> <span class='ocrx_word' id='word_1_358' title='bbox 1882 2450 2148 2519; x_wconf 77' lang='lat' dir='ltr'><strong>sanguine</strong></span> <span class='ocrx_word' id='word_1_359' title='bbox 2172 2453 2434 2525; x_wconf 86' lang='lat' dir='ltr'><strong>baptizati</strong></span> <span class='ocrx_word' id='word_1_360' title='bbox 2464 2456 2542 2513; x_wconf 91' lang='lat' dir='ltr'><strong>illi</strong></span> <span class='ocrx_word' id='word_1_361' title='bbox 2571 2460 2665 2529; x_wconf 89' lang='lat' dir='ltr'><strong>qui</strong></span> <span class='ocrx_word' id='word_1_362' title='bbox 2689 2468 2817 2528; x_wconf 87' lang='lat' dir='ltr'><strong>sunt</strong></span> <span class='ocrx_word' id='word_1_363' title='bbox 2843 2433 3110 2531; x_wconf 68' lang='lat' dir='ltr'><strong>salvandi,</strong></span> <span class='ocrx_word' id='word_1_364' title='bbox 3138 2433 3480 2541; x_wconf 67' lang='lat' dir='ltr'><strong>dicensquia</strong></span> 
     </span>
    </p>
   </div>
   <div class='ocr_carea' id='block_1_24' title="bbox 197 2533 3479 2632">
    <p class='ocr_par' dir='ltr' id='par_1_24' title="bbox 197 2533 3479 2632">
     <span class='ocr_line' id='line_1_25' title="bbox 197 2533 3479 2632; baseline 0.01 -44"><span class='ocrx_word' id='word_1_365' title='bbox 197 2540 278 2589; x_wconf 89' lang='lat' dir='ltr'><strong>tus</strong></span> <span class='ocrx_word' id='word_1_366' title='bbox 330 2533 630 2590; x_wconf 91' lang='lat' dir='ltr'><strong>secundum</strong></span> <span class='ocrx_word' id='word_1_367' title='bbox 670 2536 955 2592; x_wconf 84' lang='lat' dir='ltr'><strong>veritatem</strong></span> <span class='ocrx_word' id='word_1_368' title='bbox 1006 2545 1216 2593; x_wconf 68' lang='lat' dir='ltr'><strong>natura:</strong></span> <span class='ocrx_word' id='word_1_369' title='bbox 1262 2554 1330 2595; x_wconf 85' lang='lat' dir='ltr'><strong>ex</strong></span> <span class='ocrx_word' id='word_1_370' title='bbox 1381 2539 1496 2596; x_wconf 89' lang='lat' dir='ltr'><strong>Deo</strong></span> <span class='ocrx_word' id='word_1_371' title='bbox 1544 2539 1644 2595; x_wconf 90' lang='lat' dir='ltr'><strong>Dei</strong></span> <span class='ocrx_word' id='word_1_372' title='bbox 1690 2538 1780 2596; x_wconf 87' lang='lat' dir='ltr'><strong>Fi-</strong></span> <span class='ocrx_word' id='word_1_373' title='bbox 1878 2541 2062 2611; x_wconf 88' lang='lat' dir='ltr'><strong>perire</strong></span> <span class='ocrx_word' id='word_1_374' title='bbox 2097 2544 2276 2603; x_wconf 84' lang='lat' dir='ltr'><strong>nullus</strong></span> <span class='ocrx_word' id='word_1_375' title='bbox 2300 2550 2500 2617; x_wconf 89' lang='lat' dir='ltr'><strong>poterit</strong></span> <span class='ocrx_word' id='word_1_376' title='bbox 2524 2552 2617 2621; x_wconf 91' lang='lat' dir='ltr'><strong>qui</strong></span> <span class='ocrx_word' id='word_1_377' title='bbox 2642 2553 2909 2624; x_wconf 78' lang='lat' dir='ltr'><strong>sanguine</strong></span> <span class='ocrx_word' id='word_1_378' title='bbox 2936 2555 3139 2615; x_wconf 88' lang='lat' dir='ltr'><strong>Christi</strong></span> <span class='ocrx_word' id='word_1_379' title='bbox 3168 2533 3479 2632; x_wconf 76' lang='lat' dir='ltr'><strong>redemptus</strong></span> 
     </span>
    </p>
   </div>
   <div class='ocr_carea' id='block_1_25' title="bbox 190 2623 3480 2721">
    <p class='ocr_par' dir='ltr' id='par_1_25' title="bbox 190 2623 3480 2721">
     <span class='ocr_line' id='line_1_26' title="bbox 190 2623 3480 2721; baseline 0.011 -45"><span class='ocrx_word' id='word_1_380' title='bbox 190 2623 292 2683; x_wconf 86' lang='lat' dir='ltr'><strong>lius</strong></span> <span class='ocrx_word' id='word_1_381' title='bbox 315 2643 331 2680; x_wconf 87' lang='lat'>:</span> <span class='ocrx_word' id='word_1_382' title='bbox 351 2625 515 2700; x_wconf 62' lang='lat'><strong>591</strong></span> <span class='ocrx_word' id='word_1_383' title='bbox 545 2636 604 2683; x_wconf 88' lang='lat' dir='ltr'><strong>et</strong></span> <span class='ocrx_word' id='word_1_384' title='bbox 648 2628 946 2687; x_wconf 87' lang='lat' dir='ltr'><strong>secundum</strong></span> <span class='ocrx_word' id='word_1_385' title='bbox 989 2629 1277 2686; x_wconf 87' lang='lat' dir='ltr'><strong>veritatem</strong></span> <span class='ocrx_word' id='word_1_386' title='bbox 1327 2640 1537 2687; x_wconf 74' lang='lat' dir='ltr'><strong>naturae</strong></span> <span class='ocrx_word' id='word_1_387' title='bbox 1575 2649 1642 2691; x_wconf 83' lang='lat' dir='ltr'><strong>ex</strong></span> <span class='ocrx_word' id='word_1_388' title='bbox 1679 2632 1777 2689; x_wconf 86' lang='lat' dir='ltr'><strong>ho-</strong></span> <span class='ocrx_word' id='word_1_389' title='bbox 1844 2703 1857 2715; x_wconf 39' lang='lat'><em>.</em></span> <span class='ocrx_word' id='word_1_390' title='bbox 1878 2630 2062 2701; x_wconf 83' lang='lat' dir='ltr'><strong>fuerit,</strong></span> <span class='ocrx_word' id='word_1_391' title='bbox 2089 2637 2274 2693; x_wconf 88' lang='lat' dir='ltr'><strong>videre</strong></span> <span class='ocrx_word' id='word_1_392' title='bbox 2301 2655 2407 2697; x_wconf 93' lang='lat' dir='ltr'><strong>non</strong></span> <span class='ocrx_word' id='word_1_393' title='bbox 2431 2641 2617 2697; x_wconf 91' lang='lat' dir='ltr'><strong>valens</strong></span> <span class='ocrx_word' id='word_1_394' title='bbox 2638 2623 2784 2715; x_wconf 84' lang='lat' dir='ltr'><strong>quod</strong></span> <span class='ocrx_word' id='word_1_395' title='bbox 2804 2646 2937 2702; x_wconf 89' lang='lat' dir='ltr'><strong>dicit</strong></span> <span class='ocrx_word' id='word_1_396' title='bbox 2955 2645 3103 2705; x_wconf 89' lang='lat' dir='ltr'><strong>Petri</strong></span> <span class='ocrx_word' id='word_1_397' title='bbox 3132 2623 3480 2721; x_wconf 72' lang='lat' dir='ltr'><strong>coapostolus</strong></span> 
     </span>
    </p>
   </div>
   <div class='ocr_carea' id='block_1_26' title="bbox 189 2718 3479 2815">
    <p class='ocr_par' dir='ltr' id='par_1_26' title="bbox 189 2718 3479 2815">
     <span class='ocr_line' id='line_1_27' title="bbox 189 2718 3479 2815; baseline 0.008 -40"><span class='ocrx_word' id='word_1_398' title='bbox 189 2720 332 2775; x_wconf 89' lang='lat' dir='ltr'><strong>mine</strong></span> <span class='ocrx_word' id='word_1_399' title='bbox 357 2719 598 2776; x_wconf 88' lang='lat' dir='ltr'><strong>hominis</strong></span> <span class='ocrx_word' id='word_1_400' title='bbox 624 2718 769 2776; x_wconf 91' lang='lat' dir='ltr'><strong>ﬁlius</strong></span> <span class='ocrx_word' id='word_1_401' title='bbox 804 2720 859 2776; x_wconf 93' lang='lat' dir='ltr'><strong>in</strong></span> <span class='ocrx_word' id='word_1_402' title='bbox 886 2729 1118 2793; x_wconf 88' lang='lat' dir='ltr'><strong>utraque</strong></span> <span class='ocrx_word' id='word_1_403' title='bbox 1144 2731 1360 2792; x_wconf 88' lang='lat' dir='ltr'><strong>natura,</strong></span> <span class='ocrx_word' id='word_1_404' title='bbox 1389 2740 1501 2780; x_wconf 90' lang='lat' dir='ltr'><strong>non</strong></span> <span class='ocrx_word' id='word_1_405' title='bbox 1541 2726 1775 2798; x_wconf 89' lang='lat' dir='ltr'><strong>appella-</strong></span> <span class='ocrx_word' id='word_1_406' title='bbox 1877 2720 2082 2815; x_wconf 61' lang='lat' dir='ltr'><strong>Paulus</strong></span> <span class='ocrx_word' id='word_1_407' title='bbox 2107 2742 2121 2779; x_wconf 88' lang='lat'><strong>:</strong></span> <span class='ocrx_word' id='word_1_408' title='bbox 2149 2726 2458 2802; x_wconf 83' lang='lat' dir='ltr'><strong>Quicunque</strong></span> <span class='ocrx_word' id='word_1_409' title='bbox 2477 2731 2642 2804; x_wconf 69' lang='grc'><strong>492</strong></span> <span class='ocrx_word' id='word_1_410' title='bbox 2674 2734 2930 2805; x_wconf 79' lang='lat' dir='ltr'><strong>baptizati</strong></span> <span class='ocrx_word' id='word_1_411' title='bbox 2968 2755 3151 2795; x_wconf 81' lang='lat' dir='ltr'><strong>sumus</strong></span> <span class='ocrx_word' id='word_1_412' title='bbox 3170 2718 3479 2815; x_wconf 63' lang='grc' dir='ltr'><strong>,ἱιίωιήεβα</strong></span> 
     </span>
    </p>
   </div>
   <div class='ocr_carea' id='block_1_27' title="bbox 188 2812 3473 2911">
    <p class='ocr_par' dir='ltr' id='par_1_27' title="bbox 188 2812 3473 2911">
     <span class='ocr_line' id='line_1_28' title="bbox 188 2812 3473 2911; baseline 0.007 -42"><span class='ocrx_word' id='word_1_413' title='bbox 188 2814 329 2870; x_wconf 83' lang='lat' dir='ltr'><strong>tione</strong></span> <span class='ocrx_word' id='word_1_414' title='bbox 357 2820 568 2869; x_wconf 87' lang='lat' dir='ltr'><strong>tantum</strong></span> <span class='ocrx_word' id='word_1_415' title='bbox 593 2812 682 2869; x_wconf 90' lang='lat' dir='ltr'><strong>vel</strong></span> <span class='ocrx_word' id='word_1_416' title='bbox 705 2813 1016 2884; x_wconf 90' lang='lat' dir='ltr'><strong>adoptione,</strong></span> <span class='ocrx_word' id='word_1_417' title='bbox 1045 2816 1141 2872; x_wconf 88' lang='lat' dir='ltr'><strong>sed</strong></span> <span class='ocrx_word' id='word_1_418' title='bbox 1164 2816 1397 2872; x_wconf 88' lang='lat' dir='ltr'><strong>veritate</strong></span> <span class='ocrx_word' id='word_1_419' title='bbox 1418 2817 1515 2873; x_wconf 90' lang='lat' dir='ltr'><strong>Dei</strong></span> <span class='ocrx_word' id='word_1_420' title='bbox 1536 2817 1726 2875; x_wconf 90' lang='lat' dir='ltr'><strong>Filius.</strong></span> <span class='ocrx_word' id='word_1_421' title='bbox 1748 2839 1768 2872; x_wconf 75' lang='grc' dir='ltr'><strong><em>ι</em></strong></span> <span class='ocrx_word' id='word_1_422' title='bbox 1873 2812 2036 2911; x_wconf 61' lang='grc' dir='ltr'><strong>σΙεεαἐ</strong></span> <span class='ocrx_word' id='word_1_423' title='bbox 2078 2820 2136 2875; x_wconf 88' lang='lat' dir='ltr'><strong>in</strong></span> <span class='ocrx_word' id='word_1_424' title='bbox 2160 2830 2327 2877; x_wconf 88' lang='lat' dir='ltr'><strong>morte</strong></span> <span class='ocrx_word' id='word_1_425' title='bbox 2369 2825 2536 2894; x_wconf 85' lang='lat' dir='ltr'><strong>ipsius</strong></span> <span class='ocrx_word' id='word_1_426' title='bbox 2564 2827 2819 2897; x_wconf 75' lang='lat' dir='ltr'><strong>baptizati</strong></span> <span class='ocrx_word' id='word_1_427' title='bbox 2855 2846 3038 2887; x_wconf 84' lang='lat' dir='ltr'><strong>sumus</strong></span> <span class='ocrx_word' id='word_1_428' title='bbox 3064 2833 3249 2904; x_wconf 83' lang='lat' dir='ltr'><strong>(Rom.</strong></span> <span class='ocrx_word' id='word_1_429' title='bbox 3279 2812 3473 2911; x_wconf 37' lang='lat' dir='ltr'><strong>vr,i5j;</strong></span> 
     </span>
    </p>
   </div>
   <div class='ocr_carea' id='block_1_28' title="bbox 184 2902 3477 2996">
    <p class='ocr_par' dir='ltr' id='par_1_28' title="bbox 184 2902 3477 2996">
     <span class='ocr_line' id='line_1_29' title="bbox 184 2902 3477 2996; baseline 0.007 -35"><span class='ocrx_word' id='word_1_430' title='bbox 184 2902 308 2962; x_wconf 83' lang='lat' dir='ltr'><strong>Ideo</strong></span> <span class='ocrx_word' id='word_1_431' title='bbox 344 2920 451 2960; x_wconf 91' lang='lat' dir='ltr'><strong>non</strong></span> <span class='ocrx_word' id='word_1_432' title='bbox 486 2912 616 2961; x_wconf 92' lang='lat' dir='ltr'><strong>sunt</strong></span> <span class='ocrx_word' id='word_1_433' title='bbox 661 2905 769 2961; x_wconf 91' lang='lat' dir='ltr'><strong>duo</strong></span> <span class='ocrx_word' id='word_1_434' title='bbox 803 2904 1007 2961; x_wconf 87' lang='lat' dir='ltr'><strong>Christi</strong></span> <span class='ocrx_word' id='word_1_435' title='bbox 1052 2906 1182 2973; x_wconf 91' lang='lat' dir='ltr'><strong>ﬁlii,</strong></span> <span class='ocrx_word' id='word_1_436' title='bbox 1225 2923 1327 2964; x_wconf 91' lang='lat' dir='ltr'><strong>nec</strong></span> <span class='ocrx_word' id='word_1_437' title='bbox 1362 2908 1470 2965; x_wconf 94' lang='lat' dir='ltr'><strong>duo</strong></span> <span class='ocrx_word' id='word_1_438' title='bbox 1505 2908 1634 2976; x_wconf 86' lang='lat' dir='ltr'><strong>ﬁlii;</strong></span> <span class='ocrx_word' id='word_1_439' title='bbox 1679 2912 1775 2967; x_wconf 92' lang='lat' dir='ltr'><strong>sed</strong></span> <span class='ocrx_word' id='word_1_440' title='bbox 1876 2913 1931 2961; x_wconf 75' lang='lat' dir='ltr'><strong>et</strong></span> <span class='ocrx_word' id='word_1_441' title='bbox 1957 2924 1970 2960; x_wconf 84' lang='lat'>:</span> <span class='ocrx_word' id='word_1_442' title='bbox 1993 2904 2196 2965; x_wconf 78' lang='lat' dir='ltr'><strong>Pen&#39;bit</strong></span> <span class='ocrx_word' id='word_1_443' title='bbox 2224 2912 2283 2966; x_wconf 83' lang='lat' dir='ltr'><strong>in</strong></span> <span class='ocrx_word' id='word_1_444' title='bbox 2322 2922 2415 2969; x_wconf 87' lang='lat' dir='ltr'><strong>tua</strong></span> <span class='ocrx_word' id='word_1_445' title='bbox 2451 2916 2670 2973; x_wconf 84' lang='lat' dir='ltr'><strong>scientia</strong></span> <span class='ocrx_word' id='word_1_446' title='bbox 2701 2918 2873 2987; x_wconf 80' lang='lat' dir='ltr'><strong>frater</strong></span> <span class='ocrx_word' id='word_1_447' title='bbox 2900 2902 3113 2993; x_wconf 81' lang='lat' dir='ltr'><strong>propter</strong></span> <span class='ocrx_word' id='word_1_448' title='bbox 3146 2941 3300 2996; x_wconf 85' lang='lat' dir='ltr'><strong>quem</strong></span> 
     </span>
    </p>
   </div>
   <div class='ocr_carea' id='block_1_29' title="bbox 185 2997 3477 3092">
    <p class='ocr_par' dir='ltr' id='par_1_29' title="bbox 185 2997 3477 3092">
     <span class='ocr_line' id='line_1_30' title="bbox 185 2997 3477 3092; baseline 0.008 -39"><span class='ocrx_word' id='word_1_449' title='bbox 185 3013 324 3054; x_wconf 84' lang='lat' dir='ltr'><strong>unus</strong></span> <span class='ocrx_word' id='word_1_450' title='bbox 348 2997 618 3064; x_wconf 90' lang='lat' dir='ltr'><strong>Christus,</strong></span> <span class='ocrx_word' id='word_1_451' title='bbox 660 3005 718 3053; x_wconf 93' lang='lat' dir='ltr'><strong>et</strong></span> <span class='ocrx_word' id='word_1_452' title='bbox 752 3015 894 3055; x_wconf 92' lang='lat' dir='ltr'><strong>unus</strong></span> <span class='ocrx_word' id='word_1_453' title='bbox 935 2999 1098 3065; x_wconf 88' lang='lat' dir='ltr'><strong>ﬁlius,</strong></span> <span class='ocrx_word' id='word_1_454' title='bbox 1129 2999 1273 3057; x_wconf 90' lang='lat' dir='ltr'><strong>Deus</strong></span> <span class='ocrx_word' id='word_1_455' title='bbox 1312 3008 1367 3056; x_wconf 90' lang='lat' dir='ltr'><strong>et</strong></span> <span class='ocrx_word' id='word_1_456' title='bbox 1409 3002 1613 3058; x_wconf 88' lang='lat' dir='ltr'><strong>homo:</strong></span> <span class='ocrx_word' id='word_1_457' title='bbox 1639 3017 1773 3073; x_wconf 90' lang='lat' dir='ltr'><strong>quo-</strong></span> <span class='ocrx_word' id='word_1_458' title='bbox 1873 3007 1986 3053; x_wconf 85' lang='lat' dir='ltr'><strong>stus</strong></span> <span class='ocrx_word' id='word_1_459' title='bbox 2024 3012 2263 3058; x_wconf 84' lang='lat' dir='ltr'><strong>mortuus</strong></span> <span class='ocrx_word' id='word_1_460' title='bbox 2310 3015 2387 3061; x_wconf 84' lang='lat' dir='ltr'><strong>est</strong></span> <span class='ocrx_word' id='word_1_461' title='bbox 2426 3006 2479 3080; x_wconf 92' lang='lat' dir='ltr'><strong>(I</strong></span> <span class='ocrx_word' id='word_1_462' title='bbox 2502 3006 2627 3064; x_wconf 89' lang='lat' dir='ltr'><strong>Cor.</strong></span> <span class='ocrx_word' id='word_1_463' title='bbox 2657 3026 2782 3078; x_wconf 83' lang='lat' dir='ltr'><strong>Vill,</strong></span> <span class='ocrx_word' id='word_1_464' title='bbox 2825 3012 2936 3086; x_wconf 71' lang='lat' dir='ltr'><strong>ii).</strong></span> <span class='ocrx_word' id='word_1_465' title='bbox 2995 3015 3130 3079; x_wconf 84' lang='lat' dir='ltr'><strong>Mira</strong></span> <span class='ocrx_word' id='word_1_466' title='bbox 3177 3030 3306 3075; x_wconf 91' lang='lat' dir='ltr'><strong>sunt</strong></span> <span class='ocrx_word' id='word_1_467' title='bbox 3353 3036 3477 3092; x_wconf 77' lang='lat' dir='ltr'><strong>qua:</strong></span> 
     </span>
    </p>
   </div>
   <div class='ocr_carea' id='block_1_30' title="bbox 188 3090 3475 3186">
    <p class='ocr_par' dir='ltr' id='par_1_30' title="bbox 188 3090 3475 3186">
     <span class='ocr_line' id='line_1_31' title="bbox 188 3090 3475 3186; baseline 0.007 -39"><span class='ocrx_word' id='word_1_468' title='bbox 188 3091 330 3147; x_wconf 91' lang='lat' dir='ltr'><strong>niam</strong></span> <span class='ocrx_word' id='word_1_469' title='bbox 351 3091 495 3147; x_wconf 91' lang='lat' dir='ltr'><strong>Deus</strong></span> <span class='ocrx_word' id='word_1_470' title='bbox 521 3091 618 3149; x_wconf 90' lang='lat' dir='ltr'><strong>Dei</strong></span> <span class='ocrx_word' id='word_1_471' title='bbox 644 3090 814 3148; x_wconf 86' lang='lat' dir='ltr'><strong>Filius</strong></span> <span class='ocrx_word' id='word_1_472' title='bbox 841 3091 1135 3148; x_wconf 89' lang='lat' dir='ltr'><strong>humanam</strong></span> <span class='ocrx_word' id='word_1_473' title='bbox 1170 3093 1467 3165; x_wconf 88' lang='lat' dir='ltr'><strong>assumpsit</strong></span> <span class='ocrx_word' id='word_1_474' title='bbox 1495 3102 1768 3162; x_wconf 89' lang='lat' dir='ltr'><strong>naturam,</strong></span> <span class='ocrx_word' id='word_1_475' title='bbox 1875 3091 2030 3159; x_wconf 87' lang='lat' dir='ltr'><strong>dicit,</strong></span> <span class='ocrx_word' id='word_1_476' title='bbox 2062 3109 2203 3150; x_wconf 91' lang='lat' dir='ltr'><strong>nova</strong></span> <span class='ocrx_word' id='word_1_477' title='bbox 2237 3106 2363 3153; x_wconf 87' lang='lat' dir='ltr'><strong>sunt</strong></span> <span class='ocrx_word' id='word_1_478' title='bbox 2392 3114 2515 3171; x_wconf 70' lang='lat' dir='ltr'><strong>qua:</strong></span> <span class='ocrx_word' id='word_1_479' title='bbox 2551 3102 2703 3159; x_wconf 91' lang='lat' dir='ltr'><strong>dicit.</strong></span> <span class='ocrx_word' id='word_1_480' title='bbox 2747 3103 3091 3179; x_wconf 86' lang='lat' dir='ltr'><strong>Quapropter</strong></span> <span class='ocrx_word' id='word_1_481' title='bbox 3125 3110 3268 3167; x_wconf 87' lang='lat' dir='ltr'><strong>sicut</strong></span> <span class='ocrx_word' id='word_1_482' title='bbox 3290 3090 3475 3186; x_wconf 75' lang='lat' dir='ltr'><strong>Augu-</strong></span> 
     </span>
    </p>
   </div>
   <div class='ocr_carea' id='block_1_31' title="bbox 190 3183 3473 3278">
    <p class='ocr_par' dir='ltr' id='par_1_31' title="bbox 190 3183 3473 3278">
     <span class='ocr_line' id='line_1_32' title="bbox 190 3183 3473 3278; baseline 0.007 -42"><span class='ocrx_word' id='word_1_483' title='bbox 190 3200 293 3242; x_wconf 81' lang='lat' dir='ltr'><strong>non</strong></span> <span class='ocrx_word' id='word_1_484' title='bbox 329 3199 650 3257; x_wconf 88' lang='lat' dir='ltr'><strong>personam;</strong></span> <span class='ocrx_word' id='word_1_485' title='bbox 703 3183 762 3240; x_wconf 90' lang='lat' dir='ltr'><strong>in</strong></span> <span class='ocrx_word' id='word_1_486' title='bbox 811 3192 1074 3242; x_wconf 68' lang='lat' dir='ltr'><strong>aeternum</strong></span> <span class='ocrx_word' id='word_1_487' title='bbox 1123 3186 1428 3258; x_wconf 90' lang='lat' dir='ltr'><strong>suscipiens</strong></span> <span class='ocrx_word' id='word_1_488' title='bbox 1479 3201 1772 3258; x_wconf 89' lang='lat' dir='ltr'><strong>personam</strong></span> <span class='ocrx_word' id='word_1_489' title='bbox 1800 3260 1843 3278; x_wconf 52' lang='grc' dir='ltr'>η</span> <span class='ocrx_word' id='word_1_490' title='bbox 1874 3185 2050 3242; x_wconf 88' lang='lat' dir='ltr'><strong>stinus</strong></span> <span class='ocrx_word' id='word_1_491' title='bbox 2091 3196 2280 3243; x_wconf 90' lang='lat' dir='ltr'><strong>contra</strong></span> <span class='ocrx_word' id='word_1_492' title='bbox 2309 3188 2587 3250; x_wconf 77' lang='lat' dir='ltr'><strong>Iulianum</strong></span> <span class='ocrx_word' id='word_1_493' title='bbox 2632 3196 2882 3254; x_wconf 90' lang='lat' dir='ltr'><strong>scribens</strong></span> <span class='ocrx_word' id='word_1_494' title='bbox 2921 3199 3071 3257; x_wconf 88' lang='lat' dir='ltr'><strong>dicit.</strong></span> <span class='ocrx_word' id='word_1_495' title='bbox 3116 3202 3252 3259; x_wconf 80' lang='lat' dir='ltr'><strong>Mira</strong></span> <span class='ocrx_word' id='word_1_496' title='bbox 3282 3183 3473 3278; x_wconf 84' lang='lat' dir='ltr'><strong>stupe-</strong></span> 
     </span>
    </p>
   </div>
   <div class='ocr_carea' id='block_1_32' title="bbox 188 3260 3472 3354">
    <p class='ocr_par' dir='ltr' id='par_1_32' title="bbox 188 3260 3472 3354">
     <span class='ocr_line' id='line_1_33' title="bbox 188 3260 3472 3354; baseline 0.006 -21"><span class='ocrx_word' id='word_1_497' title='bbox 188 3276 479 3333; x_wconf 85' lang='lat' dir='ltr'><strong>divinitatis</strong></span> <span class='ocrx_word' id='word_1_498' title='bbox 499 3318 515 3344; x_wconf 95' lang='lat'><strong>,</strong></span> <span class='ocrx_word' id='word_1_499' title='bbox 566 3276 916 3347; x_wconf 87' lang='lat' dir='ltr'><strong>temporalem</strong></span> <span class='ocrx_word' id='word_1_500' title='bbox 965 3278 1323 3335; x_wconf 89' lang='lat' dir='ltr'><strong>humanitatis</strong></span> <span class='ocrx_word' id='word_1_501' title='bbox 1381 3280 1765 3337; x_wconf 85' lang='lat' dir='ltr'><strong>substantiam.</strong></span> <span class='ocrx_word' id='word_1_502' title='bbox 1797 3260 1843 3325; x_wconf 71' lang='grc' dir='ltr'><strong>(ἶ</strong></span> <span class='ocrx_word' id='word_1_503' title='bbox 1873 3291 2017 3344; x_wconf 89' lang='lat' dir='ltr'><strong>mus,</strong></span> <span class='ocrx_word' id='word_1_504' title='bbox 2045 3294 2185 3335; x_wconf 90' lang='lat' dir='ltr'><strong>nova</strong></span> <span class='ocrx_word' id='word_1_505' title='bbox 2214 3296 2490 3351; x_wconf 89' lang='lat' dir='ltr'><strong>cavemus,</strong></span> <span class='ocrx_word' id='word_1_506' title='bbox 2517 3284 2655 3342; x_wconf 78' lang='lat' dir='ltr'><strong>falsa</strong></span> <span class='ocrx_word' id='word_1_507' title='bbox 2682 3282 3078 3348; x_wconf 87' lang='lat' dir='ltr'><strong>convincimus.</strong></span> <span class='ocrx_word' id='word_1_508' title='bbox 3096 3293 3252 3351; x_wconf 80' lang='lat' dir='ltr'><strong>Hinc</strong></span> <span class='ocrx_word' id='word_1_509' title='bbox 3280 3296 3335 3352; x_wconf 91' lang='lat' dir='ltr'><strong>in</strong></span> <span class='ocrx_word' id='word_1_510' title='bbox 3363 3260 3472 3354; x_wconf 61' lang='lat' dir='ltr'><strong>alio</strong></span> 
     </span>
    </p>
   </div>
   <div class='ocr_carea' id='block_1_33' title="bbox 188 3368 3471 3455">
    <p class='ocr_par' dir='ltr' id='par_1_33' title="bbox 188 3368 3471 3455">
     <span class='ocr_line' id='line_1_34' title="bbox 188 3368 3471 3455; baseline 0.007 -30"><span class='ocrx_word' id='word_1_511' title='bbox 188 3368 353 3428; x_wconf 83' lang='lat' dir='ltr'><strong>Homo</strong></span> <span class='ocrx_word' id='word_1_512' title='bbox 389 3370 642 3427; x_wconf 90' lang='lat' dir='ltr'><strong>transivit</strong></span> <span class='ocrx_word' id='word_1_513' title='bbox 680 3371 739 3427; x_wconf 91' lang='lat' dir='ltr'><strong>in</strong></span> <span class='ocrx_word' id='word_1_514' title='bbox 769 3370 963 3437; x_wconf 90' lang='lat' dir='ltr'><strong>Deum,</strong></span> <span class='ocrx_word' id='word_1_515' title='bbox 993 3385 1102 3427; x_wconf 92' lang='lat' dir='ltr'><strong>non</strong></span> <span class='ocrx_word' id='word_1_516' title='bbox 1142 3370 1500 3429; x_wconf 88' lang='lat' dir='ltr'><strong>versibilitate</strong></span> <span class='ocrx_word' id='word_1_517' title='bbox 1537 3382 1766 3441; x_wconf 68' lang='lat' dir='ltr'><strong>naturae,</strong></span> <span class='ocrx_word' id='word_1_518' title='bbox 1859 3369 2034 3439; x_wconf 72' lang='lat' dir='ltr'><strong>libro,</strong></span> <span class='ocrx_word' id='word_1_519' title='bbox 2062 3388 2226 3444; x_wconf 89' lang='lat' dir='ltr'><strong>quem</strong></span> <span class='ocrx_word' id='word_1_520' title='bbox 2251 3391 2319 3431; x_wconf 90' lang='lat' dir='ltr'><strong>ex</strong></span> <span class='ocrx_word' id='word_1_521' title='bbox 2350 3377 2683 3436; x_wconf 85' lang='lat' dir='ltr'><strong>authenticis</strong></span> <span class='ocrx_word' id='word_1_522' title='bbox 2718 3383 3029 3455; x_wconf 84' lang='lat' dir='ltr'><strong>scripturis,</strong></span> <span class='ocrx_word' id='word_1_523' title='bbox 3057 3394 3114 3442; x_wconf 91' lang='lat' dir='ltr'><strong>et</strong></span> <span class='ocrx_word' id='word_1_524' title='bbox 3137 3389 3471 3447; x_wconf 80' lang='lat' dir='ltr'><strong>orthodoxo—</strong></span> 
     </span>
    </p>
   </div>
   <div class='ocr_carea' id='block_1_34' title="bbox 185 3462 3469 3550">
    <p class='ocr_par' dir='ltr' id='par_1_34' title="bbox 185 3462 3469 3550">
     <span class='ocr_line' id='line_1_35' title="bbox 185 3462 3469 3550; baseline 0.006 -32"><span class='ocrx_word' id='word_1_525' title='bbox 185 3462 278 3518; x_wconf 80' lang='lat' dir='ltr'><strong>sed</strong></span> <span class='ocrx_word' id='word_1_526' title='bbox 304 3470 524 3533; x_wconf 87' lang='lat' dir='ltr'><strong>propter</strong></span> <span class='ocrx_word' id='word_1_527' title='bbox 550 3462 746 3519; x_wconf 69' lang='lat' dir='ltr'><strong>divina:</strong></span> <span class='ocrx_word' id='word_1_528' title='bbox 774 3462 1042 3520; x_wconf 91' lang='lat' dir='ltr'><strong>unitatem</strong></span> <span class='ocrx_word' id='word_1_529' title='bbox 1069 3478 1343 3535; x_wconf 82' lang='lat' dir='ltr'><strong>personae,</strong></span> <span class='ocrx_word' id='word_1_530' title='bbox 1377 3478 1448 3521; x_wconf 90' lang='lat' dir='ltr'><strong>ne</strong></span> <span class='ocrx_word' id='word_1_531' title='bbox 1483 3464 1540 3520; x_wconf 91' lang='lat' dir='ltr'><strong>in</strong></span> <span class='ocrx_word' id='word_1_532' title='bbox 1578 3472 1769 3523; x_wconf 89' lang='lat' dir='ltr'><strong>sancta</strong></span> <span class='ocrx_word' id='word_1_533' title='bbox 1871 3476 1995 3518; x_wconf 87' lang='lat' dir='ltr'><strong>rum</strong></span> <span class='ocrx_word' id='word_1_534' title='bbox 2041 3462 2218 3531; x_wconf 90' lang='lat' dir='ltr'><strong>dictis,</strong></span> <span class='ocrx_word' id='word_1_535' title='bbox 2271 3477 2462 3525; x_wconf 87' lang='lat' dir='ltr'><strong>contra</strong></span> <span class='ocrx_word' id='word_1_536' title='bbox 2508 3469 2626 3540; x_wconf 88' lang='lat' dir='ltr'><strong>ejus</strong></span> <span class='ocrx_word' id='word_1_537' title='bbox 2662 3482 2720 3529; x_wconf 89' lang='lat' dir='ltr'><strong>et</strong></span> <span class='ocrx_word' id='word_1_538' title='bbox 2749 3475 3077 3547; x_wconf 84' lang='lat' dir='ltr'><strong>complicum</strong></span> <span class='ocrx_word' id='word_1_539' title='bbox 3121 3479 3294 3550; x_wconf 80' lang='lat' dir='ltr'><strong>ipsius</strong></span> <span class='ocrx_word' id='word_1_540' title='bbox 3323 3483 3469 3540; x_wconf 85' lang='lat' dir='ltr'><strong>dicta</strong></span> 
     </span>
    </p>
   </div>
   <div class='ocr_carea' id='block_1_35' title="bbox 186 3553 3475 3635">
    <p class='ocr_par' dir='ltr' id='par_1_35' title="bbox 186 3553 3475 3635">
     <span class='ocr_line' id='line_1_36' title="bbox 186 3553 3475 3635; baseline 0.008 -27"><span class='ocrx_word' id='word_1_541' title='bbox 186 3553 448 3611; x_wconf 88' lang='lat' dir='ltr'><strong>Trinitate</strong></span> <span class='ocrx_word' id='word_1_542' title='bbox 482 3555 821 3626; x_wconf 88' lang='lat' dir='ltr'><strong>quaternitas</strong></span> <span class='ocrx_word' id='word_1_543' title='bbox 848 3566 1019 3625; x_wconf 89' lang='lat' dir='ltr'><strong>esset,</strong></span> <span class='ocrx_word' id='word_1_544' title='bbox 1049 3572 1160 3614; x_wconf 92' lang='lat' dir='ltr'><strong>non</strong></span> <span class='ocrx_word' id='word_1_545' title='bbox 1191 3557 1607 3632; x_wconf 18' lang='lat' dir='ltr'><strong>trinitas.,Ecce</strong></span> <span class='ocrx_word' id='word_1_546' title='bbox 1635 3575 1769 3631; x_wconf 86' lang='lat' dir='ltr'><strong>quo-</strong></span> <span class='ocrx_word' id='word_1_547' title='bbox 1869 3572 2127 3628; x_wconf 88' lang='lat' dir='ltr'><strong>perversa</strong></span> <span class='ocrx_word' id='word_1_548' title='bbox 2161 3561 2501 3635; x_wconf 80' lang='lat' dir='ltr'><strong>collegimus,</strong></span> <span class='ocrx_word' id='word_1_549' title='bbox 2534 3579 2658 3623; x_wconf 89' lang='lat' dir='ltr'><strong>eum</strong></span> <span class='ocrx_word' id='word_1_550' title='bbox 2699 3567 2895 3625; x_wconf 80' lang='lat' dir='ltr'><strong>falsum</strong></span> <span class='ocrx_word' id='word_1_551' title='bbox 2935 3572 3147 3630; x_wconf 83' lang='lat' dir='ltr'><strong>dixisse</strong></span> <span class='ocrx_word' id='word_1_552' title='bbox 3174 3576 3475 3633; x_wconf 54' lang='lat' dir='ltr'><strong>convinci-v</strong></span> 
     </span>
    </p>
   </div>
   <div class='ocr_carea' id='block_1_36' title="bbox 138 3647 3481 3733">
    <p class='ocr_par' dir='ltr' id='par_1_36' title="bbox 138 3647 3481 3733">
     <span class='ocr_line' id='line_1_37' title="bbox 138 3647 3481 3733; baseline 0.006 -29"><span class='ocrx_word' id='word_1_553' title='bbox 138 3680 146 3691; x_wconf 59' lang='grc' dir='ltr'><strong>κ</strong></span> <span class='ocrx_word' id='word_1_554' title='bbox 186 3647 339 3704; x_wconf 71' lang='lat' dir='ltr'><strong>modo</strong></span> <span class='ocrx_word' id='word_1_555' title='bbox 382 3650 674 3705; x_wconf 89' lang='lat' dir='ltr'><strong>ostendunt</strong></span> <span class='ocrx_word' id='word_1_556' title='bbox 716 3649 968 3706; x_wconf 89' lang='lat' dir='ltr'><strong>catholici</strong></span> <span class='ocrx_word' id='word_1_557' title='bbox 1015 3650 1303 3707; x_wconf 89' lang='lat' dir='ltr'><strong>mentitum</strong></span> <span class='ocrx_word' id='word_1_558' title='bbox 1347 3651 1516 3708; x_wconf 81' lang='lat' dir='ltr'><strong>fuisse</strong></span> <span class='ocrx_word' id='word_1_559' title='bbox 1561 3651 1766 3709; x_wconf 87' lang='lat' dir='ltr'><strong>Gothe-</strong></span> <span class='ocrx_word' id='word_1_560' title='bbox 1868 3666 2011 3718; x_wconf 92' lang='lat' dir='ltr'><strong>mus,</strong></span> <span class='ocrx_word' id='word_1_561' title='bbox 2043 3653 2189 3723; x_wconf 92' lang='lat' dir='ltr'><strong>quod</strong></span> <span class='ocrx_word' id='word_1_562' title='bbox 2212 3662 2268 3710; x_wconf 88' lang='lat' dir='ltr'><strong>et</strong></span> <span class='ocrx_word' id='word_1_563' title='bbox 2296 3657 2506 3713; x_wconf 90' lang='lat' dir='ltr'><strong>cunctis</strong></span> <span class='ocrx_word' id='word_1_564' title='bbox 2531 3659 2871 3729; x_wconf 86' lang='lat' dir='ltr'><strong>sapientibus</strong></span> <span class='ocrx_word' id='word_1_565' title='bbox 2898 3671 3063 3733; x_wconf 77' lang='lat' dir='ltr'><strong>patet.</strong></span> <span class='ocrx_word' id='word_1_566' title='bbox 3096 3664 3175 3721; x_wconf 91' lang='lat' dir='ltr'><strong>De</strong></span> <span class='ocrx_word' id='word_1_567' title='bbox 3200 3666 3306 3723; x_wconf 76' lang='lat' dir='ltr'><strong>hoc</strong></span> <span class='ocrx_word' id='word_1_568' title='bbox 3332 3682 3481 3729; x_wconf 77' lang='lat' dir='ltr'><strong>vero.</strong></span> 
     </span>
    </p>
   </div>
   <div class='ocr_carea' id='block_1_37' title="bbox 201 3740 3461 3832">
    <p class='ocr_par' dir='ltr' id='par_1_37' title="bbox 201 3740 3461 3832">
     <span class='ocr_line' id='line_1_38' title="bbox 201 3740 3461 3832; baseline 0.007 -36"><span class='ocrx_word' id='word_1_569' title='bbox 201 3741 417 3797; x_wconf 66' lang='lat' dir='ltr'><strong>ionicum</strong></span> <span class='ocrx_word' id='word_1_570' title='bbox 440 3740 776 3810; x_wconf 60' lang='lat' dir='ltr'><strong>haereticum,</strong></span> <span class='ocrx_word' id='word_1_571' title='bbox 808 3743 935 3813; x_wconf 89' lang='lat' dir='ltr'><strong>quia</strong></span> <span class='ocrx_word' id='word_1_572' title='bbox 970 3758 1079 3799; x_wconf 92' lang='lat' dir='ltr'><strong>non</strong></span> <span class='ocrx_word' id='word_1_573' title='bbox 1104 3744 1180 3799; x_wconf 87' lang='lat' dir='ltr'><strong>ita</strong></span> <span class='ocrx_word' id='word_1_574' title='bbox 1204 3751 1266 3799; x_wconf 94' lang='lat' dir='ltr'><strong>ut</strong></span> <span class='ocrx_word' id='word_1_575' title='bbox 1291 3743 1409 3815; x_wconf 90' lang='lat' dir='ltr'><strong>ipse</strong></span> <span class='ocrx_word' id='word_1_576' title='bbox 1435 3743 1595 3809; x_wconf 80' lang='lat' dir='ltr'><strong>dixit,</strong></span> <span class='ocrx_word' id='word_1_577' title='bbox 1627 3743 1768 3801; x_wconf 89' lang='lat' dir='ltr'><strong>inest</strong></span> <span class='ocrx_word' id='word_1_578' title='bbox 1869 3744 2015 3813; x_wconf 91' lang='lat' dir='ltr'><strong>quod</strong></span> <span class='ocrx_word' id='word_1_579' title='bbox 2049 3745 2185 3802; x_wconf 92' lang='lat' dir='ltr'><strong>dicit</strong></span> <span class='ocrx_word' id='word_1_580' title='bbox 2212 3748 2341 3819; x_wconf 89' lang='lat' dir='ltr'><strong>quia</strong></span> <span class='ocrx_word' id='word_1_581' title='bbox 2378 3750 2521 3806; x_wconf 91' lang='lat' dir='ltr'><strong>trina</strong></span> <span class='ocrx_word' id='word_1_582' title='bbox 2558 3753 2759 3810; x_wconf 87' lang='lat' dir='ltr'><strong>mersio</strong></span> <span class='ocrx_word' id='word_1_583' title='bbox 2787 3763 2845 3811; x_wconf 92' lang='lat' dir='ltr'><strong>et</strong></span> <span class='ocrx_word' id='word_1_584' title='bbox 2864 3757 3074 3814; x_wconf 74' lang='lat' dir='ltr'><strong>trinum</strong></span> <span class='ocrx_word' id='word_1_585' title='bbox 3104 3760 3461 3832; x_wconf 81' lang='lat' dir='ltr'><strong>baptismum,</strong></span> 
     </span>
    </p>
   </div>
   <div class='ocr_carea' id='block_1_38' title="bbox 199 3831 3468 3919">
    <p class='ocr_par' dir='ltr' id='par_1_38' title="bbox 199 3831 3468 3919">
     <span class='ocr_line' id='line_1_39' title="bbox 199 3831 3468 3919; baseline 0.009 -34"><span class='ocrx_word' id='word_1_586' title='bbox 199 3831 467 3902; x_wconf 80' lang='lat' dir='ltr'><strong>unicuique</strong></span> <span class='ocrx_word' id='word_1_587' title='bbox 486 3846 733 3903; x_wconf 66' lang='lat' dir='ltr'><strong>personae</strong></span> <span class='ocrx_word' id='word_1_588' title='bbox 759 3833 813 3889; x_wconf 89' lang='lat' dir='ltr'><strong>in</strong></span> <span class='ocrx_word' id='word_1_589' title='bbox 838 3842 1026 3891; x_wconf 89' lang='lat' dir='ltr'><strong>sancta</strong></span> <span class='ocrx_word' id='word_1_590' title='bbox 1052 3833 1322 3891; x_wconf 88' lang='lat' dir='ltr'><strong>Trinitate</strong></span> <span class='ocrx_word' id='word_1_591' title='bbox 1345 3835 1564 3908; x_wconf 89' lang='lat' dir='ltr'><strong>propria</strong></span> <span class='ocrx_word' id='word_1_592' title='bbox 1594 3835 1767 3891; x_wconf 90' lang='lat' dir='ltr'><strong>deitas</strong></span> <span class='ocrx_word' id='word_1_593' title='bbox 1868 3834 1923 3890; x_wconf 91' lang='lat' dir='ltr'><strong>id</strong></span> <span class='ocrx_word' id='word_1_594' title='bbox 1950 3845 2035 3892; x_wconf 88' lang='lat' dir='ltr'><strong>est</strong></span> <span class='ocrx_word' id='word_1_595' title='bbox 2068 3838 2212 3894; x_wconf 91' lang='lat' dir='ltr'><strong>trina</strong></span> <span class='ocrx_word' id='word_1_596' title='bbox 2243 3840 2459 3910; x_wconf 89' lang='lat' dir='ltr'><strong>tinctio,</strong></span> <span class='ocrx_word' id='word_1_597' title='bbox 2490 3858 2600 3900; x_wconf 90' lang='lat' dir='ltr'><strong>non</strong></span> <span class='ocrx_word' id='word_1_598' title='bbox 2630 3854 2776 3913; x_wconf 90' lang='lat' dir='ltr'><strong>sunt,</strong></span> <span class='ocrx_word' id='word_1_599' title='bbox 2810 3849 2955 3917; x_wconf 76' lang='lat' dir='ltr'><strong>quod</strong></span> <span class='ocrx_word' id='word_1_600' title='bbox 2993 3850 3165 3919; x_wconf 67' lang='lat' dir='ltr'><strong>absit,</strong></span> <span class='ocrx_word' id='word_1_601' title='bbox 3179 3831 3295 3911; x_wconf 80' lang='lat' dir='ltr'><strong>tres</strong></span> <span class='ocrx_word' id='word_1_602' title='bbox 3318 3868 3468 3913; x_wconf 74' lang='lat' dir='ltr'><strong>men-</strong></span> 
     </span>
    </p>
   </div>
   <div class='ocr_carea' id='block_1_39' title="bbox 195 3919 3477 4012">
    <p class='ocr_par' dir='ltr' id='par_1_39' title="bbox 195 3919 3477 4012">
     <span class='ocr_line' id='line_1_40' title="bbox 195 3919 3477 4012; baseline 0.007 -36"><span class='ocrx_word' id='word_1_603' title='bbox 195 3932 343 3994; x_wconf 85' lang='lat' dir='ltr'><strong>atque</strong></span> <span class='ocrx_word' id='word_1_604' title='bbox 384 3922 664 3990; x_wconf 87' lang='lat' dir='ltr'><strong>divinitas,</strong></span> <span class='ocrx_word' id='word_1_605' title='bbox 704 3924 800 3980; x_wconf 91' lang='lat' dir='ltr'><strong>sed</strong></span> <span class='ocrx_word' id='word_1_606' title='bbox 842 3924 1003 3981; x_wconf 85' lang='lat' dir='ltr'><strong>unius</strong></span> <span class='ocrx_word' id='word_1_607' title='bbox 1051 3922 1402 3996; x_wconf 89' lang='lat' dir='ltr'><strong>ejusdemque</strong></span> <span class='ocrx_word' id='word_1_608' title='bbox 1445 3925 1766 3982; x_wconf 75' lang='lat' dir='ltr'><strong>substantiae</strong></span> <span class='ocrx_word' id='word_1_609' title='bbox 1868 3924 2050 3983; x_wconf 88' lang='lat' dir='ltr'><strong>siones</strong></span> <span class='ocrx_word' id='word_1_610' title='bbox 2075 3934 2131 3983; x_wconf 91' lang='lat' dir='ltr'><strong>et</strong></span> <span class='ocrx_word' id='word_1_611' title='bbox 2154 3935 2270 3985; x_wconf 88' lang='lat' dir='ltr'><strong>tres</strong></span> <span class='ocrx_word' id='word_1_612' title='bbox 2308 3930 2622 3999; x_wconf 90' lang='lat' dir='ltr'><strong>tinctiones,</strong></span> <span class='ocrx_word' id='word_1_613' title='bbox 2651 3919 2706 3991; x_wconf 86' lang='lat' dir='ltr'><strong>id</strong></span> <span class='ocrx_word' id='word_1_614' title='bbox 2734 3944 2823 3992; x_wconf 90' lang='lat' dir='ltr'><strong>est</strong></span> <span class='ocrx_word' id='word_1_615' title='bbox 2857 3939 2962 3995; x_wconf 84' lang='lat' dir='ltr'><strong>tria</strong></span> <span class='ocrx_word' id='word_1_616' title='bbox 2987 3940 3337 4012; x_wconf 85' lang='lat' dir='ltr'><strong>baptismata,</strong></span> 
     </span>
    </p>
   </div>
   <div class='ocr_carea' id='block_1_40' title="bbox 194 4012 3476 4115">
    <p class='ocr_par' dir='ltr' id='par_1_40' title="bbox 194 4012 3476 4115">
     <span class='ocr_line' id='line_1_41' title="bbox 194 4012 3476 4115; baseline 0.005 -42"><span class='ocrx_word' id='word_1_617' title='bbox 194 4017 394 4073; x_wconf 86' lang='lat' dir='ltr'><strong>deitatis</strong></span> <span class='ocrx_word' id='word_1_618' title='bbox 416 4024 581 4087; x_wconf 88' lang='lat' dir='ltr'><strong>atque</strong></span> <span class='ocrx_word' id='word_1_619' title='bbox 607 4016 927 4084; x_wconf 89' lang='lat' dir='ltr'><strong>divinitatis,</strong></span> <span class='ocrx_word' id='word_1_620' title='bbox 954 4017 1011 4074; x_wconf 88' lang='lat' dir='ltr'><strong>id</strong></span> <span class='ocrx_word' id='word_1_621' title='bbox 1037 4026 1123 4075; x_wconf 87' lang='lat' dir='ltr'><strong>est</strong></span> <span class='ocrx_word' id='word_1_622' title='bbox 1147 4025 1358 4074; x_wconf 60' lang='lat' dir='ltr'><strong>natura;</strong></span> <span class='ocrx_word' id='word_1_623' title='bbox 1376 4018 1460 4073; x_wconf 88' lang='lat' dir='ltr'><strong>vel</strong></span> <span class='ocrx_word' id='word_1_624' title='bbox 1489 4018 1760 4085; x_wconf 83' lang='lat' dir='ltr'><strong>essentiae,</strong></span> <span class='ocrx_word' id='word_1_625' title='bbox 1865 4035 1977 4075; x_wconf 87' lang='lat' dir='ltr'><strong>una</strong></span> <span class='ocrx_word' id='word_1_626' title='bbox 2018 4027 2106 4076; x_wconf 91' lang='lat' dir='ltr'><strong>est</strong></span> <span class='ocrx_word' id='word_1_627' title='bbox 2143 4022 2475 4093; x_wconf 75' lang='lat' dir='ltr'><strong>generaliter</strong></span> <span class='ocrx_word' id='word_1_628' title='bbox 2517 4027 2722 4083; x_wconf 85' lang='lat' dir='ltr'><strong>mersio</strong></span> <span class='ocrx_word' id='word_1_629' title='bbox 2762 4038 2833 4084; x_wconf 33' lang='lat' dir='ltr'><strong>et.</strong></span> <span class='ocrx_word' id='word_1_630' title='bbox 2861 4012 2969 4087; x_wconf 76' lang='lat' dir='ltr'><strong>una</strong></span> <span class='ocrx_word' id='word_1_631' title='bbox 3017 4033 3229 4102; x_wconf 89' lang='lat' dir='ltr'><strong>tinctio,</strong></span> <span class='ocrx_word' id='word_1_632' title='bbox 3277 4036 3333 4099; x_wconf 83' lang='lat' dir='ltr'><strong>id</strong></span> <span class='ocrx_word' id='word_1_633' title='bbox 3366 4048 3476 4115; x_wconf 69' lang='lat' dir='ltr'><strong>est</strong></span> 
     </span>
    </p>
   </div>
   <div class='ocr_carea' id='block_1_41' title="bbox 191 4109 3479 4196">
    <p class='ocr_par' dir='ltr' id='par_1_41' title="bbox 191 4109 3479 4196">
     <span class='ocr_line' id='line_1_42' title="bbox 191 4109 3479 4196; baseline 0.006 -31"><span class='ocrx_word' id='word_1_634' title='bbox 191 4118 302 4166; x_wconf 82' lang='lat' dir='ltr'><strong>sunt</strong></span> <span class='ocrx_word' id='word_1_635' title='bbox 337 4116 450 4166; x_wconf 90' lang='lat' dir='ltr'><strong>tres</strong></span> <span class='ocrx_word' id='word_1_636' title='bbox 487 4109 545 4166; x_wconf 89' lang='lat' dir='ltr'><strong>in</strong></span> <span class='ocrx_word' id='word_1_637' title='bbox 573 4118 760 4168; x_wconf 89' lang='lat' dir='ltr'><strong>sancta</strong></span> <span class='ocrx_word' id='word_1_638' title='bbox 786 4110 1054 4167; x_wconf 88' lang='lat' dir='ltr'><strong>Trinitate</strong></span> <span class='ocrx_word' id='word_1_639' title='bbox 1092 4126 1372 4183; x_wconf 71' lang='lat' dir='ltr'><strong>personze;</strong></span> <span class='ocrx_word' id='word_1_640' title='bbox 1425 4112 1683 4183; x_wconf 68' lang='lat' dir='ltr'><strong>quoniam</strong></span> <span class='ocrx_word' id='word_1_641' title='bbox 1714 4112 1762 4169; x_wconf 90' lang='lat' dir='ltr'><strong>si</strong></span> <span class='ocrx_word' id='word_1_642' title='bbox 1863 4127 2034 4168; x_wconf 88' lang='lat' dir='ltr'><strong>unum</strong></span> <span class='ocrx_word' id='word_1_643' title='bbox 2085 4112 2380 4185; x_wconf 90' lang='lat' dir='ltr'><strong>baptisma,</strong></span> <span class='ocrx_word' id='word_1_644' title='bbox 2428 4116 2643 4193; x_wconf 69' lang='lat' dir='ltr'><strong>dicent.</strong></span> <span class='ocrx_word' id='word_1_645' title='bbox 2668 4120 2929 4190; x_wconf 77' lang='lat' dir='ltr'><strong>Apostcio</strong></span> <span class='ocrx_word' id='word_1_646' title='bbox 2957 4143 2972 4178; x_wconf 91' lang='lat'><strong>:</strong></span> <span class='ocrx_word' id='word_1_647' title='bbox 3000 4122 3148 4187; x_wconf 81' lang='lat' dir='ltr'><strong>Unus</strong></span> <span class='ocrx_word' id='word_1_648' title='bbox 3179 4109 3479 4196; x_wconf 72' lang='lat' dir='ltr'><strong>Dominus,</strong></span> 
     </span>
    </p>
   </div>
   <div class='ocr_carea' id='block_1_42' title="bbox 190 4201 3479 4291">
    <p class='ocr_par' dir='ltr' id='par_1_42' title="bbox 190 4201 3479 4291">
     <span class='ocr_line' id='line_1_43' title="bbox 190 4201 3479 4291; baseline 0.007 -33"><span class='ocrx_word' id='word_1_649' title='bbox 190 4201 470 4275; x_wconf 83' lang='lat' dir='ltr'><strong>unicuique</strong></span> <span class='ocrx_word' id='word_1_650' title='bbox 495 4202 553 4258; x_wconf 90' lang='lat' dir='ltr'><strong>in</strong></span> <span class='ocrx_word' id='word_1_651' title='bbox 580 4212 773 4261; x_wconf 85' lang='lat' dir='ltr'><strong>sancta</strong></span> <span class='ocrx_word' id='word_1_652' title='bbox 803 4204 1073 4260; x_wconf 88' lang='lat' dir='ltr'><strong>Trinitate</strong></span> <span class='ocrx_word' id='word_1_653' title='bbox 1104 4220 1352 4276; x_wconf 72' lang='lat' dir='ltr'><strong>persona:</strong></span> <span class='ocrx_word' id='word_1_654' title='bbox 1388 4220 1485 4261; x_wconf 90' lang='lat' dir='ltr'><strong>sua</strong></span> <span class='ocrx_word' id='word_1_655' title='bbox 1516 4205 1759 4276; x_wconf 90' lang='lat' dir='ltr'><strong>propria,</strong></span> <span class='ocrx_word' id='word_1_656' title='bbox 1863 4220 1974 4259; x_wconf 87' lang='lat' dir='ltr'><strong>una</strong></span> <span class='ocrx_word' id='word_1_657' title='bbox 2000 4204 2156 4275; x_wconf 84' lang='lat' dir='ltr'><strong>ﬁdes,</strong></span> <span class='ocrx_word' id='word_1_658' title='bbox 2203 4222 2369 4262; x_wconf 88' lang='lat' dir='ltr'><strong>unum</strong></span> <span class='ocrx_word' id='word_1_659' title='bbox 2413 4209 2671 4280; x_wconf 79' lang='lat' dir='ltr'><strong>baptisma</strong></span> <span class='ocrx_word' id='word_1_660' title='bbox 2714 4213 2932 4286; x_wconf 77' lang='lat' dir='ltr'><strong>(-Epltes.</strong></span> <span class='ocrx_word' id='word_1_661' title='bbox 2961 4227 3035 4284; x_wconf 81' lang='lat' dir='ltr'><strong>tv,</strong></span> <span class='ocrx_word' id='word_1_662' title='bbox 3067 4216 3153 4291; x_wconf 64' lang='lat'><strong>5);</strong></span> <span class='ocrx_word' id='word_1_663' title='bbox 3184 4220 3334 4279; x_wconf 78' lang='lat' dir='ltr'><strong>dicat</strong></span> <span class='ocrx_word' id='word_1_664' title='bbox 3377 4210 3479 4280; x_wconf 21' lang='lat' dir='ltr'><strong>illi.</strong></span> 
     </span>
    </p>
   </div>
   <div class='ocr_carea' id='block_1_43' title="bbox 189 4293 3477 4384">
    <p class='ocr_par' dir='ltr' id='par_1_43' title="bbox 189 4293 3477 4384">
     <span class='ocr_line' id='line_1_44' title="bbox 189 4293 3477 4384; baseline 0.007 -36"><span class='ocrx_word' id='word_1_665' title='bbox 189 4293 233 4350; x_wconf 88' lang='lat' dir='ltr'><strong>id</strong></span> <span class='ocrx_word' id='word_1_666' title='bbox 259 4302 346 4352; x_wconf 83' lang='lat' dir='ltr'><strong>est</strong></span> <span class='ocrx_word' id='word_1_667' title='bbox 371 4294 626 4366; x_wconf 84' lang='lat' dir='ltr'><strong>specialis</strong></span> <span class='ocrx_word' id='word_1_668' title='bbox 667 4296 871 4353; x_wconf 90' lang='lat' dir='ltr'><strong>inesset</strong></span> <span class='ocrx_word' id='word_1_669' title='bbox 913 4297 1111 4363; x_wconf 90' lang='lat' dir='ltr'><strong>deitas,</strong></span> <span class='ocrx_word' id='word_1_670' title='bbox 1149 4298 1291 4354; x_wconf 89' lang='lat' dir='ltr'><strong>sicut</strong></span> <span class='ocrx_word' id='word_1_671' title='bbox 1322 4298 1673 4370; x_wconf 82' lang='lat' dir='ltr'><strong>praediximus</strong></span> <span class='ocrx_word' id='word_1_672' title='bbox 1705 4307 1762 4355; x_wconf 89' lang='lat' dir='ltr'><strong>et</strong></span> <span class='ocrx_word' id='word_1_673' title='bbox 1864 4294 2000 4352; x_wconf 90' lang='lat' dir='ltr'><strong>ﬁdes</strong></span> <span class='ocrx_word' id='word_1_674' title='bbox 2027 4295 2293 4354; x_wconf 87' lang='lat' dir='ltr'><strong>catholica</strong></span> <span class='ocrx_word' id='word_1_675' title='bbox 2321 4295 2457 4355; x_wconf 56' lang='lat' dir='ltr'><strong>:«Ex</strong></span> <span class='ocrx_word' id='word_1_676' title='bbox 2492 4312 2714 4360; x_wconf 61' lang='lat' dir='ltr'><strong>070th“)</strong></span> <span class='ocrx_word' id='word_1_677' title='bbox 2738 4314 2802 4361; x_wconf 28' lang='lat' dir='ltr'><strong>tte</strong></span> <span class='ocrx_word' id='word_1_678' title='bbox 2820 4306 3207 4378; x_wconf 52' lang='lat' dir='ltr'><strong>judico,sz</strong></span> <span class='ocrx_word' id='word_1_679' title='bbox 3231 4323 3477 4384; x_wconf 45' lang='lat' dir='ltr'><strong>nequam.</strong></span> 
     </span>
    </p>
   </div>
   <div class='ocr_carea' id='block_1_44' title="bbox 185 4386 3460 4467">
    <p class='ocr_par' dir='ltr' id='par_1_44' title="bbox 185 4386 3460 4467">
     <span class='ocr_line' id='line_1_45' title="bbox 185 4386 3460 4467; baseline 0.008 -27"><span class='ocrx_word' id='word_1_680' title='bbox 185 4400 385 4457; x_wconf 83' lang='lat' dir='ltr'><strong>semper</strong></span> <span class='ocrx_word' id='word_1_681' title='bbox 419 4386 843 4444; x_wconf 85' lang='lat' dir='ltr'><strong>contradicendo</strong></span> <span class='ocrx_word' id='word_1_682' title='bbox 872 4388 1144 4444; x_wconf 78' lang='lat' dir='ltr'><strong>haereticis</strong></span> <span class='ocrx_word' id='word_1_683' title='bbox 1183 4389 1558 4446; x_wconf 84' lang='lat' dir='ltr'><strong>contradicere</strong></span> <span class='ocrx_word' id='word_1_684' title='bbox 1594 4388 1761 4446; x_wconf 90' lang='lat' dir='ltr'><strong>debe-</strong></span> <span class='ocrx_word' id='word_1_685' title='bbox 1864 4391 2018 4464; x_wconf 82' lang='lat' dir='ltr'><strong>(Luc.</strong></span> <span class='ocrx_word' id='word_1_686' title='bbox 2047 4408 2162 4462; x_wconf 69' lang='grc' dir='ltr'>ιιι,</span> <span class='ocrx_word' id='word_1_687' title='bbox 2190 4394 2307 4467; x_wconf 75' lang='lat'><strong>22).</strong></span> <span class='ocrx_word' id='word_1_688' title='bbox 2338 4393 2396 4451; x_wconf 88' lang='lat' dir='ltr'><strong>Si</strong></span> <span class='ocrx_word' id='word_1_689' title='bbox 2422 4396 2609 4455; x_wconf 74' lang='lat' dir='ltr'><strong>credis</strong></span> <span class='ocrx_word' id='word_1_690' title='bbox 2624 4407 2697 4455; x_wconf 64' lang='lat' dir='ltr'><strong>et:</strong></span> <span class='ocrx_word' id='word_1_691' title='bbox 2712 4399 2991 4459; x_wconf 88' lang='lat' dir='ltr'><strong>conﬁteris</strong></span> <span class='ocrx_word' id='word_1_692' title='bbox 3012 4408 3460 4467; x_wconf 75' lang='lat' dir='ltr'><strong>tres’mersiones</strong></span> 
     </span>
    </p>
   </div>
   <div class='ocr_carea' id='block_1_45' title="bbox 184 4481 3477 4575">
    <p class='ocr_par' dir='ltr' id='par_1_45' title="bbox 184 4481 3477 4575">
     <span class='ocr_line' id='line_1_46' title="bbox 184 4481 3477 4575; baseline 0.006 -41"><span class='ocrx_word' id='word_1_693' title='bbox 184 4494 314 4546; x_wconf 87' lang='lat' dir='ltr'><strong>mus,</strong></span> <span class='ocrx_word' id='word_1_694' title='bbox 365 4495 472 4534; x_wconf 92' lang='lat' dir='ltr'><strong>non</strong></span> <span class='ocrx_word' id='word_1_695' title='bbox 516 4490 664 4538; x_wconf 89' lang='lat' dir='ltr'><strong>esset</strong></span> <span class='ocrx_word' id='word_1_696' title='bbox 710 4481 988 4538; x_wconf 83' lang='lat' dir='ltr'><strong>individua</strong></span> <span class='ocrx_word' id='word_1_697' title='bbox 1033 4490 1090 4539; x_wconf 92' lang='lat' dir='ltr'><strong>et</strong></span> <span class='ocrx_word' id='word_1_698' title='bbox 1140 4482 1521 4555; x_wconf 89' lang='lat' dir='ltr'><strong>inseparabilis</strong></span> <span class='ocrx_word' id='word_1_699' title='bbox 1566 4491 1759 4540; x_wconf 90' lang='lat' dir='ltr'><strong>sancta</strong></span> <span class='ocrx_word' id='word_1_700' title='bbox 1842 4484 1917 4575; x_wconf 26' lang='lat' dir='ltr'><strong>vin</strong></span> <span class='ocrx_word' id='word_1_701' title='bbox 1950 4488 2171 4543; x_wconf 86' lang='lat' dir='ltr'><strong>nomine</strong></span> <span class='ocrx_word' id='word_1_702' title='bbox 2199 4489 3163 4555; x_wconf 47' lang='lat' dir='ltr'><strong>sanctae‘Triditatis-Patris&#39;et‘Filii</strong></span> <span class='ocrx_word' id='word_1_703' title='bbox 3196 4509 3253 4557; x_wconf 84' lang='lat' dir='ltr'><strong>et</strong></span> <span class='ocrx_word' id='word_1_704' title='bbox 3279 4501 3477 4575; x_wconf 45' lang='lat' dir='ltr'><strong>Spiris.</strong></span> 
     </span>
    </p>
   </div>
   <div class='ocr_carea' id='block_1_46' title="bbox 183 4566 3473 4659">
    <p class='ocr_par' dir='ltr' id='par_1_46' title="bbox 183 4566 3473 4659">
     <span class='ocr_line' id='line_1_47' title="bbox 183 4566 3473 4659; baseline 0.008 -32"><span class='ocrx_word' id='word_1_705' title='bbox 183 4570 429 4636; x_wconf 86' lang='lat' dir='ltr'><strong>Trinitas,</strong></span> <span class='ocrx_word' id='word_1_706' title='bbox 460 4581 515 4627; x_wconf 93' lang='lat' dir='ltr'><strong>et</strong></span> <span class='ocrx_word' id='word_1_707' title='bbox 546 4580 655 4629; x_wconf 90' lang='lat' dir='ltr'><strong>tres</strong></span> <span class='ocrx_word' id='word_1_708' title='bbox 684 4572 757 4629; x_wconf 90' lang='lat' dir='ltr'><strong>dii</strong></span> <span class='ocrx_word' id='word_1_709' title='bbox 785 4584 1003 4641; x_wconf 90' lang='lat' dir='ltr'><strong>essent;</strong></span> <span class='ocrx_word' id='word_1_710' title='bbox 1046 4583 1101 4630; x_wconf 90' lang='lat' dir='ltr'><strong>et</strong></span> <span class='ocrx_word' id='word_1_711' title='bbox 1131 4591 1259 4641; x_wconf 93' lang='lat' dir='ltr'><strong>non,</strong></span> <span class='ocrx_word' id='word_1_712' title='bbox 1293 4575 1438 4632; x_wconf 91' lang='lat' dir='ltr'><strong>sicut</strong></span> <span class='ocrx_word' id='word_1_713' title='bbox 1463 4576 1607 4633; x_wconf 91' lang='lat' dir='ltr'><strong>idem</strong></span> <span class='ocrx_word' id='word_1_714' title='bbox 1637 4577 1759 4632; x_wconf 90' lang='lat' dir='ltr'><strong>imi-</strong></span> <span class='ocrx_word' id='word_1_715' title='bbox 1785 4566 1848 4659; x_wconf 56' lang='grc' dir='ltr'><strong>η’</strong></span> <span class='ocrx_word' id='word_1_716' title='bbox 1862 4583 1951 4631; x_wconf 87' lang='lat' dir='ltr'><strong>tus</strong></span> <span class='ocrx_word' id='word_1_717' title='bbox 1980 4577 2355 4637; x_wconf 82' lang='lat' dir='ltr'><strong>sancti-unum</strong></span> <span class='ocrx_word' id='word_1_718' title='bbox 2384 4583 2849 4656; x_wconf 77' lang='lat' dir='ltr'><strong>esse=.baptisma,</strong></span> <span class='ocrx_word' id='word_1_719' title='bbox 2877 4588 3009 4659; x_wconf 89' lang='lat' dir='ltr'><strong>quia</strong></span> <span class='ocrx_word' id='word_1_720' title='bbox 3035 4566 3473 4654; x_wconf 34' lang='lat' dir='ltr'><strong>unusest..Deus‘</strong></span> 
     </span>
    </p>
   </div>
   <div class='ocr_carea' id='block_1_47' title="bbox 181 4631 3460 4759">
    <p class='ocr_par' dir='ltr' id='par_1_47' title="bbox 181 4631 3460 4759">
     <span class='ocr_line' id='line_1_48' title="bbox 181 4631 3460 4759; baseline 0.008 -40"><span class='ocrx_word' id='word_1_721' title='bbox 181 4665 377 4720; x_wconf 77' lang='lat' dir='ltr'><strong>latione</strong></span> <span class='ocrx_word' id='word_1_722' title='bbox 406 4631 549 4720; x_wconf 72' lang='lat' dir='ltr'><strong>illius</strong></span> <span class='ocrx_word' id='word_1_723' title='bbox 581 4664 756 4736; x_wconf 88' lang='lat' dir='ltr'><strong>patris</strong></span> <span class='ocrx_word' id='word_1_724' title='bbox 796 4666 881 4721; x_wconf 89' lang='lat' dir='ltr'><strong>sui</strong></span> <span class='ocrx_word' id='word_1_725' title='bbox 923 4631 1145 4732; x_wconf 79' lang='lat' dir='ltr'><strong>diaboli,</strong></span> <span class='ocrx_word' id='word_1_726' title='bbox 1187 4631 1278 4736; x_wconf 79' lang='lat' dir='ltr'><strong>qui</strong></span> <span class='ocrx_word' id='word_1_727' title='bbox 1316 4674 1402 4723; x_wconf 91' lang='lat' dir='ltr'><strong>est</strong></span> <span class='ocrx_word' id='word_1_728' title='bbox 1440 4668 1667 4724; x_wconf 82' lang='lat' dir='ltr'><strong>mendax</strong></span> <span class='ocrx_word' id='word_1_729' title='bbox 1702 4676 1759 4724; x_wconf 90' lang='lat' dir='ltr'><strong>et</strong></span> <span class='ocrx_word' id='word_1_730' title='bbox 1782 4631 1839 4693; x_wconf 74' lang='grc' dir='ltr'><strong>Ι)</strong></span> <span class='ocrx_word' id='word_1_731' title='bbox 1862 4669 2027 4728; x_wconf 86' lang='lat' dir='ltr'><strong>Pater</strong></span> <span class='ocrx_word' id='word_1_732' title='bbox 2061 4681 2118 4729; x_wconf 90' lang='lat' dir='ltr'><strong>et</strong></span> <span class='ocrx_word' id='word_1_733' title='bbox 2148 4672 2322 4735; x_wconf 86' lang='lat' dir='ltr'><strong>Filius</strong></span> <span class='ocrx_word' id='word_1_734' title='bbox 2360 4631 2690 4748; x_wconf 59' lang='lat' dir='ltr'><strong>et&#39;Spirittrts</strong></span> <span class='ocrx_word' id='word_1_735' title='bbox 2727 4631 2969 4750; x_wconf 54' lang='lat' dir='ltr'><strong>sanctus,</strong></span> <span class='ocrx_word' id='word_1_736' title='bbox 3008 4685 3460 4759; x_wconf 65' lang='lat' dir='ltr'><strong>uniusgvidelicet</strong></span> 
     </span>
    </p>
   </div>
   <div class='ocr_carea' id='block_1_48' title="bbox 177 4757 3475 4850">
    <p class='ocr_par' dir='ltr' id='par_1_48' title="bbox 177 4757 3475 4850">
     <span class='ocr_line' id='line_1_49' title="bbox 177 4757 3475 4850; baseline 0.006 -36"><span class='ocrx_word' id='word_1_737' title='bbox 177 4766 323 4829; x_wconf 88' lang='lat' dir='ltr'><strong>pater</strong></span> <span class='ocrx_word' id='word_1_738' title='bbox 358 4757 652 4824; x_wconf 89' lang='lat' dir='ltr'><strong>mendacii,</strong></span> <span class='ocrx_word' id='word_1_739' title='bbox 699 4757 836 4815; x_wconf 82' lang='lat' dir='ltr'><strong>falso</strong></span> <span class='ocrx_word' id='word_1_740' title='bbox 881 4759 1033 4826; x_wconf 90' lang='lat' dir='ltr'><strong>dicit,</strong></span> <span class='ocrx_word' id='word_1_741' title='bbox 1083 4758 1198 4815; x_wconf 90' lang='lat' dir='ltr'><strong>sola</strong></span> <span class='ocrx_word' id='word_1_742' title='bbox 1244 4762 1619 4819; x_wconf 86' lang='lat' dir='ltr'><strong>tantummodo</strong></span> <span class='ocrx_word' id='word_1_743' title='bbox 1660 4760 1757 4818; x_wconf 90' lang='lat' dir='ltr'><strong>ﬁlii</strong></span> <span class='ocrx_word' id='word_1_744' title='bbox 1862 4764 2146 4833; x_wconf 65' lang='lat' dir='ltr'><strong>essentia),</strong></span> <span class='ocrx_word' id='word_1_745' title='bbox 2193 4766 2357 4824; x_wconf 90' lang='lat' dir='ltr'><strong>unius</strong></span> <span class='ocrx_word' id='word_1_746' title='bbox 2394 4767 2652 4835; x_wconf 34' lang='lat' dir='ltr'><strong>.deitatis,</strong></span> <span class='ocrx_word' id='word_1_747' title='bbox 2695 4771 2875 4829; x_wconf 90' lang='lat' dir='ltr'><strong>unius.</strong></span> <span class='ocrx_word' id='word_1_748' title='bbox 2901 4782 3142 4846; x_wconf 60' lang='lat' dir='ltr'><strong>natura,</strong></span> <span class='ocrx_word' id='word_1_749' title='bbox 3193 4757 3255 4834; x_wconf 88' lang='lat' dir='ltr'><strong>in</strong></span> <span class='ocrx_word' id='word_1_750' title='bbox 3300 4779 3475 4850; x_wconf 50' lang='lat' dir='ltr'><strong>cuius;</strong></span> 
     </span>
    </p>
   </div>
   <div class='ocr_carea' id='block_1_49' title="bbox 176 4852 3477 4935">
    <p class='ocr_par' dir='ltr' id='par_1_49' title="bbox 176 4852 3477 4935">
     <span class='ocr_line' id='line_1_50' title="bbox 176 4852 3477 4935; baseline 0.006 -27"><span class='ocrx_word' id='word_1_751' title='bbox 176 4853 342 4909; x_wconf 87' lang='lat' dir='ltr'><strong>deitas</strong></span> <span class='ocrx_word' id='word_1_752' title='bbox 370 4867 592 4909; x_wconf 88' lang='lat' dir='ltr'><strong>carnem</strong></span> <span class='ocrx_word' id='word_1_753' title='bbox 621 4852 935 4924; x_wconf 90' lang='lat' dir='ltr'><strong>assumpsit.</strong></span> <span class='ocrx_word' id='word_1_754' title='bbox 990 4853 1096 4911; x_wconf 88' lang='lat' dir='ltr'><strong>Sed</strong></span> <span class='ocrx_word' id='word_1_755' title='bbox 1127 4853 1241 4910; x_wconf 89' lang='lat' dir='ltr'><strong>sola</strong></span> <span class='ocrx_word' id='word_1_756' title='bbox 1267 4870 1498 4927; x_wconf 90' lang='lat' dir='ltr'><strong>persona</strong></span> <span class='ocrx_word' id='word_1_757' title='bbox 1525 4855 1641 4923; x_wconf 87' lang='lat' dir='ltr'><strong>ﬁlii,</strong></span> <span class='ocrx_word' id='word_1_758' title='bbox 1669 4856 1758 4911; x_wconf 91' lang='lat' dir='ltr'><strong>cui</strong></span> <span class='ocrx_word' id='word_1_759' title='bbox 1861 4855 2083 4911; x_wconf 91' lang='lat' dir='ltr'><strong>nomine</strong></span> <span class='ocrx_word' id='word_1_760' title='bbox 2142 4856 2414 4928; x_wconf 88' lang='lat' dir='ltr'><strong>baptisma</strong></span> <span class='ocrx_word' id='word_1_761' title='bbox 2466 4860 2793 4919; x_wconf 85' lang='lat' dir='ltr'><strong>catholicum</strong></span> <span class='ocrx_word' id='word_1_762' title='bbox 2818 4863 3185 4935; x_wconf 29' lang='lat' dir='ltr'><strong>‘rcelebratur,</strong></span> <span class='ocrx_word' id='word_1_763' title='bbox 3212 4878 3355 4926; x_wconf 53' lang='lat' dir='ltr'><strong>cur:</strong></span> 
     </span>
    </p>
   </div>
   <div class='ocr_carea' id='block_1_50' title="bbox 173 4945 3475 5029">
    <p class='ocr_par' dir='ltr' id='par_1_50' title="bbox 173 4945 3475 5029">
     <span class='ocr_line' id='line_1_51' title="bbox 173 4945 3475 5029; baseline 0.006 -31"><span class='ocrx_word' id='word_1_764' title='bbox 173 4945 444 5015; x_wconf 88' lang='lat' dir='ltr'><strong>proprium</strong></span> <span class='ocrx_word' id='word_1_765' title='bbox 483 4952 588 5011; x_wconf 89' lang='lat' dir='ltr'><strong>est,</strong></span> <span class='ocrx_word' id='word_1_766' title='bbox 629 4945 759 5017; x_wconf 88' lang='lat' dir='ltr'><strong>quia</strong></span> <span class='ocrx_word' id='word_1_767' title='bbox 799 4947 866 5002; x_wconf 91' lang='lat' dir='ltr'><strong>de</strong></span> <span class='ocrx_word' id='word_1_768' title='bbox 888 4946 1065 5002; x_wconf 88' lang='lat' dir='ltr'><strong>Patris</strong></span> <span class='ocrx_word' id='word_1_769' title='bbox 1111 4946 1413 5003; x_wconf 88' lang='lat' dir='ltr'><strong>substantia</strong></span> <span class='ocrx_word' id='word_1_770' title='bbox 1455 4958 1773 5005; x_wconf 81' lang='lat' dir='ltr'><strong>coaeternus</strong></span> <span class='ocrx_word' id='word_1_771' title='bbox 1860 4959 2054 5003; x_wconf 83' lang='lat' dir='ltr'><strong>excors</strong></span> <span class='ocrx_word' id='word_1_772' title='bbox 2094 4948 2306 5015; x_wconf 84' lang='lat' dir='ltr'><strong>existis,</strong></span> <span class='ocrx_word' id='word_1_773' title='bbox 2349 4952 2714 5008; x_wconf 76' lang='lat' dir='ltr'><strong>utunitatetn</strong></span> <span class='ocrx_word' id='word_1_774' title='bbox 2756 4954 2997 5025; x_wconf 71' lang='lat' dir='ltr'><strong>deitatis,</strong></span> <span class='ocrx_word' id='word_1_775' title='bbox 3039 4973 3153 5029; x_wconf 77' lang='lat' dir='ltr'><strong>qua</strong></span> <span class='ocrx_word' id='word_1_776' title='bbox 3192 4957 3361 5017; x_wconf 75' lang='lat' dir='ltr'><strong>Pater</strong></span> <span class='ocrx_word' id='word_1_777' title='bbox 3394 4971 3475 5021; x_wconf 71' lang='lat' dir='ltr'><strong>eti</strong></span> 
     </span>
    </p>
   </div>
   <div class='ocr_carea' id='block_1_51' title="bbox 176 5036 3467 5119">
    <p class='ocr_par' dir='ltr' id='par_1_51' title="bbox 176 5036 3467 5119">
     <span class='ocr_line' id='line_1_52' title="bbox 176 5036 3467 5119; baseline 0.006 -28"><span class='ocrx_word' id='word_1_778' title='bbox 176 5036 312 5093; x_wconf 88' lang='lat' dir='ltr'><strong>ﬁlius</strong></span> <span class='ocrx_word' id='word_1_779' title='bbox 337 5037 455 5094; x_wconf 81' lang='lat' dir='ltr'><strong>sine</strong></span> <span class='ocrx_word' id='word_1_780' title='bbox 481 5037 590 5094; x_wconf 92' lang='lat' dir='ltr'><strong>ullo</strong></span> <span class='ocrx_word' id='word_1_781' title='bbox 619 5037 775 5094; x_wconf 89' lang='lat' dir='ltr'><strong>initio</strong></span> <span class='ocrx_word' id='word_1_782' title='bbox 800 5047 961 5095; x_wconf 90' lang='lat' dir='ltr'><strong>natus</strong></span> <span class='ocrx_word' id='word_1_783' title='bbox 985 5046 1088 5102; x_wconf 87' lang='lat' dir='ltr'><strong>est,</strong></span> <span class='ocrx_word' id='word_1_784' title='bbox 1119 5047 1175 5095; x_wconf 93' lang='lat' dir='ltr'><strong>et</strong></span> <span class='ocrx_word' id='word_1_785' title='bbox 1203 5039 1364 5095; x_wconf 91' lang='lat' dir='ltr'><strong>unius</strong></span> <span class='ocrx_word' id='word_1_786' title='bbox 1406 5038 1756 5111; x_wconf 86' lang='lat' dir='ltr'><strong>ejusdemque</strong></span> <span class='ocrx_word' id='word_1_787' title='bbox 1858 5038 2039 5096; x_wconf 85' lang='lat' dir='ltr'><strong>Filius</strong></span> <span class='ocrx_word' id='word_1_788' title='bbox 2058 5049 2116 5097; x_wconf 89' lang='lat' dir='ltr'><strong>et</strong></span> <span class='ocrx_word' id='word_1_789' title='bbox 2156 5040 2397 5114; x_wconf 84' lang='lat' dir='ltr'><strong>Spiritus</strong></span> <span class='ocrx_word' id='word_1_790' title='bbox 2437 5054 2660 5104; x_wconf 86' lang='lat' dir='ltr'><strong>sanctus</strong></span> <span class='ocrx_word' id='word_1_791' title='bbox 2708 5065 2849 5106; x_wconf 84' lang='lat' dir='ltr'><strong>unus</strong></span> <span class='ocrx_word' id='word_1_792' title='bbox 2895 5059 2980 5107; x_wconf 82' lang='lat' dir='ltr'><strong>est</strong></span> <span class='ocrx_word' id='word_1_793' title='bbox 3021 5050 3207 5119; x_wconf 69' lang='lat' dir='ltr'><strong>Deus,-</strong></span> <span class='ocrx_word' id='word_1_794' title='bbox 3244 5053 3467 5118; x_wconf 59' lang='lat' dir='ltr'><strong>dividas</strong></span> 
     </span>
    </p>
   </div>
   <div class='ocr_carea' id='block_1_52' title="bbox 175 5130 3459 5215">
    <p class='ocr_par' dir='ltr' id='par_1_52' title="bbox 175 5130 3459 5215">
     <span class='ocr_line' id='line_1_53' title="bbox 175 5130 3459 5215; baseline 0.006 -30"><span class='ocrx_word' id='word_1_795' title='bbox 175 5130 503 5199; x_wconf 79' lang='lat' dir='ltr'><strong>substantiae,</strong></span> <span class='ocrx_word' id='word_1_796' title='bbox 529 5132 585 5189; x_wconf 88' lang='lat' dir='ltr'><strong>id</strong></span> <span class='ocrx_word' id='word_1_797' title='bbox 609 5141 694 5189; x_wconf 90' lang='lat' dir='ltr'><strong>est</strong></span> <span class='ocrx_word' id='word_1_798' title='bbox 718 5133 960 5201; x_wconf 88' lang='lat' dir='ltr'><strong>deitatis,</strong></span> <span class='ocrx_word' id='word_1_799' title='bbox 987 5151 1108 5206; x_wconf 81' lang='lat' dir='ltr'><strong>quae</strong></span> <span class='ocrx_word' id='word_1_800' title='bbox 1132 5143 1217 5191; x_wconf 89' lang='lat' dir='ltr'><strong>est</strong></span> <span class='ocrx_word' id='word_1_801' title='bbox 1243 5134 1423 5190; x_wconf 89' lang='lat' dir='ltr'><strong>unitas</strong></span> <span class='ocrx_word' id='word_1_802' title='bbox 1446 5135 1754 5203; x_wconf 77' lang='lat' dir='ltr'><strong>Trinitatis,</strong></span> <span class='ocrx_word' id='word_1_803' title='bbox 1862 5133 2081 5188; x_wconf 85' lang='lat' dir='ltr'><strong>trinam</strong></span> <span class='ocrx_word' id='word_1_804' title='bbox 2099 5148 2354 5192; x_wconf 81' lang='lat' dir='ltr'><strong>asserens</strong></span> <span class='ocrx_word' id='word_1_805' title='bbox 2379 5136 2658 5195; x_wconf 84' lang='lat' dir='ltr'><strong>deitatem.</strong></span> <span class='ocrx_word' id='word_1_806' title='bbox 2695 5140 2924 5213; x_wconf 44' lang='lat' dir='ltr'><strong>Etiquia&#39;</strong></span> <span class='ocrx_word' id='word_1_807' title='bbox 2946 5156 3100 5205; x_wconf 87' lang='lat' dir='ltr'><strong>more</strong></span> <span class='ocrx_word' id='word_1_808' title='bbox 3121 5143 3323 5204; x_wconf 81' lang='lat' dir='ltr'><strong>diaboli</strong></span> <span class='ocrx_word' id='word_1_809' title='bbox 3359 5160 3459 5215; x_wconf 47' lang='lat' dir='ltr'><strong>pas</strong></span> 
     </span>
    </p>
   </div>
   <div class='ocr_carea' id='block_1_53' title="bbox 179 5222 3456 5301">
    <p class='ocr_par' dir='ltr' id='par_1_53' title="bbox 179 5222 3456 5301">
     <span class='ocr_line' id='line_1_54' title="bbox 179 5222 3456 5301; baseline 0.004 -24"><span class='ocrx_word' id='word_1_810' title='bbox 179 5238 293 5278; x_wconf 90' lang='lat' dir='ltr'><strong>cum</strong></span> <span class='ocrx_word' id='word_1_811' title='bbox 317 5222 479 5279; x_wconf 86' lang='lat' dir='ltr'><strong>Patre</strong></span> <span class='ocrx_word' id='word_1_812' title='bbox 506 5233 564 5281; x_wconf 91' lang='lat' dir='ltr'><strong>et</strong></span> <span class='ocrx_word' id='word_1_813' title='bbox 589 5222 797 5296; x_wconf 88' lang='lat' dir='ltr'><strong>Spiritu</strong></span> <span class='ocrx_word' id='word_1_814' title='bbox 827 5233 1017 5282; x_wconf 89' lang='lat' dir='ltr'><strong>sancto</strong></span> <span class='ocrx_word' id='word_1_815' title='bbox 1041 5234 1148 5292; x_wconf 90' lang='lat' dir='ltr'><strong>est,</strong></span> <span class='ocrx_word' id='word_1_816' title='bbox 1186 5241 1408 5283; x_wconf 90' lang='lat' dir='ltr'><strong>carnem</strong></span> <span class='ocrx_word' id='word_1_817' title='bbox 1436 5227 1751 5297; x_wconf 90' lang='lat' dir='ltr'><strong>assumpsit,</strong></span> <span class='ocrx_word' id='word_1_818' title='bbox 1862 5224 1965 5279; x_wconf 89' lang='lat' dir='ltr'><strong>tris</strong></span> <span class='ocrx_word' id='word_1_819' title='bbox 1993 5224 2072 5280; x_wconf 86' lang='lat' dir='ltr'><strong>tui</strong></span> <span class='ocrx_word' id='word_1_820' title='bbox 2100 5227 2245 5282; x_wconf 87' lang='lat' dir='ltr'><strong>veris</strong></span> <span class='ocrx_word' id='word_1_821' title='bbox 2279 5224 2415 5284; x_wconf 78' lang='lat' dir='ltr'><strong>falsa</strong></span> <span class='ocrx_word' id='word_1_822' title='bbox 2446 5230 2851 5301; x_wconf 41' lang='lat' dir='ltr'><strong>permisce’s,vet,</strong></span> <span class='ocrx_word' id='word_1_823' title='bbox 2872 5232 3198 5291; x_wconf 72' lang='lat' dir='ltr'><strong>meliivirus</strong></span> <span class='ocrx_word' id='word_1_824' title='bbox 3220 5239 3456 5292; x_wconf 55' lang='lat' dir='ltr'><strong>.eommie</strong></span> 
     </span>
    </p>
   </div>
   <div class='ocr_carea' id='block_1_54' title="bbox 185 5317 3477 5387">
    <p class='ocr_par' dir='ltr' id='par_1_54' title="bbox 185 5317 3477 5387">
     <span class='ocr_line' id='line_1_55' title="bbox 185 5317 3477 5387; baseline 0.004 -16"><span class='ocrx_word' id='word_1_825' title='bbox 185 5332 331 5387; x_wconf 88' lang='lat' dir='ltr'><strong>quam</strong></span> <span class='ocrx_word' id='word_1_826' title='bbox 352 5317 510 5374; x_wconf 90' lang='lat' dir='ltr'><strong>simul</strong></span> <span class='ocrx_word' id='word_1_827' title='bbox 537 5327 650 5375; x_wconf 88' lang='lat' dir='ltr'><strong>tota</strong></span> <span class='ocrx_word' id='word_1_828' title='bbox 671 5328 861 5376; x_wconf 89' lang='lat' dir='ltr'><strong>sancta</strong></span> <span class='ocrx_word' id='word_1_829' title='bbox 884 5319 1121 5376; x_wconf 90' lang='lat' dir='ltr'><strong>Trinitas</strong></span> <span class='ocrx_word' id='word_1_830' title='bbox 1146 5318 1367 5376; x_wconf 89' lang='lat' dir='ltr'><strong>sibimet</strong></span> <span class='ocrx_word' id='word_1_831' title='bbox 1383 5320 1756 5377; x_wconf 88' lang='lat' dir='ltr'><strong>coessentialis</strong></span> <span class='ocrx_word' id='word_1_832' title='bbox 1862 5330 2005 5383; x_wconf 80' lang='lat' dir='ltr'><strong>sees,</strong></span> <span class='ocrx_word' id='word_1_833' title='bbox 2035 5324 2098 5372; x_wconf 92' lang='lat' dir='ltr'><strong>ut</strong></span> <span class='ocrx_word' id='word_1_834' title='bbox 2121 5317 2187 5374; x_wconf 89' lang='lat' dir='ltr'><strong>de</strong></span> <span class='ocrx_word' id='word_1_835' title='bbox 2212 5318 2356 5375; x_wconf 88' lang='lat' dir='ltr'><strong>veris</strong></span> <span class='ocrx_word' id='word_1_836' title='bbox 2392 5322 2459 5376; x_wconf 75' lang='lat' dir='ltr'><strong>et&#39;</strong></span> <span class='ocrx_word' id='word_1_837' title='bbox 2481 5321 3229 5382; x_wconf 68' lang='lat' dir='ltr'><strong>duleedinemellis-falsa&#39;et</strong></span> <span class='ocrx_word' id='word_1_838' title='bbox 3254 5327 3477 5384; x_wconf 79' lang='lat' dir='ltr'><strong>morti--</strong></span> 
     </span>
    </p>
   </div>
   <div class='ocr_carea' id='block_1_55' title="bbox 186 5396 3462 5489">
    <p class='ocr_par' dir='ltr' id='par_1_55' title="bbox 186 5396 3462 5489">
     <span class='ocr_line' id='line_1_56' title="bbox 186 5396 3462 5489; baseline 0.004 -25"><span class='ocrx_word' id='word_1_839' title='bbox 186 5414 234 5464; x_wconf 85' lang='lat' dir='ltr'><strong>et</strong></span> <span class='ocrx_word' id='word_1_840' title='bbox 270 5418 531 5467; x_wconf 81' lang='lat' dir='ltr'><strong>coaeterna</strong></span> <span class='ocrx_word' id='word_1_841' title='bbox 581 5428 646 5469; x_wconf 89' lang='lat' dir='ltr'><strong>ac</strong></span> <span class='ocrx_word' id='word_1_842' title='bbox 690 5413 1163 5485; x_wconf 87' lang='lat' dir='ltr'><strong>coomnipotentes</strong></span> <span class='ocrx_word' id='word_1_843' title='bbox 1219 5414 1273 5469; x_wconf 91' lang='lat' dir='ltr'><strong>in</strong></span> <span class='ocrx_word' id='word_1_844' title='bbox 1319 5422 1480 5471; x_wconf 88' lang='lat' dir='ltr'><strong>utero</strong></span> <span class='ocrx_word' id='word_1_845' title='bbox 1542 5429 1755 5488; x_wconf 89' lang='lat' dir='ltr'><strong>semper</strong></span> <span class='ocrx_word' id='word_1_846' title='bbox 1861 5396 1977 5465; x_wconf 52' lang='lat' dir='ltr'><strong>feta</strong></span> <span class='ocrx_word' id='word_1_847' title='bbox 2022 5412 2407 5469; x_wconf 84' lang='lat' dir='ltr'><strong>commendare</strong></span> <span class='ocrx_word' id='word_1_848' title='bbox 2451 5415 2745 5485; x_wconf 52' lang='lat' dir='ltr'><strong>possispin</strong></span> <span class='ocrx_word' id='word_1_849' title='bbox 2784 5416 3077 5489; x_wconf 54' lang='lat' dir='ltr'><strong>hucqnod‘</strong></span> <span class='ocrx_word' id='word_1_850' title='bbox 3109 5419 3462 5478; x_wconf 50' lang='lat' dir='ltr'><strong>dixistittres</strong></span> 
     </span>
    </p>
   </div>
   <div class='ocr_carea' id='block_1_56' title="bbox 187 5497 3479 5587">
    <p class='ocr_par' dir='ltr' id='par_1_56' title="bbox 187 5497 3479 5587">
     <span class='ocr_line' id='line_1_57' title="bbox 187 5497 3479 5587; baseline 0.003 -28"><span class='ocrx_word' id='word_1_851' title='bbox 187 5497 407 5576; x_wconf 70' lang='lat' dir='ltr'><strong>Virginis</strong></span> <span class='ocrx_word' id='word_1_852' title='bbox 437 5500 747 5562; x_wconf 81' lang='lat' dir='ltr'><strong>fabricavit.</strong></span> <span class='ocrx_word' id='word_1_853' title='bbox 778 5504 1024 5578; x_wconf 90' lang='lat' dir='ltr'><strong>Denique</strong></span> <span class='ocrx_word' id='word_1_854' title='bbox 1058 5504 1356 5579; x_wconf 77' lang='lat' dir='ltr'><strong>subiungit.</strong></span> <span class='ocrx_word' id='word_1_855' title='bbox 1864 5501 2167 5560; x_wconf 85' lang='lat' dir='ltr'><strong>mersiones</strong></span> <span class='ocrx_word' id='word_1_856' title='bbox 2202 5503 2291 5560; x_wconf 86' lang='lat' dir='ltr'><strong>vel</strong></span> <span class='ocrx_word' id='word_1_857' title='bbox 2333 5505 2828 5565; x_wconf 80' lang='lat' dir='ltr'><strong>tinctionesunum</strong></span> <span class='ocrx_word' id='word_1_858' title='bbox 2866 5504 3302 5587; x_wconf 73' lang='lat' dir='ltr'><strong>esse-Baptisms,</strong></span> <span class='ocrx_word' id='word_1_859' title='bbox 3324 5514 3479 5584; x_wconf 78' lang='lat' dir='ltr'><strong>quia</strong></span> 
     </span>
    </p>
   </div>
   <div class='ocr_carea' id='block_1_57' title="bbox 1861 5598 3483 5677">
    <p class='ocr_par' dir='ltr' id='par_1_57' title="bbox 1861 5598 3483 5677">
     <span class='ocr_line' id='line_1_58' title="bbox 1861 5598 3483 5677; baseline 0.007 -25"><span class='ocrx_word' id='word_1_860' title='bbox 1861 5611 2008 5654; x_wconf 87' lang='lat' dir='ltr'><strong>unus</strong></span> <span class='ocrx_word' id='word_1_861' title='bbox 2039 5598 2318 5665; x_wconf 77' lang='lat' dir='ltr'><strong>Dominus,</strong></span> <span class='ocrx_word' id='word_1_862' title='bbox 2364 5613 2491 5657; x_wconf 83' lang='lat' dir='ltr'><strong>una</strong></span> <span class='ocrx_word' id='word_1_863' title='bbox 2519 5599 2675 5670; x_wconf 83' lang='lat' dir='ltr'><strong>ﬁdes,</strong></span> <span class='ocrx_word' id='word_1_864' title='bbox 2723 5602 3202 5674; x_wconf 58' lang='lat' dir='ltr'><strong>probamur-2.8M</strong></span> <span class='ocrx_word' id='word_1_865' title='bbox 3234 5605 3373 5677; x_wconf 74' lang='lat' dir='ltr'><strong>quia</strong></span> <span class='ocrx_word' id='word_1_866' title='bbox 3400 5613 3483 5662; x_wconf 88' lang='lat' dir='ltr'><strong>et.-</strong></span> 
     </span>
    </p>
   </div>
   <div class='ocr_carea' id='block_1_58' title="bbox 565 5640 3477 5774">
    <p class='ocr_par' dir='ltr' id='par_1_58' title="bbox 565 5640 3477 5774">
     <span class='ocr_line' id='line_1_59' title="bbox 1868 5640 3477 5665; baseline 0.006 -14"><span class='ocrx_word' id='word_1_867' title='bbox 1868 5640 2008 5654; x_wconf 77' lang='lat'><strong>.......,</strong></span> <span class='ocrx_word' id='word_1_868' title='bbox 2039 5640 2318 5665; x_wconf 69' lang='grc' dir='ltr'><strong>υνη.......,,</strong></span> <span class='ocrx_word' id='word_1_869' title='bbox 2366 5640 2473 5657; x_wconf 64' lang='grc' dir='ltr'><strong>...η</strong></span> <span class='ocrx_word' id='word_1_870' title='bbox 2520 5640 2656 5658; x_wconf 66' lang='grc' dir='ltr'><strong>..πυ</strong></span> <span class='ocrx_word' id='word_1_871' title='bbox 2789 5640 3202 5662; x_wconf 35' lang='lat' dir='ltr'><strong>sumunt...”</strong></span> <span class='ocrx_word' id='word_1_872' title='bbox 3314 5640 3364 5662; x_wconf 72' lang='grc' dir='ltr'><strong>,α</strong></span> <span class='ocrx_word' id='word_1_873' title='bbox 3400 5640 3477 5662; x_wconf 61' lang='grc' dir='ltr'><strong>σιμ</strong></span> 
     </span>
     <span class='ocr_line' id='line_1_60' title="bbox 565 5640 3477 5774; baseline 0.004 -36"><span class='ocrx_word' id='word_1_874' title='bbox 565 5725 568 5728; x_wconf 82' lang='lat'><strong>.</strong></span> <span class='ocrx_word' id='word_1_875' title='bbox 932 5640 1005 5712; x_wconf 58' lang='lat' dir='ltr'><strong>x&#39;</strong></span> <span class='ocrx_word' id='word_1_876' title='bbox 1194 5724 1195 5729; x_wconf 59' lang='grc' dir='ltr'><strong>η</strong></span> <span class='ocrx_word' id='word_1_877' title='bbox 1642 5704 1647 5713; x_wconf 56' lang='grc' dir='ltr'>λ</span> <span class='ocrx_word' id='word_1_878' title='bbox 1867 5690 2477 5748; x_wconf 68' lang='grc' dir='ltr'><strong>ᾱίιίειίυοηι-θθεθειίη</strong></span> <span class='ocrx_word' id='word_1_879' title='bbox 2512 5640 3023 5766; x_wconf 52' lang='lat' dir='ltr'><strong>MptismrateNt‘resr</strong></span> <span class='ocrx_word' id='word_1_880' title='bbox 3038 5640 3369 5774; x_wconf 43' lang='lat' dir='ltr'><strong>memoras:</strong></span> <span class='ocrx_word' id='word_1_881' title='bbox 3399 5705 3477 5755; x_wconf 82' lang='lat' dir='ltr'><strong>et;</strong></span> 
     </span>
    </p>
   </div>
   <div class='ocr_carea' id='block_1_59' title="bbox 252 5770 3479 5862">
    <p class='ocr_par' dir='ltr' id='par_1_59' title="bbox 252 5770 3479 5862">
     <span class='ocr_line' id='line_1_61' title="bbox 252 5770 3479 5862; baseline 0.005 -34"><span class='ocrx_word' id='word_1_882' title='bbox 252 5782 352 5828; x_wconf 63' lang='grc' dir='ltr'><strong>ψ(</strong></span> <span class='ocrx_word' id='word_1_883' title='bbox 375 5770 649 5842; x_wconf 87' lang='lat' dir='ltr'><strong>Siquidem</strong></span> <span class='ocrx_word' id='word_1_884' title='bbox 662 5770 1256 5847; x_wconf 76' lang='lat' dir='ltr'><strong>quandobaptizam&#39;nr,</strong></span> <span class='ocrx_word' id='word_1_885' title='bbox 1269 5775 1324 5832; x_wconf 91' lang='lat' dir='ltr'><strong>id</strong></span> <span class='ocrx_word' id='word_1_886' title='bbox 1337 5778 1751 5852; x_wconf 82' lang='lat' dir='ltr'><strong>esttinguimur,</strong></span> <span class='ocrx_word' id='word_1_887' title='bbox 1866 5790 1975 5839; x_wconf 83' lang='lat' dir='ltr'><strong>tres</strong></span> <span class='ocrx_word' id='word_1_888' title='bbox 2012 5782 2329 5849; x_wconf 86' lang='lat' dir='ltr'><strong>tinctiones,</strong></span> <span class='ocrx_word' id='word_1_889' title='bbox 2381 5782 2738 5858; x_wconf 77' lang='lat' dir='ltr'><strong>reprobamus</strong></span> <span class='ocrx_word' id='word_1_890' title='bbox 2767 5797 2825 5846; x_wconf 90' lang='lat' dir='ltr'><strong>et</strong></span> <span class='ocrx_word' id='word_1_891' title='bbox 2857 5788 3085 5846; x_wconf 88' lang='lat' dir='ltr'><strong>mentiri</strong></span> <span class='ocrx_word' id='word_1_892' title='bbox 3112 5771 3479 5862; x_wconf 65' lang='grc' dir='ltr'><strong>ωιωπφωςε</strong></span> 
     </span>
    </p>
   </div>
   <div class='ocr_carea' id='block_1_60' title="bbox 192 5863 3455 5954">
    <p class='ocr_par' dir='ltr' id='par_1_60' title="bbox 192 5863 3455 5954">
     <span class='ocr_line' id='line_1_62' title="bbox 192 5863 3455 5954; baseline 0.006 -37"><span class='ocrx_word' id='word_1_893' title='bbox 192 5875 215 5917; x_wconf 76' lang='lat' dir='ltr'><strong>t</strong></span> <span class='ocrx_word' id='word_1_894' title='bbox 253 5868 329 5918; x_wconf 89' lang='lat' dir='ltr'><strong>ter</strong></span> <span class='ocrx_word' id='word_1_895' title='bbox 370 5863 551 5934; x_wconf 89' lang='lat' dir='ltr'><strong>procul</strong></span> <span class='ocrx_word' id='word_1_896' title='bbox 592 5865 756 5923; x_wconf 88' lang='lat' dir='ltr'><strong>dubio</strong></span> <span class='ocrx_word' id='word_1_897' title='bbox 791 5867 1108 5938; x_wconf 81' lang='lat' dir='ltr'><strong>mergimur,</strong></span> <span class='ocrx_word' id='word_1_898' title='bbox 1155 5878 1210 5925; x_wconf 90' lang='lat' dir='ltr'><strong>et</strong></span> <span class='ocrx_word' id='word_1_899' title='bbox 1247 5876 1427 5926; x_wconf 85' lang='lat' dir='ltr'><strong>tamen</strong></span> <span class='ocrx_word' id='word_1_900' title='bbox 1464 5880 1752 5945; x_wconf 76' lang='lat' dir='ltr'><strong>propterea</strong></span> <span class='ocrx_word' id='word_1_901' title='bbox 1865 5874 2073 5931; x_wconf 90' lang='lat' dir='ltr'><strong>bamus.</strong></span> <span class='ocrx_word' id='word_1_902' title='bbox 2115 5872 2375 5933; x_wconf 80' lang='lat' dir='ltr'><strong>Volumus</strong></span> <span class='ocrx_word' id='word_1_903' title='bbox 2415 5884 2595 5935; x_wconf 87' lang='lat' dir='ltr'><strong>tamen</strong></span> <span class='ocrx_word' id='word_1_904' title='bbox 2640 5878 2981 5954; x_wconf 87' lang='lat' dir='ltr'><strong>interrogare</strong></span> <span class='ocrx_word' id='word_1_905' title='bbox 3026 5891 3098 5948; x_wconf 91' lang='lat' dir='ltr'><strong>te,</strong></span> <span class='ocrx_word' id='word_1_906' title='bbox 3143 5895 3314 5952; x_wconf 90' lang='lat' dir='ltr'><strong>quare</strong></span> <span class='ocrx_word' id='word_1_907' title='bbox 3349 5881 3455 5937; x_wconf 62' lang='lat' dir='ltr'><strong>illis</strong></span> 
     </span>
    </p>
   </div>
   <div class='ocr_carea' id='block_1_61' title="bbox 566 5957 2930 6038">
    <p class='ocr_par' dir='ltr' id='par_1_61' title="bbox 566 5957 2930 6038">
     <span class='ocr_line' id='line_1_63' title="bbox 566 5957 2930 6038; baseline 0.008 -19"><span class='ocrx_word' id='word_1_908' title='bbox 566 5957 843 6021; x_wconf 66' lang='lat' dir='ltr'><strong>Parnon.</strong></span> <span class='ocrx_word' id='word_1_909' title='bbox 879 5958 1136 6022; x_wconf 78' lang='lat' dir='ltr'><strong>CXXV.</strong></span> <span class='ocrx_word' id='word_1_910' title='bbox 2855 5976 2930 6038; x_wconf 88' lang='grc'>18</span> 
     </span>
    </p>
   </div>
  </div>
