3998 6336
661 446 765 504 555

1653 441 1984 503 HINCMARI
2019 442 2413 501 RUEMENSIS
2450 445 2966 505 ARCHIEPISCOPI
3797 460 3873 515 ,λεδ

662 572 772 618 tres
803 577 1102 619 mersiones
1141 571 1196 618 et
1240 569 1351 619 tres
1395 561 1686 622 tinctiones
1716 581 1825 620 non
1861 572 1988 621 sunt
2022 563 2124 618 tria
2164 565 2262 619 ba-
2288 563 2344 626 Α
2368 571 2622 636 etopere.
2651 565 2838 636 Itaque
2877 575 2931 621 et
2953 580 3112 621 omne
3138 573 3421 635 peccatum
3457 576 3546 622 aut
3573 570 3872 648 cogitatione,

660 657 949 729 ptismata,
990 656 1085 713 sed
1123 672 1288 712 unum
1318 656 1606 728 baptisma.
1650 659 1732 713 Ad
1756 674 1877 729 qua:
1917 658 1962 713 si
1998 657 2252 724 tacueris,

659 749 888 806 dicimus
929 747 1051 804 ideo
1091 757 1204 808 tres
1251 750 1551 805 mersiones
1604 766 1769 806 unum
1811 763 1934 806 esse
1961 749 2251 820 baptisma,

586 855 592 860 ·
657 839 912 910 quoniam
950 839 1004 896 in
1035 839 1209 904 unito,
1238 841 1347 897 imo
1381 841 1436 897 in
1461 857 1568 898 uno
1593 841 1812 897 nomine
1836 839 2014 896 Patris
2056 848 2110 896 et
2131 839 2253 894 Filii

655 940 708 986 et
743 931 979 1002 Spiritus
1006 933 1205 999 sancti,
1237 948 1471 1003 quorum
1499 942 1584 989 est
1612 949 1717 988 una
1742 933 2019 999 divinitas,
2049 931 2250 998 deitas,

659 1030 827 1094 atque
865 1023 1169 1080 substantia
1193 1065 1208 1091 ,
1241 1024 1508 1081 catholice
1543 1025 1870 1090 celebratur,
1903 1023 2044 1079 sicut
2075 1022 2250 1078 Atha-

653 1118 841 1174 nasius
868 1118 922 1173 in
961 1118 1099 1174 libro
1127 1117 1194 1173 de
1221 1119 1457 1190 propriis
1500 1119 1746 1189 personis
1773 1126 1828 1174 et
1864 1118 1932 1175 de
1961 1117 2115 1174 unito
2154 1132 2252 1171 no-

651 1208 800 1264 mine
828 1209 1126 1264 divinitatis
1152 1208 1266 1280 (lib.
1313 1226 1376 1275 n,
1403 1210 1498 1264 sub
1519 1207 1702 1279 ﬁnem)
1733 1209 1866 1264 dicit
1902 1227 1957 1263 :t
1989 1206 2248 1276 Joannes,

651 1297 936 1368 inquiens,
977 1307 1210 1356 testatur
1239 1299 1304 1355 de
1328 1300 1577 1364 Domino,
1625 1298 1751 1369 quia
1799 1301 1853 1352 in
1879 1315 1976 1353 sua
2004 1299 2159 1364 venit,
2201 1307 2251 1353 et

657 1388 742 1443 sui
771 1404 890 1444 eum
923 1405 1028 1444 non
1062 1400 1385 1460 receperunt.
1431 1390 1696 1461 Quotquot
1740 1398 1913 1445 autem
1946 1397 2248 1459 receperunt

649 1496 790 1548 eum,
809 1481 951 1536 dedit
974 1483 1048 1537 eis
1069 1492 1375 1553 potestatem
1395 1482 1535 1551 ﬁlios
1556 1482 1648 1536 Dei
1671 1481 1810 1551 ﬁeri,
1839 1481 2167 1537 credentibus
2190 1483 2246 1537 in

649 1576 856 1632 nomine
879 1577 1018 1648 ejus,
1051 1578 1145 1650 qui
1173 1595 1278 1634 non
1301 1595 1366 1633 ea:
1392 1579 1668 1650 sanguine,
1694 1594 1858 1651 neque
1885 1593 1950 1632 ex
1982 1576 2247 1631 voluntate

647 1669 844 1736 carnis,
873 1687 1034 1739 neque
1061 1687 1126 1726 ex
1154 1670 1420 1726 voluntate
1448 1672 1545 1728 viri
1563 1713 1578 1739 ,
1608 1671 1699 1726 sed
1729 1687 1792 1726 ea;
1826 1670 1933 1726 Deo
1973 1670 2087 1725 nati
2121 1676 2245 1724 sunt

647 1761 831 1834 (Joan.
848 1779 890 1832 ι,
917 1763 1029 1836 il).
1048 1765 1208 1822 Disce
1225 1781 1356 1838 ergo
1374 1767 1478 1822 hoc
1501 1765 1712 1822 unitum
1739 1780 1936 1820 nomen
1963 1780 2082 1820 esse
2105 1777 2247 1819 sem-

643 1856 922 1928 piternum
945 1858 1001 1914 in
1021 1859 1219 1916 deitate
1233 1858 1413 1914 Patris
1433 1868 1488 1916 et
1514 1858 1637 1914 Filii
1651 1857 1957 1930 etSpiritus
1978 1858 2184 1922 sancti;
2218 1875 2237 1909 ι

2361 667 2453 712 aut
2490 657 2794 723 locutione,
2827 667 2921 714 aut
2960 660 3276 729 operatione
3317 660 3562 717 eﬁicitur.
3591 664 3874 738 ldeoquetri-

2357 747 2482 818 plici
2514 750 2699 822 generi
2729 758 3074 820 peccatorum
3103 751 3247 806 trina
3277 752 3494 807 videtur
3517 754 3701 811 ablutio
3721 773 3873 815 conve-

2357 841 2505 907 nire,
2540 841 2623 896 vel
2646 851 2863 913 propter
2891 843 3152 913 originale
3180 854 3462 916 peccatum
3483 887 3498 912 ,
3519 849 3650 916 quod
3673 848 3720 903 in
3744 851 3873 907 infan-

2358 934 2500 990 tibus
2521 934 2662 990 valet
2695 935 2762 990 ad
2801 935 3195 1006 perditionem,
3223 937 3324 994 .vel
3369 948 3582 1009 propter
3623 941 3698 995 illa
3717 947 3872 1013 quain

2356 1025 2714 1096 provectioris
2751 1026 2926 1082 aetatis
2953 1027 3266 1084 hominibus
3297 1029 3598 1095 voluntate,
3625 1033 3790 1098 verbo,
3812 1035 3873 1090 vel

2355 1117 2501 1174 facto
2548 1119 2838 1174 adduntur.
2892 1118 2958 1174 Et
3005 1129 3152 1176 recte
3207 1121 3402 1190 homo,
3432 1123 3520 1194 qui
3545 1123 3606 1178 ad
3639 1123 3872 1196 imaginem

2356 1219 2557 1267 sanctae
2614 1210 2897 1266 Trinitatis
2946 1213 3195 1268 conditus
3241 1222 3357 1280 est,
3413 1231 3509 1287 per
3545 1215 3870 1273 invocationem

2355 1314 2558 1360 sancta:
2591 1302 2875 1361 Trinitatis
2906 1305 2972 1361 ad
3003 1308 3252 1362 eamdem
3295 1316 3576 1364 revocatur
3599 1310 3868 1382 imaginem,

2353 1404 2414 1450 ut
2459 1396 2552 1469 qui
2605 1396 2762 1452 tertio
2814 1398 2984 1470 gradu
3023 1399 3298 1468 peccando
3352 1400 3544 1456 cecidit
3569 1401 3618 1456 in
3651 1412 3867 1474 mortem,

2355 1490 2516 1545 tertio
2550 1490 2794 1547 elevatus
2825 1491 2889 1546 de
2920 1489 3068 1546 fonte
3097 1507 3194 1562 per
3218 1492 3452 1565 gratiam
3480 1502 3703 1565 resurgat
3733 1497 3787 1551 ad
3807 1497 3864 1551 vi-

2356 1592 2486 1638 tam.
2518 1583 2585 1638 Et
2611 1584 2737 1638 hinc
2774 1594 2991 1640 sanctus
3023 1582 3386 1656 Hieronymus
3432 1585 3487 1640 in
3539 1587 3747 1642 secundo
3767 1586 3865 1641 libro

2353 1679 2619 1727 tractatus
2653 1671 2904 1742 Epistola:
2936 1673 3108 1728 sancti
3132 1672 3288 1727 Pauli
3316 1675 3384 1728 ad
3415 1673 3660 1745 Ephesios
3684 1675 3864 1747 inexpe-

2353 1763 2547 1820 sitione
2577 1766 2862 1821 sententia:
2883 1807 2897 1832 ,
2930 1764 3076 1820 Unus
3121 1765 3416 1835 Dominus,
3449 1785 3549 1822 una
3574 1769 3718 1838 ﬁdes,
3746 1786 3862 1823 unum

2353 1855 2609 1928 baptisma
2648 1855 2865 1928 (Ephes.
2897 1857 2992 1928 tv),
3025 1859 3091 1913 de
3125 1857 3561 1914 trina'mersione
3596 1867 3642 1915 et
3670 1875 3757 1914 uno
3772 1860 3862 1928 bap-

644 1947 790 2006 sicut
809 1957 864 2004 et
889 1965 1054 2005 unum
1071 1950 1342 2021 baptisma
1364 1959 1448 2006 est
1468 1949 1776 2020 ﬁdei,quod
1801 1949 1963 2003 vitam
1985 1957 2248 2003 aeternam
2277 1932 2330 1999 Β
2360 1949 2574 2005 tismate
2627 1950 2702 2004 ita
2730 1951 2862 2006 dicit
2888 1967 2902 2006 :
2935 1969 2953 2002 ι
3001 1949 3058 2006 Si
3090 1952 3236 2006 enim
3263 1993 3278 2018 ,
3335 1952 3604 2023 inquiens,
3641 1963 3692 2007 ut
3719 1954 3857 2008 existi-

644 2042 997 2100 credentibus
1027 2042 1254 2099 tribuit:
1284 2043 1410 2113 quia
1441 2043 1584 2098 sicut
1611 2043 1821 2098 unitum
1851 2056 2050 2096 nomen
2075 2049 2160 2096 est
2194 2041 2245 2095 in

645 2143 840 2191 natura
869 2135 1176 2202 Trinitatis,
1195 2137 1269 2191 ita
1296 2145 1352 2193 et
1375 2153 1540 2194 unum
1569 2137 1771 2192 donum
1792 2152 1888 2208 per
1915 2136 2246 2207 baptismum

645 2228 972 2285 divinitatis.
1003 2229 1295 2301 Apostolus
1325 2231 1433 2297 ait,
1463 2228 1584 2285 Una
1611 2230 1769 2299 ﬁdes,
1798 2247 1958 2284 unum
1989 2229 2245 2300 baptisma

643 2321 866 2393 (Epltes.
888 2339 962 2390 tv,
981 2322 1058 2394 5).
1075 2322 1280 2380 Idcirco
1303 2324 1446 2394 quod
1469 2338 1665 2379 nomen
1683 2322 1860 2377 Patris
1884 2322 1954 2378 sit
1976 2322 2029 2377 in
2046 2321 2243 2377 divini-

645 2421 784 2480 tate,
807 2414 911 2470 hoc
939 2429 1134 2470 nomen
1166 2416 1236 2471 sit
1265 2424 1320 2472 et
1345 2414 1469 2470 Filii
1504 2416 1558 2470 in
1586 2423 1780 2470 natura
1807 2413 2047 2478 deitatis,
2083 2413 2161 2468 sic
2190 2419 2246 2468 et

643 2503 880 2574 Spiritus
895 2507 1252 2563 sanctusiden
1262 2507 1425 2562 tidem
1446 2508 1547 2564 hoc
1567 2523 1763 2564 nomen
1787 2507 1857 2564 sit
1873 2509 1924 2562 in
1942 2507 2244 2564 substantia

640 2595 945 2665 claritatis;
995 2599 1254 2668 quoniam
1303 2609 1405 2654 tres
1451 2610 1606 2667 sunt,
1653 2601 1796 2656 sicut
1831 2600 1962 2656 dicit
2005 2599 2242 2656 Joannes

637 2691 936 2761 apostolus,
962 2693 1051 2764 qui
1098 2693 1454 2749 testimonium
1496 2694 1658 2760 dant,
1697 2693 1950 2765 spiritus,
1990 2710 2151 2765 aqua,
2193 2702 2266 2748 et'

637 2787 876 2856 sanguis,
917 2794 966 2842 et
1001 2795 1105 2840 tres
1138 2802 1302 2840 unum
1343 2796 1464 2840 sunt
1498 2784 1549 2857 (Ι
1572 2784 1736 2841 Joan.
1770 2802 1822 2850 v,
1855 2786 1930 2855 '7).
1983 2784 2236 2856 Spiritus,

637 2878 820 2948 inquit
840 2877 972 2944 Leo,
1002 2877 1467 2944 sanctiﬁcationis,
1498 2888 1554 2934 et
1580 2878 1799 2949 sanguis
1828 2878 2238 2948 redemptionis,

637 2970 804 3042 493
827 2980 884 3026 et
915 2986 1057 3042 aqua
1087 2971 1432 3042 baptismatis
1453 3011 1468 3037 ,
1503 2986 1622 3041 quae
1663 2971 1768 3025 tria
1797 2985 1963 3024 unum
1995 2977 2149 3034 sunt,
2185 2977 2240 3024 et

647 3062 924 3117 individua
956 3072 1208 3129 manent,
1247 3062 1490 3132 nihilque
1511 3078 1701 3118 eorum
1725 3078 1754 3116 a
1781 3078 1876 3116 sua
1903 3061 2238 3116 connexione

637 3158 983 3230 sejungitur;
1015 3159 1140 3228 quia
1161 3199 1176 3225 ,
1200 3167 1260 3214 ut
1282 3157 1616 3230 Augustinus
1634 3198 1650 3224 ,
1674 3165 1728 3212 et
1753 3166 1875 3228 post
1895 3171 2020 3212 eum
2049 3156 2160 3211 Leo
2181 3156 2237 3210 in

638 3253 882 3324 epistolis
911 3253 1026 3310 suis
1076 3252 1240 3317 dicit,
1269 3267 1371 3306 nec
1411 3251 1530 3307 sine
1558 3265 1687 3306 vera
1717 3249 1998 3305 divinitate
2048 3247 2236 3302 Inma-

634 3347 800 3414 nitas,
826 3361 926 3404 nec
953 3346 1072 3403 sine
1102 3360 1231 3402 vera
1261 3343 1535 3400 credenda
1561 3350 1644 3399 est
1673 3339 2013 3396 humanitate
2045 3339 2236 3394 divini-

638 3453 742 3498 tas.
777 3442 887 3499 Sed
909 3451 965 3498 et
993 3441 1050 3496 in
1074 3440 1234 3496 nobis
1255 3439 1371 3496 haec
1393 3453 1562 3493 unum
1596 3444 1744 3501 sunt,
1769 3450 1876 3489 non
1901 3441 2113 3495 natura,
2139 3433 2234 3488 sed

632 3535 874 3604 ejusdem
908 3533 1223 3604 operatione
1248 3530 1508 3604 mysterii.
1538 3528 1674 3584 Nam
1691 3568 1707 3595 ,
1729 3527 1870 3584 sicut
1891 3527 2082 3584 beatus
2105 3524 2232 3579 Am-

631 3629 849 3684 brosius
874 3626 990 3692 ait,
1023 3625 1261 3696 Spiritus
1291 3632 1530 3680 mentem
1553 3632 1813 3687 renovat,
1852 3636 1992 3692 aqua
2019 3617 2233 3691 proﬁcit

633 3721 704 3775 ad
729 3720 1045 3785 lavacrum,
1085 3718 1308 3788 sanguis
1341 3724 1550 3787 spectat
1578 3716 1646 3771 ad
1688 3714 1943 3786 pretium.
1993 3711 2230 3783 Spiritus

634 3813 779 3869 enim
798 3828 902 3880 nos
929 3828 1026 3884 per
1054 3811 1399 3882 adoptionem
1423 3809 1562 3866 ﬁlios
1589 3808 1686 3864 Dei
1703 3808 1832 3866 fecit
1849 3849 1864 3874 ,
1892 3806 2034 3862 sacri
2062 3804 2228 3860 fontis

632 3908 779 3963 unda
808 3921 908 3962 nos
931 3905 1133 3970 abluit,
1175 3905 1398 3977 sanguis
1425 3903 1636 3960 Domini
1662 3917 1764 3958 nos
1792 3900 2041 3956 redemit.
2069 3897 2227 3966 Quod

634 4008 818 4054 autem
848 3997 1157 4068 subjungit,
1183 3996 1280 4052 sed
1310 4011 1416 4050 una
1461 4003 1546 4050 est
1574 3991 1903 4065 generaliter
1943 3991 2142 4046 mersio
2169 3996 2224 4045 et

630 4107 738 4146 una
777 4089 997 4153 tinctio,
1033 4088 1086 4143 id
1108 4095 1196 4143 est
1237 4101 1403 4141 unum
1439 4085 1746 4156 baptisma,
1778 4083 1867 4139 ille
1902 4083 2015 4152 ipse
2050 4079 2224 4136 nescit

630 4182 760 4252 quid
796 4181 1059 4251 loquitur,
1109 4176 1457 4234 manifestum
1508 4185 1688 4233 tamen
1733 4175 1939 4233 faciunt
1973 4174 2220 4230 doctores

631 4273 890 4330 catholici
925 4273 1054 4341 quia
1090 4271 1369 4326 mentitur.
1405 4269 1510 4325 lllze
1534 4270 1734 4340 quippe
1779 4277 1891 4326 tres
1921 4267 2219 4323 mersiones

627 4365 944 4436 singillatim
978 4373 1089 4419 tres
1114 4372 1244 4419 sunt
1266 4401 1283 4428 ,
1313 4371 1367 4418 et
1391 4377 1500 4417 non
1526 4361 1853 4432 generaliter
1883 4377 1987 4416 una
2020 4359 2218 4415 mersio

625 4465 743 4520 est,
784 4456 926 4510 sicut
962 4464 1073 4510 tres
1113 4461 1241 4509 sunt
1293 4453 1596 4518 distinctae,
1636 4468 1842 4523 suaque
1881 4451 2218 4522 proprietate

626 4548 1022 4614 subsistentes,
1053 4556 1217 4618 atque
1245 4547 1634 4616 inseparabiles
1657 4547 1711 4601 in
1739 4554 1926 4602 sancta
1950 4546 2216 4600 Trinitate

625 4654 902 4709 personae,
933 4649 990 4695 et
1019 4654 1125 4694 non
1178 4638 1508 4710 generaliter
1539 4655 1647 4694 una
1691 4655 1919 4708 persona
1945 4647 2049 4694 est.
2081 4637 2217 4694 Tres

623 4733 842 4804 quidem
864 4743 989 4789 sunt
1016 4733 1328 4803 singillatim
1360 4734 1660 4790 mersiones
1698 4742 1920 4804 propter
1959 4748 2219 4803 persona-

621 4844 745 4883 rum
793 4836 996 4884 sanctae
1037 4827 1324 4884 Trinitatis
1365 4829 1794 4900 proprietatem:
1825 4844 1994 4884 unum
2037 4836 2220 4884 autem

621 4930 708 4975 est
738 4920 1009 4990 baptisma
1032 4961 1047 4985 ,
1098 4920 1224 4991 quia
1254 4935 1394 4975 unus
1441 4928 1525 4975 est
1563 4920 1736 4984 Deus,
1776 4920 1934 4976 unius
1966 4920 2218 4975 videlicet

617 5017 902 5081 essentne,
939 5016 1101 5072 unius
1127 5015 1376 5079 deitatis,
1411 5015 1574 5070 unius
1607 5023 1845 5078 naturae,
1891 5030 1954 5068 ac
1985 5030 2082 5084 per
2111 5014 2217 5070 hoc

615 5109 779 5164 unius
799 5108 1034 5164 nominis
1053 5149 1067 5172 ,
1095 5107 1240 5177 quod
1265 5115 1350 5162 est
1375 5106 1550 5171 Deus,
1594 5114 1780 5162 saneta
1815 5105 2082 5184 Trinitas,
2109 5105 2214 5162 Pa-

616 5209 703 5255 ter
741 5208 797 5254 et
823 5198 992 5254 Filius
1040 5207 1098 5253 et
1136 5196 1378 5268 Spiritus
1419 5205 1669 5261 sanctus,
1703 5198 1756 5252 in
1810 5198 1961 5268 cujus
1990 5212 2208 5253 nomine

616 5291 993 5359 baptizanmr,
1027 5298 1084 5344 et
1111 5289 1207 5344 ﬁlii
1239 5289 1332 5344 Dei
1357 5288 1646 5353 efﬁcimur,
1682 5290 1854 5360 gratia
1889 5291 2083 5355 renati,
2114 5292 2206 5361 qui

614 5398 834 5437 eramus
859 5381 951 5436 ﬁlii
983 5381 1183 5436 diaboli
1222 5397 1320 5452 per
1368 5382 1642 5450 traducem
1667 5381 1936 5436 maledicti
1981 5383 2205 5439 seminis

615 5475 878 5544 generati.
923 5475 990 5529 Et
1022 5476 1161 5530 sicut
1192 5475 1416 5530 interior
1445 5477 1606 5530 homo
1635 5475 1686 5530 in
1719 5475 1821 5530 ﬁde
1853 5485 2054 5531 sancta:
2084 5475 2201 5531 Tri-

613 5565 802 5619 nitatis
831 5566 898 5618 ad
924 5565 1214 5635 imaginem
1241 5565 1321 5620 sui
1355 5566 1653 5621 conditoris
1678 5564 2056 5620 reformandus
2081 5575 2198 5620 est:

614 5657 688 5710 ita
715 5665 771 5711 et
794 5659 1034 5714 exterior
1052 5659 1193 5714 trina
1217 5659 1488 5714 mersione
1517 5658 1812 5714 ablueutlus
1837 5665 1920 5712 cst
1940 5699 1954 5723 ,
1986 5668 2041 5713 ut
2061 5659 2204 5728 quod

613 5749 956 5806 invisibiliter
987 5752 1224 5820 Spiritus
1254 5761 1512 5822 operatur
1539 5751 1592 5805 in
1625 5752 1830 5820 anima,
1855 5752 1957 5808 hoc
1980 5751 2206 5807 visibili-

613 5850 697 5897 ter
725 5844 978 5898 sacerdos
1029 5844 1270 5898 imitetur
1292 5845 1344 5898 in
1377 5860 1537 5915 aqua.
1567 5843 1696 5897 Nam
1726 5844 1987 5912 originale
2013 5860 2205 5913 pecca-

615 5941 726 5987 tum
761 5933 929 5990 tribus
960 5935 1133 5992 modis
1159 5943 1336 5989 aetum
1371 5943 1485 6000 est,
1513 5933 1846 6000 delectione,
1884 5952 2148 5993 consensu
2185 5979 2200 6003 ,

2353 2050 2504 2097 mant
2527 2041 2737 2107 Ariani,
2766 2041 2909 2098 Deus
2930 2041 3094 2098 Pater
3116 2043 3266 2100 solus
3294 2053 3377 2100 est
3404 2044 3540 2100 Deus
3557 2086 3572 2111 ,
3594 2046 3751 2100 eadem
3770 2059 3857 2101 cono

2352 2135 2632 2204 sequentia
2657 2133 2804 2190 solus
2830 2135 2936 2190 erit
2975 2133 3238 2192 Dominus
3261 2135 3419 2193 Jesus
3443 2135 3692 2202 Christus,
3718 2145 3761 2191 et
3789 2151 3856 2190 nec

2350 2237 2505 2299 pater
2540 2226 2644 2282 erit
2685 2227 2976 2294 Dominus,
3025 2243 3127 2284 nec
3157 2229 3303 2285 ﬁlius
3345 2229 3503 2286 Deus.
3558 2228 3654 2285 Sed
3679 2229 3788 2284 absit
3818 2238 3855 2282 ut

2349 2333 2455 2374 non
2485 2318 2554 2374 sit
2578 2317 2664 2374 vel
2703 2318 2756 2374 in
2781 2319 3148 2376 dominatione
3167 2321 3373 2387 deitas,
3404 2320 3486 2377 vel
3514 2321 3566 2376 in
3604 2321 3766 2376 deitate
3787 2321 3851 2374 do-

2350 2407 2595 2465 minatio.
2622 2407 2884 2466 Unus‘est
2906 2410 3202 2478 Dominus,
3249 2421 3304 2468 et
3333 2427 3470 2468 unus
3497 2420 3574 2466 est
3600 2411 3739 2475 Deus;
3763 2410 3849 2481 quia

2348 2501 2526 2558 Patris
2545 2512 2600 2560 et
2635 2501 2758 2558 Filii
2787 2503 3086 2561 dominatio
3114 2520 3223 2560 una
3246 2505 3499 2562 divinitas
3516 2515 3609 2562 est.
3630 2505 3848 2576 Propterea

2347 2599 2402 2646 et
2423 2591 2557 2648 ﬁdes
2591 2608 2694 2646 una
2719 2592 2948 2662 dicitur,
2981 2595 3107 2664 quia
3139 2595 3392 2652 similiter
3415 2606 3468 2652 et
3489 2597 3538 2652 in
3558 2596 3738 2651 Patrem
3760 2595 3846 2648 etin

2346 2677 2541 2735 Filium
2565 2680 2732 2754 494
2771 2690 2826 2738 et
2865 2683 2919 2738 in
2965 2682 3230 2754 Spiritum
3269 2694 3509 2743 sanctum
3539 2687 3777 2751 credimus,
3811 2692 3846 2738 et

2345 2773 2614 2844 baptisma
2645 2791 2832 2830 unum.
2861 2776 3070 2834 Eodem
3093 2778 3239 2835 enim
3288 2782 3446 2836 modo
3469 2781 3518 2835 in
3546 2779 3728 2836 Patrem
3749 2778 3842 2833 etin

2345 2871 2539 2926 Filium
2561 2881 2616 2928 et
2639 2871 2690 2926 in
2722 2872 2982 2944 Spiritum
3005 2884 3254 2931 sanctum
3273 2878 3596 2948 baptizamur
3611 2885 3658 2931 et
3679 2887 3841 2930 termer-

2346 2964 2555 3032 gimur,
2599 2973 2657 3019 ut
2684 2964 2965 3022 Trinitatis
3008 2984 3177 3023 unum
3209 2981 3465 3040 appareat
3504 2976 3836 3026 sacramentum.

2344 3054 2413 3110 Et
2449 3071 2555 3111 non
2602 3055 2944 3126 baptizamur
2983 3060 3037 3115 in
3082 3063 3396 3118 nominibus
3423 3062 3590 3118 Patris
3627 3058 3836 3117 etFiliiet

2347 3145 2583 3218 Spiritus
2622 3151 2826 3218 sancti,
2865 3153 2961 3208 sed
2983 3155 3036 3208 in
3069 3170 3179 3210 uno
3211 3156 3460 3224 nomine,
3488 3154 3616 3228 quod
3652 3149 3834 3220 intelligi-

2349 3247 2436 3294 tur
2460 3241 2620 3298 Deus.
2669 3242 2734 3297 Et
2779 3245 2952 3300 miror
2977 3262 3082 3316 qua
3114 3249 3497 3319 consequentia
3529 3249 3578 3303 in
3610 3260 3700 3301 uno
3725 3255 3831 3296 voca-

2344 3335 2503 3404 bulo,
2535 3339 2725 3394 eodem
2749 3355 2948 3412 opere,
2993 3350 3047 3397 et
3087 3343 3279 3399 eodem
3315 3351 3658 3404 sacramento,
3690 3344 3832 3392 natura

2343 3429 2712 3486 diversitatem
2757 3431 2949 3500 Arius,
2983 3432 3367 3502 Macedonius,
3399 3447 3452 3492 et
3491 3429 3737 3490 Eunomius
3768 3439 3827 3479 su-

2342 3523 2638 3594 spicentur,
2689 3527 3056 3585 concordante
3099 3529 3152 3584 in
3198 3530 3471 3602 impietate
3517 3522 3761 3584 discordia,
3793 3525 3827 3570 et

2339 3625 2604 3673 creatura:
2635 3617 2690 3673 in
2714 3617 2852 3674 Filio
2875 3627 2928 3674 et
2954 3619 3159 3691 Spiritu
3189 3631 3376 3677 sancto
3412 3631 3658 3677 caenosum
3684 3612 3824 3667 fontem

2343 3720 2587 3766 tenentes
2604 3751 2622 3779 ,
2651 3712 2896 3769 diversos
2920 3714 3200 3771 haereseon
3220 3715 3418 3772 rivulos
3436 3715 3684 3770 duxerunt.
3704 3705 3822 3761 Unum

2336 3801 2607 3873 baptisma
2627 3843 2642 3870 ,
2669 3811 2725 3860 et
2750 3813 2942 3860 contra
2974 3805 3324 3863 Valentinum
3357 3806 3508 3870 facit,
3538 3802 3615 3874 qui
3635 3799 3718 3855 duo
3738 3795 3822 3860 bap-

2338 3895 2555 3951 tismata
2581 3911 2704 3952 esse
2732 3899 3044 3964 contendit,
3075 3908 3129 3954 et
3169 3910 3361 3956 contra
3389 3912 3563 3954 omnes
3581 3889 3816 3949 haeretica.

2333 3998 2394 4045 ut
2420 3990 2596 4046 sciant
2620 4006 2678 4046 se
2703 4008 2810 4047 non
2840 3993 3041 4048 habere
3063 3993 3332 4064 baptisma
3357 4037 3370 4061 ,
3398 3994 3486 4050 sed
3508 3993 3554 4048 in
3574 4003 3660 4045 una
3680 3976 3815 4040 Christi

2331 4079 2573 4136 Ecclesia
2603 4080 2808 4138 fontem
2836 4098 2956 4138 esse
2983 4083 3225 4142 vitalem.
3256 4085 3439 4142 Potest
3461 4097 3605 4139 unum
3628 4073 3830 4146 baptismi.

2329 4181 2386 4229 et
2412 4173 2487 4227 ita
2518 4173 2622 4229 dici
2641 4215 2655 4241 ,
2686 4174 2828 4246 quod
2865 4174 2990 4231 licet
3011 4185 3092 4232 ter
3115 4177 3450 4251 baptizemur
3471 4182 3660 4248 propter
3676 4171 3811 4237 ωῐδίθ

2331 4265 2471 4319 rium
2501 4274 2702 4320 saneta:
2726 4264 3011 4324 Trinitatis
3031 4310 3046 4334 ,
3075 4277 3259 4327 tamen
3283 4286 3440 4326 unum
3463 4265 3683 4337 baptisma
3706 4266 3807 4323 προσ

2331 4369 2492 4417 tetur.
2523 4362 2697 4418 Unum
2723 4378 2941 4434 quoque
2959 4365 3224 4436 baptisma
3247 4375 3327 4424 est
3351 4366 3402 4421 in
3427 4378 3550 4434 aqua
3567 4401 3580 4426 ,
3601 4365 3644 4413 et
3659 4349 3803 4425 spiritu.
3882 4355 3883 4365 ‘

2327 4462 2382 4510 et
2404 4454 2534 4526 igni,
2565 4465 2621 4512 et
2645 4456 2713 4512 de
2744 4472 2852 4528 quo
2873 4456 3140 4515 Dominus
3168 4461 3430 4531 loquitur:
3455 4453 3681 4524 Baptism
3697 4441 3802 4496 habia
3877 4509 3879 4513 ι

2327 4546 2584 4618 baptizari
2617 4548 2636 4620 (
2664 4548 2793 4604 Luc.
2836 4567 2938 4617 xu,
2986 4551 3100 4621 50);
3137 4563 3193 4608 et
3236 4553 3357 4608 alibi
3392 4568 3404 4606 :
3439 4547 3708 4618 Baptismatt
3731 4544 3800 4586 meo
3875 4573 3877 4587 .

2326 4636 2722 4710 baptizabimini
2752 4639 2947 4714 (Marc.
2977 4658 3031 4707 x,
3063 4642 3177 4714 59).
3226 4663 3245 4694 ι
3873 4633 3875 4661 ¹

2399 4731 2494 4788 His
2537 4743 2850 4790 sanctorum
2880 4734 3232 4809 Hieronymi,
3259 4745 3313 4792 et
3345 4726 3620 4789 Athanasii,
3644 4725 3795 4816 ex“?
3869 4725 3873 4809 ί

2326 4841 2557 4896 rumque
2599 4828 2878 4883 doctorum
2912 4829 3092 4885 verbis
3113 4871 3128 4896 ,
3155 4830 3416 4901 praatsiprie
3435 4836 3550 4878 vero
3567 4813 3791 4872 Ambrosii,
3867 4849 3869 4883 Ι

2324 4925 2379 4972 et
2406 4917 2730 4990 Augustini,
2779 4919 2976 4976 Leonis
3006 4963 3020 4988 ,
3067 4931 3226 4993 atque
3253 4916 3501 4990 Gregorii,
3543 4910 3598 4965 de
3633 4906 3788 4973 quorum
3865 4915 3867 4957 ¹

2323 5007 2482 5063 (lictis
2523 5009 2638 5066 haec
2683 5027 2804 5080 qua:
2849 5021 3153 5083 sequuntur
3196 5009 3556 5081 excerpsimus,
3593 4993 3786 5053 evidenter
3861 4999 3865 5105 Ιι

2319 5101 2644 5169 ostenditur,
2680 5118 2785 5158 non
2811 5119 2939 5160 vere
2969 5105 3169 5160 dixisse
3191 5098 3569 5160 Gothescalcum
3593 5098 3677 5179 tres
3693 5089 3784 5179 mer:
3859 5165 3861 5179 Ι

2323 5189 2505 5247 siones
2536 5208 2697 5248 unam
2722 5195 3050 5265 generaliter
3077 5210 3196 5252 esse
3215 5192 3542 5249 mersionem;
3567 5176 3642 5235 Sed
3656 5175 3779 5265 "mm
3857 5225 3859 5253 l

2321 5301 2478 5352 esse,
2516 5264 2771 5358 quoniam
2823 5289 2963 5345 sicut
2994 5291 3044 5344 in
3091 5297 3272 5346 sancta
3309 5281 3546 5338 Trinitate
3583 5272 3676 5324 sum
3707 5264 3778 5309 πθ*
3855 5313 3857 5327 .

2321 5391 2418 5432 sua
2447 5384 2780 5449 proprietate
2811 5381 3168 5437 subsistentes
3202 5367 3551 5447 inseparabiles
3574 5358 3772 5449 Pcw":

2318 5476 2374 5521 et
2396 5435 2501 5524 una
2546 5435 2720 5524 deitas
2759 5479 2921 5540 atque
2962 5480 3188 5538 natura,
3222 5435 3474 5524 voluntas,
3507 5435 3772 5542 ροιθθξίξδζξξ

2315 5562 2588 5632 operatio,
2625 5569 2680 5617 et
2705 5563 2759 5616 in
2794 5530 3022 5619 Domino
3049 5530 3185 5620 Jesu
3207 5559 3412 5618 Christo
3446 5551 3552 5605 sum
3577 5554 3602 5593 θ
3626 5530 3768 5632 dive?)

2314 5625 2433 5709 duae
2461 5625 2671 5710 naturae
2712 5656 3022 5724 divinitatis
3042 5666 3098 5713 et
3120 5646 3477 5711 humanitatis,
3509 5644 3553 5691 Θῑ
3582 5625 3764 5726 ηοξ,Ρῖ

2311 5765 2478 5818 sona,
2518 5751 2632 5822 qui,
2683 5759 2742 5807 ut
2793 5751 2927 5807 dicit
2962 5751 3196 5806 Joannes
3237 5709 3765 5838 APOSIPIUS’EeZ‘nz

2311 5861 2504 5915 aquam
2533 5853 2580 5898 et
2607 5844 2940 5916 sanguinem,
2970 5861 3074 5899 ηοη
3095 5845 3149 5898 in
3172 5854 3303 5911 aqua
3327 5830 3507 5926 ‘olum.’

2534 5888 2578 5898 ν,
2607 5888 2700 5898 νυ...
2743 5888 2940 5911 ...ηνηη
2970 5888 3074 5899 ...,..
3173 5888 3297 5911 -ττη
3333 5888 3341 5890 ἡ

2311 5947 2356 5990 ct
2393 5936 2647 6006 sanguine
2673 5888 2905 6007 (IaJoau.
2937 5952 2991 6004 v,
3025 5936 3116 6010 6),
3159 5941 3216 5990 ut
3239 5937 3417 5998 corpus
3453 5914 3563 5986 01'”!
3587 5888 3690 5970 quad

3841 5715 3845 5845 Ι
