3998 6336
713 438 820 498 559

1700 442 2032 503 illNCMARl
2069 447 2464 506 RHEMENSIS
2504 451 3022 514 ARCHIEPISCOPI

3831 459 3907 515 560

708 553 768 609 in
800 554 903 609 hoc
935 553 1114 609 edicto
1142 553 1357 610 unitum
1383 553 1600 612 deitatis
1629 571 1828 614 nomen
1860 559 2039 617 Patris
2073 571 2128 617 et
2167 562 2291 617 Filii
2318 566 2367 624 Α
2397 564 2552 630 sisse,
2592 567 2662 620 ita
2696 567 2836 612 idem
2875 557 3207 613 Athanasius
3254 559 3306 613 in
3357 559 3495 617 libro
3539 564 3738 626 decimo
3775 572 3895 630 solvit

706 655 764 700 et
794 642 1027 714 Spiritus
1059 645 1231 701 sancti
1262 646 1486 702 missum
1517 656 1615 703 est.
1652 650 1792 706 Vere
1827 652 1882 706 in
1906 653 2007 708 hac
2033 655 2292 710 sacratis-

703 736 840 791 sima
875 736 1140 792 Trinitate
1167 739 1384 793 nomina
1417 739 1470 794 in
1506 743 1755 811 personis
1797 752 2002 800 tantum
2033 744 2286 794 distincla

699 837 846 883 sunt.
879 826 1019 884 Vere
1052 845 1153 886 nec
1183 831 1290 897 lex,
1321 848 1419 888 nec
1442 836 1738 906 prophetae,
1773 839 1883 884 tam
1912 831 2158 888 absolute
2184 833 2287 888 hoc

701 937 960 977 arcanum
989 925 1308 992 mysterium
1328 921 1727 976 revelaverunt.
1748 920 1922 992 Super
1939 937 2153 977 omnem
2189 940 2286 979 cu-

695 1013 1034 1068 stodiendam
1049 1013 1307 1067 divinitus
1321 1013 1725 1084 dispositionem
1742 1015 1845 1070 hoc
1859 1015 2096 1070 maxime
2108 1028 2282 1072 custo-

693 1103 952 1159 diendum
970 1112 1073 1158 est.
1095 1103 1234 1158 Vere
1250 1118 1414 1174 super
1436 1105 1535 1159 hoc
1552 1121 1657 1160 non
1690 1107 1930 1175 estquod
1954 1105 2100 1171 addi,
2135 1115 2189 1161 et
2213 1108 2282 1163 ali

689 1197 794 1252 hoc
811 1211 918 1250 non
933 1195 1170 1266 estquod
1187 1195 1598 1252 minuere.Vere
1613 1197 1668 1250 in
1687 1198 1792 1252 boc
1812 1199 2011 1253 donum
2026 1198 2280 1268 baptismi

621 1330 632 1359 ε
685 1297 1018 1359 praeceptum
1050 1288 1248 1342 addere
1277 1287 1361 1342 vel
1394 1288 1639 1342 minuere
1657 1289 2033 1360 blasphemum
2049 1291 2281 1344 est.Cnr

626 1377 628 1380 ’
685 1383 960 1440 indicatur
981 1384 1180 1449 unitas,
1211 1385 1255 1438 si
1279 1384 1332 1438 in
1359 1383 1522 1438 Patre
1547 1393 1601 1438 et
1619 1384 1758 1439 Filio
1786 1394 1840 1440 et
1857 1384 2062 1456 Spiritu
2087 1395 2277 1441 sancto

682 1489 792 1528 non
806 1484 1006 1530 estuna
1029 1484 1191 1544 atque
1207 1476 1395 1530 eadem
1420 1475 1534 1546 ipsa
1555 1476 1778 1546 {equalis
1793 1476 2074 1546 plenitudo
2087 1477 2277 1531 divini-

682 1567 846 1622 tatis?
869 1586 888 1620 ›
909 1565 1252 1637 (Lib.it,post
1281 1568 1418 1620 med.
1438 1585 1614 1622 versus
1635 1568 1838 1639 linem.)
1862 1569 1930 1623 Et
1959 1570 2010 1623 in
2036 1571 2274 1624 secundo

680 1655 820 1711 libro
874 1657 1147 1726 apostolos
1199 1657 1395 1713 missos
1445 1656 1634 1724 fuisse,
1689 1659 1898 1728 inquit,
1942 1668 2000 1714 ut
2030 1659 2274 1730 baptiza-

676 1755 803 1802 rent
839 1763 1032 1804 omnes
1057 1757 1246 1819 gentes
1291 1750 1345 1804 in
1393 1751 1544 1805 unito
1590 1750 1676 1806 vel
1729 1752 2004 1807 communi
2052 1752 2270 1806 nomine

675 1841 917 1898 deitatis.
962 1842 1076 1908 Ite,
1124 1843 1386 1914 baptizate
1433 1861 1608 1899 omnes
1643 1854 1817 1915 gentes
1850 1845 1908 1898 in
1949 1845 2183 1908 nomine,
2215 1852 2269 1898 ct

2401 674 2418 697 ι
2453 657 2566 701 Non
2597 648 2742 702 enim
2775 649 3036 719 scriptum
3068 659 3152 705 est
3197 651 3306 722 (lib.
3341 667 3422 718 ιι,
3448 666 3558 724 post
3589 660 3822 733 medium),
3852 667 3910 723 in.

2391 739 2532 808 quit,
2563 740 2690 809 quia
2715 739 3130 812 baptizaverunt
3157 744 3212 797 in
3245 747 3464 802 nomine
3489 747 3656 806 Patris
3680 761 3728 808 et
3750 755 3848 812 Filii
3868 771 3908 816 et

2393 827 2626 898 Spiritus
2653 833 2850 898 sancti,
2880 834 2973 889 sed
3004 841 3214 890 tantum
3244 837 3295 891 in
3327 841 3544 894 nomine
3567 841 3701 909 Jesu,
3731 850 3805 903 sed
3828 867 3906 906 non

2389 931 2516 976 sunt
2543 924 2878 992 praevaricati
2905 966 2920 992 ,
2957 927 3119 982 absit.
3161 927 3293 983 Nam
3326 929 3456 986 licet
3483 931 3600 988 Filii
3627 951 3795 994 nomen
3818 950 3904 998 tau-

2389 1014 2666 1069 tummodo
2693 1014 2924 1083 dicatur,
2953 1018 3117 1073 habet
3143 1026 3324 1076 tamen
3366 1021 3579 1079 Patrem
3617 1035 3667 1080 ct
3695 1028 3900 1098 Spiritum

2387 1114 2636 1160 sanctum
2664 1109 3097 1177 pronuntiatum,
3127 1112 3269 1168 sicut
3298 1112 3592 1186 Scripturis
3616 1124 3788 1178 sanctis
3808 1141 3898 1195 pro-

2384 1199 2595 1255 bamus.
2639 1200 2826 1271 Itaque
2869 1211 2925 1258 et
2967 1202 3206 1274 Spiritus
3239 1218 3468 1264 sanctus
3499 1211 3705 1268 sabaoth
3733 1216 3898 1280 dicitur,

2383 1299 2439 1345 ct
2478 1300 2561 1346 est
2595 1308 2717 1348 cum
2750 1292 2863 1350 Deo
2899 1302 2955 1350 et
2989 1311 3110 1351 cum
3151 1298 3290 1354 Filio
3327 1314 3357 1354 a
3390 1299 3646 1372 Seraphin
3683 1305 3894 1374 adoratus,

2379 1392 2603 1453 propter
2631 1385 2773 1453 quod
2825 1385 2941 1441 haec
2975 1379 3059 1442 ter
3088 1387 3346 1445 dicebant
3375 1409 3390 1446 :
3423 1389 3641 1448 Sanctus
3663 1435 3676 1460 ,
3719 1411 3892 1464 sanctus,

2379 1488 2596 1530 sanctus
2622 1517 2638 1543 ,
2683 1485 2744 1532 ut
2775 1477 3096 1535 Trinitatem
3142 1484 3579 1552 pronuntiarent.
3613 1505 3630 1539 ι
3678 1488 3735 1543 Et
3757 1490 3892 1546 beatus

2377 1564 2697 1623 Ambrosius
2728 1569 2785 1622 in
2815 1569 2952 1624 libro
2976 1571 3042 1625 de
3074 1571 3228 1639 Fide,
3261 1575 3389 1643 quia
3428 1590 3524 1646 per
3554 1578 3798 1645 unitatem,
3832 1582 3887 1635 in-

2377 1655 2530 1725 quit,
2581 1658 2816 1714 nominis
2862 1659 3144 1730 impletum
3188 1665 3508 1733 mysterium
3551 1668 3633 1722 sit.
3695 1669 3777 1736 Qui
3811 1671 3887 1726 sive

2376 1745 2652 1802 Christum
2681 1749 2853 1815 dicas,
2884 1759 2938 1806 et
2979 1750 3152 1808 Deum
3202 1753 3425 1812 Patrem
3455 1773 3486 1812 a
3521 1773 3623 1828 quo
3654 1770 3812 1816 unctus
3830 1773 3884 1816 est

2376 1840 2568 1907 Filius,
2600 1850 2656 1897 et
2685 1843 2862 1913 ipsum
2891 1846 2983 1916 qui
3025 1855 3222 1904 unctus
3253 1857 3338 1904 est
3365 1849 3581 1918 Filium,
3619 1861 3667 1908 et
3692 1851 3880 1923 Spiritum

675 1936 756 1992 sic
805 1945 1125 2008 prosecutus
1163 1946 1248 1992 est
1293 1953 1391 2007 per
1439 1938 1682 2008 singulas
1709 1952 1969 2008 personas
1991 1978 2004 2003 ,
2062 1936 2264 2002 Patris,
2298 1915 2342 1975 Β
2371 1949 2478 2003 quo
2513 1944 2708 1991 unctus
2746 1945 2830 1992 est
2863 1915 3182 2010 designasti.
3221 1940 3500 2012 Scriptum
3527 1915 3607 2000 est
3630 1915 3786 2000 enim:
3815 1946 3876 2000 Jeo

674 2036 725 2080 et
756 2024 911 2092 Filii,
938 2037 987 2080 et
1018 2026 1245 2096 Spiritus
1267 2027 1677 2099 saneti(Matt/t.
1713 2044 1902 2092 xxvm,
1922 2028 2034 2098 l9).
2069 2046 2088 2078 ‹
2120 2027 2266 2081 Nun-

671 2115 804 2187 quid
844 2125 1023 2188 potest
1051 2126 1244 2173 contra
1287 2119 1530 2190 regulam
1576 2120 1885 2176 traditionis
1935 2119 2265 2190 evangelicae

669 2226 950 2278 censuris,
1009 2211 1078 2266 de
1125 2213 1228 2268 hoc
1265 2214 1417 2268 unito
1472 2213 1754 2269 Trinitatis
1813 2215 2034 2269 nomine
2085 2215 2261 2270 sancti

667 2299 907 2372 Spiritus
953 2301 1165 2357 sublata
1204 2303 1288 2358 vel
1340 2305 1505 2358 tacita
1556 2320 1820 2374 persona,
1872 2305 2141 2376 baptisma
2206 2307 2259 2360 in

664 2395 912 2452 Ecclesia
938 2396 1241 2467 perfectum
1273 2396 1578 2452 celebrari?
1601 2398 1778 2453 Absit.
1812 2399 1970 2454 Disce
1998 2415 2126 2471 ergo
2157 2401 2260 2454 hoc

660 2491 876 2545 unitum
928 2505 1125 2546 nomen
1180 2505 1302 2545 esse
1355 2491 1746 2560 sempiternum
1803 2491 1856 2546 in
1906 2491 2108 2547 deitate
2155 2492 2260 2546 Pa-

660 2583 764 2639 tris
790 2584 956 2658 497
984 2591 1039 2638 et
1064 2583 1186 2638 Filii
1207 2591 1264 2638 et
1287 2583 1524 2652 Spiritus
1551 2584 1742 2639 sancti.
1778 2604 1795 2637 ι
1830 2584 1983 2640 Sicut
2011 2602 2174 2640 unum
2203 2595 2257 2641 et

658 2673 926 2746 baptisma
956 2683 1040 2730 est
1066 2674 1211 2739 ﬁdei,
1250 2675 1400 2742 quod
1422 2673 1588 2728 vitam
1615 2683 1877 2729 aeternam
1909 2675 2294 2732 credentibus-

657 2769 873 2836 tribuit,
905 2769 1034 2840 quia
1073 2768 1214 2824 sicut
1240 2769 1450 2823 unitum
1479 2783 1678 2824 nomen
1707 2777 1791 2824 est
1826 2768 1878 2822 in
1912 2777 2106 2823 natura
2137 2767 2256 2823 Tri-

655 2861 869 2928 nitatis,
902 2861 977 2916 ita
1009 2869 1066 2916 et
1091 2877 1256 2916 unum
1291 2862 1488 2916 donum
1517 2876 1618 2931 per
1641 2859 1966 2932 baptismum
1999 2861 2251 2915 divinita-

656 2949 750 3004 tis.
775 2949 1068 3020 Apostolus
1087 2951 1164 3004 ait
1188 2969 1200 3004 :
1227 2948 1347 3004 Una
1369 2951 1523 3020 ﬁdes,
1552 2967 1716 3005 unum
1742 2951 1999 3021 baptisma
2031 2951 2247 3023 (Ep/tes.

653 3056 732 3109 Π,
764 3041 856 3115 5),
892 3043 1097 3099 idcirco
1123 3045 1266 3113 quod
1307 3059 1505 3100 nomen
1541 3043 1719 3100 Patris
1757 3044 1828 3099 sit
1859 3046 1912 3099 in
1944 3045 2247 3109 divinitate,

650 3137 762 3196 hoc
797 3152 996 3194 nomen
1035 3137 1105 3192 sit
1149 3146 1207 3191 et
1250 3135 1373 3191 Filii
1420 3138 1475 3192 in
1524 3146 1715 3192 natura
1762 3138 2018 3204 deitatis,
2069 3139 2147 3193 sic
2195 3148 2248 3193 et

647 3231 828 3289 sancti
861 3230 1096 3302 Spiritus
1125 3230 1420 3286 identidem
1444 3231 1548 3285 hoc
1580 3244 1778 3286 nomen
1809 3230 1880 3284 sit
1912 3230 1965 3283 in
1997 3231 2246 3286 substan-

647 3329 725 3386 tia
755 3329 1053 3395 claritatis;
1085 3343 1207 3399 quaa
1234 3327 1324 3383 hic
1356 3325 1597 3382 breviter
1621 3325 1845 3382 collecta
1879 3325 2049 3381 lector
2080 3325 2242 3382 latius

643 3423 703 3479 in
749 3424 863 3479 suis
908 3423 1044 3479 locis
1088 3421 1346 3478 inveniet.
1397 3420 1494 3476 His
1534 3421 1930 3476 catholicorum
1959 3422 2242 3476 doctorum

642 3515 829 3570 verbis
858 3522 916 3569 et
945 3514 1194 3570 sensibus
1219 3512 1606 3584 comprobatur
1636 3525 1742 3565 non
1778 3525 1898 3566 esse
1924 3518 2101 3564 ratum
2135 3510 2242 3565 Go-

644 3607 905 3663 thescalci
935 3607 1328 3672 testimonium,
1371 3606 1518 3676 quod
1555 3605 1624 3660 de
1655 3620 1754 3660 suo
1783 3620 1816 3659 a
1841 3604 2132 3674 semetipso
2164 3603 2241 3658 lo-

639 3715 840 3772 quens,
867 3708 922 3755 et
950 3699 1177 3772 gloriam
1203 3699 1482 3771 propriam
1511 3713 1782 3770 quzerens,
1815 3705 1870 3752 et
1910 3713 2014 3751 non
2043 3697 2110 3751 de
2138 3713 2234 3751 ca-

638 3793 966 3849 tholicorum
990 3793 1273 3864 scripturis
1293 3793 1363 3848 ad
1383 3807 1538 3848 suam
1563 3789 1994 3846 conlirmandam
2019 3798 2236 3844 sentcn-

635 3887 772 3942 tiam
835 3879 1076 3957 protulit,
1131 3885 1316 3942 dicens
1365 3899 1380 3938 :
1431 3885 1598 3939 Trina
1635 3883 1872 3946 mersio,
1922 3891 1977 3936 ct
2033 3883 2232 3937 trinum

631 3978 991 4050 baptismum,
1020 3976 1073 4032 id
1103 3985 1187 4032 est
1220 3975 1363 4032 trina
1400 3974 1610 4038 tinctio,
1644 3990 1750 4028 una
1794 3981 1878 4028 est
1907 3972 2234 4042 generaliter

633 4072 838 4129 mersio
876 4079 932 4126 et
967 4085 1076 4125 una
1104 4068 1319 4133 tinctio,
1343 4065 1400 4123 id
1430 4075 1512 4123 est
1549 4082 1718 4121 unum
1755 4066 2060 4136 baptisma;
2095 4081 2232 4137 quo-

629 4165 780 4219 niam
804 4161 1131 4218 catbolicum
1159 4159 1508 4229 baptismum,
1533 4167 1592 4213 ut
1617 4159 1808 4214 beatus
1833 4157 2070 4211 ostendit
2093 4157 2228 4213 Gre-

629 4259 835 4330 gorius,
865 4272 974 4312 una
1011 4255 1304 4320 mersione,
1341 4253 1437 4309 sed
1468 4254 1520 4308 in
1558 4254 1776 4318 nomine
1813 4259 2018 4307 sanctae
2047 4251 2227 4306 Trini-

627 4353 760 4408 tatis
789 4350 905 4406 ﬁeri
936 4356 1134 4420 potest.
1177 4345 1330 4402 Unde
1378 4346 1519 4400 idem
1564 4345 1898 4400 Athanasius
1945 4343 1998 4399 in
2048 4343 2223 4414 primo

625 4442 769 4498 libro
815 4441 880 4496 de
915 4439 1051 4494 Fide
1080 4437 1176 4509 (de
1217 4437 1364 4490 unito
1413 4436 1620 4490 nomine
1674 4435 1984 4507 Trinitatis)
2034 4435 2167 4490 dicit
2204 4453 2217 4490 :

631 4552 654 4588 ί
690 4533 943 4604 Nunquid
973 4540 1195 4603 gentes,
1236 4531 1433 4600 quibus
1459 4531 1713 4586 introitus
1733 4529 1914 4599 januae
1941 4531 2217 4586 credenti-

2370 2043 2487 2081 sum
2523 2045 2555 2081 a
2589 2027 2861 2082 Nazareth
2886 2069 2901 2095 ,
2945 2033 3208 2102 quomodo
3238 2036 3391 2088 unxit
3419 2052 3534 2090 eum
3582 2035 3706 2091 Deus
3735 2035 3875 2105 Spiritu

2368 2129 2548 2174 sancto
2599 2119 2739 2190 (Act.
2765 2137 2822 2186 χ,
2848 2120 2975 2192 58);
3025 2123 3141 2178 sive
3186 2123 3408 2181 Patrem
3443 2127 3617 2194 dicas,
3647 2137 3696 2183 'et
3735 2128 3870 2183 Filiqu

2366 2212 2482 2281 ejus
2517 2221 2573 2268 et
2617 2212 2876 2284 Spiritum
2910 2215 3022 2271 oris
3057 2217 3267 2286 pariter
3298 2219 3570 2285 indicasti,
3609 2220 3648 2275 si
3681 2229 3818 2276 tamen
3837 2219 3870 2273 id

2373 2303 2536 2356 etiam
2567 2305 2732 2360 corde
2761 2306 3194 2375 comprehendas
3221 2326 3236 2364 :
3267 2325 3389 2380 quae
3416 2309 3572 2366 latius
3597 2311 3644 2366 in
3672 2311 3761 2367 suis
3780 2310 3867 2365 locis

2365 2393 2537 2450 lector
2565 2395 2828 2454 inveniet.
2854 2397 3009 2455 Nunc
3037 2408 3220 2456 autem
3251 2402 3493 2458 Ecclesia
3521 2403 3747 2458 catholica
3765 2403 3867 2458 cuni-

2364 2486 2510 2541 culos
2537 2486 2913 2544 haereticorum
2952 2491 3217 2562 oppilans,
3252 2493 3370 2565 ipsa
3409 2495 3564 2550 verba
3591 2495 3764 2550 Domini
3787 2495 3859 2548 sal.

2361 2577 2584 2642 vatoris,
2611 2579 2676 2633 de
2696 2594 2803 2648 quo
2824 2580 3086 2651 scriptum
3113 2591 3197 2638 est
3225 2601 3241 2637 :
3270 2583 3391 2654 Ipse
3412 2595 3484 2638 est
3511 2587 3634 2639 enim
3656 2585 3729 2653 qui
3747 2582 3860 2655 598

2360 2669 2610 2740 baptizat,
2650 2672 2704 2725 in
2745 2675 3159 2730 consecratione
3207 2677 3356 2732 sacri
3388 2675 3722 2747 baptismatis,
3749 2675 3856 2734 corde

2359 2763 2628 2819 credendo
2659 2765 2726 2820 ad
2751 2766 3040 2835 justitiam,
3071 2777 3127 2822 et
3166 2757 3596 2825 ore-conﬁtendo
3619 2769 3676 2824 ad
3697 2766 3851 2823 salutem

2356 2854 2692 2923 pronuntiat.
2721 2855 2960 2912 Tandem
2973 2881 2976 2884 ~
2990 2858 3384 2918 Gotbescalcus
3411 2862 3673 2918 subnectit.

3096 2952 3188 3008 XI.

2429 3055 2490 3098 -ε-
2530 3061 2549 3094 ι
2582 3041 2706 3098 Pari
2729 3043 2891 3100 etiam
2921 3046 3080 3102 modo
3112 3062 3243 3103 cum
3270 3049 3465 3105 dicitur
3489 3048 3616 3105 trina
3648 3045 3714 3103 vel
3742 3053 3842 3101 terna

2359 3154 2377 3186 ‹
2412 3136 2565 3202 ﬁdes,
2600 3147 2658 3192 ut
2686 3148 2767 3194 est
2803 3139 2932 3196 illud
2960 3139 3162 3197 Sedulii
3190 3143 3370 3200 ﬁdelis
3390 3154 3550 3215 poeta:
3577 3143 3678 3198 tui:

2444 3238 2544 3290 lste
2565 3239 2708 3291 tidem
2733 3247 2942 3306 ternam,
2967 3251 3042 3293 ast
3059 3245 3140 3294 hic
3165 3258 3268 3297 non
3291 3247 3585 3310 amplectitur
3605 3255 3734 3303 uuam,

2353 3339 2372 3373 (
2407 3320 2525 3376 Non
2555 3331 2688 3388 tres,
2711 3325 2853 3393 quod
2883 3326 3046 3390 absit,
3079 3327 3236 3392 ﬁdes,
3267 3329 3358 3384 sed
3388 3343 3489 3383 una
3527 3335 3600 3383 est
3637 3326 3762 3387 ﬁdes,
3787 3320 3835 3375 di-

2353 3433 2372 3466 c
2409 3425 2566 3471 cente
2592 3415 2851 3487 Apostolo
2881 3436 2893 3472 :
2924 3417 3042 3473 Una
3071 3419 3234 3474 ﬁdes.
3274 3439 3293 3472 ι

2417 3520 2510 3564 XP.
2554 3509 2670 3564 Hoc
2715 3511 2858 3579 quod
2883 3511 3039 3580 quasi
3070 3511 3307 3577 noviter,
3342 3512 3478 3568 unde
3503 3510 3720 3565 miremur
3736 3501 3829 3557 vide-

2344 3601 2490 3667 licet,
2520 3600 2682 3656 ﬁdem
2722 3616 2946 3656 numero
2973 3602 3167 3673 plurali
3195 3603 3522 3658 enuntiatam
3548 3599 3675 3655 nobis
3697 3605 3826 3666 propo-

2342 3709 2475 3748 nere
2504 3693 2693 3759 voluit,
2722 3701 2944 3749 sanctus
2970 3693 3211 3750 Hilarius
3241 3696 3486 3764 antiquus
3509 3702 3558 3746 et
3587 3681 3822 3745 venerabilis

2340 3781 2501 3837 Pater
2527 3783 2580 3837 in
2621 3784 2760 3839 libro
2796 3785 2864 3840 de
2905 3786 3126 3856 synodis
3171 3787 3332 3843 nobis
3375 3793 3514 3840 recto
3559 3795 3688 3838 sensu
3722 3788 3819 3829 mon-
3889 3855 3891 3867 Ι

2341 3874 2567 3940 stravit,
2613 3874 2757 3944 quod
2801 3877 2908 3930 iste
2944 3877 3385 3947 praesumptionis
3413 3889 3559 3931 sensu
3588 3865 3816 3942 pravissimo

2339 3969 2678 4022 monstravit.
2735 3988 2753 4019 ι
2789 3968 2964 4035 Nihil,
2999 3970 3174 4040 inquit
3204 3979 3420 4026 sanctus
3443 3967 3661 4024 Hilarius,
3682 3960 3812 4016 mirum
3885 3983 3887 3991 ι

2336 4057 2505 4112 videri
2537 4060 2686 4114 vobis
2708 4059 2889 4126 debet,
2917 4061 3115 4118 fratres
3136 4061 3460 4126 charissimi,
3489 4057 3613 4129 quod
3634 4055 3809 4119 frequen-
3881 4041 3885 4115 ί

2337 4157 2421 4203 ter
2447 4151 2643 4221 exponi
2680 4152 2816 4209 ﬁdes
2844 4162 3038 4224 emptae
3068 4165 3212 4210 sunt.
3243 4154 3602 4211 Necessitatem
3636 4147 3739 4200 hanc
3758 4137 3808 4190 fu-
3877 4157 3881 4239 Ιι

2333 4259 2425 4298 ror
2472 4245 2759 4302 haereticus
2804 4247 3082 4318 imposuit.
3115 4268 3135 4300 ι
3184 4243 3419 4321 Propter
3449 4243 3596 4315 stylos
3634 4236 3804 4309 Pium“
3875 4281 3877 4301 .

2331 4346 2521 4394 sancto
2561 4337 2766 4393 Hilario
2813 4339 2971 4394 dicta:
3000 4348 3126 4396 sunt
3169 4342 3360 4413 plurali
3391 4350 3594 4395 numero
3618 4327 3801 4388 ϐόαμα
3871 4351 3875 4425 II

2327 4441 2550 4504 propter
2586 4432 2949 4504 pluralitatem
2985 4435 3359 4505 scriptionum,
3397 4449 3497 4490 non
3532 4429 3798 4500 proplel‘m'
3869 4453 3871 4487 i

2325 4523 2572 4580 dulitatis
2623 4525 2970 4592 divisionem;
3012 4528 3160 4599 quia,
3207 4538 3266 4583 ut
3325 4525 3642 4611 Hieronymus
3679 4515 3796 4611 i_'_'_“‘
3865 4523 3869 4611 ,¹

624 4625 729 4682 bus
758 4601 1020 4680 ad'vitam
1066 4631 1322 4678 aiternam
1366 4631 1560 4691 patens
1600 4630 1712 4687 est,
1751 4623 2128 4678 tantummodo
2156 4624 2212 4677 in
2242 4653 2296 4713 Β
2323 4617 2499 4674 cundo
2561 4616 2698 4674 libro
2746 4616 3051 4675 Commcnti
3095 4619 3347 4691 Epistolas
3405 4615 3541 4672 Pauli
3589 4609 3642 4664 ad
3863 4625 3865 4673 l

621 4732 912 4790 personam
954 4715 1133 4771 Patris
1169 4715 1533 4786 baptizantur,
1585 4726 1640 4770 et
1680 4730 1787 4771 non
1825 4717 1878 4770 in
1913 4724 2044 4781 tres,
2076 4733 2214 4786 quo-

624 4828 748 4868 rum
785 4809 1002 4866 nomina
1046 4809 1164 4864 haec
1191 4816 1317 4863 sunt
1347 4808 1400 4862 in
1423 4808 1673 4878 personis
1705 4809 1981 4874 distincta,
2019 4808 2212 4876 Patris,

617 4912 676 4961 et
712 4903 858 4970 Filii,
893 4910 948 4958 et
968 4901 1206 4972 Spiritus
1251 4901 1456 4967 sancti,
1495 4901 1690 4970 quibus
1734 4912 1818 4956 est
1867 4918 1970 4956 una
2018 4914 2213 4958 natura

615 4996 957 5062 divinitatis,
1014 4995 1157 5050 sicut
1199 4994 1460 5064 scriptum
1511 5002 1596 5049 est
1641 5010 1655 5048 :
1700 4993 1901 5050 Euntes
1949 4995 2208 5067 baptizate

612 5103 794 5144 omnes
814 5097 987 5160 gentes
1010 5087 1064 5142 in
1092 5087 1320 5152 nomine,
1353 5086 1494 5142 etsic
1523 5095 1842 5157 prosecutus
1867 5097 1970 5152 est,
2000 5087 2203 5156 Patris,

611 5189 664 5237 et
692 5179 846 5248 Filii,
875 5189 924 5235 et
947 5179 1358 5251 Spiritussancti
1384 5180 1408 5232 ?
1442 5177 1658 5250 (Matth.
1693 5195 1884 5245 xxvui,
1916 5181 2028 5252 19.)
2053 5179 2206 5236 Unde

610 5275 671 5331 in
699 5275 784 5330 bis
812 5274 1064 5346 personis
1101 5287 1196 5342 per
1232 5271 1414 5327 omnia
1448 5271 1501 5325 in
1531 5270 1733 5326 deitate
1761 5272 2059 5326 divinitatis
2085 5273 2206 5327 uni-

613 5376 729 5424 tum
759 5382 957 5423 nomen
993 5373 1099 5430 est,
1129 5373 1186 5418 et
1219 5379 1318 5434 per
1345 5364 1461 5433 ipsa
1506 5363 1727 5418 nomina
1771 5361 2054 5418 Trinitatis
2084 5371 2205 5419 tan-

605 5470 725 5518 tum
751 5477 998 5532 personae
1021 5459 1289 5516 distinctae
1311 5465 1457 5514 sunt.
1489 5477 1507 5510 ›
1543 5458 1610 5512 Et
1631 5457 1792 5528 paulo
1815 5465 1937 5528 post
1965 5475 1979 5512 :
2013 5478 2032 5510 ι
2066 5457 2203 5530 Spes

606 5553 734 5610 fidei
764 5563 966 5610 nostrae
995 5553 1110 5609 haec
1138 5560 1242 5618 est,
1275 5561 1333 5607 ut
1364 5552 1415 5606 in
1445 5551 1717 5622 baptismo
1757 5550 1966 5604 unitum
1998 5551 2197 5605 divini-

607 5643 740 5698 tatis
761 5659 958 5699 nomen
987 5643 1138 5714 prius
1159 5642 1490 5708 conﬁtearis,
1517 5649 1577 5696 ut
1604 5641 1829 5698 remissa
1847 5651 2196 5712 peccatorum

605 5731 665 5787 in
689 5731 776 5787 bis
804 5734 1052 5803 personis
1076 5733 1335 5802 consequi
1367 5733 1646 5789 merearis.
1683 5753 1700 5786 ›
1751 5733 1906 5801 Quod
1936 5743 2115 5791 autem
2139 5735 2194 5789 in

604 5825 832 5880 historia
864 5841 1016 5880 sacra
1045 5826 1279 5881 Actuum
1305 5826 1672 5895 apostolorum
1701 5825 1953 5896 legimus,
1985 5835 2198 5897 aposto-

607 5915 691 5971 los
737 5916 790 5970 in
827 5918 1045 5972 nomine.
1093 5915 1217 5972 Jcsu
1249 5917 1450 5972 Christi
1491 5917 1722 5987 gentiles
1765 5918 2033 5989 baptizari
2075 5918 2191 5989 jus.

2324 4709 2433 4764 sios
2464 4708 2599 4764 dicit
2631 4726 2644 4762 :
2679 4727 2697 4760 ι
2730 4710 3018 4780 Propterea
3053 4721 3107 4767 et
3144 4712 3278 4768 ﬁdes
3309 4724 3406 4764 una
3429 4706 3617 4765 dicitur,
3638 4696 3727 4767 quia
3745 4705 3788 4743 ει-
3861 4733 3863 4737 .

2323 4803 2524 4859 militer
2562 4804 2616 4858 in
2643 4802 2861 4858 Patrem
2896 4814 2951 4860 et
2982 4805 3035 4860 in
3072 4805 3267 4862 Filium
3308 4812 3360 4860 et
3394 4803 3445 4858 in
3479 4795 3784 4880 Spiritumsaft
3857 4787 3861 4861 ξ

2317 4904 2463 4952 ctum
2491 4896 2802 4953 credimus.
2834 4917 2854 4951 ›
2907 4898 2975 4953 Et
3015 4897 3340 4969 Augustinus
3384 4895 3435 4950 in
3480 4888 3652 4946 decimo
3677 4883 3782 4932 tertio
3853 4903 3857 4969 ιι

2315 4986 2454 5042 libro
2500 4987 2639 5058 (cap.
2675 4988 2764 5058 il)
2817 4987 2884 5042 de
2915 4965 3180 5056 Trinitate
3209 5005 3223 5041 ε
3255 5007 3273 5039 ‹
3303 4985 3412 5040 Non
3436 4971 3696 5068 enimﬁde
3719 4974 3777 5068 mf
3851 4965 3855 5047 ,¹

2313 5094 2464 5134 mero
2492 5087 2577 5134 est
2606 5095 2711 5134 una
2739 5120 2754 5145 ,
2806 5081 2900 5136 sed
2949 5095 3167 5152 genere.
3216 5079 3433 5148 Propter
3469 5060 3773 5128 similitudinem
3847 5073 3851 5152 Ιι

2315 5179 2517 5237 tamen,
2549 5182 2604 5228 et
2631 5173 2833 5229 nullam
2863 5173 3250 5240 diversitatem,
3279 5170 3440 5242 magis
3459 5176 3592 5222 unam
3615 5152 3770 5242 dicit)"s
3845 5135 3849 5233 ι¹

2310 5281 2432 5323 esse
2463 5283 2626 5336 quam
2669 5268 2906 5323 multas:
2937 5277 2993 5323 et
3033 5277 3214 5324 tamen
3249 5266 3337 5336 qui
3372 5240 3494 5318 dicit
3526 5251 3598 5309 :0
3625 5240 3765 5336 ηκξίξῖν
3843 5253 3845 5295 ¹

2310 5327 2500 5432 magna
2529 5372 2603 5415 est
2635 5363 2766 5431 [idea
2799 5371 2890 5416 tua
2931 5359 3150 5435 (Matth.
3173 5327 3398 5427 x628);
3441 5327 3762 5435 elalwfi‘lo:
3839 5345 3843 5419 ,Ι

2308 5430 2439 5507 dicae
2478 5430 2642 5522 ﬁdei,
2682 5471 2846 5525 quare
2884 5430 3177 5509 dubitasti?
3212 5448 3410 5522 (Matth.
3433 5455 3528 5504 ιιν,
3553 5432 3624 5525 ῗξί)
3835 5459 3839 5525 Ι¹

2304 5509 2500 5616 cuique
2526 5509 2647 5601 esse
2677 5509 3016 5618 signiﬁcabat
3043 5565 3056 5600 :
3086 5545 3178 5602 sed
3207 5509 3280 5599 ita
3304 5537 3480 5596 dicitur
3503 5523 3650 5618 cadent
3672 5509 3756 5618 ﬁt]?
3833 5513 3837 5605 l'

2300 5654 2406 5694 una
2433 5679 2448 5706 ,
2501 5641 2956 5710 quemadmodum
3021 5642 3208 5697 eadem
3274 5609 3751 5731 νοιεηιὶυιξξιῖοξξὲξῗ
3829 5635 3833 5731 l'

2506 5691 3164 5807 sanctus—igegorius
3189 5733 3242 5787 in
3285 5731 3457 5798 quarto
3494 5713 3606 5807 libi?
3825 5741 3829 5807 1

2298 5842 2486 5897 gerum
2531 5827 2668 5898 (cap.
2692 5826 2750 5897 2)
2797 5827 2928 5883 dicit
2953 5802 3078 5899 quia
3108 5828 3220 5884 sine
3257 5821 3355 5876 ﬁde
3389 5827 3474 5871 nec
3501 5802 3573 5899 iii“

2299 5896 2392 5974 vit.
2432 5942 2450 5973 ι
2504 5896 2660 5977 Fides
2696 5896 2899 5990 autem,
2927 5896 2995 5977 de
3034 5939 3139 5994 qua
3181 5909 3443 5988 Apostolus
3468 5896 3611 5956 dicit:

3577 5792 3673 5854 delis
3691 5780 3742 5833 ἢ·

3643 5877 3739 5934 υινιε
