3998 6336
216 404 311 459 5M

1245 396 1333 454 DE
1372 397 1514 454 UNA
1554 395 1643 451 ET
1688 393 1828 451 NON
1870 393 2082 450 TRINA
2124 396 2441 455 DEITATE.

3378 389 3490 447 562

212 519 370 583 Deus,
395 531 495 569 una
517 514 669 583 ﬁdes,
694 527 854 566 unum
875 511 1131 580 baptisma
1160 507 1374 582 (Ephes.
1402 526 1475 574 tv,
1501 508 1578 580 5),
1604 507 1790 563 catho—
1816 506 1871 569 Α
1896 512 1991 567 sine
2014 513 2223 567 unitate
2250 512 2458 567 divisus
2488 518 2572 565 est
2591 552 2605 576 ,
2641 517 2855 566 constat
2883 508 3008 580 quia
3040 507 3348 579 proximum
3374 520 3485 563 non

210 611 310 667 lica
336 615 451 674 est,
498 621 531 661 a
574 619 681 677 qua
710 618 815 659 una
843 602 938 659 Dei
968 602 1216 659 columba
1241 642 1257 668 ,
1303 600 1553 656 videlicet
1599 608 1788 656 sancta

207 699 463 765 Ecclesia,
511 705 855 767 nuncupatur
882 695 1169 763 catholica,
1219 695 1272 751 id
1314 703 1399 751 est
1442 694 1784 751 universalis.

205 794 339 863 Qum
363 799 444 849 est
475 806 582 847 una
612 791 804 846 domus
831 831 847 857 ,
882 790 951 847 de
994 805 1100 860 qua
1126 790 1371 860 praecipit
1400 788 1659 845 Dominus
1690 803 1789 859 per

204 886 421 958 Moysen
449 882 583 939 nihil
606 882 788 939 etl‘erri
812 883 877 939 de
898 882 1137 954 paschali
1163 899 1303 955 agno
1328 881 1525 953 (Exod.
1549 898 1646 939 xu.
1669 879 1782 946 46),

202 979 303 1035 sed
337 979 387 1033 in
412 992 478 1034 ea
514 976 663 1033 illum
703 976 913 1035 comedi
947 995 961 1032 :
990 986 1046 1033 et
1084 992 1231 1045 arca,
1264 988 1419 1032 extra
1451 993 1610 1049 quam
1644 976 1785 1032 dilu-

202 1073 278 1127 vii
303 1079 541 1142 tempore
565 1070 794 1142 quisque
816 1078 1066 1153 repertus
1086 1086 1189 1126 non
1216 1070 1388 1141 potuit
1405 1071 1607 1126 vivere.
1636 1069 1782 1135 Haec,

199 1163 446 1232 inquam,
481 1176 588 1216 una
618 1161 751 1217 ﬁdes
780 1170 886 1229 est,
918 1177 1024 1217 non
1054 1176 1301 1227 numero,
1338 1163 1433 1219 sed
1463 1177 1659 1234 genere
1695 1178 1786 1234 ge-

197 1255 402 1311 neralis
427 1254 755 1326 generaliter
780 1255 1021 1310 omnium
1056 1256 1108 1311 in
1135 1257 1343 1313 unitate
1381 1265 1581 1313 sancta:
1602 1257 1787 1313 Eccle-

195 1349 296 1404 siae
322 1349 754 1404 consistentium.
795 1348 925 1416 Quae
969 1350 1105 1406 sicut
1128 1350 1180 1405 in
1212 1351 1509 1421 apostolico
1542 1351 1786 1423 symbolo

191 1442 529 1508 continetur,
571 1441 779 1497 sanctis
814 1442 1070 1512 apostolis
1100 1459 1130 1498 a
1168 1442 1385 1500 Christo
1430 1456 1516 1500 est
1563 1445 1782 1511 tradita,

193 1540 253 1586 et
280 1530 347 1586 ab
383 1545 574 1587 eorum
612 1534 1037 1600 successoribus,
1068 1534 1203 1590 viris
1252 1536 1459 1591 scilicet
1504 1536 1783 1607 apostolis,

193 1626 249 1681 in
275 1639 369 1680 sex
406 1624 750 1692 generalibus
778 1627 1020 1698 synodis,
1067 1627 1122 1681 id
1161 1638 1245 1682 est
1284 1628 1499 1683 Nic-arua
1544 1639 1788 1700 tempore

188 1715 363 1771 sancti
396 1713 644 1772 Silvestri
671 1732 824 1787 papre
853 1716 921 1772 ac'
945 1717 1305 1785 Constantini,
1336 1720 1788 1791 Constantinopo-

188 1808 356 1863 litana
387 1808 720 1878 temporibus
753 1809 969 1865 Damasi
997 1819 1052 1865 et
1080 1810 1350 1878 Gratiani,
1379 1812 1650 1882 Ephesiua
1682 1813 1783 1869 sub

185 1900 479 1957 Ctnlestino
498 1876 559 1957 et
593 1902 897 1959 Theodosio
925 1943 941 1969 ,
967 1876 1780 1978 ‘Chalcedonensitemporibus
1809 1876 1857 1936 Β

184 1991 386 2047 Leonis
428 2000 486 2048 et
525 1991 777 2048 Martiani
802 2034 817 2060 ,
866 1994 996 2050 item
1044 1994 1638 2069 ConstantinOpolitaua
1681 2001 1777 2056 sul:

183 2084 387 2158 Vigilio
405 2082 797 2150 etlustiniano,
814 2086 1050 2157 itemque
1062 2085 1657 2160 Constantinopolitana
1680 2094 1782 2146 sui;

182 2178 471 2251 Agathone
484 2188 544 2236 et
560 2177 920 2237 Constantino
933 2180 1169 2252 iuniore,
1192 2193 1356 2253 atque
1377 2184 1431 2239 in
1457 2186 1669 2255 caeteris
1692 2203 1782 2241 ca-

183 2262 403 2327 tholicis
417 2272 639 2343 synodis
661 2288 693 2328 a
714 2273 843 2329 sede
865 2274 1160 2344 apostolica
1184 2272 1521 2333 confirm‘atis
1536 2279 1739 2347 prolata
1761 2298 1775 2347 ;

183 2377 351 2433 quam
377 2364 486 2420 nisi
513 2365 745 2437 quisque
769 2365 1039 2438 integram
1078 2366 1501 2440 inviolatamque
1529 2385 1783 2426 servare"

182 2456 277 2521 rit,
307 2455 493 2513 salvus
513 2472 635 2514 esse
675 2472 783 2513 non
810 2457 1031 2528 poterit,
1060 2459 1153 2514 sed
1183 2459 1235 2514 in
1263 2468 1526 2515 alternum
1558 2462 1775 2532 peribit.

186 2544 345 2602 Unde
362 2554 583 2604 sanctus
592 2547 856 2619 Augustin
867 2548 996 2604 usin
1010 2547 1332 2606 Commenta
1347 2550 1598 2621 Epistula:
1613 2551 1780 2607 Joan-

182 2641 269 2697 nis
286 2640 423 2697 dicit
450 2659 465 2696 :
499 2661 518 2694 ι
546 2641 710 2699 Fides
729 2657 853 2698 cum
881 2643 1170 2701 dilectione
1195 2644 1330 2701 ﬁdes
1352 2655 1437 2702 est
1461 2647 1778 2715 Christiani,

180 2731 353 2805 ιω
393 2731 528 2789 ﬁdes
554 2733 674 2789 sine
701 2733 989 2790 dilectione
1035 2734 1170 2792 ﬁdes
1211 2747 1295 2793 est
1338 2739 1619 2793 dieinonis.
1672 2738 1779 2807 Qui

184 2833 370 2879 autem
396 2838 505 2880 non
551 2824 779 2881 credunt
819 2824 1033 2896 pejores
1085 2836 1215 2883 sunt
1262 2843 1425 2898 quam
1469 2830 1763 2886 dmmoncs.

183 2916 384 2974 Nescio
411 2916 536 2989 quis
580 2931 692 2974 non
722 2916 836 2973 vult
865 2918 1092 2976 credere
1143 2920 1199 2975 in
1244 2919 1522 2977 Christum
1553 2939 1566 2975 :
1601 2922 1778 2980 adhuc

185 3026 289 3068 nec
312 3010 588 3067 daemones
635 3012 900 3068 imitatur.
941 3010 1063 3068 Jam
1102 3014 1279 3070 credit
1327 3014 1625 3078 Christum,
1682 3016 1777 3071 sed

185 3102 300 3159 odit
328 3100 625 3162 Christum.
656 3100 835 3159 Habet
881 3102 1286 3160 confessionem
1327 3105 1450 3161 ﬁdei
1496 3107 1550 3161 in
1583 3106 1777 3163 timore

182 3209 383 3267 paenae,
414 3208 521 3250 non
550 3194 606 3249 in
636 3209 824 3250 amore
850 3209 1086 3252 coronae.
1129 3196 1280 3253 Adde
1320 3197 1447 3255 huic
1492 3198 1618 3255 ﬁdei
1649 3200 1777 3256 dile-

183 3294 444 3361 ctionem,
476 3300 537 3346 ut
565 3290 660 3347 ﬁat
688 3291 822 3348 ﬁdes
843 3292 911 3348 de
936 3308 1046 3363 qua
1076 3292 1212 3350 dicit
1232 3293 1510 3364 apostolus
1535 3294 1767 3352 Paulus:

186 3381 351 3439 Fides
372 3399 493 3455 qua
505 3399 599 3454 per
617 3382 951 3439 dilectionem
970 3393 1219 3455 operatur
1249 3383 1394 3457 (Gal.
1420 3401 1474 3451 v,
1513 3385 1590 3457 6),
1627 3389 1775 3442 inve-

184 3477 317 3533 nisti
341 3475 734 3543 Christianum,
758 3476 1014 3533 invenisti
1039 3478 1214 3534 civem
1240 3476 1603 3535 Hierusalem.
1637 3498 1656 3533 ι
1705 3481 1775 3536 Et

186 3569 240 3624 in
265 3566 562 3638 Evangelia
609 3565 836 3624 Joannis
867 3586 881 3623 :
919 3587 938 3622 σ
972 3567 1106 3637 Quis
1134 3568 1427 3627 salubriter
1453 3581 1539 3627 est
1578 3572 1769 3640 ﬁdelis,

184 3661 294 3717 nisi
336 3675 404 3717 ea
442 3659 549 3718 ﬁde
596 3676 717 3733 qua
753 3676 853 3733 per
894 3661 1241 3721 dilectionem
1288 3666 1580 3736 operatur?
1628 3687 1646 3720 ι
1707 3668 1777 3724 Ει

184 3756 424 3829 Prosper
466 3773 534 3814 ex
577 3757 867 3829 Augustini
909 3758 1092 3815 verbis
1137 3776 1151 3814 :
1210 3775 1232 3812 ι
1285 3758 1404 3817 Νοη
1454 3769 1581 3818 sunt
1632 3761 1774 3819 bona

182 3864 374 3923 opera,
402 3849 511 3905 nisi
540 3858 659 3922 quae
687 3865 786 3922 per
806 3848 967 3906 ﬁdem
995 3860 1051 3905 et
1079 3850 1427 3908 dilectionem
1457 3852 1615 3920 ﬁunt,
1647 3855 1773 3925 quia

184 3944 422 4000 alterum
457 3942 578 4000 sine
604 3943 776 4000 altero
808 3942 1010 4000 nullius
1032 3944 1251 4000 virtutis
1280 3942 1518 4001 fructum
1547 3946 1708 4016 parit.
1750 3966 1770 3999 ι

181 4036 261 4093 Ea
284 4044 510 4107 propter
532 4034 924 4092 Cothescalcus
952 4034 1264 4102 htereticus,
1298 4036 1391 4106 qui
1420 4052 1585 4092 unam
1612 4036 1774 4093 ﬁdem

183 4130 486 4187 secundum
513 4129 830 4201 Apostolum
858 4131 1186 4187 verbotenus
1218 4131 1497 4203 praedicat,
1525 4148 1585 4189 se
1614 4133 1774 4189 ﬁdem

181 4238 376 4279 veram
400 4224 454 4279 in
484 4223 779 4293 praemissis
799 4223 916 4280 suis
943 4223 1163 4294 scriptis
1188 4239 1295 4280 non
1321 4225 1522 4282 habere
1549 4224 1777 4282 demon-

182 4322 365 4371 strat:
392 4313 519 4384 quia
556 4314 686 4371 dicit
731 4313 932 4371 Paulus
977 4316 1256 4386 apostolus
1287 4335 1301 4371 :
1332 4314 1495 4372 Fides
1532 4335 1651 4389 qua:
1682 4335 1776 4390 per

181 4408 520 4464 dilectionem
556 4417 822 4479 operatur.
875 4408 1105 4465 Dilectio
1134 4419 1315 4467 autem
1349 4410 1559 4476 Latine,
1599 4412 1776 4468 chari-

180 4508 270 4556 tas
298 4498 495 4555 Graece
532 4498 732 4555 dicitur
774 4516 788 4553 :
842 4499 911 4554 de
967 4516 1075 4571 qua
1121 4502 1254 4558 dicit
1304 4502 1447 4559 idem
1495 4504 1774 4574 apostolus

176 4591 424 4648 Paulus:
458 4589 520 4647 Si
547 4590 816 4645 tradidero
842 4608 1030 4663 corpus
1051 4609 1225 4649 meum
1258 4603 1321 4649 ut
1356 4596 1562 4664 ardeat,
1595 4598 1772 4653 chari—

178 4694 345 4739 tatem
371 4700 476 4739 non
492 4683 735 4750 habeant,
758 4683 892 4738 nihil
911 4684 1041 4739 mihi
1060 4685 1273 4756 prodest
1297 4684 1351 4759 (I
1376 4684 1501 4743 Car.
1537 4703 1660 4755 xm,
1690 4688 1793 4760 5).,

179 4776 340 4834 Unde
389 4784 612 4833 sanctus
657 4776 954 4850 Gregorius
1006 4780 1061 4835 in
1116 4779 1254 4837 libro
1309 4781 1520 4839 decimo
1577 4792 1771 4853 octavo

179 4876 322 4943 (cap.
349 4869 441 4943 M)
468 4868 753 4926 Moralium
774 4870 906 4927 dicit
934 4886 949 4926 :
977 4890 996 4925 ι
1016 4871 1124 4928 Alii
1152 4873 1352 4945 quippe
1374 4890 1542 4946 prava
1564 4875 1633 4932 de
1660 4877 1771 4934 Deo

178 4962 445 5027 sentiunt,
475 4962 567 5018 alii
591 4970 742 5019 recta
777 4962 845 5018 de
874 4973 1099 5020 auctore
1129 4973 1335 5033 tenent,
1370 4967 1470 5023 sed
1497 4968 1768 5025 unitatem

176 5071 306 5113 cum
338 5054 599 5111 fratribus
623 5070 731 5111 non
758 5064 966 5112 tenent.
1012 5056 1093 5113 Illi
1123 5072 1312 5116 errore
1332 5059 1481 5125 ﬁdei,
1509 5058 1602 5116 isti
1637 5075 1768 5117 vero

175 5146 492 5205 schismatis
517 5149 920 5219 perpetratione
950 5150 1110 5207 divisi
1135 5160 1281 5208 sunt.
1310 5150 1464 5209 Unde
1486 5161 1542 5209 et
1568 5153 1622 5209 iu
1647 5153 1766 5225 ipsa

176 5241 356 5313 prima
412 5246 568 5310 parte
615 5238 866 5314 Decalogi
910 5251 1263 5315 utrarumque
1307 5243 1548 5317 partium
1594 5244 1767 5316 culpas

176 5335 572 5407 reprimuntur,
605 5349 730 5390 cum
776 5334 958 5391 divina
998 5352 1128 5393 voce
1148 5337 1347 5394 dicitur
1376 5355 1391 5394 :
1418 5337 1616 5410 Diliges
1658 5337 1768 5395 Do-

175 5430 384 5485 minum
412 5428 582 5484 Deum
606 5438 755 5483 tuum
779 5446 844 5484 ea:
886 5439 995 5485 toto
1024 5416 1181 5486 corde
1208 5441 1322 5500 tuo,
1347 5441 1396 5488 et
1433 5449 1498 5489 ea:
1519 5441 1630 5488 tota
1652 5434 1769 5488 ani-

176 5538 266 5579 ma
316 5534 432 5590 tua,
482 5531 532 5578 et
571 5538 638 5578 ea:
680 5531 790 5577 tota
822 5523 1010 5578 virtute
1054 5533 1148 5579 tua
1189 5523 1372 5595 (Deut.
1396 5541 1475 5592 vt,
1498 5524 1578 5597 5),
1602 5533 1769 5597 atque

178 5631 307 5672 mox
328 5614 580 5671 subditur
606 5633 621 5669 :
652 5612 850 5686 Diliges
873 5616 1173 5685 proximum
1203 5626 1354 5672 tuum
1376 5618 1512 5672 sicut
1535 5618 1605 5674 tei
1613 5634 1768 5689 psum

182 5707 404 5784 (Matth.
439 5723 576 5773 χχιι,
616 5707 726 5774 56;
778 5722 972 5776 xxvut,
1028 5708 1141 5782 '59).
1190 5711 1292 5780 Qui
1350 5712 1498 5767 enim
1549 5712 1616 5768 de
1656 5710 1769 5771 Deo

178 5816 440 5874 perversa
469 5798 656 5866 sentit,
689 5798 863 5869 liquet
885 5800 1131 5870 profecto
1151 5803 1280 5874 quia
1301 5802 1475 5859 Deum
1502 5818 1614 5861 non
1641 5804 1766 5860 dili-

182 5893 283 5971 git.
309 5894 414 5971 Qui
435 5907 569 5952 vero
595 5892 663 5957 de
699 5892 811 5952 Deo
836 5902 986 5955 recta
1014 5896 1257 5963 sentiens
1276 5911 1309 5954 a
1335 5903 1539 5959 sanctae
1566 5895 1757 5966 Eccle-

1892 616 2061 669 amat,
2090 619 2252 673 quem
2288 604 2493 661 habere
2542 603 2748 659 socium
2779 609 3016 657 recusat.
3065 599 3324 670 Quisquis
3350 613 3485 672 ergo

1891 699 1961 755 ah
1992 700 2093 755 hac
2122 700 2332 754 unitate
2380 699 2572 753 matris
2605 696 2862 753 Ecclesiae
2911 710 3044 760 suae,
3086 708 3185 765 per
3225 692 3485 749 haeresim

1888 791 1957 848 de
2001 791 2109 846 Deo
2145 805 2402 862 perversa
2447 790 2757 855 sentiendo,
2809 803 2906 845 seu
2945 801 3132 842 errore
3164 785 3483 841 schismatis

1888 885 2196 957 proximum
2243 900 2353 940 non
2395 870 2666 954 diiigendo
2697 883 2975 946 dividitur,
3009 881 3296 937 charitatis
3317 877 3482 948 hujus

1887 979 2059 1050 gratia
2087 980 2353 1050 privatur.
2376 998 2395 1031 ι
2424 977 2493 1033 Ει
2526 978 2657 1032 item
2685 976 2944 1048 praefatus
2966 973 3257 1045 Apostolus
3295 971 3427 1028 dicit
3461 989 3478 1026 :

1888 1070 2042 1126 Finis
2086 1075 2222 1128 enim
2250 1071 2377 1143 legis
2426 1081 2502 1125 est
2530 1067 2770 1124 Christus
2801 1067 2870 1121 ad
2891 1067 3160 1137 justitiam
3192 1066 3335 1120 omni
3360 1080 3480 1120 cre-

1885 1167 2028 1221 denti
2059 1166 2237 1237 (Rom.
2270 1182 2327 1229 χ,
2368 1163 2449 1235 4).
2488 1162 2644 1219 Unde
2690 1160 3023 1233 Augustinus
3053 1175 3067 1212 :
3104 1175 3123 1208 ι
3166 1158 3227 1212 Et
3259 1157 3480 1228 quidem

1886 1262 2034 1326 ﬁnis,
2076 1260 2271 1330 inquit,
2306 1258 2578 1322 Christus,
2605 1257 2733 1326 quia
2786 1253 3038 1310 Christus
3068 1251 3212 1306 Dens
3241 1258 3326 1305 est
3356 1250 3483 1305 ﬁnis

1886 1353 2140 1425 pnecepti
2167 1350 2473 1415 charitatis,
2516 1359 2571 1404 et
2622 1348 2765 1403 Deus
2790 1346 3055 1410 charitas,
3089 1358 3194 1414 qua
3234 1351 3289 1397 et
3316 1340 3485 1396 Pater

1887 1456 1941 1503 et
1962 1445 2132 1501 Filius
2166 1451 2222 1499 et
2252 1441 2487 1514 Spiritus
2534 1448 2756 1496 sanctus
2785 1452 2952 1493 unum
2976 1443 3122 1491 sunt.
3161 1453 3181 1487 ›
3218 1431 3485 1487 Miramur

1887 1541 2073 1603 etiam,
2104 1538 2322 1609 quando
2346 1535 2495 1591 misit
2518 1534 2588 1588 de
2617 1530 2838 1588 Sedulio
2863 1540 3075 1585 ternum
3102 1525 3286 1590 ﬁdem,
3311 1535 3485 1595 quare

1886 1650 2089 1706 ponere
2110 1631 2358 1688 omiserit
2382 1630 2449 1685 de
2478 1628 2708 1682 Aratore
2757 1626 2956 1680 trinam
2995 1623 3178 1688 ﬁdem,
3221 1620 3315 1696 qui
3346 1617 3489 1692 ﬁgu-

1888 1736 2003 1783 rate
2034 1726 2259 1796 loquens
2285 1723 2338 1777 in
2365 1721 2505 1777 libro
2532 1721 2710 1791 primo
2742 1718 2894 1782 dicit,

1980 1838 2127 1890 Trina
2149 1836 2268 1887 ﬁdes
2290 1840 2429 1885 vocat
2446 1832 2596 1895 hunc,
2620 1843 2719 1896 quo
2739 1830 2940 1881 nomlue
2960 1828 3093 1878 fonte
3116 1827 3320 1877 lavatur.

1889 1942 1956 1997 Et
1984 1940 2052 1996 de
2080 1938 2299 1995 nomine
2328 1937 2471 1992 trino
2492 1936 2548 1991 in
2570 1932 2813 1993 secundo
2844 1930 2982 1986 libro
3016 1929 3170 1993 dicit,

1982 2090 1998 2105 .
2066 2090 2080 2106 .
2149 2090 2160 2102 .
2232 2092 2246 2106 .
2314 2087 2328 2101 .
2398 2087 2411 2101 .
2480 2088 2495 2103 .
2561 2044 3106 2110 Nonrogitadundam

1979 2117 2152 2167 Nostra
2171 2105 2291 2167 fides
2315 2115 2444 2165 hunc
2471 2116 2545 2164 ire
2569 2105 2774 2173 iterum:
2793 2110 2877 2173 qui
2902 2110 3099 2160 nomine
3126 2105 3271 2156 trino.

1884 2221 1952 2276 Et
1986 2221 2053 2277 de
2079 2221 2184 2276 ﬁde
2209 2220 2408 2276 iterum
2435 2218 2491 2274 in
2515 2218 2694 2290 primo
2721 2215 2861 2270 libro
2890 2213 3120 2286 ﬁgurate
3156 2210 3404 2282 loquens,

1976 2334 2111 2383 Nona
2132 2333 2223 2382 fuit
2244 2340 2358 2383 tunc
2380 2332 2498 2382 hora
2516 2331 2690 2392 magis,
2717 2342 2815 2391 qua
2836 2327 3025 2392 rectius
3044 2326 3163 2376 hora

1979 2397 2206 2447 Prodiret
2226 2396 2327 2459 jam
2348 2395 2474 2444 trlna
2500 2388 2621 2444 ﬁdes
2644 2388 2697 2443 et
2722 2388 2867 2443 tertia
2888 2388 3115 2453 simplex.

1883 2502 2017 2559 Cum
2041 2502 2109 2557 ad
2130 2516 2287 2557 suam
2312 2498 2736 2555 confirmandam
2780 2493 3108 2552 sententiam
3138 2492 3205 2548 ad
3233 2490 3482 2546 testimo-

1884 2598 2034 2652 nium
2074 2593 2422 2651 devocaverit
2457 2590 2659 2647 dixisse
2703 2588 2856 2643 illum
2897 2586 3094 2642 trinam
3126 2590 3479 2653 potBstatem,

1885 2690 2028 2744 sicut
2048 2696 2103 2743 et
2131 2685 2488 2741 Prudentium
2520 2682 2717 2737 trinam
2758 2678 2922 2751 500
2944 2678 3229 2749 pietatem,
3268 2674 3337 2730 de
3366 2686 3483 2744 quo

1883 2783 2138 2854 quiddam
2161 2795 2324 2852 supra
2352 2777 2755 2850 respondimus,
2776 2774 2866 2830 ubi
2901 2781 2956 2829 et
2987 2773 3104 2828 haec
3133 2784 3254 2842 quae
3282 2766 3352 2823 de
3375 2765 3477 2822 Se-

1883 2877 2051 2944 dulio,
2077 2876 2332 2940 Aratore,
2357 2881 2412 2928 et
2440 2872 2706 2942 Prospero
2747 2866 3136 2940 subjungemus
3172 2877 3481 2936 congruen-

1885 2973 1990 3028 tius
2032 2984 2392 3043 poneremus,
2438 2965 2543 3022 nisi
2575 2966 2678 3021 hoc
2723 2962 3009 3020 sollicitius
3041 2959 3475 3022 attenderemus,

1883 3076 1943 3123 ut
1981 3067 2048 3121 ad
2078 3062 2319 3136 singulas
2357 3076 2484 3118 suas
2513 3058 3009 3131 tergiversationes,
3041 3064 3098 3112 et
3138 3053 3478 3110 inordinatas

1883 3159 2239 3232 repetitiones
2259 3156 2450 3213 obvias
2478 3154 2554 3209 illi
2592 3152 2891 3209 sententias
2913 3166 2980 3207 ex
3004 3148 3269 3221 simplicis
3292 3153 3348 3203 et
3375 3158 3475 3200 ca-

1803 3247 1849 3312 C
1881 3253 2096 3310 tholica:
2124 3249 2249 3305 ﬁdei
2272 3250 2554 3305 doctorum
2582 3246 2743 3302 dictis
2778 3258 3197 3317 opponeremus.
3231 3239 3475 3311 Denique

1878 3346 1948 3402 ad
1978 3347 2082 3401 hoc
2118 3342 2264 3415 quod
2295 3341 2431 3399 dixit
2475 3340 2696 3407 Arator,
2737 3338 2970 3395 metrica
3012 3336 3339 3393 necessitate
3387 3347 3480 3390 co-

1878 3450 2054 3509 actus,

2000 3556 2148 3609 Trina
2169 3555 2290 3609 ﬁdes
2307 3558 2445 3608 vocat
2468 3553 2598 3608 hunc
2618 3566 2718 3617 quo
2734 3554 2934 3606 nomine
2955 3550 3092 3605 fonte
3109 3548 3314 3603 lavatur.

1878 3666 1990 3721 Et:

2007 3820 2021 3834 .
2087 3819 2101 3833 .
2168 3817 2184 3833 .
2253 3816 2268 3832 .
2338 3815 2351 3830 .
2423 3817 2438 3832 .
2502 3777 2847 3843 Noncogitad
2872 3776 3048 3827 undam

2002 3846 2178 3896 Nostra
2200 3844 2320 3895 ﬂdes
2342 3844 2473 3893 hunc
2492 3844 2566 3893 ire
2587 3837 2786 3903 iteriim,
2812 3845 2927 3906 quia
2950 3839 3148 3891 nomine
3170 3837 3301 3890 trino

2002 3908 2243 3971 Dogmata
2264 3919 2412 3970 prava
2433 3906 2650 3955 trahunt.

1879 4012 2346 4070 Sufﬁcientissime
2372 4011 2628 4069 catholici
2659 4013 2910 4068 doctores
2947 4020 3002 4067 et
3038 4026 3091 4065 m
3122 4007 3478 4081 prmeedenti-

1876 4108 1979 4163 bus
2008 4114 2062 4162 et
2096 4106 2149 4160 in
2193 4103 2648 4175 subsequentibus
2691 4102 2956 4168 referunt,
2990 4116 3100 4156 non
3132 4101 3355 4166 trinum,
3380 4098 3479 4155 sed

1877 4215 2044 4256 unum
2072 4199 2230 4254 unius
2278 4199 2375 4255 Dei
2406 4212 2604 4254 nomen
2641 4211 2783 4262 esse,
2830 4197 2887 4251 in
2919 4210 3027 4266 quo
3054 4195 3110 4249 in
3143 4193 3354 4249 unitate
3376 4207 3473 4246 ca-

1878 4292 2094 4348 tholica:
2140 4291 2263 4347 ﬁdei
2312 4306 2347 4346 a
2385 4290 2616 4347 Domino
2643 4288 2909 4361 baptizari
2939 4286 3221 4358 jubentur,
3267 4293 3321 4341 et
3349 4298 3473 4340 cre-

1877 4386 2070 4442 dentes
2096 4400 2205 4440 uno
2226 4382 2427 4441 Christi
2448 4383 2798 4454 baptismate,
2838 4382 2894 4438 in
2920 4395 3030 4452 quo
3054 4379 3171 4437 solo
3192 4378 3253 4435 fit
3276 4376 3472 4434 remis-

1878 4477 1960 4532 sio
1980 4475 2224 4532 omnium
2278 4482 2650 4545 peccatorum,
2686 4488 2718 4528 a
2769 4471 3055 4529 catholicis
3100 4470 3469 4541 baptizantur.

1882 4570 2034 4628 Unde
2062 4568 2383 4625 Ambrosius
2434 4566 2490 4622 in
2530 4565 2669 4622 libro
2698 4582 2717 4620 ι
2759 4565 2827 4621 de
2866 4564 2999 4620 Fide
3030 4562 3187 4635 (libro
3215 4578 3256 4630 ι,
3283 4576 3333 4618 c.
3361 4560 3415 4633 1)
3449 4574 3467 4615 :

1883 4682 1903 4717 ι
1939 4663 2018 4728 Si,
2051 4662 2247 4732 inquit,
2272 4675 2413 4716 unus
2436 4659 2601 4725 Deus,
2631 4674 2797 4713 unum
2819 4672 3038 4724 nomen,
3070 4672 3178 4713 una
3201 4662 3469 4727 potestas,

1880 4771 1987 4813 una
2010 4763 2093 4811 est
2116 4753 2375 4809 Trinitas.
2400 4749 2648 4821 Denique
2673 4750 2804 4807 dicit
2838 4766 2850 4803 :
2884 4749 2991 4816 Ite,
3008 4748 3271 4820 baptizate
3290 4756 3468 4820 gentes

1873 4850 1932 4903 in
1956 4849 2165 4905 nomine
2199 4844 2399 4912 Patris,
2428 4855 2475 4901 et
2519 4843 2673 4912 Filii,
2700 4854 2747 4900 et
2781 4842 3013 4916 Spiritus
3047 4843 3218 4898 sancti
3250 4839 3469 4913 (Matth.

1874 4956 2067 5007 xxvut,
2093 4940 2167 5012 1).
2192 4939 2250 4994 lu
2282 4938 2502 4994 nomine
2530 4938 2719 5008 utique
2763 4937 2862 5004 ait,
2910 4950 3020 4993 non
3049 4936 3105 5007 in
3134 4935 3469 4991 nominibus.

1872 5035 1992 5106 Ipse
2044 5035 2209 5089 etiam
2240 5033 2372 5089 dicit
2402 5047 2418 5088 :
2455 5031 2569 5104 Ego
2611 5042 2660 5087 et
2691 5029 2856 5087 Pater
2884 5047 3050 5086 unum
3075 5046 3259 5085 sumus
3283 5027 3467 5101 (Joan.

1870 5142 1930 5193 x,
1975 5125 2088 5196 50).
2133 5122 2308 5180 Unum
2345 5124 2501 5192 dixit,
2556 5139 2625 5180 ne
2671 5124 2767 5181 ﬁat
2820 5123 3080 5180 discretio
3133 5120 3469 5193 potestatis:

1871 5233 2055 5272 sumus
2076 5216 2304 5284 addidit,
2332 5226 2391 5273 ut
2412 5216 2630 5272 Patrem
2653 5216 2961 5287 Filiumque
2976 5228 3297 5285 cognoscas,
3320 5211 3469 5284 quod

1872 5310 2147 5385 perfectus
2170 5310 2334 5368 Pater
2360 5310 2666 5384 perfectum
2697 5308 2892 5365 Filium
2914 5307 3169 5381 genuisse
3188 5307 3461 5371 credatur,
3557 5330 3562 5336 -

1870 5416 1927 5466 et
1956 5407 2118 5464 Pater
2152 5421 2219 5463 ac
2263 5404 2434 5461 Filius
2464 5418 2633 5459 unum
2662 5402 2801 5469 sint,
2852 5416 2960 5457 non
3000 5400 3317 5457 confusione
3342 5412 3467 5470 per-

1874 5518 2043 5571 sonae,
2091 5502 2186 5559 sed
2213 5501 2440 5557 unitate.
2478 5518 2499 5553 ι
2536 5497 2693 5567 Quod
2730 5496 2868 5553 dixit
2899 5496 3103 5553 Arator
3128 5496 3185 5553 in
3227 5494 3468 5554 secundo

1876 5600 2039 5667 libro,

1939 5716 2055 5782 Ipse
2077 5713 2215 5779 (quin
2229 5710 2465 5775 Jomnes)
2477 5711 2603 5763 viam
2619 5720 2915 5776 memorans,
2929 5712 3118 5762 cunctis
3139 5710 3380 5788 baptisma
3390 5707 3470 5788 fu-

1936 5841 2055 5904 Post
2076 5837 2228 5903 aliud,
2250 5837 2380 5904 quod
2396 5838 2510 5902 iure
2530 5838 2693 5903 dam,
2720 5836 2852 5904 quod
2867 5836 2994 5892 mm
3016 5841 3233 5902 pomus
3249 5772 3468 5843 [turnmyt

1936 5903 2190 5981 illustrare
2214 5903 2360 5957 solet.
2396 5937 2410 5975 γ
2445 5936 2462 5959 ο
