3998 6336
561 372 669 431 565

1542 373 1872 432 HINCMARI
1908 376 2304 438 RHEMENSIS
2353 383 2895 447 ARCHIEPISCOPI.
3110 356 3120 366 .
3713 412 3789 473 554

561 486 679 541 etin
695 486 2173 596 ()ﬁntoﬁguratelpriuens,similitermetrinecessitate,
2202 498 2252 557 Α
2279 492 2515 567 Prosper
2559 498 2609 552 in
2652 498 2790 554 libro
2831 500 3233 560 Sententiarum
3280 507 3410 563 dicit
3451 511 3607 583 (sent.
3644 518 3791 596 324):

622 617 648 643 ,Α
705 619 716 629 .
784 618 799 632 .
864 618 879 631 .
946 618 958 633 .
1029 619 1041 631 .
1109 580 1228 631 Nam
1254 582 1377 631 trina
1399 586 1617 643 potestas

621 640 819 706 Colligit
840 645 963 695 hanc
988 644 1195 707 prolem,
1221 640 1480 693 numerum
1502 644 1679 705 partita
1702 656 1793 706 per
1816 656 2029 708 aaquum.

558 726 628 783 Et
654 743 842 783 omnes
864 727 1117 784 catholici
1167 728 1509 799 apertissime
1558 728 1625 784 de
1660 726 1960 800 Scripturis
1984 730 2156 788 sacris

555 822 874 887 ostendunt,
909 806 1033 876 non\
1056 822 1338 891 partitam,
1379 823 1471 877 sed
1521 836 1687 876 unam
1725 832 1780 877 et
1815 823 2152 878 individuam

555 928 675 971 esse
728 913 1122 984 operationem,
1165 928 1332 967 unam
1375 920 1429 967 et
1471 911 1886 982 inseparabilem
1917 922 2154 982 potesta-

554 1017 663 1062 tem
690 1015 890 1062 sanctae
919 1016 974 1062 et
1010 1007 1386 1077 inseparabilis
1408 1006 1714 1073 Trinitatis,
1750 1006 1927 1062 Patris
1950 1016 2002 1063 et
2028 1007 2151 1062 Filii

554 1106 609 1153 et
644 1095 883 1168 Spiritus
925 1099 1133 1161 sancti;
1166 1109 1221 1153 ut
1255 1099 1577 1155 Ambrosius
1606 1099 1660 1154 in
1688 1099 1829 1155 libro
1852 1100 2030 1170 primo
2063 1116 2153 1156 ca-

550 1189 665 1260 pite
694 1199 849 1246 sexto
875 1190 986 1262 (lib.
1018 1207 1055 1255 ι,
1086 1206 1136 1246 c.
1180 1189 1234 1263 6)
1262 1206 1277 1246 :
1317 1211 1335 1243 ‹
1372 1191 1506 1246 Cum
1548 1192 1717 1258 enim,
1749 1192 2021 1264 inquiens,
2055 1208 2151 1248 ea-

550 1280 673 1337 dem
706 1280 872 1337 faeiat
894 1280 1061 1337 Filius
1087 1297 1252 1353 opera
1280 1298 1399 1353 qua:
1415 1281 1578 1338 Pater
1603 1282 1755 1350 facit,
1787 1293 1843 1338 et
1867 1300 2006 1355 quos
2034 1285 2151 1340 vult

548 1370 787 1427 viviﬁcet
832 1371 1026 1439 Filius,
1073 1373 1217 1429 sicut
1267 1372 1534 1443 scriptum
1592 1381 1697 1440 est,
1747 1389 1850 1430 nec
1889 1373 2149 1431 differens

547 1472 837 1534 potestate,
863 1474 920 1521 et
948 1465 1088 1522 liber
1115 1474 1199 1522 est
1226 1465 1538 1522 voluntate:
1572 1465 1645 1522 ita
1670 1475 1725 1523 et
1750 1468 1932 1524 unitas
1959 1484 2148 1524 serva-

548 1563 662 1622 tur,
684 1555 811 1626 quia
838 1564 892 1612 et
919 1557 1095 1613 virtus
1127 1556 1224 1612 Dei
1269 1558 1323 1611 in
1354 1556 1657 1612 divinitatis
1679 1558 2012 1629 proprietate
2039 1568 2142 1626 est,

547 1659 602 1707 et
628 1650 851 1707 libertas
899 1669 1008 1709 non
1038 1652 1092 1707 in
1138 1652 1318 1724 aliqua
1350 1650 1675 1717 differentia,
1711 1654 1804 1708 sed
1841 1653 1896 1707 in
1933 1654 2145 1710 unitate

547 1748 633 1797 est
700 1741 1007 1797 Trinitatis.
1060 1762 1080 1796 ι
1136 1740 1205 1798 Ει
1270 1743 1398 1798 item
1466 1741 1706 1797 secundo
1766 1741 1906 1797 libro
1962 1744 2143 1814 capite

544 1845 741 1908 quarto
776 1854 790 1891 :
829 1855 848 1888 ί
873 1835 1174 1893 Didicimus
1223 1851 1385 1891 unam
1420 1834 1598 1891 Patris
1623 1843 1679 1892 et
1700 1835 1820 1891 Filii
1851 1851 1974 1891 esse
2006 1836 2139 1890 ima-
2171 1867 2220 1927 Β

542 1926 764 1999 ginem,
819 1943 983 1983 unam
1045 1928 1475 1995 similitudinem,
1533 1944 1698 1985 unam
1740 1929 2132 1985 sanctificatio-

538 2034 716 2074 nem:
776 2019 1062 2075 didicimus
1116 2037 1280 2076 unam
1329 2020 1742 2091 operationem,
1807 2036 1969 2075 unam
2018 2021 2134 2093 glo-

541 2111 715 2178 riam,
768 2126 931 2167 unam
993 2127 1208 2184 quoque
1270 2112 1631 2167 divinitatem.
1698 2111 1847 2168 Unus
1895 2127 2025 2185 ergo
2079 2121 2135 2170 et

539 2203 689 2260 solus
745 2204 905 2269 Deus,
972 2204 1099 2275 quia
1158 2204 1420 2275 scriptum
1461 2213 1586 2260 est:
1631 2203 1921 2258 Dominum
1962 2202 2132 2259 Deum

538 2284 689 2352 tuur'n
735 2296 1004 2363 adorabis,
1034 2308 1082 2353 et
1133 2297 1213 2353 illi
1248 2297 1348 2352 soli
1377 2299 1566 2353 servies
1595 2297 1812 2369 (Matth.
1845 2298 1944 2369 ιν).
1984 2297 2132 2355 Unus

534 2390 704 2457 Deus,
735 2405 841 2445 non
873 2399 932 2445 ut
981 2391 1094 2461 ipse
1125 2390 1196 2446 sit
1241 2389 1406 2445 Pater
1457 2398 1512 2446 et
1556 2389 1767 2456 Filius,
1830 2389 1972 2444 sicut
2026 2391 2130 2444 im-

534 2483 660 2555 pius
723 2479 992 2538 Sabellius
1043 2482 1288 2547 asserit,
1355 2481 1450 2536 sed
1501 2480 1629 2552 quia
1685 2479 1865 2536 Patris
1912 2488 1968 2537 et
2008 2480 2131 2536 Filii

534 2572 880 2645 Spiritnsque
921 2573 1097 2630 sancti
1141 2588 1249 2628 una
1307 2572 1568 2628 divinitas
1619 2572 1690 2633 sit
1734 2591 1746 2625 :
1802 2571 1892 2627 ubi
1948 2581 2131 2637 autem

532 2679 643 2720 una
665 2664 945 2732 divinitas,
980 2680 1088 2720 una
1118 2664 1371 2721 voluntas
1395 2674 1451 2719 et
1479 2679 1585 2719 una
1614 2664 1929 2734 praeceptio.
1963 2665 2129 2720 Deni-

532 2770 639 2826 que
666 2755 823 2828 501
856 2767 918 2813 ut
938 2758 1081 2814 scias
1102 2765 1159 2812 et
1186 2756 1405 2813 Patrem
1435 2772 1577 2824 esse,
1602 2766 1657 2812 et
1679 2757 1879 2813 Filium
1908 2774 2048 2823 esse,
2079 2766 2136 2814 et

530 2863 702 2905 unum
740 2864 878 2920 opus
903 2849 1082 2906 Patris
1121 2859 1178 2906 et
1219 2849 1341 2905 Filii
1369 2865 1487 2907 esse
1511 2892 1527 2917 ,
1558 2850 1874 2921 Apostolum
1902 2866 2132 2921 sequere

534 2942 630 3012 qui
655 2942 821 2997 dixit:
840 2942 962 3013 Ipse
989 2953 1165 2998 autem
1179 2942 1322 2998 Deus
1336 2952 1385 2998 et
1408 2942 1572 2998 Pater
1592 2953 1786 3010 noster,
1808 2955 1854 2998 et
1879 2944 2132 3000 Dominus

536 3031 695 3089 Iesus
723 3034 920 3105 dirigat
952 3036 1089 3091 aiant
1124 3046 1360 3091 nostram
1389 3036 1458 3090 ad
1482 3051 1572 3090 vos
1602 3034 1653 3105 (Ι
1688 3034 1866 3090 Tlteas.
1896 3051 1979 3101 nt,
2013 3036 2132 3107 ll),

537 3136 594 3183 et
623 3127 843 3182 Patrem
888 3127 1149 3199 loquitur,
1176 3137 1234 3185 et
1254 3128 1452 3185 Filium
1490 3128 1728 3199 loquitur
1767 3142 1783 3182 :
1826 3128 1924 3182 sed
1957 3130 2136 3184 unitas

2268 603 2287 636 ι
2323 586 2475 654 Quod
2508 589 2669 645 Pater
2712 606 2833 647 cum
2874 593 3093 651 Christo
3140 597 3271 653 facit
3311 598 3548 660 Christus
3589 586 3795 678 recinet

2260 682 2402 752 quod
2433 682 2683 738 Christus
2714 701 2839 740 cum
2869 686 3029 743 Patre
3058 688 3184 745 facit
3212 690 3383 747 Pater
3406 693 3549 762 facit,
3577 716 3796 763 necseor.

2258 790 2378 828 sum
2409 775 2523 869 agit
2556 775 2758 869 aliquid
2790 776 3170 848 inseparabilis
3190 784 3448 851 Charitas,
3475 788 3797 869 maiestas,po.

2260 873 2448 932 testas,
2478 868 2617 923 sicut
2642 868 2758 938 ipse
2785 870 3044 927 Dominus
3079 873 3209 929 dicit
3237 893 3250 929 ε
3285 875 3398 947 Ego
3420 888 3465 932 et
3500 877 3648 937 Pater
3670 904 3794 946 unum

2255 977 2435 1015 sumus
2457 961 2641 1033 (Joan.
2674 980 2727 1030 χ,
2762 965 2873 1034 50).
2901 985 2919 1016 ι
2956 965 3094 1020 Sunt
3116 969 3278 1023 etiam
3296 970 3478 1041 plures
3499 988 3667 1033 versus
3686 980 3795 1039 beati

2253 1054 2529 1109 Ambrosii
2561 1056 2626 1109 de
2659 1057 2884 1111 ternarii
2911 1059 3121 1114 numeri
3151 1061 3468 1140 excellentia
3502 1068 3793 1140 nobilissimi,

2262 1143 2318 1197 in
2342 1144 2545 1214 quibus
2570 1145 2738 1201 dicit:
3227 1131 3251 1156 ⁶

2316 1256 2489 1323 ania
2516 1260 2640 1308 trina
2664 1261 2834 1323 vigent
2859 1261 2951 1309 sub
2972 1264 3233 1323 majestate
3256 1264 3510 1317 Tonantis:

2313 1319 2439 1370 Tres
2461 1320 2628 1382 Pater,
2652 1319 2964 1385 et‘Verbum,
2984 1319 3182 1377 sanctus
3200 1341 3401 1391 quoque
3423 1330 3618 1393 Spiritus
3633 1348 3765 1389 unum.
3816 1368 3821 1379 ι

2252 1410 2353 1481 Qui
2380 1412 2433 1466 in
2465 1413 2648 1469 multis
2676 1414 2808 1471 locis
2831 1456 2847 1483 ,
2886 1418 2997 1473 imo
3027 1418 3081 1473 in
3110 1422 3364 1477 omnibus
3389 1424 3671 1497 ubicunque
3700 1430 3792 1490 hinc

2249 1502 2705 1574 loquitur,‘unam
2737 1508 3079 1576 maiestatem
3112 1512 3242 1567 dicit
3268 1528 3389 1568 esse
3407 1515 3675 1574 PatrisetF
3681 1520 3738 1575 ilii
3753 1532 3792 1579 et

2251 1592 2488 1666 Spiritus
2516 1601 2712 1656 sancti.
2759 1600 2915 1655 Unde
2950 1617 3123 1673 pauca
3162 1605 3395 1675 exempli
3421 1608 3585 1676 gratia
3621 1610 3695 1666 hic
3720 1629 3791 1683 po-

2249 1705 2381 1745 nere
2406 1690 2626 1762 dignum
2673 1691 2943 1749 duximus.
2987 1694 3078 1749 Ait
3123 1698 3270 1751 enim
3314 1698 3367 1751 in
3408 1699 3538 1755 libro
3575 1704 3710 1759 tertio
3740 1706 3791 1762 de

2249 1782 2455 1854 Spiritu
2486 1796 2678 1842 sancto
2708 1789 2884 1858 capite
2908 1790 3170 1858 vigesimo
3197 1794 3471 1847 secundo:
3501 1815 3517 1845 ‹
3546 1794 3679 1852 Nunc
3700 1800 3788 1855 uni-

2249 1884 2414 1932 tatem
2445 1877 2744 1946 maiestatis
2773 1881 2933 1954 502
2963 1883 3091 1940 licet
3122 1886 3173 1939 in
3218 1885 3383 1942 Patre
3408 1929 3422 1952 ,
3469 1889 3714 1962 Filioque,
3746 1900 3789 1950 et

2243 1969 2450 2042 Spiritu
2471 1984 2661 2030 sancto
2677 1990 3024 2047 cognoscere.
3054 1999 3072 2031 ι
3107 1980 3174 2034 Ει
3196 1992 3319 2051 post
3344 1983 3607 2053 aliquanta
3632 2005 3643 2037 τ
3666 2008 3682 2039 ς
3701 1988 3787 2044 Una

2240 2065 2407 2138 igitur
2456 2068 2631 2135 visio,
2704 2086 2808 2125 una
2864 2073 3194 2143 praeceptio,
3256 2092 3367 2131 una
3413 2078 3703 2148 maiestas.i
3735 2080 3785 2136 Et

2237 2156 2568 2215 Athanasius
2592 2178 2604 2214 :
2630 2159 2811 2216 Patris
2840 2172 2892 2217 et
2921 2161 3045 2217 Filii
3071 2174 3125 2220 et
3156 2164 3399 2237 Spiritus
3426 2171 3588 2225 sancti
3614 2182 3701 2227 una
3720 2180 3783 2227 est

2237 2254 2514 2323 divinitas,
2568 2256 2797 2325 requalis
2839 2257 3048 2327 gloria,
3097 2270 3371 2318 cote-terna
3417 2263 3704 2333 maiestas.)
3733 2265 3785 2321 Et

2235 2348 2572 2419 Augustinus
2617 2348 3057 2419 frequentissime
3101 2351 3206 2408 hoc
3263 2354 3406 2410 idem
3450 2355 3502 2411 in
3558 2352 3688 2411 libris
3733 2358 3782 2412 de

2239 2437 2506 2504 Trinitate
2544 2438 2695 2493 dicit.
2731 2438 2867 2494 Nam
2911 2442 3136 2512 etquod
3177 2446 3520 2502 venerandus
3561 2447 3778 2503 Sedulius:

2237 2527 2379 2583 sicut
2423 2537 2647 2583 coactus
2687 2530 2846 2584 metri
2890 2534 3241 2600 necessitate,
3276 2536 3470 2592 trinam
3498 2536 3643 2593 [idem
3672 2536 3779 2593 etin

2236 2618 2424 2675 eodem
2452 2618 2699 2675 PaSchali
2725 2635 2891 2691 opere
2917 2623 3120 2692 posuit,
3149 2625 3377 2682 dicens:

2267 2724 2405 2787 Quod
2430 2725 2640 2789 simplex
2665 2723 2901 2789 triplicet,
2917 2722 3150 2789 quodque
3170 2735 3252 2779 est
3270 2702 3755 2792 triplicabile'simiiet;

2237 2832 2436 2889 Beatus
2472 2831 2810 2903 Augustinus
2839 2830 2895 2886 in
2926 2831 3069 2887 libro
3115 2840 3277 2889 sexto
3322 2833 3389 2889 de
3427 2831 3668 2888 Trinitate
3696 2833 3773 2887 im-

2238 2928 2435 2999 probat
2468 2927 2654 2982 dicens
2694 2926 2854 2998 (cap.
2881 2926 2956 2999 8)
2986 2943 2999 2979 :
3043 2944 3063 2977 ‹
3092 2925 3149 2982 In
3193 2928 3318 2998 ipso
3350 2929 3509 3001 igitur
3528 2928 3651 2993 Deo,
3683 2936 3775 2981 cum

2238 3022 2481 3077 adhaaret
2527 3019 2720 3091 aequali
2771 3018 2919 3075 Patri
2964 3019 3139 3076 Filius
3181 3022 3429 3094 aequalis,
3475 3030 3561 3077 aut
3593 3020 3775 3092 Spiritus

2240 3124 2464 3171 sanctus
2492 3113 2644 3169 Patri
2671 3120 2726 3169 et
2762 3111 2903 3169 Filio
2931 3113 3185 3184 aequalis,
3228 3129 3339 3170 non
3388 3114 3448 3170 lit
3487 3108 3773 3183 maior-Deus

535 3221 852 3278 directionis
882 3232 965 3278 est
984 3263 1001 3289 ,
1033 3223 1160 3294 quia
1203 3222 1383 3278 unitas
1415 3222 1699 3292 potestatis
1725 3232 1828 3277 est.
1872 3240 1890 3272 ι
1936 3220 2133 3276 Verum

2241 3225 2404 3280 quam
2441 3206 2642 3280 singuli
2672 3222 2895 3274 eorum,
2936 3207 3060 3278 quia
3098 3221 3206 3263 non
3238 3217 3324 3265 est
3355 3225 3459 3281 quo
3491 3215 3673 3265 crescat
3704 3205 3771 3267 illa

531 3323 588 3369 et
616 3314 706 3370 ille
735 3315 852 3386 ipse
867 3316 1066 3373 Arator
1090 3317 1469 3372 evidentiusse
1487 3331 1593 3371 non
1623 3316 1863 3386 proprie,
1888 3316 1981 3371 sed
2001 3316 2136 3388 ligu-

532 3417 653 3463 rate
686 3408 738 3463 in
769 3409 873 3465 hoc
899 3409 1067 3465 fuisse
1092 3410 1353 3474 locutum,
1388 3408 1441 3462 iu
1463 3408 1651 3463 eodem
1679 3407 2016 3491 librohcapite
2040 3410 2133 3466 de-

533 3500 676 3557 cimo
700 3503 980 3558 evidenter
1005 3502 1267 3565 ostendit,
1296 3517 1420 3557 cum
1446 3501 1616 3556 dicit:

1151 3594 1289 3642 Deus
1311 3593 1497 3642 arbiter
1520 3593 1652 3642 orbis

666 3655 900 3706 Personia
917 3657 1070 3706 tribus
1095 3663 1191 3718 est,
1218 3658 1268 3705 in
1294 3669 1393 3718 quo
1414 3656 1558 3705 simul
1584 3668 1677 3704 una
1704 3660 1939 3716 potestas.

500 3740 600 3795 'Et
629 3741 806 3811 capite
835 3754 979 3794 nono
1007 3758 1020 3795 :

665 3834 792 3883 Ecce
818 3839 889 3883 tot
908 3833 1133 3895 egregiis
1157 3843 1306 3881 unum
1326 3831 1602 3895 cor_vivere
1627 3832 1800 3880 turmis

658 3895 851 3957 Incipit,
876 3893 1025 3956 atque
1052 3898 1256 3942 animam
1282 3893 1490 3955 populus
1513 3894 1803 3942 uaticiscitur
1823 3905 1985 3943 unam.

654 3958 774 4017 Quis
796 3958 1023 4005 dubitare
1048 3960 1444 4020 queatmysteria
1471 3959 1725 4020 dogmatis,
1758 3970 1939 4020 unutng

657 4020 902 4068 Personas
926 4026 1031 4068 tres
1054 4017 1164 4069 esse
1190 4017 1372 4078 Deum,
1397 4031 1504 4066 cum
1528 4018 1675 4066 millia
1702 4018 1829 4079 vulgi

650 4082 963 4131 Conveniunt
983 4082 1078 4132 sub
1101 4091 1270 4144 mente
1293 4083 1418 4143 pari,
1447 4094 1579 4129 num.
1598 4085 1737 4143 rique
1764 4082 2058 4144 frequentis,

654 4144 906 4195 Portatura
930 4158 1147 4204 crucem,
1174 4142 1533 4206 Dominamque
1557 4152 1726 4193 secuta
1752 4144 1983 4195 tideleni?

523 4230 592 4287 Et
616 4231 795 4302 capite
824 4232 984 4286 tertio
1009 4249 1022 4286 :

651 4328 818 4378 Tertia
842 4329 1053 4377 sidereis
1078 4325 1302 4376 inclaruit
1324 4325 1442 4374 liora
1465 4323 1688 4386 loquelis.

648 4389 791 4441 Hunc
816 4402 1073 4439 numerum
1096 4388 1233 4439 Deus
1250 4401 1375 4437 unus
1399 4388 1567 4449 habet,
1589 4387 1857 4436 substantia
1880 4386 2087 4449 simplex

658 4454 892 4503 Peraouis
913 4452 1145 4502 distincta
1170 4452 1341 4500 tribus.
1384 4487 1395 4500 .
1434 4487 1448 4500 .

523 4535 593 4591 Et
614 4536 747 4591 item
772 4535 949 4605 capite
972 4534 1235 4604 vigesiqu
1263 4533 1440 4603 primo
1465 4549 1480 4590 :

647 4623 750 4675 Ter
770 4626 936 4675 sonuit
961 4625 1150 4675 Domini
1178 4637 1290 4686 vox,
1316 4637 1427 4686 qua:
1450 4623 1627 4674 dictata
1652 4621 1795 4672 saluti
1822 4629 1920 4672 est.

647 4686 752 4736 Hoc
775 4693 970 4748 genitor
997 4698 1237 4747 natusque
1261 4685 1421 4743 Simul,
1447 4694 1741 4746 sanctusque
1768 4686 1967 4747 peregit

652 4750 861 4811 Spiritus
890 4762 900 4795 :
930 4750 1043 4798 hinc
1067 4750 1176 4797 lidei
1205 4761 1397 4810 pugnax
1421 4752 1547 4797 cadit
1568 4750 1757 4811 Arrius,
1788 4761 1936 4796 unum

648 4810 893 4862 Personas
914 4820 1019 4861 tres
1043 4824 1158 4862 esse
1184 4824 1393 4873 negans,
1418 4810 1661 4861 Sabellius
1686 4824 1854 4859 unum.

593 4894 827 4967 Prosper
853 4909 1073 4966 quoque
1102 4895 1156 4949 in
1186 4893 1328 4950 libro
1354 4892 1782 4949 Promissionum
1824 4902 1879 4945 ct
1921 4891 2122 4947 Praedi-

520 4990 762 5046 ctionum
790 4988 959 5044 dicit:
1001 5007 1020 5039 ι
1048 4987 1385 5043 Charitatem
1434 4986 1565 5052 Dei,
1618 4986 1772 5039 trime
1825 4983 2122 5052 maiestatis

518 5080 817 5147 unitatem,
847 5079 1340 5150 supereininenteni
1372 5076 1515 5131 viam
1543 5075 1677 5131 duce
1719 5075 1889 5146 gratia
1930 5088 2122 5144 seque-

519 5187 664 5230 mur.
694 5190 713 5225 ι
747 5171 815 5227 Et
834 5172 964 5243 quia
990 5170 1287 5240 improprie
1315 5168 1516 5224 dixerit
1541 5167 1737 5222 trinam
1759 5168 2114 5237 maiestatem,

520 5264 638 5336 ipse
676 5264 729 5319 in
767 5264 959 5320 eodem
1001 5261 1139 5318 libro
1180 5262 1517 5317 demonstrat
1562 5261 1749 5315 dicens
1801 5260 1909 5331 (de
1950 5259 2119 5331 gloria

521 5354 704 5414 Sana.
729 5358 846 5431 c.8)
875 5376 888 5411 :
920 5375 939 5408 ‹
962 5356 1163 5411 Paulus
1194 5353 1470 5426 apostolus
1496 5353 1627 5408 dicit
1658 5371 1672 5405 :
1708 5351 1955 5406 Videmus
1981 5368 2118 5405 nunc

519 5466 613 5506 uer
630 5448 897 5520 speculum
918 5449 975 5503 in
995 5448 1290 5519 wnigmate,
1321 5458 1443 5501 tunc
1473 5456 1653 5500 autem
1676 5445 1813 5514 facie
1835 5444 1904 5497 ad
1927 5443 2114 5513 facient

517 5540 591 5618 (1
641 5541 764 5599 Cor.
818 5560 950 5609 xm,
1004 5543 1150 5612 12),
1220 5542 1676 5611 quemadmodum
1718 5538 1891 5594 sancti
1932 5537 2118 5591 vident

514 5639 687 5694 Deum
708 5638 1051 5701 Trinitatem,
1070 5635 1287 5690 Patrem
1313 5644 1367 5690 et
1391 5635 1610 5699 Filium,
1632 5633 1827 5687 Filium
1857 5631 1909 5685 in
1935 5628 2115 5695 Patre,

516 5730 782 5802 Spiritum
809 5741 1055 5785 sanctum
1093 5730 1144 5782 in
1177 5728 1337 5781 Patre
1363 5736 1417 5779 et
1443 5725 1603 5779 Filio.
1639 5743 1654 5776 i
1700 5724 1754 5777 Si
1794 5739 1923 5793 ergo
1949 5720 2118 5776 Filius

519 5828 572 5877 in
600 5822 782 5885 Patre,
806 5821 1047 5891 Spiritus
1069 5828 1290 5875 sanctus
1316 5821 1369 5871 in
1394 5818 1558 5872 Patre
1576 5827 1629 5872 et
1647 5817 1802 5880 Filio,
1828 5816 1953 5885 quia
1976 5830 2116 5868 unus

517 5921 645 5967 sunt
683 5912 823 5967 Deus
843 5951 857 5977 ,
890 5912 1085 5967 horum
1125 5917 1208 5965 est
1246 5918 1303 5965 et
1334 5923 1441 5962 una
1472 5909 1727 5979 maieStas
1747 5947 1761 5973 ,
1791 5908 1930 5962 sicut
1961 5906 2108 5960 idem

2151 4627 2203 4688 D

2240 3299 2500 3370 perfectio
2542 3314 2767 3356 summa:
2814 3298 3118 3356 Trinitatis.
3169 3296 3455 3358 Perfectus
3500 3310 3655 3356 autem
3687 3299 3771 3353 sive

2236 3390 2417 3458 Pater,
2456 3391 2572 3447 sive
2593 3390 2785 3459 Filius,
2816 3392 2933 3454 sive
2960 3390 3199 3462 Spiritus
3223 3402 3464 3457 sanctus,
3489 3389 3771 3463 etperfectas

2235 3487 2380 3544 Deus
2419 3488 2584 3543 Pater
2629 3494 2684 3543 et
2729 3485 2902 3541 Filius
2938 3490 2995 3541 et
3036 3484 3281 3557 Spiritus
3321 3495 3533 3543 sanctus
3563 3503 3575 3539 :
3602 3492 3649 3540 et
3682 3480 3771 3536 ideo

2237 3581 2478 3637 Trinitas
2521 3581 2704 3651 potius
2743 3594 2905 3649 quam
2956 3579 3156 3650 triplex
3198 3579 3428 3636 dicenda
3480 3585 3571 3635 est.
3610 3594 3628 3630 ν
3665 3574 3772 3642 Qua-

2233 3683 2458 3746 propter
2481 3688 2586 3727 non
2612 3672 2886 3726 succurrit
2912 3684 3082 3742 pravo
3108 3673 3299 3728 sensui
3325 3668 3637 3728 Gothescalci
3660 3662 3770 3721 testi-

2234 3767 2475 3823 monium
2521 3765 2695 3819 lidelis
2727 3772 2900 3836 poetae
2929 3760 3159 3830 Sedulii,
3193 3766 3291 3835 qui
3323 3777 3521 3821 rectum
3550 3758 3655 3816 lidei
3678 3770 3766 3813 seno

2234 3873 2351 3913 sum
2377 3857 2495 3928 lege
2522 3858 2680 3912 metri
2708 3854 3056 3922 constrinxit,
3079 3868 3203 3926 quae
3226 3870 3339 3912 non
3361 3852 3646 3926 praiudicat
3662 3860 3769 3904 vere

2234 3951 2357 4005 lidei
2391 3949 2745 4020 simplicitati.
2776 3949 2907 4017 Qum
2931 3949 3189 4005 videlicet
3214 3950 3372 4014 lides,
3400 3964 3502 4004 non
3522 3961 3609 4018 per
3627 3950 3765 3999 orato-

2233 4059 2321 4099 res
2347 4086 2360 4107 ,
2399 4045 2492 4098 sed
2524 4058 2622 4114 per
2649 4043 2947 4112 piscatores
2980 4041 3083 4097 sibi
3117 4042 3427 4114 subiugavit
3455 4042 3763 4110 imperatores.

2233 4136 2387 4192 Unde
2413 4137 2539 4207 quia
2569 4135 2955 4191 Gothescalcus
2995 4150 3101 4189 non
3134 4134 3340 4201 voluit,
3390 4143 3442 4191 et
3488 4146 3585 4188 non
3618 4126 3766 4192 valuit,

2231 4229 2459 4283 devotus
2521 4228 2693 4283 lector
2752 4226 3055 4297 intelligere
3102 4227 3266 4282 debet
3318 4228 3431 4282 haec
3480 4239 3508 4279 a
3556 4217 3760 4277 Sedulii),

2229 4326 2459 4380 Aratore
2490 4365 2505 4391 ,
2556 4332 2612 4379 et
2665 4323 2936 4391 Prospero
2986 4321 3192 4392 tropice
3244 4336 3344 4391 per
3396 4312 3758 4387 metonyniiaini

2230 4418 2285 4474 id
2312 4426 2394 4472 est
2429 4431 2525 4487 per
2557 4414 3138 4469 transnominationem
3189 4412 3347 4481 cuius
3391 4409 3583 4481 species
3622 4399 3760 4457 multa:

2231 4519 2386 4576 sunt,
2455 4509 2619 4563 dicta.
2693 4505 2794 4574 Qui
2868 4515 3057 4576 tropus
3120 4521 3227 4561 non
3290 4504 3455 4560 solum
3504 4501 3551 4554 in
3597 4501 3757 4553 metro.

2230 4610 2284 4658 et
2340 4602 2393 4655 iii
2455 4597 2699 4653 szeculari
2772 4596 3115 4662 litteratura,
3198 4604 3360 4667 atque
3420 4594 3470 4648 in
3540 4577 3755 4644 communi

2231 4691 2544 4757 locutione,
2618 4690 2714 4744 sed
2789 4688 2953 4766 etiam
3030 4689 3085 4743 in
3165 4686 3470 4742 authentica
3532 4679 3754 4748 Scriptura

2231 4800 2408 4850 sacra,
2444 4793 2502 4839 et
2526 4785 2578 4838 in
2611 4781 3004 4839 catholicorum
3033 4779 3192 4835 dictis
3218 4778 3409 4849 sacpius
3434 4773 3668 4846 reperitur
3685 4779 3752 4818 or-

2229 4884 2389 4930 natus
2420 4882 2513 4928 aut
2541 4886 2702 4929 causa
2735 4870 3098 4935 necessitatis,
3126 4870 3269 4925 unde
3294 4870 3379 4924 hic
3405 4868 3467 4922 de
3488 4858 3681 4932 singulis
3701 4861 3754 4905 te:

2231 4971 2483 5026 stimonia
2536 4982 2739 5040 ponere
2795 4982 2899 5022 non
2956 4965 3320 5021 necessarium
3371 4959 3616 5018 duximus.
3666 4945 3751 5005 Hoc

2229 5070 2451 5120 tantum'
2471 5065 2673 5119 dixisse
2701 5060 2932 5117 sulliciat
2957 5098 2973 5127 ,
3018 5060 3143 5130 quia
3178 5061 3373 5114 trinam
3397 5056 3626 5127 pietatem
3649 5041 3750 5097 Pru-

2227 5156 2461 5221 dentius,
2496 5156 2693 5209 trinam
2728 5160 3052 5224 potestatem
3076 5152 3294 5216 Arator,
3328 5149 3514 5203 trinam
3542 5138 3743 5209 maiesla‘

2224 5256 2333 5302 tem
2370 5248 2618 5315 Prosper,
2651 5259 2750 5315 pro
2779 5244 3029 5314 personis
3057 5243 3236 5297 Patris
3264 5250 3317 5297 et
3340 5239 3455 5295 Filii
3488 5245 3539 5291 et
3561 5224 3744 5299 Spirile

2223 5338 2435 5403 sancti,
2480 5338 2572 5407 qui
2618 5334 2845 5390 relative
2892 5334 2946 5388 in
2992 5342 3180 5389 sancta
3230 5331 3485 5387 Trinitate
3525 5322 3740 5413 dicuntur.

2222 5430 2599 5486 substantialis
2625 5427 2864 5492 nomina,
2888 5426 3168 5497 pietatem,
3198 5431 3524 5496 potestatem,
3546 5406 3742 5476 maliis”

2223 5535 2326 5582 tem
2358 5532 2693 5597 posuerunt,
2737 5537 2857 5592 qua:
2884 5537 2990 5577 non
3019 5520 3250 5591 plurali,
3281 5518 3370 5573 sed
3395 5522 3585 5581 semper
3598 5502 3740 5596 είιιειξν

2221 5623 2319 5677 lari
2350 5636 2577 5675 numero
2608 5618 2660 5671 in
2690 5614 2920 5687 singulis
2951 5623 3006 5669 et
3035 5615 3098 5668 .in
3147 5614 3315 5668 tribus
3357 5604 3502 5664 simul
3544 5598 3739 5670 ρθτεοηιδ

2220 5717 2436 5787 proprie
2466 5713 2739 5774 dicuntur,
2769 5724 2997 5780 quorum
3030 5719 3114 5762 est
3139 5723 3243 5761 una
3274 5698 3436 5774 pielas
3455 5737 3468 5763 ,
3508 5706 3597 5787 ulla
3621 5691 3735 5787 ιξξιιθ

2221 5780 2351 5872 stas,
2383 5822 2487 5861 una
2518 5806 2798 5877 maiestas,
2823 5811 2877 5859 et
2905 5802 3166 5872 quidquid
3197 5802 3263 5855 ad
3288 5814 3363 5859 se,
3386 5795 3434 5850 id
3461 5798 3535 5847 εει
3556 5786 3609 5884 άξ

2222 5869 2649 5958 substantialiter
2698 5869 3105 5962 uicum-{sicin
3147 5902 3204 5950 et
3244 5891 3318 5949 illi
3359 5886 3452 5958 ipsi
3494 5882 3542 5937 in
3578 5869 3729 5930 me»
